{"host":"3ek78t4i81ecmdy1","time":1607658056,"event":{"mods":["2.2 Compatiblity","AchievementEnabler","BaseMod","Colored Map","DeckTracker","Filter the Spire","Keyboard Shortcuts","Minty Spire (QoL Compilation)","Permanent Neow","Quick Restart","SuperFastMode","everything is the same but u backflip on backflip"],"gold_per_floor":[112,125,125,125,105,105,115,115,115,140,140,175,21,36,36,138,138,150,163,183,233,41,73,92,126,149,239,274,294,294,311,311,410,410,425,439,449,70,86,86,86],"floor_reached":40,"playtime":1782,"items_purged":[],"score":507,"play_id":"09b05a29-17a4-4af3-9524-f9dcbc915cd9","local_time":"20201211124056","is_ascension_mode":true,"campfire_choices":[{"data":"A Thousand Cuts","floor":6,"key":"SMITH"},{"data":"Prepared","floor":8,"key":"SMITH"},{"floor":11,"key":"REST"},{"floor":15,"key":"REST"},{"floor":30,"key":"REST"},{"floor":32,"key":"RECALL"}],"circlet_count":0,"master_deck":["Survivor","Neutralize","Noxious Fumes+1","A Thousand Cuts+1","Corpse Explosion+1","Corpse Explosion","Prepared+1","Backstab","Footwork","Bane","Bane","Poisoned Stab","Dodge and Roll","Dodge and Roll","Crippling Poison","Deflect","Deadly Poison+1","Outmaneuver+1","Backflip+1","PiercingWail+1","Secret Technique+1","Reflex+1","Acrobatics+1","Concentrate+1","Adrenaline+1","Burst+1","Underhanded Strike+1","Blade Dance+1","Dramatic Entrance","Cloak And Dagger+1"],"relics":["Pandora\u0027s Box","Bird Faced Urn","Pocketwatch","Toxic Egg 2","Snake Skull","Sozu","Gambling Chip","StoneCalendar","Ancient Tea Set","Frozen Egg 2","WristBlade","Girya"],"acts_visited":["Exordium","TheCity","TheBeyond"],"potions_floor_usage":[10,33,33],"damage_taken":[{"damage":11,"enemies":"Jaw Worm","floor":1,"turns":2},{"damage":8,"enemies":"Small Slimes","floor":2,"turns":2},{"damage":1,"enemies":"2 Louse","floor":7,"turns":2},{"damage":17,"enemies":"Gremlin Nob","floor":10,"turns":4},{"damage":17,"enemies":"3 Sentries","floor":12,"turns":3},{"damage":5,"enemies":"Red Slaver","floor":14,"turns":3},{"damage":4,"enemies":"Slime Boss","floor":16,"turns":5},{"damage":2,"enemies":"Chosen","floor":18,"turns":4},{"damage":13,"enemies":"Shell Parasite","floor":19,"turns":4},{"damage":0,"enemies":"Snecko","floor":20,"turns":4},{"damage":3,"enemies":"Slavers","floor":23,"turns":3},{"damage":14,"enemies":"Snake Plant","floor":24,"turns":3},{"damage":3,"enemies":"Book of Stabbing","floor":25,"turns":5},{"damage":13,"enemies":"Gremlin Leader","floor":28,"turns":6},{"damage":11,"enemies":"Chosen and Byrds","floor":29,"turns":3},{"damage":4,"enemies":"Centurion and Healer","floor":31,"turns":3},{"damage":39,"enemies":"Automaton","floor":33,"turns":7},{"damage":10,"enemies":"3 Darklings","floor":35,"turns":2},{"damage":3,"enemies":"Orb Walker","floor":36,"turns":3},{"damage":8,"enemies":"Sphere and 2 Shapes","floor":37,"turns":4},{"damage":29,"enemies":"Maw","floor":39,"turns":7},{"damage":49,"enemies":"Nemesis","floor":40,"turns":6}],"seed_played":"-7397895563739585725","potions_obtained":[{"floor":1,"key":"GamblersBrew"},{"floor":5,"key":"CultistPotion"},{"floor":12,"key":"LiquidBronze"}],"is_trial":false,"path_per_floor":["M","M","?","?","?","R","M","R","T","E","R","E","$","M","R","B",null,"M","M","M","?","$","E","M","E","T","?","E","M","R","M","R","B",null,"M","M","M","$","M","E"],"character_chosen":"THE_SILENT","items_purchased":["Snake Skull","Secret Technique+1","Girya","Dramatic Entrance"],"campfire_rested":3,"item_purchase_floors":[13,22,38,38],"current_hp_per_floor":[59,51,37,37,37,37,36,36,36,21,42,29,29,26,47,47,70,70,63,65,65,65,64,54,55,55,43,36,29,50,52,52,19,70,62,61,57,57,32,0,0],"gold":86,"neow_bonus":"BOSS_RELIC","is_daily":false,"chose_seed":false,"campfire_upgraded":2,"win_rate":0.0,"timestamp":1607658056,"path_taken":["M","M","?","?","?","R","?","R","T","E","R","E","$","M","R","BOSS","M","M","M","?","$","E","?","E","T","?","E","M","R","M","R","BOSS","M","M","M","$","M","E"],"items_purchased_type":["Relic","Undefined","Relic","Card"],"build_version":"2020-11-30","purchased_purges":0,"victory":false,"max_hp_per_floor":[70,70,70,70,70,70,70,70,70,70,70,70,70,70,70,70,70,70,70,70,70,70,70,70,70,70,70,70,70,70,70,70,70,70,70,70,70,70,70,70,70],"card_choices":[{"not_picked":["Predator","Prepared"],"picked":"Poisoned Stab","floor":1},{"not_picked":["Dagger Throw","Grand Finale"],"picked":"Dodge and Roll","floor":2},{"not_picked":["Sucker Punch","Terror"],"picked":"Crippling Poison","floor":7},{"not_picked":["Underhanded Strike","Dodge and Roll"],"picked":"Deflect","floor":10},{"not_picked":["Die Die Die","Distraction+1"],"picked":"Deadly Poison+1","floor":12},{"not_picked":["Backflip+1","Dodge and Roll+1"],"picked":"Outmaneuver+1","floor":14},{"not_picked":["Poisoned Stab","Quick Slash+1"],"picked":"Backflip+1","floor":18},{"not_picked":["Escape Plan+1","Cloak And Dagger+1"],"picked":"PiercingWail+1","floor":19},{"not_picked":["Accuracy+1","Bane","Sucker Punch"],"picked":"SKIP","floor":20},{"not_picked":["Distraction+1","Underhanded Strike+1"],"picked":"Reflex+1","floor":23},{"not_picked":["Expertise+1","Backstab"],"picked":"Acrobatics+1","floor":24},{"not_picked":["Deadly Poison+1","All Out Attack+1"],"picked":"Concentrate+1","floor":25},{"not_picked":["Concentrate+1","Doppelganger+1"],"picked":"Adrenaline+1","floor":28},{"not_picked":["Crippling Poison+1","Caltrops+1","PiercingWail+1"],"picked":"SKIP","floor":29},{"not_picked":["Deflect+1","Dagger Spray+1","Bane"],"picked":"SKIP","floor":31},{"not_picked":["Night Terror+1","Venomology+1"],"picked":"Burst+1","floor":33},{"not_picked":["Deadly Poison+1","Masterful Stab"],"picked":"Underhanded Strike+1","floor":35},{"not_picked":["Setup+1","Underhanded Strike+1"],"picked":"Blade Dance+1","floor":36},{"not_picked":["Quick Slash","All Out Attack+1","PiercingWail+1"],"picked":"SKIP","floor":37},{"not_picked":["Quick Slash+1","Well Laid Plans+1"],"picked":"Cloak And Dagger+1","floor":39}],"player_experience":136879,"relics_obtained":[{"floor":9,"key":"Bird Faced Urn"},{"floor":10,"key":"Pocketwatch"},{"floor":12,"key":"Toxic Egg 2"},{"floor":23,"key":"Gambling Chip"},{"floor":25,"key":"StoneCalendar"},{"floor":26,"key":"Ancient Tea Set"},{"floor":28,"key":"Frozen Egg 2"}],"event_choices":[{"damage_healed":0,"gold_gain":0,"player_choice":"Entered Light","damage_taken":14,"max_hp_gain":0,"max_hp_loss":0,"event_name":"Shining Light","floor":3,"gold_loss":0,"cards_upgraded":["Corpse Explosion","Noxious Fumes"]},{"damage_healed":0,"gold_gain":0,"cards_transformed":["Doppelganger"],"player_choice":"Change","damage_taken":0,"max_hp_gain":0,"max_hp_loss":0,"event_name":"Living Wall","floor":4,"gold_loss":0,"cards_obtained":["Dodge and Roll"]},{"damage_healed":0,"gold_gain":0,"player_choice":"Bought 1 Potion","damage_taken":0,"max_hp_gain":0,"max_hp_loss":0,"event_name":"The Woman in Blue","floor":5,"gold_loss":0},{"damage_healed":0,"gold_gain":100,"player_choice":"Bet on Murderer","damage_taken":0,"max_hp_gain":0,"max_hp_loss":0,"event_name":"The Joust","floor":21,"gold_loss":50},{"damage_healed":0,"gold_gain":90,"player_choice":"GOLD ","damage_taken":12,"max_hp_gain":0,"max_hp_loss":0,"event_name":"Knowing Skull","floor":27,"potions_obtained":[],"gold_loss":0,"cards_obtained":[]}],"is_beta":false,"boss_relics":[{"not_picked":["Astrolabe","Snecko Eye"],"picked":"Sozu"},{"not_picked":["Tiny House","SacredBark"],"picked":"WristBlade"}],"items_purged_floors":[],"is_endless":false,"potions_floor_spawned":[1,12,24,25,33,36],"killed_by":"Nemesis","ascension_level":1}}