{"host":"tst5pjz7m60hr0pr","time":1607665666,"event":{"mods":["AchievementEnabler","Act Like it!","Aspiration","Bard","BaseMod","Beaked The Cultist","Better Altar","Better Match","Better Note","Better Sensory Stone","Better Skull","Better Third Choice","BetterRewards","CCEM","Clawfect","Colored Map","Conspire","Downfall","GifTheSpireLib","Googly Eyes","Halation","Hallownest","Hermit","Highlight Path","Hubris","Hunter ??","Infinite Spire","Jedi Mod","Marisa????????","Mimic Mod","Minty Spire (QoL Compilation)","Permanent Neow","Replay The Spire","Shade Mod","Shop Mod","Spicy Shops","StSLib","Stuff the Spire","The Administrix","The Blackbeard","The Bug Knight","The Cursed","The Disciple","The IronCluck","The Jungle","The Mystic","The Necromancer","The Problem Sleuth","The Runesmith","The Servant 0.9.4","The Spell Scribe","Unceasing Turn Reminder","everything is the same but u backflip on backflip","slay the spire mod where everything is the same but ironclad has a cowboy hat"],"gold_per_floor":[114,114,114,132,148,148,176,187,213,228,243,274,14,14,14,109,109,124,124,156,166,166,166,177,177,177,222,234,246,246],"floor_reached":29,"playtime":3283,"items_purged":[],"score":303,"play_id":"54272554-0157-43b5-8380-8f6c491c14a6","local_time":"20201210234746","is_ascension_mode":false,"campfire_choices":[{"data":"Thousand_Bone_Knives","floor":6,"key":"SMITH"},{"data":"Summon_Undead_Army","floor":15,"key":"SMITH"},{"floor":23,"key":"REST"},{"floor":25,"key":"REST"}],"circlet_count":0,"master_deck":["Strike_W","Strike_W","Strike_W","Defend_W","Defend_W","Defend_W","Defend_W","Negative_Energy_Arrows","Bone_Wall","Blood_Magic","Toxic_Smoke_Screen+1","Bone_Bullets","Thousand_Bone_Knives+1","Negative_Energy_Shield","Stop_Heart","Summon_Undead_Army+1","Siphon_Strength","Finger_Of_Death","Summon_Lich","Uncharnel","Summon_Vampire_Lady","Summon_Undead","Death_Knell","Corrupt","Bone_Spikes","blackbeard:Recklessness","A Thousand Cuts"],"relics":["aspiration:RitualStick","Emotion Chip","m_ScarletBlood","infinitespire:Chaos","halation:PinkSoulGem","BranchBurnRelic","expansioncontent:StudyCardRelic","Red Mask","PrismaticShard","MawBank","infinitespire:Lychee Nut"],"acts_visited":["Exordium","TheCity"],"potions_floor_usage":[12,16,16,27],"damage_taken":[{"damage":0,"enemies":"2 Louse","floor":1,"turns":2},{"damage":0,"enemies":"Small Slimes","floor":4,"turns":4},{"damage":0,"enemies":"Cultist","floor":5,"turns":4},{"damage":18,"enemies":"HollowMod:MossKnight","floor":7,"turns":11},{"damage":3,"enemies":"3 Louse","floor":8,"turns":4},{"damage":0,"enemies":"Looter","floor":10,"turns":3},{"damage":0,"enemies":"Exordium Wildlife","floor":11,"turns":4},{"damage":13,"enemies":"3 Sentries","floor":12,"turns":7},{"damage":0,"enemies":"Hexaghost","floor":16,"turns":6},{"damage":27,"enemies":"2 Thieves","floor":18,"turns":4},{"damage":41,"enemies":"Masked Bandits","floor":20,"turns":4},{"damage":5,"enemies":"3 Byrds","floor":21,"turns":3},{"damage":24,"enemies":"3 Cultists","floor":24,"turns":5},{"damage":53,"enemies":"Book of Stabbing","floor":27,"turns":5},{"damage":16,"enemies":"Nightmare","floor":29,"turns":3}],"seed_played":"6134774871666114103","potions_obtained":[{"floor":10,"key":"Adrenaline Potion"},{"floor":11,"key":"ColorlessPotion"},{"floor":12,"key":"jedi:StrikingPotion"},{"floor":21,"key":"SpeedPotion"},{"floor":24,"key":"SkillPotion"},{"floor":27,"key":"Fire Potion"}],"is_trial":false,"path_per_floor":["M","?","?","M","M","R","E","M","T","M","M","E","$","?","R","B",null,"M","?","?","M","?","R","M","R","T","E","?","NM"],"character_chosen":"NECROMANCER","items_purchased":["infinitespire:Chaos","Summon_Lich","Uncharnel"],"campfire_rested":2,"item_purchase_floors":[13,13,13],"current_hp_per_floor":[75,75,75,75,75,75,57,54,54,54,54,41,41,41,41,56,75,54,54,16,11,3,25,15,37,37,7,7,0,0],"gold":246,"neow_bonus":"RANDOM_EVENT","is_daily":false,"chose_seed":false,"campfire_upgraded":2,"win_rate":0.0,"timestamp":1607665666,"path_taken":["M","?","?","?","M","R","E","M","T","M","M","E","$","?","R","BOSS","M","?","?","M","?","R","M","R","T","E","?","NM"],"items_purchased_type":["Relic","Card","Card"],"build_version":"2020-11-30","purchased_purges":0,"victory":false,"max_hp_per_floor":[75,75,75,75,75,75,75,75,75,75,75,75,75,75,75,75,75,75,75,75,75,75,75,75,75,75,56,56,56,56],"card_choices":[{"not_picked":["Shackles_Of_Pain","Blood_Curse"],"picked":"Toxic_Smoke_Screen","floor":1},{"not_picked":["Negative_Energy_Sphere","Shackles_Of_Pain"],"picked":"Bone_Bullets","floor":4},{"not_picked":["Scare","Bone_Armory"],"picked":"Thousand_Bone_Knives","floor":5},{"not_picked":["Spectral_Walk","Scare"],"picked":"Negative_Energy_Shield","floor":7},{"not_picked":["Death_March_Dance","Life_Drain"],"picked":"Stop_Heart","floor":8},{"not_picked":["Scare","Blood_for_Blood"],"picked":"Summon_Undead_Army","floor":10},{"not_picked":["Spectral_Walk","Blood_Shield"],"picked":"Siphon_Strength","floor":11},{"not_picked":["Blood_for_Blood","Death_Coil"],"picked":"Finger_Of_Death","floor":12},{"not_picked":["Detonate_Bones","Demon Form"],"picked":"Summon_Vampire_Lady","floor":16},{"not_picked":["Blood_Whip","Bone_Shift+1"],"picked":"Summon_Undead","floor":18},{"not_picked":["Finger_Of_Death","Chill_Blood"],"picked":"Death_Knell","floor":20},{"not_picked":["Scare","Finger_Of_Death"],"picked":"Corrupt","floor":21},{"not_picked":["Negative_Energy_Javelin+1","Toxic_Smoke_Screen"],"picked":"Bone_Spikes","floor":22},{"not_picked":["hermit:Showdown+1","Slimebound:ComboTackle"],"picked":"blackbeard:Recklessness","floor":24},{"not_picked":["blackbeard:GhostInTheRum","AdministrixMod:BegetEternity"],"picked":"A Thousand Cuts","floor":27}],"player_experience":250596,"relics_obtained":[{"floor":7,"key":"halation:KoshaPiece"},{"floor":9,"key":"StuffTheSpire:Experiment12"},{"floor":12,"key":"conspire:TopHat"},{"floor":20,"key":"Red Mask"},{"floor":22,"key":"PrismaticShard"},{"floor":26,"key":"MawBank"},{"floor":27,"key":"infinitespire:Lychee Nut"}],"event_choices":[{"damage_healed":0,"gold_gain":0,"cards_transformed":["Strike_W"],"player_choice":"Change","damage_taken":0,"max_hp_gain":0,"max_hp_loss":0,"event_name":"Living Wall","floor":0,"gold_loss":0,"cards_obtained":["Blood_Magic"]},{"damage_healed":0,"gold_gain":0,"player_choice":"Upgraded","damage_taken":0,"max_hp_gain":0,"max_hp_loss":0,"event_name":"Upgrade Shrine","floor":3,"gold_loss":0,"cards_upgraded":["Toxic_Smoke_Screen"]},{"damage_healed":0,"gold_gain":0,"player_choice":"Ignored","damage_taken":0,"max_hp_gain":0,"max_hp_loss":0,"event_name":"betterNote:BetterNote","floor":19,"gold_loss":0,"cards_obtained":["hermit:Strike_Hermit"]},{"damage_healed":0,"gold_gain":0,"player_choice":"Fought Bandits","damage_taken":0,"max_hp_gain":0,"max_hp_loss":0,"event_name":"Masked Bandits","floor":20,"gold_loss":0}],"is_beta":false,"boss_relics":[{"not_picked":["Replay:Ancient Bell","hubris:TerracottaHorce"],"picked":"expansioncontent:StudyCardRelic"}],"items_purged_floors":[],"is_endless":false,"potions_floor_spawned":[10,11,12,21,24,27],"killed_by":"Nightmare","ascension_level":0}}