{"host":"iy58fyt9wsbv4cf1","time":1607711656,"event":{"mods":["BaseMod","Better Altar","Better Match","Better Skull","Better Third Choice","BetterRewards","Conspire","Custom Start","Defuse TimeMaze Blight","Hubris","Minty Spire (QoL Compilation)","Permanent Neow","Quick Restart","Spicy Shops","StSLib"],"gold_per_floor":[119,119,129,144,154,185,197,223,300,300,300,59,59,70,70,166,166,186,186,285,187,187,218,218,235,259,259,271,271,287,77,77,180,180,195,195,212,0,14,14,42,42,97,130,130,162,74,87,87,87,87,87,50,78,78],"floor_reached":56,"playtime":1665,"items_purged":["Strike_G","Strike_G","Writhe","Defend_G","Strike_G"],"score":1358,"play_id":"ca556266-c8ac-4cfa-8e58-8fb3268ce6d6","local_time":"20201211133416","is_ascension_mode":false,"campfire_choices":[{"floor":11.0,"key":"REST"},{"data":"Accuracy","floor":13.0,"key":"SMITH"},{"floor":15.0,"key":"REST"},{"data":"After Image","floor":24.0,"key":"SMITH"},{"floor":27.0,"key":"RECALL"},{"data":"Cloak And Dagger","floor":29.0,"key":"SMITH"},{"data":"Blade Dance","floor":32.0,"key":"SMITH"},{"data":"Footwork","floor":40.0,"key":"SMITH"},{"data":"Finisher","floor":42.0,"key":"SMITH"},{"floor":49.0,"key":"REST"},{"data":"Envenom","floor":52.0,"key":"SMITH"}],"circlet_count":0,"master_deck":["Strike_G+1","Defend_G","Defend_G+1","Defend_G","Defend_G","Survivor+1","Neutralize+1","Blade Dance+1","Accuracy+1","Deflect","Cloak And Dagger+1","Backflip","Deflect","Finisher+1","Deadly Poison","After Image+1","Blade Dance+1","Terror+1","Escape Plan","Bullet Time+1","Finisher+1","Accuracy+1","Footwork+1","Backstab+1","Envenom+1","Cloak And Dagger+1"],"relics":["Ring of the Snake","Ornamental Fan","Oddly Smooth Stone","Membership Card","Bag of Preparation","Art of War","Lantern","Matryoshka","Vajra","Prayer Wheel","Black Star","Eternal Feather","Omamori","Pantograph","The Specimen","Question Card","hubris:Backtick","Kunai","DollysMirror","conspire:DeflatedDodgeball","Blood Vial","Ancient Tea Set","Strawberry","Whetstone","PreservedInsect","Letter Opener","Orichalcum","Bag of Marbles","War Paint","conspire:TopHat"],"acts_visited":["Exordium","TheCity","TheBeyond","TheEnding"],"potions_floor_usage":[55],"damage_taken":[{"damage":0.0,"enemies":"Cultist","floor":1.0,"turns":3.0},{"damage":0.0,"enemies":"2 Louse","floor":3.0,"turns":2.0},{"damage":2.0,"enemies":"Jaw Worm","floor":4.0,"turns":2.0},{"damage":0.0,"enemies":"2 Fungi Beasts","floor":5.0,"turns":3.0},{"damage":2.0,"enemies":"Lagavulin","floor":6.0,"turns":6.0},{"damage":0.0,"enemies":"Looter","floor":7.0,"turns":2.0},{"damage":6.0,"enemies":"Gremlin Nob","floor":8.0,"turns":4.0},{"damage":0.0,"enemies":"Blue Slaver","floor":14.0,"turns":2.0},{"damage":0.0,"enemies":"Hexaghost","floor":16.0,"turns":6.0},{"damage":0.0,"enemies":"conspire:FuzzyDice","floor":18.0,"turns":3.0},{"damage":0.0,"enemies":"conspire:Head Lice","floor":23.0,"turns":5.0},{"damage":0.0,"enemies":"3 Byrds","floor":25.0,"turns":4.0},{"damage":0.0,"enemies":"Snake Plant","floor":28.0,"turns":1.0},{"damage":0.0,"enemies":"3 Cultists","floor":30.0,"turns":4.0},{"damage":4.0,"enemies":"Champ","floor":33.0,"turns":7.0},{"damage":0.0,"enemies":"Orb Walker","floor":35.0,"turns":2.0},{"damage":0.0,"enemies":"3 Shapes","floor":37.0,"turns":2.0},{"damage":0.0,"enemies":"Writhing Mass","floor":39.0,"turns":3.0},{"damage":17.0,"enemies":"conspire:MimicChest","floor":41.0,"turns":5.0},{"damage":21.0,"enemies":"Nemesis","floor":44.0,"turns":5.0},{"damage":2.0,"enemies":"Giant Head","floor":46.0,"turns":4.0},{"damage":18.0,"enemies":"4 Shapes","floor":48.0,"turns":2.0},{"damage":15.0,"enemies":"conspire:OrnateMirror","floor":50.0,"turns":8.0},{"damage":0.0,"enemies":"Shield and Spear","floor":54.0,"turns":4.0},{"damage":57,"enemies":"The Heart","floor":55,"turns":9}],"seed_played":"8749669654041477717","potions_obtained":[{"floor":1.0,"key":"Explosive Potion"},{"floor":4.0,"key":"SkillPotion"},{"floor":6.0,"key":"GamblersBrew"},{"floor":8.0,"key":"SkillPotion"},{"floor":16.0,"key":"Block Potion"},{"floor":33.0,"key":"Fruit Juice"},{"floor":41.0,"key":"FairyPotion"}],"is_trial":false,"path_per_floor":["M","?","M","M","M","E","M","E","T","?","R","$","R","M","R","B",null,"M","?","?","$","?","E","R","M","T","R","M","R","M","$","R","B",null,"M","?","M","$","M","R","?","R","T","E","?","E","$","M","R","B",null,"R","$","E","B",null],"character_chosen":"THE_SILENT","items_purchased":["Blade Dance","Accuracy","Ornamental Fan","Oddly Smooth Stone","Membership Card","Bag of Preparation","Deflect","Finisher","Deadly Poison","Vajra","Prayer Wheel","Blade Dance","The Specimen","Question Card","DollysMirror","Footwork","conspire:DeflatedDodgeball","Bag of Marbles"],"campfire_rested":3,"item_purchase_floors":[0,0,0,0,0,0,0,12,12,12,12,21,31,31,38,38,38,53],"current_hp_per_floor":[38,31,31,29,29,27,27,21,21,7,28,28,28,28,49,49,70,70,70,70,70,70,70,70,70,70,70,70,70,70,70,70,71,75,75,75,75,75,75,75,58,73,80,61,61,61,61,45,82,67,82,82,82,82,25],"gold":78,"neow_bonus":"","is_daily":false,"chose_seed":false,"campfire_upgraded":7,"win_rate":0.0,"timestamp":1607711656,"path_taken":["M","?","M","M","M","E","M","E","T","?","R","$","R","M","R","BOSS","M","?","?","$","?","E","R","M","T","R","M","R","M","$","R","BOSS","M","?","M","$","M","R","?","R","T","E","?","E","$","M","R","BOSS","R","$","E","BOSS"],"items_purchased_type":["Card","Card","Relic","Relic","Relic","Relic","Card","Card","Card","Relic","Relic","Card","Relic","Relic","Relic","Card","Relic","Relic"],"build_version":"2020-11-30","purchased_purges":5,"victory":true,"max_hp_per_floor":[70,70,70,70,70,70,70,70,70,70,70,70,70,70,70,70,70,70,70,70,70,70,70,70,70,70,70,70,70,70,70,70,75,75,75,75,75,75,75,75,75,75,82,82,82,82,82,82,82,82,82,82,82,82,82],"card_choices":[{"not_picked":["Crippling Poison","Reflex"],"picked":"Cloak And Dagger","floor":1.0},{"not_picked":["Dodge and Roll","Expertise","Prepared"],"picked":"SKIP","floor":3.0},{"not_picked":["Caltrops","Sucker Punch","PiercingWail"],"picked":"SKIP","floor":4.0},{"not_picked":["Reflex","Catalyst","hubris:SlightOfHand"],"picked":"SKIP","floor":5.0},{"not_picked":["PiercingWail","Bouncing Flask"],"picked":"Backflip","floor":6.0},{"not_picked":["hubris:Sniper","Prepared"],"picked":"Deflect","floor":7.0},{"not_picked":["Setup","Poisoned Stab","hubris:SlightOfHand"],"picked":"SKIP","floor":8.0},{"not_picked":["Deflect","Backflip","Night Terror"],"picked":"SKIP","floor":14.0},{"not_picked":["Slice","hubris:Counter","Quick Slash"],"picked":"SKIP","floor":14.0},{"not_picked":["Grand Finale","Malaise"],"picked":"After Image","floor":16.0},{"not_picked":["Quick Slash","Prepared","Skewer+1"],"picked":"SKIP","floor":18.0},{"not_picked":["Infinite Blades","Noxious Fumes","Crippling Poison+1"],"picked":"SKIP","floor":18.0},{"not_picked":["hubris:SlightOfHand+1","Poisoned Stab+1","Slice"],"picked":"SKIP","floor":23.0},{"not_picked":["Flechettes","Eviscerate+1"],"picked":"Terror+1","floor":25.0},{"not_picked":["PiercingWail+1","Flying Knee","Dagger Spray"],"picked":"SKIP","floor":25.0},{"not_picked":["Phantasmal Killer","Dagger Spray"],"picked":"Escape Plan","floor":28.0},{"not_picked":["Acrobatics+1","Masterful Stab+1","Heel Hook"],"picked":"SKIP","floor":28.0},{"not_picked":["Bane","hubris:Counter","Prepared"],"picked":"SKIP","floor":30.0},{"not_picked":["Underhanded Strike","Poisoned Stab","Acrobatics"],"picked":"SKIP","floor":30.0},{"not_picked":["Venomology","Wraith Form v2","Storm of Steel"],"picked":"Bullet Time","floor":33.0},{"not_picked":["Masterful Stab+1","Deadly Poison+1","Poisoned Stab","Skewer"],"picked":"SKIP","floor":35.0},{"not_picked":["Concentrate+1","Blade Dance+1","Outmaneuver","Corpse Explosion"],"picked":"SKIP","floor":35.0},{"not_picked":["Sucker Punch","Poisoned Stab","Backflip"],"picked":"Finisher+1","floor":37.0},{"not_picked":["Crippling Poison","hubris:SlightOfHand","Masterful Stab","Bane+1"],"picked":"SKIP","floor":37.0},{"not_picked":["Outmaneuver+1","Quick Slash","PiercingWail","Glass Knife"],"picked":"SKIP","floor":39.0},{"not_picked":["Prepared+1","Distraction+1","PiercingWail+1","Slice+1"],"picked":"SKIP","floor":39.0},{"not_picked":["Noxious Fumes+1","conspire:PoisonWeapons","Deadly Poison"],"picked":"Backstab+1","floor":41.0},{"not_picked":["Flechettes","Slice","Poisoned Stab+1","Envenom"],"picked":"SKIP","floor":44.0},{"not_picked":["Flechettes","Slice","Poisoned Stab+1"],"picked":"Envenom","floor":44.0},{"not_picked":["Expertise+1","Outmaneuver+1","Predator+1","conspire:DoublingDagger"],"picked":"SKIP","floor":46.0},{"not_picked":["Deadly Poison+1","Dagger Spray","Poisoned Stab","Acrobatics+1"],"picked":"SKIP","floor":48.0},{"not_picked":["Crippling Poison","Bouncing Flask+1","Outmaneuver","Dagger Throw+1"],"picked":"SKIP","floor":48.0},{"not_picked":["PiercingWail+1","Dodge and Roll+1","Outmaneuver"],"picked":"Cloak And Dagger+1","floor":54.0}],"player_experience":67372,"relics_obtained":[{"floor":6.0,"key":"Art of War"},{"floor":8.0,"key":"Lantern"},{"floor":9.0,"key":"Matryoshka"},{"floor":23.0,"key":"Eternal Feather"},{"floor":23.0,"key":"Omamori"},{"floor":26.0,"key":"Pantograph"},{"floor":41.0,"key":"Blood Vial"},{"floor":43.0,"key":"Ancient Tea Set"},{"floor":43.0,"key":"Strawberry"},{"floor":44.0,"key":"Whetstone"},{"floor":44.0,"key":"PreservedInsect"},{"floor":46.0,"key":"Letter Opener"},{"floor":46.0,"key":"Orichalcum"},{"floor":54.0,"key":"War Paint"},{"floor":54.0,"key":"conspire:TopHat"}],"event_choices":[{"cards_removed":["Strike_G"],"damage_healed":0.0,"max_hp_gain":0.0,"max_hp_loss":0.0,"gold_gain":0.0,"event_name":"Golden Wing","player_choice":"Card Removal","floor":2.0,"gold_loss":0.0,"damage_taken":7.0},{"damage_healed":21.0,"max_hp_gain":0.0,"max_hp_loss":70.0,"gold_gain":0.0,"event_name":"betterThird:BetterShining","player_choice":"Upgrade","floor":10.0,"gold_loss":0.0,"damage_taken":14.0,"cards_upgraded":["Survivor","Blade Dance"]},{"damage_healed":0.0,"max_hp_gain":0.0,"max_hp_loss":0.0,"gold_gain":0.0,"event_name":"Ghosts","player_choice":"Ignored","floor":19.0,"gold_loss":0.0,"damage_taken":0.0},{"damage_healed":0.0,"max_hp_gain":0.0,"max_hp_loss":0.0,"gold_gain":99.0,"event_name":"betterThird:BetterNest","player_choice":"Steal","floor":20.0,"gold_loss":0.0,"damage_taken":0.0},{"damage_healed":0.0,"max_hp_gain":0.0,"max_hp_loss":0.0,"gold_gain":0.0,"event_name":"SensoryStone","player_choice":"Memory 1","floor":36.0,"gold_loss":0.0,"damage_taken":0.0},{"damage_healed":0.0,"max_hp_gain":0.0,"max_hp_loss":0.0,"gold_gain":0.0,"event_name":"conspire:Investor","player_choice":"Leave","floor":45.0,"gold_loss":0.0,"damage_taken":0.0}],"is_beta":false,"boss_relics":[{"not_picked":["Calling Bell","conspire:RoyalGoblet"],"picked":"Black Star"},{"not_picked":["Pandora\u0027s Box","conspire:SeveredTorchhead"],"picked":"hubris:Backtick"}],"items_purged_floors":[0,0,12,21,47],"is_endless":false,"potions_floor_spawned":[1,4,6,8,16,18,28,33,41,44,48,54],"ascension_level":0}}