{"host":"adt9pv9dmmkchns7","time":1607707301,"event":{"mods":["AchievementEnabler","BaseMod","Beaked The Cultist","Better Third Choice","Downfall","Energized Spire","Hermit","Infinite Spire","Jorbs\u0027s Wanderer Trilogy","Minty Spire (QoL Compilation)","Potionbrewer","Replay The Spire","Shade Mod","Spicy Shops","StSLib","The Blackbeard","The Construct","The Cursed","The Forsaken","The Necromancer","Wandering Minibosses"],"gold_per_floor":[115,190,205,221,249,279,292,292,345,375,176,176,176,210,210,210,210],"floor_reached":16,"playtime":1467,"items_purged":[],"score":120,"play_id":"c4444138-9d7d-4eeb-910c-af50f4291e37","local_time":"20201211182141","is_ascension_mode":false,"campfire_choices":[{"floor":8,"key":"REST"},{"floor":12,"key":"RECALL"},{"floor":15,"key":"REST"}],"circlet_count":0,"master_deck":["hermit:Strike_Hermit","hermit:Strike_Hermit","hermit:Strike_Hermit","hermit:Strike_Hermit","hermit:Defend_Hermit","hermit:Defend_Hermit","hermit:Defend_Hermit","hermit:Defend_Hermit","hermit:Snapshot","hermit:Covet","hermit:NoHoldsBarred","hermit:Quickdraw","hermit:ShadowCloak","hermit:ItchyTrigger","hermit:Gestalt","hermit:GhostlyPresence","hermit:Reprieve","hermit:Determination","Clumsy","hermit:GhostlyPresence","hermit:Deadeye"],"relics":["hermit:Momento","Lantern","Replay:Bottled Flurry","Boot","Oddly Smooth Stone","Replay:Mystery Machine"],"acts_visited":["Exordium"],"potions_floor_usage":[5,6],"damage_taken":[{"damage":0,"enemies":"2 Louse","floor":1,"turns":3},{"damage":0,"enemies":"Cultist","floor":3,"turns":2},{"damage":0,"enemies":"Small Slimes","floor":4,"turns":3},{"damage":17,"enemies":"Exordium Thugs","floor":5,"turns":5},{"damage":32,"enemies":"Gremlin Nob","floor":6,"turns":4},{"damage":2,"enemies":"Looter","floor":7,"turns":3},{"damage":18,"enemies":"3 Sentries","floor":10,"turns":9},{"damage":2,"enemies":"Lagavulin","floor":14,"turns":6},{"damage":51,"enemies":"Hexaghost","floor":16,"turns":9}],"seed_played":"6305639906256874993","potions_obtained":[{"floor":3,"key":"AttackPotion"},{"floor":5,"key":"Strength Potion"},{"floor":7,"key":"sneckomod:MuddlingPotion"}],"is_trial":false,"path_per_floor":["M","?","M","M","M","E","M","R","T","E","$","R","?","E","R","B"],"character_chosen":"HERMIT","items_purchased":["hermit:Determination","Boot","hermit:GhostlyPresence"],"campfire_rested":2,"item_purchase_floors":[11,11,11],"current_hp_per_floor":[82,74,74,74,57,25,23,47,47,29,29,29,29,27,51,0,0],"gold":210,"neow_bonus":"TEN_PERCENT_HP_BONUS","is_daily":false,"chose_seed":false,"campfire_upgraded":0,"win_rate":0.0,"timestamp":1607707301,"path_taken":["M","?","M","M","M","E","?","R","T","E","?","R","?","E","R","BOSS"],"items_purchased_type":["Card","Relic","Card"],"build_version":"2020-11-30","purchased_purges":0,"victory":false,"max_hp_per_floor":[82,82,82,82,82,82,82,82,82,82,82,82,82,82,82,82,82],"card_choices":[{"not_picked":["hermit:Manifest","hermit:ItchyTrigger"],"picked":"hermit:NoHoldsBarred","floor":1},{"not_picked":["hermit:Misfire","hermit:ItchyTrigger"],"picked":"hermit:Quickdraw","floor":3},{"not_picked":["hermit:WideOpen","hermit:TakeAim"],"picked":"hermit:ShadowCloak","floor":4},{"not_picked":["hermit:Shortfuse","hermit:Malice"],"picked":"hermit:ItchyTrigger","floor":5},{"not_picked":["hermit:SprayPray","hermit:EyeOfTheStorm"],"picked":"hermit:Gestalt","floor":6},{"not_picked":["hermit:Gestalt","hermit:HighCaliber"],"picked":"hermit:GhostlyPresence","floor":7},{"not_picked":["hermit:Combo","hermit:Manifest"],"picked":"hermit:Reprieve","floor":10},{"not_picked":["hermit:FlashPowder","hermit:LowProfile"],"picked":"hermit:Deadeye","floor":14}],"player_experience":817054,"relics_obtained":[{"floor":6,"key":"Lantern"},{"floor":10,"key":"Replay:Bottled Flurry"},{"floor":14,"key":"Replay:Mystery Machine"}],"event_choices":[{"damage_healed":0,"gold_gain":75,"player_choice":"Touch","damage_taken":8,"max_hp_gain":0,"max_hp_loss":0,"event_name":"FaceTrader","floor":2,"gold_loss":0},{"damage_healed":0,"gold_gain":0,"player_choice":"Gave Potion","damage_taken":0,"relics_obtained":["Oddly Smooth Stone"],"max_hp_gain":0,"max_hp_loss":0,"event_name":"WeMeetAgain","floor":13,"gold_loss":0}],"is_beta":false,"boss_relics":[],"items_purged_floors":[],"is_endless":false,"potions_floor_spawned":[3,5,7],"killed_by":"Hexaghost","ascension_level":0}}