{"host":"f7oa3d5f3fx74imu","time":1607719943,"event":{"mods":["AchievementEnabler","Aspiration","BaseMod","Better Altar","Better Third Choice","BetterRewards","Conspire","Downfall","Hubris","Infinite Spire","Lobotomy","Minty Spire (QoL Compilation)","Replay The Spire","Shop Mod","Spicy Shops","StSLib"],"gold_per_floor":[115,125,140,154,164,190,190,215,238,249,281,293,293,293],"floor_reached":13,"playtime":1041,"items_purged":[],"score":231,"play_id":"87a20c3b-0210-4d99-98f0-6b4f4f1836c0","local_time":"20201211125223","is_ascension_mode":true,"campfire_choices":[{"floor":7,"key":"REST"}],"circlet_count":0,"master_deck":["Strike_B","Strike_B","Strike_B","Strike_B","Defend_B","Defend_B","Defend_B","Defend_B","Zap","Dualcast","MHz","Compile Driver","SpiderBud","Sunder","Cold Snap","OSAHOGD","UniverseFragment","Beam Cell","conspire:Rain","Redo","Alriune","Electrodynamics","CrumblingArmor","Stack","MeatLantern","Ball Lightning","LittlePrince","Sweeping Beam"],"relics":["Cracked Core","CogitoBucket","DataDisk","conspire:TopHat","infinitespire:Satchel","ResearcherNote","Smiling Mask"],"acts_visited":["Exordium"],"potions_floor_usage":[6,10,11,13],"damage_taken":[{"damage":1,"enemies":"Cultist","floor":1,"turns":4},{"damage":0,"enemies":"2 Louse","floor":2,"turns":2},{"damage":13,"enemies":"infinitespire:Voidling","floor":3,"turns":4},{"damage":12,"enemies":"Red Slaver","floor":4,"turns":4},{"damage":6,"enemies":"Looter","floor":5,"turns":3},{"damage":8,"enemies":"3 Sentries","floor":6,"turns":7},{"damage":0,"enemies":"Replay:BlueRogue","floor":8,"turns":1},{"damage":0,"enemies":"Replay:BlueRogue","floor":8,"turns":1},{"damage":10,"enemies":"Blue Slaver","floor":10,"turns":5},{"damage":11,"enemies":"Gremlin Nob","floor":11,"turns":3},{"damage":0,"enemies":"Red Slaver","floor":12,"turns":2},{"damage":59,"enemies":"3 Sentries","floor":13,"turns":3}],"seed_played":"-4138576458999751707","potions_obtained":[{"floor":1,"key":"Adrenaline Potion"},{"floor":3,"key":"SpeedPotion"},{"floor":4,"key":"FocusPotion"},{"floor":8,"key":"Elixir"},{"floor":11,"key":"sneckomod:MuddlingPotion"},{"floor":12,"key":"Toxic Potion"}],"is_trial":false,"path_per_floor":["M","M","M","M","M","E","R","E","T","M","E","M","E"],"character_chosen":"DEFECT","items_purchased":[],"campfire_rested":1,"item_purchase_floors":[],"current_hp_per_floor":[67,67,54,42,36,28,50,24,24,14,3,33,0,0],"gold":293,"neow_bonus":"","is_daily":false,"chose_seed":false,"campfire_upgraded":0,"win_rate":0.0,"timestamp":1607719943,"path_taken":["M","M","M","?","M","E","R","E","T","M","E","M","E"],"items_purchased_type":[],"build_version":"2020-11-30","purchased_purges":0,"victory":false,"max_hp_per_floor":[75,75,75,75,75,75,75,75,75,75,75,75,75,75],"card_choices":[{"not_picked":["OldLady","BeautyBeast"],"picked":"MHz","floor":1},{"not_picked":["Barrage","Skim"],"picked":"Compile Driver","floor":1},{"not_picked":["CherryBlossoms","BlueStar"],"picked":"SpiderBud","floor":2},{"not_picked":["Scrape","Doom and Gloom"],"picked":"Sunder","floor":2},{"not_picked":["Barrage","Lockon"],"picked":"Cold Snap","floor":3},{"not_picked":["UniverseFragment","FieryBird"],"picked":"OSAHOGD","floor":3},{"not_picked":["ShyLook","Murderer"],"picked":"UniverseFragment","floor":4},{"not_picked":["Reprogram","Stack"],"picked":"Beam Cell","floor":4},{"not_picked":["WallGazer","Murderer"],"picked":"Yin","floor":5},{"not_picked":["Defragment","Compile Driver"],"picked":"conspire:Rain","floor":5},{"not_picked":["ReplayTheSpireMod:System Scan","Doom and Gloom"],"picked":"Redo","floor":6},{"not_picked":["BigBird","BeautyBeast"],"picked":"Alriune","floor":8},{"not_picked":["Beam Cell","Barrage"],"picked":"Electrodynamics","floor":8},{"not_picked":["OldLady","Scorched"],"picked":"CrumblingArmor","floor":10},{"not_picked":["Compile Driver","Steam"],"picked":"Stack","floor":10},{"not_picked":["BeautyBeast","PunishingBird"],"picked":"MeatLantern","floor":11},{"not_picked":["aspiration:Polymerization","Double Energy"],"picked":"Ball Lightning","floor":11},{"not_picked":["OldLady","BeautyBeast"],"picked":"LittlePrince","floor":12},{"not_picked":["Crystallizer","Barrage"],"picked":"Sweeping Beam","floor":12}],"player_experience":207758,"relics_obtained":[{"floor":6,"key":"DataDisk"},{"floor":8,"key":"conspire:TopHat"},{"floor":9,"key":"infinitespire:Satchel"},{"floor":11,"key":"Smiling Mask"}],"event_choices":[],"is_beta":false,"boss_relics":[],"items_purged_floors":[],"is_endless":false,"potions_floor_spawned":[1,3,4,8,11,12],"killed_by":"3 Sentries","ascension_level":9}}