{"host":"okbt03weh3qrqoj9","time":1607659938,"event":{"mods":["Abigail Mod","AchievementEnabler","Act Like it!","BaseMod","Better Altar","Better Skull","Better Third Choice","CapriCore","Chen","Colored Powertips","Defuse TimeMaze Blight","Dio Mod","Dota2Spire","Ekko","Energized Spire","Gensokyo","GungeonMod","Hermit","KinomotoSakuraMod(????)","Koishi","Lobotomy","LobotomyExtend","Mari Mod (Legacy)","Mari\u0027s V1 Patch","Marisa????????","Minty Spire (QoL Compilation)","MostiFishMod","Pale of the Ancients","Prisma Mod","Reimu??????","SCP261 Mod","Slumbering Mod","StSLib","The Bladedancer","The Bug Knight","The Fake Hero","The Hayseed","The Immortal","The Jungle","The Showman","The Wild Card","TheBandit","Trackpad","Treasure Hunter","Wandering Minibosses","???????????mod"],"gold_per_floor":[510,510,528,541,561,596,613,194,194,194,194,214,240,257,257,357,357,375,385,385,385,385,385,395,427,427,437,447,480,496,514,514,616,616,635,652,671,671,249,269,269,296,343,379,123,138,151,178,178,178,178,178,178,52,77,77],"floor_reached":57,"playtime":2713,"items_purged":["Pain"],"score":1673,"play_id":"cbe9e11d-6a37-4ef5-8d5b-8b937fb4a3ae","local_time":"20201210231218","is_ascension_mode":false,"campfire_choices":[{"floor":10,"key":"RECALL"},{"data":"luka_mod:SpoilerForm","floor":15,"key":"SMITH"},{"data":"luka_mod:Salt","floor":23,"key":"SMITH"},{"data":"luka_mod:Meditation","floor":32,"key":"SMITH"},{"data":"luka_mod:Guard","floor":41,"key":"SMITH"},{"floor":49,"key":"REST"},{"floor":53,"key":"REST"}],"circlet_count":0,"master_deck":["luka_mod:StrikeLukaOne","luka_mod:StrikeLukaTwo","luka_mod:StrikeLukaThree","luka_mod:StrikeLukaFour","luka_mod:StrikeLukaFive","luka_mod:StrikeLukaSix","luka_mod:Salt+1","luka_mod:Guard+1","luka_mod:Wait","luka_mod:Edging","luka_mod:FlailWildly","luka_mod:Meditation+1","luka_mod:SpoilerForm+1","luka_mod:FlashKill","luka_mod:StrikeLuka","luka_mod:Optimistic","luka_mod:Gnome","TH:CursedSword","luka_mod:Alice+1","luka_mod:Gnome","luka_mod:Calm+1","luka_mod:Sara","TH:BikiniMail","luka_mod:PeacePreach+1","TH:DeckOfManyThings","luka_mod:SmallBody","luka_mod:TouchFluffyTail+1","TH:DeckOfManyThings","luka_mod:Erubetie","luka_mod:NotVerySharp+1","luka_mod:Optimistic+1","TH:DeckOfManyThings","luka_mod:Optimistic+1","TH:CursedSword","luka_mod:AlicesGuard+1","TH:CopperCoins","luka_mod:SmallBody","luka_mod:GuardTraining+1","TH:DeckOfManyThings","luka_mod:OiAlice+1","luka_mod:CriticalHit","luka_mod:Request+1","TH:Mimic","luka_mod:Granberia","luka_mod:RestrictedStrike+1","luka_mod:Request+1","luka_mod:PrayToIlias+1","luka_mod:HeroicStrike+1","TH:EnergyPotion","luka_mod:Cutscene+1","TH:EnergyPotion","TH:CursedSword","luka_mod:TouchFluffyTail+1","luka_mod:SmallBody","luka_mod:TouchFluffyTail+1","luka_mod:Gnome+1","TH:CursedSword","luka_mod:OiAlice+1","luka_mod:PerfectTiming+1","luka_mod:Cutscene+1","TH:Mimic","luka_mod:Request+1"],"relics":["luka_mod:KeepsakeRing","DaveBox","TimeKeys","Question Card","LetterFromLob","wanderingMiniBosses:CarrionFlame","Toxic Egg 2","Dota2Spire:Vanguard","HandDrill","Odd Mushroom","DemoMod:Bottle","ImportantClient","ShadowXiaoBlade","Dota2Spire:EtherealBlade","theSlumbering:GlassShield","Potion Belt","Anchor","RhineCircuit","WarpedTongs","Dota2Spire:OctarineCore","Strange Spoon","CaptainsWheel","Dream Catcher","StoneCalendar","DemoMod:DecoyRelic","White Beast Statue","Dodecahedron","Dota2Spire:ShadowBlade"],"acts_visited":["Exordium","Exordium","TheBeyond","TheEnding"],"potions_floor_usage":[50,50,50],"damage_taken":[{"damage":19,"enemies":"Jaw Worm","floor":1,"turns":4},{"damage":16,"enemies":"Cultist","floor":3,"turns":6},{"damage":0,"enemies":"theSlumbering:NewCultist","floor":4,"turns":3},{"damage":0,"enemies":"3 Louse","floor":5,"turns":1},{"damage":2,"enemies":"HollowMod:MossKnight","floor":6,"turns":7},{"damage":0,"enemies":"Exordium Thugs","floor":7,"turns":1},{"damage":18,"enemies":"The Mushroom Lair","floor":12,"turns":5},{"damage":0,"enemies":"theSlumbering:Adrasteia","floor":13,"turns":6},{"damage":7,"enemies":"Looter","floor":14,"turns":4},{"damage":15,"enemies":"The Guardian","floor":16,"turns":11},{"damage":7,"enemies":"theJungle:GiantWrat","floor":18,"turns":4},{"damage":0,"enemies":"Shell Parasite","floor":19,"turns":3},{"damage":21,"enemies":"theJungle:2_Flameangoes","floor":24,"turns":6},{"damage":0,"enemies":"theJungle:MamaSnecko","floor":25,"turns":4},{"damage":0,"enemies":"theJungle:2_Snecko_Cultists","floor":27,"turns":2},{"damage":0,"enemies":"Snake Plant","floor":28,"turns":4},{"damage":0,"enemies":"theJungle:2_Phrogs","floor":29,"turns":2},{"damage":0,"enemies":"theJungle:JungleHuntersEncounter","floor":30,"turns":3},{"damage":1,"enemies":"theJungle:Lyon","floor":31,"turns":5},{"damage":0,"enemies":"theJungle:FunGuy","floor":33,"turns":7},{"damage":3,"enemies":"Orb Walker","floor":35,"turns":3},{"damage":0,"enemies":"3 Shapes","floor":36,"turns":1},{"damage":0,"enemies":"Jaw Worm Horde","floor":37,"turns":4},{"damage":0,"enemies":"Maw","floor":40,"turns":4},{"damage":6,"enemies":"Reptomancer","floor":42,"turns":5},{"damage":0,"enemies":"Giant Head","floor":44,"turns":6},{"damage":0,"enemies":"Spire Growth","floor":46,"turns":3},{"damage":0,"enemies":"3 Darklings","floor":47,"turns":2},{"damage":0,"enemies":"Reptomancer","floor":48,"turns":3},{"damage":0,"enemies":"Donu and Deca","floor":50,"turns":5},{"damage":7,"enemies":"Shield and Spear","floor":55,"turns":4},{"damage":51,"enemies":"The Heart","floor":56,"turns":8}],"seed_played":"5155851432111442294","potions_obtained":[{"floor":4,"key":"LiquidBronze"},{"floor":6,"key":"PowerPotion"},{"floor":12,"key":"Explosive Potion"},{"floor":18,"key":"Dota2Spire:HealingSalve"},{"floor":28,"key":"FearPotion"},{"floor":29,"key":"SCP261:BarrettColaPotion"},{"floor":46,"key":"AttackPotion"},{"floor":55,"key":"Explosive Potion"}],"is_trial":false,"path_per_floor":["M","?","M","M","M","E","M","$","T","R","M","?","E","M","R","B",null,"M","M","?","T","?","R","M","E","T","M","M","E","M","M","R","B",null,"M","M","M","?","$","M","R","E","T","E","$","M","M","E","R","B",null,null,"R","$","E","B",null],"character_chosen":"LUKA_CLASS","items_purchased":["Dota2Spire:Vanguard","HandDrill","luka_mod:Calm+1","luka_mod:Sara","Dota2Spire:OctarineCore","Strange Spoon","DemoMod:DecoyRelic","luka_mod:SmallBody","Dodecahedron"],"campfire_rested":2,"item_purchase_floors":[8,8,8,8,39,39,45,45,54],"current_hp_per_floor":[9,9,13,33,33,37,37,37,37,37,37,20,21,34,34,27,40,34,34,34,34,34,34,15,15,15,17,17,17,17,36,36,40,40,37,37,40,40,40,40,40,34,34,34,34,35,35,35,40,40,40,40,40,40,33,30],"gold":77,"neow_bonus":"THREE_RARE_CARDS","is_daily":false,"chose_seed":false,"campfire_upgraded":4,"win_rate":0.0,"timestamp":1607659938,"path_taken":["M","?","M","M","M","E","?","$","T","R","M","?","E","M","R","BOSS","M","M","?","?","?","R","M","E","T","M","M","E","M","M","R","BOSS","M","M","M","?","$","M","R","E","T","E","$","?","?","E","R","BOSS","R","$","E","BOSS"],"items_purchased_type":["Relic","Relic","Undefined","Card","Relic","Relic","Relic","Card","Relic"],"build_version":"2020-11-30","purchased_purges":1,"victory":true,"max_hp_per_floor":[40,40,40,40,40,40,40,40,40,40,40,40,40,40,40,40,40,40,40,40,40,40,40,40,40,40,40,40,40,40,40,40,40,40,40,40,40,40,40,40,40,40,40,40,40,40,40,40,40,40,40,40,40,40,40,40],"card_choices":[{"not_picked":["luka_mod:Tamamo","luka_mod:Erubetie"],"picked":"luka_mod:SpoilerForm","floor":0},{"not_picked":["luka_mod:Overexert","luka_mod:DemonDecapitation"],"picked":"luka_mod:FlashKill","floor":1},{"not_picked":["luka_mod:NeverSurrender","luka_mod:UnusedPoison","luka_mod:BladeOfSolidEarth"],"picked":"luka_mod:StrikeLuka","floor":3},{"not_picked":["luka_mod:ThunderThrust","luka_mod:BladeOfRagingFire","luka_mod:WindSlash"],"picked":"luka_mod:Optimistic","floor":4},{"not_picked":["luka_mod:IliasesJudgement","luka_mod:Request","luka_mod:DemonSkullBeheading"],"picked":"luka_mod:Gnome","floor":5},{"not_picked":["TH:TreasureMap","TH:ArmorSpikes"],"picked":"TH:CursedSword","floor":6},{"not_picked":["luka_mod:AngryLuka+1","luka_mod:AlicesGuard+1","luka_mod:Ora"],"picked":"luka_mod:Alice+1","floor":6},{"not_picked":["luka_mod:StressRelief","luka_mod:Request+1","luka_mod:DemonDecapitation"],"picked":"luka_mod:Gnome","floor":7},{"not_picked":["TH:TreasureMap","TH:EnergyPotion"],"picked":"TH:BikiniMail","floor":9},{"not_picked":["luka_mod:Overexert","luka_mod:FlashKill","luka_mod:BladeOfHowlingWind"],"picked":"luka_mod:PeacePreach+1","floor":12},{"not_picked":["TH:PixieDust","TH:EnergyPotion"],"picked":"TH:DeckOfManyThings","floor":13},{"not_picked":["luka_mod:AngryLuka+1","luka_mod:HeavenlyDemonRevival","luka_mod:FlashKill"],"picked":"luka_mod:SmallBody","floor":13},{"not_picked":["luka_mod:BladeOfRagingFire","luka_mod:OiAlice+1","luka_mod:SmallBody"],"picked":"luka_mod:TouchFluffyTail+1","floor":14},{"not_picked":["TH:PixieDust","TH:CopperCoins"],"picked":"TH:DeckOfManyThings","floor":16},{"not_picked":["luka_mod:Daystar+1","luka_mod:AlicesFist","luka_mod:Ilias+1"],"picked":"luka_mod:Erubetie","floor":16},{"not_picked":["luka_mod:ThunderThrust","luka_mod:Undine","luka_mod:Overexert"],"picked":"luka_mod:NotVerySharp+1","floor":18},{"not_picked":["luka_mod:DeathSwordChaosStar","luka_mod:DemonSkullBeheading","luka_mod:WaterSlash"],"picked":"luka_mod:Optimistic+1","floor":19},{"not_picked":["TH:PixieDust","TH:ElvenBoots"],"picked":"TH:DeckOfManyThings","floor":21},{"not_picked":["luka_mod:Struggle+1","luka_mod:Feel+1","luka_mod:SealingStrike"],"picked":"luka_mod:Optimistic+1","floor":24},{"not_picked":["TH:BikiniMail","TH:ArmorSpikes"],"picked":"TH:CursedSword","floor":25},{"not_picked":["luka_mod:EarthRumblingDecapitation","luka_mod:AngryLuka+1","luka_mod:Intense+1"],"picked":"luka_mod:AlicesGuard+1","floor":25},{"not_picked":["TH:ArmorSpikes","TH:BikiniMail"],"picked":"TH:CopperCoins","floor":26},{"not_picked":["luka_mod:WaterSlash+1","luka_mod:NotVerySharp+1","luka_mod:DemonSkullBeheading"],"picked":"luka_mod:SmallBody","floor":27},{"not_picked":["luka_mod:DemonSkullBeheading","luka_mod:Salamander+1","luka_mod:IliasesJudgement"],"picked":"luka_mod:GuardTraining+1","floor":28},{"not_picked":["TH:BikiniMail","TH:TreasureMap"],"picked":"TH:DeckOfManyThings","floor":29},{"not_picked":["luka_mod:Ora","luka_mod:WindSlash","luka_mod:Request+1"],"picked":"luka_mod:OiAlice+1","floor":29},{"not_picked":["luka_mod:UnusedPoison+1","luka_mod:VaporizingRebellionSword","luka_mod:WindSlash+1"],"picked":"luka_mod:CriticalHit","floor":30},{"not_picked":["luka_mod:WindSlash","luka_mod:DemonDecapitation+1","luka_mod:HeavenlyDemonRevival"],"picked":"luka_mod:Request+1","floor":31},{"not_picked":["TH:TreasureMap","TH:PixieDust"],"picked":"TH:Mimic","floor":33},{"not_picked":["luka_mod:NoDebuffs+1","luka_mod:Tamamo","luka_mod:NinefoldRakshasa"],"picked":"luka_mod:Granberia","floor":33},{"not_picked":["luka_mod:Optimistic","luka_mod:AlicesGuard+1","luka_mod:SmallBody+1"],"picked":"luka_mod:RestrictedStrike+1","floor":35},{"not_picked":["luka_mod:ThunderThrust+1","luka_mod:DemonDecapitation","luka_mod:Intense+1"],"picked":"luka_mod:Request+1","floor":36},{"not_picked":["luka_mod:WindSlash+1","luka_mod:TouchFluffyTail+1","luka_mod:Feel+1"],"picked":"luka_mod:PrayToIlias+1","floor":37},{"not_picked":["luka_mod:NotVerySharp+1","luka_mod:DemonSkullBeheading","luka_mod:EndlessGuard+1"],"picked":"luka_mod:HeroicStrike+1","floor":40},{"not_picked":["TH:TreasureMap","TH:PixieDust"],"picked":"TH:EnergyPotion","floor":42},{"not_picked":["luka_mod:Overexert+1","luka_mod:Request+1","luka_mod:DemonSkullBeheading"],"picked":"luka_mod:Cutscene+1","floor":42},{"not_picked":["TH:BikiniMail","TH:Mimic"],"picked":"TH:EnergyPotion","floor":43},{"not_picked":["TH:PixieDust","TH:TreasureMap"],"picked":"TH:CursedSword","floor":44},{"not_picked":["luka_mod:Salamander","luka_mod:Daystar+1","luka_mod:BladeOfSolidEarth"],"picked":"luka_mod:TouchFluffyTail+1","floor":44},{"not_picked":["luka_mod:FireSlash+1","luka_mod:HeavenlyDemonRevival","luka_mod:EarthRumblingDecapitation+1"],"picked":"luka_mod:TouchFluffyTail+1","floor":46},{"not_picked":["luka_mod:GuardedStrike+1","luka_mod:BladeOfHowlingWind","luka_mod:Determination+1"],"picked":"luka_mod:Gnome+1","floor":47},{"not_picked":["TH:BikiniMail","TH:ElvenBoots"],"picked":"TH:CursedSword","floor":48},{"not_picked":["luka_mod:DeathSwordChaosStar","luka_mod:HeroicStrike","luka_mod:Sara"],"picked":"luka_mod:OiAlice+1","floor":48},{"not_picked":["luka_mod:SereneDemonSword","luka_mod:ThunderThrust+1","luka_mod:Undine+1"],"picked":"luka_mod:PerfectTiming+1","floor":49},{"not_picked":["luka_mod:WindSlash+1","luka_mod:GuardTraining+1","luka_mod:IliasesJudgement"],"picked":"luka_mod:Cutscene+1","floor":53},{"not_picked":["TH:ElvenBoots","TH:TreasureMap"],"picked":"TH:Mimic","floor":55},{"not_picked":["luka_mod:VaporizingRebellionSword+1","luka_mod:Feel+1","luka_mod:Salamander"],"picked":"luka_mod:Request+1","floor":55}],"player_experience":396133,"relics_obtained":[{"floor":1,"key":"Question Card"},{"floor":1,"key":"LetterFromLob"},{"floor":3,"key":"wanderingMiniBosses:CarrionFlame"},{"floor":6,"key":"Toxic Egg 2"},{"floor":12,"key":"Odd Mushroom"},{"floor":13,"key":"DemoMod:Bottle"},{"floor":16,"key":"ImportantClient"},{"floor":21,"key":"Dota2Spire:EtherealBlade"},{"floor":25,"key":"theSlumbering:GlassShield"},{"floor":26,"key":"Potion Belt"},{"floor":29,"key":"Anchor"},{"floor":42,"key":"CaptainsWheel"},{"floor":43,"key":"Dream Catcher"},{"floor":44,"key":"StoneCalendar"},{"floor":48,"key":"White Beast Statue"},{"floor":55,"key":"Dota2Spire:ShadowBlade"}],"event_choices":[{"cards_removed":["luka_mod:Surrender"],"damage_healed":0,"gold_gain":0,"player_choice":"Card Removal","damage_taken":0,"max_hp_gain":0,"max_hp_loss":0,"event_name":"Wheel of Change","floor":2,"gold_loss":0},{"damage_healed":0,"gold_gain":0,"player_choice":"Fought Mushrooms","damage_taken":0,"max_hp_gain":0,"max_hp_loss":0,"event_name":"Mushrooms","floor":12,"gold_loss":0},{"damage_healed":0,"gold_gain":0,"player_choice":"Rummage","damage_taken":0,"relics_obtained":["WarpedTongs"],"max_hp_gain":0,"max_hp_loss":0,"event_name":"Accursed Blacksmith","floor":38,"gold_loss":0,"cards_obtained":["Pain"]}],"is_beta":false,"boss_relics":[{"not_picked":["MostiFishMod:Hod","Empty Cage"],"picked":"ShadowXiaoBlade"},{"not_picked":["energizedSpire:DeadBattery","Black Star"],"picked":"RhineCircuit"}],"items_purged_floors":[39],"is_endless":false,"potions_floor_spawned":[4,6,12,18,19,25,28,29,31,36,42,44,46,47,55],"ascension_level":0}}