{"host":"s2kjy8nqny1yatvf","time":1607714866,"event":{"mods":["BaseMod","Colored Powertips","Minty Spire (QoL Compilation)","Replay The Spire","Shop Mod","StSLib","TestMod","¡¾ÒÅÎï¿¨ÅÆ¡¿REMEMod","óô»ðÖ¸ÄÏ"],"gold_per_floor":[110,130,130,81,95,95,124,124,205,223,223,240,205,221,38,134,134,152,167,179,179,13,13,13,112,166,177,177,177],"floor_reached":28,"playtime":2002,"items_purged":[],"score":220,"play_id":"54b0b7bd-e31c-4af9-bee5-7c43103b72da","local_time":"20201212032746","is_ascension_mode":false,"campfire_choices":[{"data":"Eruption","floor":6,"key":"SMITH"},{"floor":11,"key":"REST"},{"floor":23,"key":"REST"}],"circlet_count":0,"master_deck":["Strike_P","Strike_P","Strike_P","Strike_P","Defend_P","Defend_P","Defend_P+1","Defend_P","Eruption+1","Vigilance","Specialist+1","Evaluate+1","Indignation+1","REME_Repentance","Replay:Hum","Replay:AtTheReady","Scrawl","LikeWater","MentalFortress","CrushJoints+1","Establishment","TalkToTheHand","REME_Repentance+1","BowlingBash","ClearTheMind","LikeWater","Eruption","EmptyFist","testmod-AssimilatedRune","testmod-EnhanceArmerment","Transmutation","SashWhip+1"],"relics":["PureWater","REME_ComplimentaryCards","testmod-TestBox","testmod-BouquetWithThorns","Smiling Mask","Mercury Hourglass","MerchantsRug","SacredBark","ReplayTheSpireMod:ShopPack","Ring of Peace","Replay:Baseball"],"acts_visited":["Exordium","TheCity"],"potions_floor_usage":[4,7,7,16,20,20],"damage_taken":[{"damage":0,"enemies":"Small Slimes","floor":1,"turns":3},{"damage":1,"enemies":"Jaw Worm","floor":2,"turns":4},{"damage":0,"enemies":"Cultist","floor":5,"turns":3},{"damage":20,"enemies":"Lagavulin","floor":7,"turns":6},{"damage":0,"enemies":"Blue Slaver","floor":10,"turns":3},{"damage":0,"enemies":"3 Louse","floor":12,"turns":2},{"damage":15,"enemies":"Looter","floor":14,"turns":3},{"damage":11,"enemies":"Hexaghost","floor":16,"turns":7},{"damage":45,"enemies":"Shell Parasite","floor":18,"turns":5},{"damage":24,"enemies":"Spheric Guardian","floor":19,"turns":5},{"damage":0,"enemies":"Centurion and Healer","floor":20,"turns":7},{"damage":20,"enemies":"Snake Plant","floor":27,"turns":3},{"damage":4,"enemies":"Book of Stabbing","floor":28,"turns":2}],"seed_played":"-1575588167194196071","potions_obtained":[{"floor":2,"key":"EntropicBrew"},{"floor":5,"key":"Adrenaline Potion"},{"floor":7,"key":"Swift Potion"},{"floor":14,"key":"Elixir"},{"floor":19,"key":"Block Potion"},{"floor":27,"key":"Energy Potion"}],"is_trial":false,"path_per_floor":["M","M","?","$","M","R","E","?","T","M","R","M","?","M","R","B",null,"M","M","M","?","$","R","?","?","T","M","E"],"character_chosen":"WATCHER","items_purchased":["REME_Repentance","CrushJoints+1","MerchantsRug","ReplayTheSpireMod:ShopPack","EmptyFist"],"campfire_rested":2,"item_purchase_floors":[4,15,15,22,22],"current_hp_per_floor":[72,71,57,57,57,57,37,37,37,37,58,58,72,57,57,46,72,27,3,3,3,3,24,24,24,24,4,0,0],"gold":177,"neow_bonus":"UPGRADE_CARD","is_daily":false,"chose_seed":false,"campfire_upgraded":1,"win_rate":0.0,"timestamp":1607714866,"path_taken":["M","M","?","$","M","R","E","?","T","M","R","M","?","M","R","BOSS","M","M","M","?","?","R","?","?","T","M","E"],"items_purchased_type":["Card","Card","Relic","Relic","Card"],"build_version":"2020-11-30","purchased_purges":0,"victory":false,"max_hp_per_floor":[72,72,72,72,72,72,72,72,72,72,72,72,72,72,72,72,72,72,72,72,72,72,72,72,72,72,72,72,72],"card_choices":[{"not_picked":["Halt","Meditate"],"picked":"Evaluate","floor":1},{"not_picked":["FlurryOfBlows","ReachHeaven"],"picked":"Indignation","floor":2},{"not_picked":["Replay:Vibes","Halt"],"picked":"Replay:Hum","floor":5},{"not_picked":["Evaluate","Replay:Vibes"],"picked":"Replay:AtTheReady","floor":7},{"not_picked":["Prostrate","EmptyFist"],"picked":"Scrawl","floor":10},{"not_picked":["JustLucky","FlyingSleeves"],"picked":"LikeWater","floor":12},{"not_picked":["WheelKick","Sanctity"],"picked":"MentalFortress","floor":14},{"not_picked":["Ragnarok","Brilliance"],"picked":"Establishment","floor":16},{"not_picked":["Replay:Battleflow","Worship"],"picked":"TalkToTheHand","floor":18},{"not_picked":["Pray+1","SashWhip"],"picked":"REME_Repentance+1","floor":19},{"not_picked":["PathToVictory","Crescendo"],"picked":"BowlingBash","floor":20},{"not_picked":["testmod-Mystery","Poisoned Strike"],"picked":"testmod-AssimilatedRune","floor":22},{"not_picked":["Crow Ritual","testmod-ConditionedReflex"],"picked":"testmod-EnhanceArmerment","floor":22},{"not_picked":["Purity","Dark Shackles"],"picked":"Transmutation","floor":22},{"not_picked":["BowlingBash","FlurryOfBlows"],"picked":"SashWhip+1","floor":27}],"player_experience":169738,"relics_obtained":[{"floor":7,"key":"Smiling Mask"},{"floor":9,"key":"Mercury Hourglass"},{"floor":24,"key":"Ring of Peace"},{"floor":26,"key":"Replay:Baseball"}],"event_choices":[{"damage_healed":0,"gold_gain":0,"player_choice":"Entered Light","damage_taken":14,"max_hp_gain":0,"max_hp_loss":0,"event_name":"Shining Light","floor":3,"gold_loss":0,"cards_upgraded":["Indignation","Defend_P"]},{"damage_healed":0,"gold_gain":0,"player_choice":"Grow","damage_taken":0,"max_hp_gain":0,"max_hp_loss":0,"event_name":"Living Wall","floor":8,"gold_loss":0,"cards_upgraded":["Evaluate"]},{"damage_healed":18,"gold_gain":0,"player_choice":"Healed","damage_taken":0,"max_hp_gain":0,"max_hp_loss":0,"event_name":"The Cleric","floor":13,"gold_loss":35},{"damage_healed":0,"gold_gain":0,"player_choice":"3 cards matched","damage_taken":0,"max_hp_gain":0,"max_hp_loss":0,"event_name":"Match and Keep!","floor":21,"gold_loss":0,"cards_obtained":["ClearTheMind","LikeWater","Eruption"]},{"damage_healed":0,"gold_gain":99,"player_choice":"Stole From Cult","damage_taken":0,"max_hp_gain":0,"max_hp_loss":0,"event_name":"Nest","floor":25,"gold_loss":0}],"is_beta":false,"boss_relics":[{"not_picked":["ReplayTheSpireMod:DimensionalGlitch","ChewingGum"],"picked":"SacredBark"}],"items_purged_floors":[],"is_endless":false,"potions_floor_spawned":[2,5,7,14,19,27],"killed_by":"Book of Stabbing","ascension_level":0}}