{"host":"ceopyqoizwrgii5g","time":1607707063,"event":{"mods":["Act Like it!","Aspiration","BaseMod","BetterRewards","CapriCore","Conspire","Dota2Spire","GungeonMod","Hallownest","Hermit","Infinite Spire","Luminous","Marisa（霧雨　魔理沙）","Minty Spire (QoL Compilation)","Permanent Neow","Quick Restart","Replay The Spire","RumiaBox-露米?的神秘盒子","Shop Mod","Spicy Shops","StSLib","SuperFastMode","TheWitcher","Transform Curses","WarShipGirlsR/??少女R mod","【?方二次?作】八云紫mod","【功能Mod】混沌之?修复?丁"],"gold_per_floor":[112,140,151,151,165,165,183,163,163,182,197,35,35,52,52,153,153,170,184,233,233,233,233,259,174,174,174,231,231,231,231,241,259,259,410,410,430,430,430,441,72,97,117,117,144,280,305,395,395,444,444,444,444],"floor_reached":52,"playtime":1251,"items_purged":["Pain"],"score":1123,"play_id":"93d0e306-78c0-4fda-8f1e-fd936113ef3f","local_time":"20201212011743","is_ascension_mode":true,"campfire_choices":[{"floor":6,"key":"REST"},{"floor":13,"key":"REST"},{"data":"DemoMod:Invincible","floor":15,"key":"SMITH"},{"data":"PropBag","floor":23,"key":"SMITH"},{"floor":27,"key":"REST"},{"floor":31,"key":"REST"},{"data":"DC","floor":34,"key":"SMITH"},{"floor":44,"key":"REST"},{"data":"TreasureHunter","floor":51,"key":"SMITH"}],"circlet_count":0,"master_deck":["Strike_MRS","Strike_MRS","Strike_MRS","Strike_MRS","Defend_MRS","Defend_MRS","Defend_MRS","Defend_MRS","MasterSpark","UpSweep","PropBag+1","MachineGunSpark","EarthLightRay","PowerUp","WitchOfGreed","LuminesStrike","DC+1","DemoMod:Invincible+1","PowerUp","EarthLightRay+1","PropBag+1","Singularity","GalacticHalo+1","MachineGunSpark","Singularity","MilkyWay","Writhe","Spreading Infection","FairyDestructionRay","TreasureHunter","TreasureHunter+1","OortCloud+1"],"relics":["MiniHakkero","MerchantsRug","SecretRecord","SecretRecord","SecretRecord","SecretRecord","SecretRecord","SecretRecord","SecretRecord","SecretRecord","SecretRecord","SecretRecord","SecretRecord","SecretRecord","SecretRecord","SecretRecord","Toxic Egg 2","Boot","Dota2Spire:HandOfMidas","ReplayFunnel","Potion Belt","DemoMod:GlassGuonStoneRelic","Mercury Hourglass","Sundial","Mummified Hand","AmplifyWand","Meat on the Bone","Kunai","Blue Candle","Shuriken","Letter Opener","Ornamental Fan","Gremlin Horn"],"acts_visited":["Exordium","TheCity","TheBeyond"],"potions_floor_usage":[5,5,11,16,16,24,24,32,32,33,40,46,52,52,52],"damage_taken":[{"damage":1,"enemies":"Small Slimes","floor":1,"turns":3},{"damage":21,"enemies":"conspire:MimicChest","floor":2,"turns":4},{"damage":2,"enemies":"2 Louse","floor":3,"turns":2},{"damage":21,"enemies":"Replay:BlueRogue","floor":5,"turns":6},{"damage":17,"enemies":"Looter","floor":7,"turns":3},{"damage":13,"enemies":"3 Louse","floor":10,"turns":3},{"damage":0,"enemies":"Blue Slaver","floor":11,"turns":2},{"damage":6,"enemies":"Looter","floor":14,"turns":2},{"damage":24,"enemies":"The Guardian","floor":16,"turns":7},{"damage":26,"enemies":"Chosen","floor":18,"turns":6},{"damage":1,"enemies":"Spheric Guardian","floor":19,"turns":3},{"damage":4,"enemies":"Snecko","floor":20,"turns":4},{"damage":38,"enemies":"Book of Stabbing","floor":24,"turns":5},{"damage":24,"enemies":"Cultist and Chosen","floor":28,"turns":4},{"damage":3,"enemies":"Chosen and Byrds","floor":32,"turns":6},{"damage":13,"enemies":"Snecko","floor":33,"turns":3},{"damage":0,"enemies":"Champ","floor":35,"turns":9},{"damage":26,"enemies":"3 Darklings","floor":37,"turns":8},{"damage":37,"enemies":"3 Shapes","floor":40,"turns":4},{"damage":1,"enemies":"R_Hoarder","floor":42,"turns":3},{"damage":22,"enemies":"3 Darklings","floor":43,"turns":3},{"damage":2,"enemies":"Reptomancer","floor":46,"turns":2},{"damage":10,"enemies":"4 Shapes","floor":48,"turns":4},{"damage":1,"enemies":"Sphere and 2 Shapes","floor":50,"turns":2},{"damage":106,"enemies":"conspire:OrnateMirror","floor":52,"turns":4}],"seed_played":"-8859691871476207397","potions_obtained":[{"floor":2,"key":"BlessingOfTheForge"},{"floor":3,"key":"Ancient Potion"},{"floor":5,"key":"FearPotion"},{"floor":7,"key":"DistilledChaos"},{"floor":18,"key":"LiquidBronze"},{"floor":19,"key":"Block Potion"},{"floor":20,"key":"FearPotion"},{"floor":28,"key":"Block Potion"},{"floor":37,"key":"Fire Potion"},{"floor":42,"key":"LiquidMemories"},{"floor":46,"key":"Regen Potion"},{"floor":48,"key":"Strength Potion"},{"floor":48,"key":"Weak Potion"}],"is_trial":false,"path_per_floor":["M","?","M","?","M","R","M","?","T","M","M","$","R","M","R","B",null,"M","M","M","AVR","?","R","E","?","T","R","M","PTL","PTL","R","M","M","R","B",null,"M","?","?","M","$","E","M","R","T","E","T","M","?","M","R","B"],"character_chosen":"MARISA","items_purchased":["PropBag+1","MerchantsRug","ReplayTheSpireMod:CursedCoin","Regen Potion","DemoMod:Invincible","Toxic Egg 2","FairyDestructionRay","TreasureHunter"],"campfire_rested":5,"item_purchase_floors":[0,0,12,12,12,41,41,41],"current_hp_per_floor":[67,46,44,32,17,33,22,22,22,9,16,16,32,26,26,22,48,30,49,52,52,52,52,14,14,14,30,36,36,36,52,49,43,43,56,56,56,56,56,49,49,48,38,54,54,52,52,49,49,48,48,0,0],"gold":444,"neow_bonus":"","is_daily":false,"chose_seed":false,"campfire_upgraded":4,"win_rate":0.0,"timestamp":1607707063,"path_taken":["M","?","?","?","M","R","M","?","T","M","M","$","R","M","R","BOSS","M","M","M","AVR","?","R","E","?","T","R","M","PTL","PTL","R","M","M","R","BOSS","M","?","?","M","$","E","M","R","T","E","?","M","?","M","R","BOSS"],"items_purchased_type":["Card","Relic","Relic","Potion","Card","Relic","Card","Card"],"build_version":"2020-11-30","purchased_purges":1,"victory":false,"max_hp_per_floor":[75,75,75,56,56,56,56,56,56,56,56,56,56,56,56,56,56,56,56,56,56,56,56,56,56,56,56,56,56,56,56,56,56,56,56,56,56,56,56,56,56,56,56,56,56,56,56,56,56,56,56,56,56],"card_choices":[{"not_picked":["WitchOfGreed","PowerUp"],"picked":"MachineGunSpark","floor":1},{"not_picked":["NonDirectionalLaser","DarkSpark"],"picked":"EarthLightRay","floor":3},{"not_picked":["Occultation","SporeBomb"],"picked":"PowerUp","floor":5},{"not_picked":["6A","Acceleration","SuperPerseids"],"picked":"SKIP","floor":7},{"not_picked":[],"picked":"WitchOfGreed","floor":8},{"not_picked":["WitchLeyline","GravityBeat"],"picked":"LuminesStrike","floor":10},{"not_picked":["AlicesGift","MysteriousBeam"],"picked":"DC","floor":11},{"not_picked":["Robbery","Occultation"],"picked":"PowerUp","floor":14},{"not_picked":["AsteroidBelt","PulseMagic"],"picked":"EarthLightRay+1","floor":18},{"not_picked":["LuminesStrike","PowerUp"],"picked":"PropBag","floor":19},{"not_picked":["Orbital","EnergyRecoil"],"picked":"Singularity","floor":20},{"not_picked":["GasGiant+1","PropBag+1"],"picked":"GalacticHalo+1","floor":24},{"not_picked":["ShootTheMoon","6A","DC"],"picked":"SKIP","floor":28},{"not_picked":["MaximisePower","UnstableBomb"],"picked":"MachineGunSpark","floor":32},{"not_picked":["ManaConvection","Occultation"],"picked":"Singularity","floor":33},{"not_picked":["ManaConvection+1","IllusionStar+1"],"picked":"MilkyWay","floor":37},{"not_picked":["DragonMeteor+1","UnstableBomb+1","AsteroidBelt"],"picked":"SKIP","floor":40},{"not_picked":["MilkyWay+1","IllusionStar+1"],"picked":"OortCloud+1","floor":42},{"not_picked":["LuminesStrike+1","AsteroidBelt+1","MillisecondPulsars"],"picked":"SKIP","floor":43},{"not_picked":["DragonMeteor","GrandCross+1","GravityBeat+1"],"picked":"SKIP","floor":46},{"not_picked":["GravityBeat","MysteriousBeam","DoubleSpark+1"],"picked":"SKIP","floor":48},{"not_picked":["EnergyRecoil+1","StarlightTyphoon+1","OneTimeOff+1"],"picked":"SKIP","floor":50}],"player_experience":179831,"relics_obtained":[{"floor":1,"key":"AddBug"},{"floor":2,"key":"Snack Pack"},{"floor":3,"key":"SecretRecord"},{"floor":7,"key":"SecretRecord"},{"floor":9,"key":"DemoMod:PartiallyEatenCheese"},{"floor":14,"key":"SecretRecord"},{"floor":18,"key":"SecretRecord"},{"floor":19,"key":"SecretRecord"},{"floor":20,"key":"SecretRecord"},{"floor":24,"key":"SecretRecord"},{"floor":24,"key":"Replay:Bottled Snecko"},{"floor":26,"key":"ReplayTheSpireMod:TigerMarble"},{"floor":28,"key":"SecretRecord"},{"floor":32,"key":"SecretRecord"},{"floor":33,"key":"SecretRecord"},{"floor":35,"key":"SecretRecord"},{"floor":37,"key":"SecretRecord"},{"floor":39,"key":"Ring of Panic"},{"floor":39,"key":"Ring of Greed"},{"floor":40,"key":"SecretRecord"},{"floor":42,"key":"Boot"},{"floor":45,"key":"Dota2Spire:HandOfMidas"},{"floor":46,"key":"ReplayFunnel"},{"floor":47,"key":"Potion Belt"}],"event_choices":[{"damage_healed":0,"gold_gain":0,"player_choice":"Success","damage_taken":12,"relics_obtained":["infinitespire:Lychee Nut"],"max_hp_gain":0,"max_hp_loss":0,"event_name":"Scrap Ooze","floor":4,"gold_loss":0},{"damage_healed":0,"gold_gain":0,"player_choice":"Ignored","damage_taken":0,"max_hp_gain":0,"max_hp_loss":0,"event_name":"Ghosts","floor":22,"gold_loss":0},{"damage_healed":0,"gold_gain":0,"player_choice":"Obtained Relic","damage_taken":0,"relics_obtained":["DemoMod:WhiteGuonStone"],"max_hp_gain":0,"max_hp_loss":0,"event_name":"Addict","floor":25,"gold_loss":85},{"damage_healed":14,"gold_gain":0,"player_choice":"Writhe","damage_taken":0,"max_hp_gain":0,"max_hp_loss":0,"event_name":"Winding Halls","floor":38,"gold_loss":0,"cards_obtained":["Writhe"]},{"damage_healed":0,"gold_gain":0,"player_choice":"Ignored","damage_taken":0,"max_hp_gain":0,"max_hp_loss":0,"event_name":"Tomb of Lord Red Mask","floor":49,"gold_loss":0}],"is_beta":false,"boss_relics":[{"not_picked":["Calling Bell","Abe\u0027s Treasure"],"picked":"Black Star"},{"not_picked":["Astrolabe","Dota2Spire:RefresherOrb"],"picked":"Replay:Grab Bag"}],"items_purged_floors":[12],"is_endless":false,"potions_floor_spawned":[2,3,5,7,18,19,37,42,43,48],"killed_by":"conspire:OrnateMirror","ascension_level":7}}