{"host":"2pgz2fctomabfk86","time":1607687124,"event":{"mods":["AchievementEnabler","BaseMod","Colored Map","DeckTracker","Minty Spire (QoL Compilation)","StSLib","SuperFastMode"],"gold_per_floor":[118,118,137,148,148,148,148,148,219,219,53,67,86,86,86,164,164,184,201,215,232,77,77,77,77],"floor_reached":24,"playtime":973,"items_purged":["Strike_G"],"score":348,"play_id":"5e79b11c-6731-4c11-9166-5ab0bb63a1c7","local_time":"20201211204524","is_ascension_mode":true,"campfire_choices":[{"data":"Flechettes","floor":6.0,"key":"SMITH"},{"data":"Calculated Gamble","floor":8.0,"key":"SMITH"},{"data":"Poisoned Stab","floor":10.0,"key":"SMITH"},{"data":"Footwork","floor":15.0,"key":"SMITH"},{"data":"After Image","floor":23.0,"key":"SMITH"}],"circlet_count":0,"master_deck":["AscendersBane","Strike_G","Strike_G","Defend_G","Defend_G","Defend_G","Defend_G","Defend_G","Survivor","Neutralize","Poisoned Stab+1","Flechettes+1","Prepared","Calculated Gamble+1","Venomology","Footwork+1","PiercingWail","Acrobatics","Terror","After Image+1","Cloak And Dagger","Distraction","Acrobatics","Grand Finale"],"relics":["Ring of the Snake","NeowsBlessing","Oddly Smooth Stone","Mummified Hand","Snecko Eye"],"acts_visited":["Exordium","TheCity"],"potions_floor_usage":[24],"damage_taken":[{"damage":0.0,"enemies":"Cultist","floor":1.0,"turns":1.0},{"damage":0.0,"enemies":"Jaw Worm","floor":3.0,"turns":1.0},{"damage":0.0,"enemies":"Small Slimes","floor":4.0,"turns":1.0},{"damage":16.0,"enemies":"Exordium Thugs","floor":12.0,"turns":6.0},{"damage":1.0,"enemies":"Blue Slaver","floor":13.0,"turns":4.0},{"damage":27.0,"enemies":"Hexaghost","floor":16.0,"turns":10.0},{"damage":7.0,"enemies":"3 Byrds","floor":18.0,"turns":9.0},{"damage":9.0,"enemies":"Chosen","floor":19.0,"turns":7.0},{"damage":15.0,"enemies":"Shelled Parasite and Fungi","floor":20.0,"turns":7.0},{"damage":0.0,"enemies":"Centurion and Healer","floor":21.0,"turns":6.0},{"damage":18,"enemies":"Snake Plant","floor":24,"turns":4}],"seed_played":"249831122440764337","potions_obtained":[{"floor":3.0,"key":"ColorlessPotion"},{"floor":16.0,"key":"Fire Potion"},{"floor":19.0,"key":"LiquidMemories"}],"is_trial":false,"path_per_floor":["M","?","M","M","?","R","T","R","T","R","$","M","M","?","R","B",null,"M","M","M","M","$","R","M"],"character_chosen":"THE_SILENT","items_purchased":["Venomology","Footwork","Grand Finale"],"campfire_rested":0,"item_purchase_floors":[11,11,22],"current_hp_per_floor":[59,55,55,55,55,55,55,55,55,55,55,39,38,38,38,11,52,45,36,21,21,21,21,3,3],"gold":77,"neow_bonus":"THREE_ENEMY_KILL","is_daily":false,"chose_seed":false,"campfire_upgraded":5,"win_rate":0.0,"timestamp":1607687124,"path_taken":["M","?","?","M","?","R","?","R","T","R","$","M","M","?","R","BOSS","M","?","M","M","$","R","M"],"items_purchased_type":["Card","Card","Card"],"build_version":"2020-11-30","purchased_purges":1,"victory":false,"max_hp_per_floor":[66,66,66,66,66,66,66,66,66,66,66,66,66,66,66,66,66,66,66,66,66,66,66,66,66],"card_choices":[{"not_picked":["Distraction","PiercingWail"],"picked":"Poisoned Stab","floor":1.0},{"not_picked":["Dagger Spray","PiercingWail"],"picked":"Flechettes","floor":3.0},{"not_picked":["Poisoned Stab","Deadly Poison"],"picked":"Prepared","floor":4.0},{"not_picked":["Poisoned Stab","Underhanded Strike"],"picked":"PiercingWail","floor":12.0},{"not_picked":["Underhanded Strike","Masterful Stab"],"picked":"Acrobatics","floor":13.0},{"not_picked":["Tools of the Trade","Grand Finale"],"picked":"After Image","floor":16.0},{"not_picked":["Slice+1","Well Laid Plans"],"picked":"Cloak And Dagger","floor":18.0},{"not_picked":["Deflect","Dagger Spray+1","Slice"],"picked":"SKIP","floor":19.0},{"not_picked":["Poisoned Stab","Unload"],"picked":"Distraction","floor":20.0},{"not_picked":["Quick Slash","Slice"],"picked":"Acrobatics","floor":21.0}],"player_experience":893958,"relics_obtained":[{"floor":7.0,"key":"Oddly Smooth Stone"},{"floor":9.0,"key":"Mummified Hand"}],"event_choices":[{"damage_healed":0.0,"max_hp_gain":0.0,"max_hp_loss":0.0,"gold_gain":0.0,"event_name":"The Woman in Blue","player_choice":"Bought 0 Potions","floor":2.0,"gold_loss":0.0,"damage_taken":0.0},{"damage_healed":0.0,"max_hp_gain":0.0,"max_hp_loss":0.0,"gold_gain":0.0,"cards_transformed":["Strike_G"],"event_name":"Living Wall","player_choice":"Change","floor":5.0,"gold_loss":0.0,"damage_taken":0.0,"cards_obtained":["Calculated Gamble"]},{"damage_healed":0.0,"max_hp_gain":0.0,"max_hp_loss":0.0,"gold_gain":0.0,"cards_transformed":["Strike_G"],"event_name":"Transmorgrifier","player_choice":"Transformed","floor":14.0,"gold_loss":0.0,"damage_taken":0.0,"cards_obtained":["Terror"]}],"is_beta":false,"boss_relics":[{"not_picked":["WristBlade","SacredBark"],"picked":"Snecko Eye"}],"items_purged_floors":[22],"is_endless":false,"potions_floor_spawned":[3,12,16,19],"killed_by":"Snake Plant","ascension_level":17}}