{"host":"sabve5zmqufxyc5o","time":1607669224,"event":{"mods":["2.2 Compatiblity","AchievementEnabler","Act Like it!","BaseMod","Block Reminder","Colored Map","Colored Powertips","DeckTracker","KOR Keyword Fix","Keyboard Shortcuts","Minty Spire (QoL Compilation)","Quick Restart","Rare Cards Sparkle","Relic Stats","StSLib","SuperFastMode"],"gold_per_floor":[110,127,52,71,88,88,119,119,197,197,212,212,33,49,49,121,121,137,52,66,66,66],"floor_reached":21,"playtime":547,"items_purged":["Strike_B","Amplify"],"score":348,"play_id":"1cd71e74-87f1-4e7e-9873-4bd23a1ac8e2","local_time":"20201211154704","is_ascension_mode":true,"campfire_choices":[{"floor":6,"key":"REST"},{"floor":10,"key":"REST"},{"floor":15,"key":"REST"}],"circlet_count":0,"master_deck":["AscendersBane","Strike_B","Strike_B","Defend_B","Defend_B","Defend_B","Defend_B","Zap","Dualcast+1","Sweeping Beam","Gash","Genetic Algorithm+1","Undo","FTL","Glacier","Seek","Coolheaded"],"relics":["Cracked Core","War Paint","Question Card","Nuclear Battery","Emotion Chip"],"acts_visited":["Exordium","TheCity"],"potions_floor_usage":[7,8],"damage_taken":[{"damage":6,"enemies":"Cultist","floor":1,"turns":4},{"damage":9,"enemies":"Jaw Worm","floor":2,"turns":4},{"damage":0,"enemies":"2 Louse","floor":4,"turns":3},{"damage":17,"enemies":"Lots of Slimes","floor":5,"turns":3},{"damage":56,"enemies":"Gremlin Nob","floor":7,"turns":5},{"damage":1,"enemies":"Large Slime","floor":8,"turns":4},{"damage":15,"enemies":"Looter","floor":11,"turns":4},{"damage":0,"enemies":"Exordium Thugs","floor":14,"turns":4},{"damage":2,"enemies":"The Guardian","floor":16,"turns":15},{"damage":6,"enemies":"3 Byrds","floor":18,"turns":7},{"damage":23,"enemies":"Chosen","floor":20,"turns":9},{"damage":27,"enemies":"Centurion and Healer","floor":21,"turns":15}],"seed_played":"4713169293244128188","potions_obtained":[{"floor":4,"key":"CultistPotion"},{"floor":5,"key":"SmokeBomb"},{"floor":7,"key":"Dexterity Potion"}],"is_trial":false,"path_per_floor":["M","M","$","M","M","R","E","M","T","R","M","?","$","M","R","B",null,"M","?","M","M"],"character_chosen":"DEFECT","items_purchased":["FTL"],"campfire_rested":3,"item_purchase_floors":[13],"current_hp_per_floor":[65,56,56,56,39,62,6,5,5,28,13,13,13,13,36,34,67,61,61,38,11,11],"gold":66,"neow_bonus":"TEN_PERCENT_HP_BONUS","is_daily":false,"chose_seed":false,"campfire_upgraded":0,"win_rate":0.0,"timestamp":1607669224,"path_taken":["M","M","$","M","M","R","E","?","T","R","M","?","$","M","R","BOSS","M","?","?","M"],"items_purchased_type":["Card"],"build_version":"2020-11-30","purchased_purges":2,"victory":false,"max_hp_per_floor":[78,78,78,78,78,78,78,78,78,78,78,78,78,78,78,78,78,78,78,78,78,78],"relic_stats":{"Emotion Chip":[17,4,13,0,0],"counters":[12,77],"War Paint":["Dualcast","Genetic Algorithm"],"Question Card":5,"obtain_stats":[{"Emotion Chip":19,"War Paint":7,"Cracked Core":0,"Question Card":9,"Nuclear Battery":17},{"Emotion Chip":10,"War Paint":5,"Cracked Core":0,"Question Card":6,"Nuclear Battery":9},{"Emotion Chip":53,"War Paint":19,"Cracked Core":0,"Question Card":23,"Nuclear Battery":46}]},"card_choices":[{"not_picked":["Conserve Battery","Redo"],"picked":"Sweeping Beam","floor":1},{"not_picked":["Coolheaded","Leap"],"picked":"Gash","floor":2},{"not_picked":["Gash","Lockon"],"picked":"Genetic Algorithm","floor":4},{"not_picked":["Leap","Sweeping Beam","Rebound"],"picked":"SKIP","floor":5},{"not_picked":["Steam","Skim","Streamline"],"picked":"SKIP","floor":7},{"not_picked":["Turbo","Fission","Gash"],"picked":"Undo","floor":11},{"not_picked":["Ball Lightning","Rip and Tear","Beam Cell"],"picked":"Glacier","floor":14},{"not_picked":["Reboot","All For One","Thunder Strike"],"picked":"Seek","floor":16},{"not_picked":["Conserve Battery","Reinforced Body","Sweeping Beam+1","Redo"],"picked":"SKIP","floor":18},{"not_picked":["Conserve Battery","Reinforced Body","Sweeping Beam+1","Redo"],"picked":"SKIP","floor":18},{"not_picked":["Aggregate","Chaos","Capacitor"],"picked":"Coolheaded","floor":20}],"player_experience":751201,"relics_obtained":[{"floor":7,"key":"War Paint"},{"floor":9,"key":"Question Card"}],"event_choices":[{"damage_healed":0,"gold_gain":0,"cards_transformed":["Strike_B"],"player_choice":"Change","damage_taken":0,"max_hp_gain":0,"max_hp_loss":0,"event_name":"Living Wall","floor":12,"gold_loss":0,"cards_obtained":["Amplify"]},{"damage_healed":0,"gold_gain":0,"player_choice":"Paid Gold","damage_taken":0,"relics_obtained":["Emotion Chip"],"max_hp_gain":0,"max_hp_loss":0,"event_name":"WeMeetAgain","floor":19,"gold_loss":85}],"is_beta":false,"boss_relics":[{"not_picked":["Busted Crown","Snecko Eye"],"picked":"Nuclear Battery"}],"items_purged_floors":[3,13],"is_endless":false,"potions_floor_spawned":[4,5,7,8],"killed_by":"Centurion and Healer","ascension_level":18}}