{"host":"87qycazfqg3dn1g9","time":1607649504,"event":{"mods":["AchievementEnabler","BaseMod","BetterRewards","Minty Spire (QoL Compilation)","Shop Mod","StSLib"],"gold_per_floor":[115,190,190,204,110,110,141,141,141,141,172,191,30,30,30,127,127,147,156,19,19,16,50,50,76,85,110,110,145,156,165,165,165,165],"floor_reached":33,"playtime":937,"items_purged":["Regret"],"score":622,"play_id":"20632f1c-b64f-4b9b-8ace-fa31c5cdbc47","local_time":"20201210201824","is_ascension_mode":true,"campfire_choices":[{"data":"Flash of Steel","floor":6,"key":"SMITH"},{"floor":8,"key":"REST"},{"data":"Loop","floor":10,"key":"SMITH"},{"floor":15,"key":"REST"},{"floor":24,"key":"REST"},{"floor":28,"key":"REST"},{"floor":32,"key":"REST"}],"circlet_count":0,"master_deck":["AscendersBane","Strike_B","Strike_B","Strike_B","Strike_B+1","Defend_B","Defend_B","Defend_B","Defend_B","Zap","Dualcast","Loop+1","Leap","Flash of Steel+1","Self Repair","Static Discharge","Apotheosis","Thunder Strike","Storm","Writhe","Storm","White Noise","Static Discharge","Static Discharge","Regret","Ball Lightning+1","Storm"],"relics":["Cracked Core","MerchantsRug","Dead Branch","Regal Pillow","Bag of Preparation","Cursed Key","CeramicFish","Pantograph","Boot","Whetstone"],"acts_visited":["Exordium","TheCity"],"potions_floor_usage":[29,33,33],"damage_taken":[{"damage":1,"enemies":"Cultist","floor":1,"turns":4},{"damage":0,"enemies":"Small Slimes","floor":4,"turns":4},{"damage":42,"enemies":"3 Sentries","floor":7,"turns":8},{"damage":16,"enemies":"Lagavulin","floor":11,"turns":5},{"damage":9,"enemies":"2 Louse","floor":12,"turns":3},{"damage":57,"enemies":"The Guardian","floor":16,"turns":10},{"damage":28,"enemies":"Shell Parasite","floor":18,"turns":5},{"damage":34,"enemies":"Slavers","floor":23,"turns":3},{"damage":6,"enemies":"3 Byrds","floor":25,"turns":2},{"damage":22,"enemies":"Snake Plant","floor":27,"turns":3},{"damage":39,"enemies":"Gremlin Leader","floor":29,"turns":3},{"damage":36,"enemies":"Snecko","floor":30,"turns":3},{"damage":86,"enemies":"Automaton","floor":33,"turns":6}],"seed_played":"8647982884211298184","potions_obtained":[{"floor":4,"key":"SneckoOil"},{"floor":7,"key":"DistilledChaos"},{"floor":11,"key":"Explosive Potion"},{"floor":25,"key":"Explosive Potion"},{"floor":29,"key":"PotionOfCapacity"},{"floor":30,"key":"DistilledChaos"}],"is_trial":false,"path_per_floor":["M","?","?","M","$","R","E","R","T","R","E","M","$","?","R","B",null,"M","?","$","?","$","E","R","M","T","M","R","E","M","?","R","B"],"character_chosen":"DEFECT","items_purchased":["MerchantsRug","Loop","Flash of Steel","Self Repair","Static Discharge","Apotheosis","Storm","White Noise"],"campfire_rested":5,"item_purchase_floors":[0,0,5,5,13,13,20,22],"current_hp_per_floor":[67,56,56,56,56,56,35,61,61,61,52,50,50,50,89,42,77,56,56,56,56,56,32,73,74,74,52,89,50,14,14,55,0,0],"gold":165,"neow_bonus":"","is_daily":false,"chose_seed":false,"campfire_upgraded":2,"win_rate":0.0,"timestamp":1607649504,"path_taken":["M","?","?","M","$","R","E","R","T","R","E","M","$","?","R","BOSS","M","?","$","?","$","E","R","M","T","M","R","E","M","?","R","BOSS"],"items_purchased_type":["Relic","Card","Card","Card","Card","Card","Card","Card"],"build_version":"2020-11-30","purchased_purges":1,"victory":false,"max_hp_per_floor":[75,75,75,75,75,75,89,89,89,89,89,89,89,89,89,89,89,89,89,89,89,89,89,89,89,89,89,89,89,89,89,89,89,89],"card_choices":[{"not_picked":["Sweeping Beam","Beam Cell","Darkness"],"picked":"SKIP","floor":1},{"not_picked":["Stack","Fusion"],"picked":"Leap","floor":4},{"not_picked":["Go for the Eyes","Multi-Cast","Rebound"],"picked":"SKIP","floor":7},{"not_picked":["Sweeping Beam","Redo","Rip and Tear"],"picked":"SKIP","floor":11},{"not_picked":["Darkness","Streamline","Double Energy"],"picked":"SKIP","floor":12},{"not_picked":["Reboot","Seek"],"picked":"Thunder Strike","floor":16},{"not_picked":["Streamline","Sweeping Beam"],"picked":"Storm","floor":18},{"not_picked":["Genetic Algorithm","Barrage"],"picked":"Static Discharge","floor":23},{"not_picked":["Rebound","BootSequence"],"picked":"Static Discharge","floor":25},{"not_picked":["Turbo","Gash"],"picked":"Ball Lightning","floor":27},{"not_picked":["Coolheaded","Force Field","Self Repair"],"picked":"SKIP","floor":29},{"not_picked":["Stack","Self Repair","Sweeping Beam"],"picked":"SKIP","floor":30}],"player_experience":207804,"relics_obtained":[{"floor":7,"key":"Mango"},{"floor":9,"key":"Sundial"},{"floor":11,"key":"Regal Pillow"},{"floor":23,"key":"Pantograph"},{"floor":26,"key":"Boot"},{"floor":29,"key":"Whetstone"}],"event_choices":[{"damage_healed":0,"gold_gain":75,"player_choice":"Gather Gold","damage_taken":11,"max_hp_gain":0,"max_hp_loss":0,"event_name":"World of Goop","floor":2,"gold_loss":0},{"damage_healed":0,"gold_gain":0,"player_choice":"Ignored","damage_taken":0,"max_hp_gain":0,"max_hp_loss":0,"event_name":"Shining Light","floor":3,"gold_loss":0},{"damage_healed":0,"gold_gain":0,"player_choice":"Box","damage_taken":0,"relics_obtained":["Bag of Preparation"],"max_hp_gain":0,"max_hp_loss":0,"event_name":"Big Fish","floor":14,"gold_loss":0,"cards_obtained":["Regret"]},{"damage_healed":0,"gold_gain":0,"player_choice":"Opened","damage_taken":0,"relics_obtained":["CeramicFish"],"max_hp_gain":0,"max_hp_loss":0,"event_name":"The Mausoleum","floor":19,"gold_loss":0,"cards_obtained":["Writhe"]},{"damage_healed":0,"gold_gain":0,"player_choice":"Ignored","damage_taken":0,"max_hp_gain":0,"max_hp_loss":0,"event_name":"Vampires","floor":21,"gold_loss":0},{"damage_healed":0,"gold_gain":0,"player_choice":"Read","damage_taken":0,"max_hp_gain":0,"max_hp_loss":0,"event_name":"The Library","floor":31,"gold_loss":0,"cards_obtained":["Storm"]}],"is_beta":false,"boss_relics":[{"not_picked":["Busted Crown","Black Star"],"picked":"Cursed Key"}],"items_purged_floors":[20],"is_endless":false,"potions_floor_spawned":[4,7,11,25,29,30],"killed_by":"Automaton","ascension_level":12}}