{"host":"sh8ot41fo7a0kahq","time":1607681719,"event":{"mods":["BaseMod","Better Third Choice","Colored Powertips","Minty Spire (QoL Compilation)","Quick Restart","Spicy Shops","StSLib","UnlockEverythingMod"],"gold_per_floor":[110,128,142,154,154,154,179,193,193,221,231,5,5,36,36,132,132,150,55,74,91,105,105,124,138,164,164,164],"floor_reached":27,"playtime":1129,"items_purged":["Strike_R"],"score":299,"play_id":"11a6ab99-6d30-4528-9ca1-67544dd042e0","local_time":"20201211181519","is_ascension_mode":true,"campfire_choices":[{"data":"True Grit","floor":6.0,"key":"SMITH"},{"data":"Evolve","floor":15.0,"key":"SMITH"},{"floor":23,"key":"REST"}],"circlet_count":0,"master_deck":["Strike_R","Strike_R","Strike_R+1","Strike_R","Defend_R","Defend_R+1","Defend_R+1","Defend_R","Bash","Blood for Blood+1","True Grit+1","Feel No Pain","Second Wind","Body Slam","Berserk","Evolve+1","Barricade","Sentinel","Armaments","Burning Pact","Rampage","Body Slam+1"],"relics":["Burning Blood","Whetstone","Centennial Puzzle","War Paint","Medical Kit","Blue Candle","Mark of Pain","Membership Card","Strawberry"],"acts_visited":["Exordium","TheCity"],"potions_floor_usage":[22,24],"damage_taken":[{"damage":8.0,"enemies":"2 Louse","floor":1.0,"turns":3.0},{"damage":2.0,"enemies":"Jaw Worm","floor":2.0,"turns":3.0},{"damage":5.0,"enemies":"Small Slimes","floor":3.0,"turns":3.0},{"damage":51.0,"enemies":"Exordium Thugs","floor":4.0,"turns":8.0},{"damage":15.0,"enemies":"3 Sentries","floor":7.0,"turns":12.0},{"damage":10.0,"enemies":"2 Fungi Beasts","floor":8.0,"turns":3.0},{"damage":16.0,"enemies":"Gremlin Nob","floor":10.0,"turns":4.0},{"damage":0.0,"enemies":"Large Slime","floor":11.0,"turns":6.0},{"damage":7.0,"enemies":"3 Sentries","floor":14.0,"turns":12.0},{"damage":23.0,"enemies":"Hexaghost","floor":16.0,"turns":9.0},{"damage":10,"enemies":"Spheric Guardian","floor":18,"turns":6},{"damage":0,"enemies":"Chosen","floor":20,"turns":7},{"damage":28,"enemies":"Snake Plant","floor":21,"turns":5},{"damage":31,"enemies":"Centurion and Healer","floor":22,"turns":7},{"damage":8,"enemies":"Sentry and Sphere","floor":24,"turns":8},{"damage":28,"enemies":"Snecko","floor":25,"turns":5},{"damage":40,"enemies":"3 Cultists","floor":27,"turns":6}],"seed_played":"-4534769368776067660","potions_obtained":[{"floor":2.0,"key":"ColorlessPotion"},{"floor":3.0,"key":"GamblersBrew"},{"floor":4.0,"key":"Fire Potion"},{"floor":10.0,"key":"Dexterity Potion"},{"floor":11.0,"key":"FearPotion"},{"floor":16.0,"key":"AttackPotion"},{"floor":24,"key":"HeartOfIron"},{"floor":25,"key":"SpeedPotion"}],"is_trial":false,"path_per_floor":["M","M","M","M","?","R","E","M","T","E","M","$","?","E","R","B",null,"M","$","M","M","M","R","M","M","T","M"],"character_chosen":"IRONCLAD","items_purchased":["Medical Kit","Membership Card","Armaments"],"campfire_rested":1,"item_purchase_floors":[12,19,19],"current_hp_per_floor":[78,80,80,35,35,35,26,22,22,12,18,18,44,43,43,26,67,63,63,69,47,22,46,44,22,29,0,0],"gold":164,"neow_bonus":"THREE_CARDS","is_daily":false,"chose_seed":false,"campfire_upgraded":2,"win_rate":0.0,"timestamp":1607681719,"path_taken":["M","M","M","M","?","R","E","M","T","E","M","$","?","E","R","BOSS","M","$","M","M","M","R","M","M","T","M"],"items_purchased_type":["Relic","Relic","Card"],"build_version":"2020-11-30","purchased_purges":1,"victory":false,"max_hp_per_floor":[80,80,80,80,80,80,80,80,80,80,80,80,80,80,80,80,80,80,80,80,80,80,80,80,80,87,87,87],"card_choices":[{"not_picked":["Flame Barrier","Body Slam"],"picked":"Blood for Blood","floor":0.0},{"not_picked":["Heavy Blade","Thunderclap","Perfected Strike"],"picked":"SKIP","floor":1.0},{"not_picked":["Anger","Infernal Blade"],"picked":"True Grit","floor":2.0},{"not_picked":["Perfected Strike","Rampage"],"picked":"Feel No Pain","floor":3.0},{"not_picked":["Burning Pact","Perfected Strike"],"picked":"Second Wind","floor":4.0},{"not_picked":["Uppercut","Headbutt"],"picked":"Body Slam","floor":7.0},{"not_picked":["Entrench","Heavy Blade","Infernal Blade"],"picked":"SKIP","floor":8.0},{"not_picked":["Inflame","Pommel Strike"],"picked":"Berserk","floor":10.0},{"not_picked":["Searing Blow","Heavy Blade","Rage"],"picked":"SKIP","floor":11.0},{"not_picked":["Intimidate","Pommel Strike"],"picked":"Evolve","floor":14.0},{"not_picked":["Reaper","Double Tap"],"picked":"Barricade","floor":16.0},{"not_picked":["Ghostly Armor","Wild Strike"],"picked":"Sentinel","floor":18},{"not_picked":["Iron Wave","Evolve"],"picked":"Burning Pact","floor":20},{"not_picked":["Evolve+1","Perfected Strike","Carnage"],"picked":"SKIP","floor":21},{"not_picked":["Body Slam","Perfected Strike","Iron Wave"],"picked":"SKIP","floor":22},{"not_picked":["Dual Wield+1","Hemokinesis"],"picked":"Rampage","floor":24},{"not_picked":["Warcry","Pummel"],"picked":"Body Slam+1","floor":25}],"player_experience":271465,"relics_obtained":[{"floor":7.0,"key":"Whetstone"},{"floor":9.0,"key":"Centennial Puzzle"},{"floor":10.0,"key":"War Paint"},{"floor":14.0,"key":"Blue Candle"},{"floor":26,"key":"Strawberry"}],"event_choices":[{"damage_healed":35.0,"max_hp_gain":0.0,"max_hp_loss":80.0,"gold_gain":0.0,"event_name":"betterThird:BetterShining","player_choice":"Leave","floor":5.0,"gold_loss":0.0,"damage_taken":0.0},{"damage_healed":26.0,"max_hp_gain":0.0,"max_hp_loss":0.0,"gold_gain":0.0,"event_name":"Big Fish","player_choice":"Banana","floor":13.0,"gold_loss":0.0,"damage_taken":0.0}],"is_beta":false,"boss_relics":[{"not_picked":["Pandora\u0027s Box","Tiny House"],"picked":"Mark of Pain"}],"items_purged_floors":[12],"is_endless":false,"potions_floor_spawned":[2,3,4,10,11,16,21,24,25],"killed_by":"3 Cultists","ascension_level":5}}