{"host":"63rwe7p34ct1i0qu","time":1607676064,"event":{"mods":["BaseMod","DeckTracker","Minty Spire (QoL Compilation)","Permanent Neow","Quick Restart","StSLib"],"gold_per_floor":[109,121,137,102,112,112,129,129,129,129,59,59,59,71,71,176,176,195,195,120,138,138,138,138,166,246,262,189,189,201,212,212,312,312,323,338,125,125,143,143,143],"floor_reached":40,"playtime":1759,"items_purged":[],"score":517,"play_id":"3bad1845-6146-4332-9345-7f12483f02a6","local_time":"20201211174104","is_ascension_mode":true,"campfire_choices":[{"data":"Genetic Algorithm","floor":6,"key":"SMITH"},{"data":"Streamline","floor":8,"key":"SMITH"},{"floor":10,"key":"REST"},{"data":"Chill","floor":12,"key":"SMITH"},{"floor":15,"key":"REST"},{"data":"1","floor":23,"key":"LIFT"},{"floor":29,"key":"REST"},{"floor":32,"key":"REST"}],"circlet_count":0,"master_deck":["Strike_B+1","Strike_B+1","Defend_B+1","Defend_B+1","Defend_B+1","Zap","Dualcast","Cold Snap","Coolheaded","Steam","Chill+1","Genetic Algorithm+1","Streamline+1","Glacier","White Noise","Core Surge+1","Beam Cell+1","Glacier+1","Rebound+1","Sunder+1","White Noise+1","Genetic Algorithm+1","Capacitor+1","Darkness+1","Seek+1","Barrage+1","Self Repair+1","Reinforced Body+1","Defragment","Stack+1"],"relics":["Nuclear Battery","Molten Egg 2","Astrolabe","Girya","Toxic Egg 2","Pear","Fusion Hammer","Membership Card"],"acts_visited":["Exordium","TheCity","TheBeyond"],"potions_floor_usage":[16,16,25,25,33,33,33],"damage_taken":[{"damage":6,"enemies":"Cultist","floor":1,"turns":4},{"damage":1,"enemies":"Small Slimes","floor":2,"turns":4},{"damage":0,"enemies":"Jaw Worm","floor":3,"turns":2},{"damage":0,"enemies":"3 Louse","floor":5,"turns":5},{"damage":23,"enemies":"Exordium Wildlife","floor":7,"turns":7},{"damage":15,"enemies":"Large Slime","floor":14,"turns":9},{"damage":36,"enemies":"Hexaghost","floor":16,"turns":16},{"damage":3,"enemies":"Spheric Guardian","floor":18,"turns":9},{"damage":3,"enemies":"Chosen","floor":21,"turns":5},{"damage":32,"enemies":"Slavers","floor":25,"turns":9},{"damage":3,"enemies":"Shelled Parasite and Fungi","floor":27,"turns":4},{"damage":0,"enemies":"Cultist and Chosen","floor":30,"turns":8},{"damage":25,"enemies":"3 Cultists","floor":31,"turns":8},{"damage":30,"enemies":"Automaton","floor":33,"turns":10},{"damage":39,"enemies":"3 Darklings","floor":35,"turns":6},{"damage":0,"enemies":"Orb Walker","floor":36,"turns":3},{"damage":9,"enemies":"Jaw Worm Horde","floor":39,"turns":6},{"damage":82,"enemies":"Giant Head","floor":40,"turns":10}],"seed_played":"3342016201023196899","potions_obtained":[{"floor":1,"key":"SpeedPotion"},{"floor":5,"key":"SteroidPotion"},{"floor":13,"key":"Block Potion"},{"floor":16,"key":"Fire Potion"},{"floor":25,"key":"Weak Potion"},{"floor":27,"key":"Dexterity Potion"},{"floor":30,"key":"CultistPotion"},{"floor":31,"key":"Block Potion"},{"floor":39,"key":"Ancient Potion"}],"is_trial":false,"path_per_floor":["M","M","M","$","M","R","M","R","T","R","$","R","?","M","R","B",null,"M","?","?","M","?","R","?","E","T","M","$","R","M","M","R","B",null,"M","M","$","?","M","E"],"character_chosen":"DEFECT","items_purchased":["Chill","Glacier","Genetic Algorithm+1","Membership Card","Reinforced Body+1","Defragment"],"campfire_rested":4,"item_purchase_floors":[4,11,28,37,37,37],"current_hp_per_floor":[62,61,61,61,61,61,38,38,38,60,60,60,60,45,67,31,64,61,61,61,58,58,58,58,26,36,33,33,58,58,33,58,28,71,32,32,32,74,74,0,0],"gold":143,"neow_bonus":"BOSS_RELIC","is_daily":false,"chose_seed":false,"campfire_upgraded":3,"win_rate":0.0,"timestamp":1607676064,"path_taken":["M","?","M","?","M","R","M","R","T","R","$","R","?","?","R","BOSS","M","?","?","M","?","R","?","E","T","M","$","R","M","?","R","BOSS","M","M","$","?","M","E"],"items_purchased_type":["Card","Card","Undefined","Relic","Undefined","Card"],"build_version":"2020-11-30","purchased_purges":0,"victory":false,"max_hp_per_floor":[75,75,75,75,75,75,75,75,75,75,75,75,75,75,75,75,75,75,75,75,75,75,75,75,75,85,85,85,85,85,85,85,85,85,85,85,85,74,74,74,74],"card_choices":[{"not_picked":["Aggregate","Reinforced Body"],"picked":"Cold Snap","floor":1},{"not_picked":["Hologram","Rebound"],"picked":"Coolheaded","floor":2},{"not_picked":["Cold Snap","Gash"],"picked":"Steam","floor":3},{"not_picked":["Compile Driver","Beam Cell"],"picked":"Genetic Algorithm","floor":5},{"not_picked":["Turbo","Leap"],"picked":"Streamline","floor":7},{"not_picked":["Leap","Hologram"],"picked":"White Noise","floor":14},{"not_picked":["Machine Learning","Amplify"],"picked":"Core Surge+1","floor":16},{"not_picked":["Lockon+1","Sweeping Beam+1","Leap"],"picked":"SKIP","floor":18},{"not_picked":["Loop+1","Gash+1","Turbo"],"picked":"SKIP","floor":21},{"not_picked":["Glacier+1","Conserve Battery+1"],"picked":"Sunder+1","floor":25},{"not_picked":["Gash+1","Sunder+1"],"picked":"White Noise+1","floor":27},{"not_picked":["Conserve Battery+1","Fusion+1"],"picked":"Capacitor+1","floor":30},{"not_picked":["Aggregate+1","Lockon+1"],"picked":"Darkness+1","floor":31},{"not_picked":["Reboot+1","Meteor Strike+1"],"picked":"Seek+1","floor":33},{"not_picked":["Beam Cell+1","Coolheaded+1"],"picked":"Barrage+1","floor":35},{"not_picked":["Ball Lightning+1","Loop"],"picked":"Self Repair+1","floor":36},{"not_picked":["Streamline+1","Go for the Eyes+1"],"picked":"Stack+1","floor":39}],"player_experience":1267164,"relics_obtained":[{"floor":9,"key":"Molten Egg 2"},{"floor":25,"key":"Toxic Egg 2"},{"floor":26,"key":"Pear"}],"event_choices":[{"damage_healed":0,"gold_gain":0,"player_choice":"Got Potions","damage_taken":0,"max_hp_gain":0,"max_hp_loss":0,"event_name":"Lab","floor":13,"gold_loss":0},{"damage_healed":0,"gold_gain":0,"player_choice":"Read","damage_taken":0,"max_hp_gain":0,"max_hp_loss":0,"event_name":"The Library","floor":19,"gold_loss":0,"cards_obtained":["Rebound"]},{"cards_removed":["Thunder Strike"],"damage_healed":0,"gold_gain":0,"player_choice":"Gave Gold","damage_taken":0,"max_hp_gain":0,"max_hp_loss":0,"event_name":"Beggar","floor":20,"gold_loss":75},{"damage_healed":0,"gold_gain":0,"player_choice":"Opened","damage_taken":0,"relics_obtained":["Girya"],"max_hp_gain":0,"max_hp_loss":0,"event_name":"The Mausoleum","floor":22,"gold_loss":0},{"damage_healed":0,"gold_gain":0,"player_choice":"Simplicity","damage_taken":0,"max_hp_gain":0,"max_hp_loss":0,"event_name":"Back to Basics","floor":24,"gold_loss":0,"cards_upgraded":["Strike_B","Strike_B","Defend_B","Defend_B","Defend_B"]},{"damage_healed":74,"gold_gain":0,"player_choice":"Heal","damage_taken":0,"max_hp_gain":0,"max_hp_loss":11,"event_name":"The Moai Head","floor":38,"gold_loss":0}],"is_beta":false,"boss_relics":[{"not_picked":["Sozu","Inserter"],"picked":"Astrolabe"},{"not_picked":["Busted Crown","Tiny House"],"picked":"Fusion Hammer"}],"items_purged_floors":[],"is_endless":false,"potions_floor_spawned":[1,5,14,16,25,27,30,31,39],"killed_by":"Giant Head","ascension_level":6}}