{"host":"diimjn7l8zzl9nqr","time":1607663069,"event":{"mods":["BaseMod","DeckTracker","Keyboard Shortcuts","Minty Spire (QoL Compilation)","Permanent Neow","Quick Restart","StSLib","SuperFastMode"],"gold_per_floor":[117,133,147,147,159,159,185,185,185,185,205,223,95,129,129,230,230,230,230,230,230,78,78,78,78,78,78,78,78,78,78,78,78,78,78,78,0,0,0,0,0,0,0,0,0,0,0,0,0,0],"floor_reached":51,"playtime":3236,"items_purged":["Strike_G"],"score":857,"play_id":"2eb2e92c-b186-451b-bd2c-5e2da682a51d","local_time":"20201211140429","is_ascension_mode":true,"campfire_choices":[{"data":"Neutralize","floor":6,"key":"SMITH"},{"floor":8,"key":"REST"},{"floor":15,"key":"REST"},{"data":"Adrenaline","floor":23,"key":"SMITH"},{"data":"Burst","floor":32,"key":"SMITH"},{"data":"Crippling Poison","floor":40,"key":"SMITH"},{"data":"After Image","floor":49,"key":"SMITH"}],"circlet_count":0,"master_deck":["Strike_G","Strike_G","Defend_G","Defend_G+1","Defend_G+1","Defend_G","Survivor","Neutralize+1","Deadly Poison","Calculated Gamble","Crippling Poison+1","Backstab","Footwork","Heel Hook","Burst+1","PiercingWail","Adrenaline+1","Terror","Backflip+1","Ghostly","Ghostly","Ghostly","Ghostly","Ghostly","Deadly Poison","Corpse Explosion","After Image+1","Catalyst+1","Well Laid Plans+1","Noxious Fumes+1"],"relics":["Ring of the Snake","Sundial","Singing Bowl","Letter Opener","Ectoplasm","Enchiridion","Snake Skull","Dream Catcher","Eternal Feather","Ancient Tea Set","HoveringKite","Red Mask","Bag of Marbles","Old Coin","Lizard Tail"],"acts_visited":["Exordium","TheCity","TheBeyond"],"potions_floor_usage":[14,41,50,50],"damage_taken":[{"damage":3,"enemies":"Jaw Worm","floor":1,"turns":6},{"damage":4,"enemies":"2 Louse","floor":2,"turns":3},{"damage":0,"enemies":"Small Slimes","floor":3,"turns":2},{"damage":0,"enemies":"Exordium Wildlife","floor":5,"turns":4},{"damage":15,"enemies":"Lagavulin","floor":7,"turns":7},{"damage":3,"enemies":"Red Slaver","floor":11,"turns":4},{"damage":5,"enemies":"Large Slime","floor":12,"turns":8},{"damage":21,"enemies":"Gremlin Nob","floor":14,"turns":4},{"damage":16,"enemies":"The Guardian","floor":16,"turns":12},{"damage":6,"enemies":"Spheric Guardian","floor":18,"turns":5},{"damage":0,"enemies":"3 Byrds","floor":19,"turns":2},{"damage":1,"enemies":"Snecko","floor":20,"turns":7},{"damage":18,"enemies":"Gremlin Leader","floor":24,"turns":5},{"damage":3,"enemies":"Centurion and Healer","floor":27,"turns":6},{"damage":1,"enemies":"Book of Stabbing","floor":28,"turns":6},{"damage":3,"enemies":"Snake Plant","floor":30,"turns":4},{"damage":3,"enemies":"Shelled Parasite and Fungi","floor":31,"turns":4},{"damage":12,"enemies":"Automaton","floor":33,"turns":9},{"damage":0,"enemies":"3 Shapes","floor":35,"turns":4},{"damage":0,"enemies":"Orb Walker","floor":38,"turns":2},{"damage":6,"enemies":"Reptomancer","floor":41,"turns":6},{"damage":0,"enemies":"Writhing Mass","floor":42,"turns":6},{"damage":1,"enemies":"Jaw Worm Horde","floor":44,"turns":5},{"damage":7,"enemies":"Nemesis","floor":45,"turns":7},{"damage":0,"enemies":"3 Darklings","floor":46,"turns":5},{"damage":0,"enemies":"2 Orb Walkers","floor":47,"turns":3},{"damage":45,"enemies":"Awakened One","floor":50,"turns":12}],"seed_played":"8993784827207270128","potions_obtained":[{"floor":1,"key":"AttackPotion"},{"floor":5,"key":"Dexterity Potion"},{"floor":12,"key":"FairyPotion"},{"floor":18,"key":"LiquidBronze"},{"floor":30,"key":"GamblersBrew"},{"floor":42,"key":"Dexterity Potion"}],"is_trial":false,"path_per_floor":["M","M","M","?","M","R","E","R","T","?","M","M","$","E","R","B",null,"M","M","M","?","$","R","E","?","T","M","E","$","M","M","R","B",null,"M","?","?","M","?","R","E","M","T","M","E","M","?","$","R","B",null],"character_chosen":"THE_SILENT","items_purchased":["PiercingWail","Snake Skull"],"campfire_rested":2,"item_purchase_floors":[13,22],"current_hp_per_floor":[60,56,56,43,43,43,28,46,46,46,43,40,40,21,41,25,67,63,63,64,48,48,48,30,30,30,27,26,26,25,24,39,27,39,39,41,41,43,43,43,39,39,39,38,33,35,37,37,51,6],"gold":0,"neow_bonus":"TRANSFORM_TWO_CARDS","is_daily":false,"chose_seed":false,"campfire_upgraded":5,"win_rate":0.0,"timestamp":1607663069,"path_taken":["M","M","M","?","M","R","E","R","T","?","M","M","$","E","R","BOSS","M","M","M","?","$","R","E","?","T","M","E","?","M","?","R","BOSS","M","?","?","M","?","R","E","?","T","M","E","?","?","?","R","BOSS"],"items_purchased_type":["Card","Relic"],"build_version":"2020-11-30","purchased_purges":1,"victory":true,"max_hp_per_floor":[63,63,63,63,63,63,63,63,63,63,63,65,65,67,67,67,67,69,69,71,71,71,71,71,35,35,35,35,35,37,39,39,39,39,39,41,41,43,43,43,45,45,45,45,47,49,51,51,51,51],"card_choices":[{"not_picked":["Terror","Flying Knee"],"picked":"Crippling Poison","floor":1},{"not_picked":["Dagger Spray","Reflex"],"picked":"Backstab","floor":2},{"not_picked":["Crippling Poison","Quick Slash"],"picked":"Footwork","floor":3},{"not_picked":["Acrobatics","Endless Agony"],"picked":"Heel Hook","floor":5},{"not_picked":["Dagger Throw","Flying Knee","Flechettes"],"picked":"SKIP","floor":7},{"not_picked":["Sucker Punch","Choke"],"picked":"Burst","floor":11},{"not_picked":["Flying Knee","Backstab","Expertise"],"picked":"Singing Bowl","floor":12},{"not_picked":["Flying Knee","Phantasmal Killer","Underhanded Strike"],"picked":"Singing Bowl","floor":14},{"not_picked":["Wraith Form v2","Glass Knife"],"picked":"Adrenaline","floor":16},{"not_picked":["Dagger Spray","Eviscerate","Flying Knee"],"picked":"Singing Bowl","floor":18},{"not_picked":["Dagger Throw+1","Blade Dance"],"picked":"Terror","floor":19},{"not_picked":["Underhanded Strike+1","Blade Dance","Slice"],"picked":"Singing Bowl","floor":20},{"not_picked":["Expertise+1","Blade Dance"],"picked":"Backflip+1","floor":24},{"not_picked":["Cloak And Dagger+1","Storm of Steel"],"picked":"Deadly Poison","floor":27},{"not_picked":["Deadly Poison","Slice"],"picked":"Corpse Explosion","floor":28},{"not_picked":["Dagger Spray+1","Choke+1","Reflex"],"picked":"Singing Bowl","floor":30},{"not_picked":["Underhanded Strike","Backflip","Prepared"],"picked":"Singing Bowl","floor":31},{"not_picked":["Wraith Form v2","Envenom"],"picked":"After Image","floor":33},{"not_picked":["Dagger Throw","Deadly Poison+1"],"picked":"Catalyst+1","floor":35},{"not_picked":["Dark Shackles","PanicButton","Panacea"],"picked":"Singing Bowl","floor":36},{"not_picked":["Flying Knee","Slice+1","Deadly Poison+1"],"picked":"Singing Bowl","floor":38},{"not_picked":["Finisher","Footwork+1","Burst"],"picked":"Singing Bowl","floor":41},{"not_picked":["Leg Sweep+1","Masterful Stab"],"picked":"Well Laid Plans+1","floor":42},{"not_picked":["Flying Knee+1","Distraction"],"picked":"Noxious Fumes+1","floor":44},{"not_picked":["All Out Attack+1","PiercingWail+1","Glass Knife"],"picked":"Singing Bowl","floor":45},{"not_picked":["Heel Hook","PiercingWail+1","Cloak And Dagger+1"],"picked":"Singing Bowl","floor":46},{"not_picked":["Deadly Poison+1","Backflip+1","Flying Knee+1"],"picked":"Singing Bowl","floor":47}],"player_experience":73877,"relics_obtained":[{"floor":7,"key":"Sundial"},{"floor":9,"key":"Singing Bowl"},{"floor":14,"key":"Letter Opener"},{"floor":21,"key":"Enchiridion"},{"floor":24,"key":"Dream Catcher"},{"floor":26,"key":"Eternal Feather"},{"floor":28,"key":"Ancient Tea Set"},{"floor":41,"key":"Bag of Marbles"},{"floor":45,"key":"Old Coin"},{"floor":47,"key":"Lizard Tail"}],"event_choices":[{"damage_healed":0,"gold_gain":0,"player_choice":"Entered Light","damage_taken":13,"max_hp_gain":0,"max_hp_loss":0,"event_name":"Shining Light","floor":4,"gold_loss":0,"cards_upgraded":["Defend_G","Defend_G"]},{"cards_removed":["Strike_G"],"damage_healed":0,"gold_gain":0,"player_choice":"Forget","damage_taken":0,"max_hp_gain":0,"max_hp_loss":0,"event_name":"Living Wall","floor":10,"gold_loss":0},{"damage_healed":0,"gold_gain":0,"player_choice":"Obtained Book","damage_taken":16,"max_hp_gain":0,"max_hp_loss":0,"event_name":"Cursed Tome","floor":21,"gold_loss":0},{"damage_healed":0,"gold_gain":0,"player_choice":"Became a Ghost","damage_taken":0,"max_hp_gain":0,"max_hp_loss":36,"event_name":"Ghosts","floor":25,"gold_loss":0,"cards_obtained":["Ghostly","Ghostly","Ghostly","Ghostly","Ghostly"]},{"damage_healed":0,"gold_gain":0,"player_choice":"Memory 1","damage_taken":0,"max_hp_gain":0,"max_hp_loss":0,"event_name":"SensoryStone","floor":36,"gold_loss":0},{"damage_healed":0,"gold_gain":0,"player_choice":"Paid","damage_taken":0,"relics_obtained":["Red Mask"],"max_hp_gain":0,"max_hp_loss":0,"event_name":"Tomb of Lord Red Mask","floor":37,"gold_loss":78},{"damage_healed":0,"gold_gain":0,"player_choice":"Ignored","damage_taken":0,"max_hp_gain":0,"max_hp_loss":0,"event_name":"Golden Shrine","floor":39,"gold_loss":0},{"damage_healed":0,"gold_gain":0,"player_choice":"Fight","damage_taken":0,"max_hp_gain":0,"max_hp_loss":0,"event_name":"Mysterious Sphere","floor":47,"gold_loss":0}],"is_beta":false,"boss_relics":[{"not_picked":["Fusion Hammer","Runic Dome"],"picked":"Ectoplasm"},{"not_picked":["WristBlade","SlaversCollar"],"picked":"HoveringKite"}],"items_purged_floors":[13],"is_endless":false,"potions_floor_spawned":[1,5,12,18,20,28,30,33,42,44,46,47],"ascension_level":2}}