{"host":"se2kry7a7ac49ar7","time":1607729214,"event":{"mods":["Act Like it!","BaseMod","Bestiary","Hallownest","Minty Spire (QoL Compilation)","StSLib","The Bug Knight"],"gold_per_floor":[116,116,130,144,156,185,185,216,270,270,280,299,319,349,349,447,447,466,480,480,184,201,236,236,269,269,269,286,60,60,110,110,207,207,222,232,232,232,247,264,294,294,346,372,372,400,418,435,435,530],"floor_reached":51,"playtime":6464,"items_purged":["Writhe"],"score":922,"play_id":"3f4dabc7-e23e-4070-a767-d92d1560c9b7","local_time":"20201211152654","is_ascension_mode":true,"campfire_choices":[{"data":"HollowMod:CloakDash","floor":7,"key":"SMITH"},{"data":"HollowMod:SlysStrikes","floor":10,"key":"SMITH"},{"data":"HollowMod:MonarchWings","floor":15,"key":"SMITH"},{"data":"HollowMod:SlysStrikes","floor":24,"key":"SMITH"},{"data":"HollowMod:MidwifesHunger","floor":27,"key":"SMITH"},{"floor":32,"key":"REST"},{"floor":45,"key":"REST"},{"floor":49,"key":"REST"}],"circlet_count":0,"master_deck":["HollowMod:NailStrikeStart","HollowMod:QuickDashStart","HollowMod:QuickDashStart","HollowMod:QuickDashStart","HollowMod:QuickDashStart","HollowMod:FocusHealStart","HollowMod:PogoStrike","HollowMod:InfectedCysts","HollowMod:LuriensSpire","HollowMod:CloakDash+1","HollowMod:GoodIntentions","HollowMod:FallenFury","HollowMod:SlysStrikes+1","HollowMod:NewJinnsSoul","HollowMod:MothsMistake","HollowMod:MonarchWings+1","HollowMod:MidwifesHunger+1","HollowMod:SlysStrikes+1","HollowMod:BrokenVessel+1","HollowMod:InfectedCysts+1","HollowMod:NewLittleFool+1","HollowMod:DungDefenderAura","HollowMod:ChannelNail+1","HollowMod:DoubleDash","HollowMod:NewLittleFool+1","HollowMod:MonomonsArchive+1","HollowMod:ElderbugsWisdom","HollowMod:MonomonsArchive+1","HollowMod:GoodIntentions","HollowMod:LuriensSpire","HollowMod:LuriensSpire","HollowMod:PerfectDash+1","HollowMod:CloakDash+1","HollowMod:NewLittleFool+1","HollowMod:ZotesMagnificence","HollowMod:LifebloodCore"],"relics":["HollowMod:VesselMask","Incense Burner","Hallownest:DreamNailRelic","Strawberry","Darkstone Periapt","Centennial Puzzle","Juzu Bracelet","Astrolabe","HollowMod:IsmasTear","OrangePellets","White Beast Statue","Regal Pillow","Ornamental Fan","Art of War","Philosopher\u0027s Stone","Hallownest:BeastSealRelic","Oddly Smooth Stone","Omamori","Pen Nib","Toy Ornithopter"],"acts_visited":["Exordium","Hallownest:Greenpath","Hallownest:CityofTears"],"potions_floor_usage":[8,8,16,16,16,19,31,33,33,35,36,41,44,44,48,50,50,50],"damage_taken":[{"damage":2,"enemies":"Hallownest:monsterHuskWarrior","floor":1,"turns":5},{"damage":2,"enemies":"Hallownest:2_Tiktiks_and_1_Crawlid","floor":3,"turns":2},{"damage":2,"enemies":"2_ Uuma","floor":4,"turns":5},{"damage":9,"enemies":"Hallownest:Wandering_and_Horned","floor":5,"turns":5},{"damage":21,"enemies":"Hallownest:eliteMossKnight","floor":6,"turns":14},{"damage":0,"enemies":"Hallownest:eliteCrystalGuardian","floor":8,"turns":8},{"damage":24,"enemies":"Hallownest:1_Ooma_and_2_Uuma","floor":11,"turns":6},{"damage":3,"enemies":"Hallownest:monsterMossCharger","floor":12,"turns":6},{"damage":10,"enemies":"Hallownest:1_Baldur_1_Crawlid_1_Warrior","floor":13,"turns":5},{"damage":6,"enemies":"Hallownest:eliteMossKnight","floor":14,"turns":6},{"damage":45,"enemies":"Hallownest:BossHornet","floor":16,"turns":13},{"damage":21,"enemies":"Hallownest:Flukemon_and_Top","floor":18,"turns":6},{"damage":6,"enemies":"Hallownest:2_Mistakes","floor":19,"turns":6},{"damage":19,"enemies":"Hallownest:monsterShrumalOgre","floor":22,"turns":6},{"damage":2,"enemies":"Hallownest:Nosk","floor":23,"turns":9},{"damage":1,"enemies":"Hallownest:eliteSoulWarrior","floor":25,"turns":7},{"damage":24,"enemies":"Hallownest:Master_and_Novice","floor":28,"turns":5},{"damage":15,"enemies":"Hallownest:Glutton_and_Coward","floor":31,"turns":4},{"damage":32,"enemies":"Hallownest:BossSoulMaster","floor":33,"turns":10},{"damage":28,"enemies":"Hallownest:3_Siblings","floor":35,"turns":7},{"damage":29,"enemies":"Hallownest:2_Littles","floor":36,"turns":5},{"damage":8,"enemies":"Hallownest:2_Wing_and_1_Kings","floor":39,"turns":4},{"damage":10,"enemies":"Hallownest:2_Great","floor":40,"turns":5},{"damage":3,"enemies":"Hallownest:eliteCollector","floor":41,"turns":9},{"damage":24,"enemies":"Hallownest:eliteHiveKnight","floor":44,"turns":6},{"damage":0,"enemies":"Hallownest:eliteCollector","floor":46,"turns":8},{"damage":19,"enemies":"Hallownest:monsterPrimalAspid","floor":47,"turns":6},{"damage":7,"enemies":"Hallownest:2_Wandering_and_1_Horned","floor":48,"turns":5},{"damage":27,"enemies":"Hallownest:BossGreyPrinceZote","floor":50,"turns":3}],"seed_played":"5156106747123845686","potions_obtained":[{"floor":1,"key":"Weak Potion"},{"floor":4,"key":"EssenceOfSteel"},{"floor":6,"key":"SpeedPotion"},{"floor":8,"key":"Regen Potion"},{"floor":14,"key":"Strength Potion"},{"floor":16,"key":"LiquidMemories"},{"floor":18,"key":"DistilledChaos"},{"floor":22,"key":"Swift Potion"},{"floor":25,"key":"Weak Potion"},{"floor":31,"key":"Explosive Potion"},{"floor":33,"key":"BlessingOfTheForge"},{"floor":35,"key":"LiquidBronze"},{"floor":36,"key":"GamblersBrew"},{"floor":39,"key":"BlessingOfTheForge"},{"floor":40,"key":"Dexterity Potion"},{"floor":41,"key":"SteroidPotion"},{"floor":44,"key":"Block Potion"},{"floor":46,"key":"LiquidMemories"},{"floor":47,"key":"Ancient Potion"},{"floor":48,"key":"SkillPotion"},{"floor":50,"key":"FairyPotion"}],"is_trial":false,"path_per_floor":["M","?","M","M","M","E","R","E","T","R","M","M","M","E","R","B",null,"M","M","?","$","M","E","R","E","T","R","M","$","?","M","R","B",null,"M","M","?","?","M","M","E","?","T","E","R","E","M","M","R","B",null],"character_chosen":"THE_BUGKNIGHT","items_purchased":["HollowMod:IsmasTear","OrangePellets","Art of War"],"campfire_rested":3,"item_purchase_floors":[21,21,29],"current_hp_per_floor":[75,75,73,75,75,72,72,82,82,82,68,75,71,71,71,53,82,67,67,67,67,54,52,52,51,51,51,27,27,27,12,51,25,82,60,31,51,51,43,33,36,36,36,12,51,57,38,42,81,62],"gold":530,"neow_bonus":"ONE_RARE_RELIC","is_daily":false,"chose_seed":false,"campfire_upgraded":5,"win_rate":0.0,"timestamp":1607729214,"path_taken":["M","?","M","M","?","E","R","E","T","R","M","?","M","E","R","BOSS","M","M","?","$","M","E","R","E","T","R","M","$","?","M","R","BOSS","M","M","?","?","M","M","E","?","T","E","R","E","M","M","R","BOSS"],"items_purchased_type":["Relic","Relic","Relic"],"build_version":"2020-11-30","purchased_purges":1,"victory":true,"max_hp_per_floor":[75,75,75,75,75,82,82,82,82,82,82,82,82,82,82,82,82,82,82,82,82,82,82,82,82,82,82,82,82,82,82,82,82,82,82,82,82,82,82,82,82,82,82,82,82,82,82,82,82,82],"card_choices":[{"not_picked":["HollowMod:MothsMistake","HollowMod:FastStrike"],"picked":"HollowMod:InfectedCysts","floor":1},{"not_picked":["HollowMod:TaintedHusks","HollowMod:NewLittleFool"],"picked":"HollowMod:LuriensSpire","floor":3},{"not_picked":["HollowMod:DashSlash","HollowMod:ShapeofUnn"],"picked":"HollowMod:CloakDash","floor":4},{"not_picked":["HollowMod:GrimmsGift","HollowMod:SiblingsSouls"],"picked":"HollowMod:GoodIntentions","floor":5},{"not_picked":["HollowMod:QuirrelsAssistance","HollowMod:MantisMark"],"picked":"HollowMod:FallenFury","floor":6},{"not_picked":["HollowMod:RecoilStrike","HollowMod:DungDefenderAura"],"picked":"HollowMod:SlysStrikes","floor":8},{"not_picked":["HollowMod:HeavyBlow","HollowMod:NewLittleFool"],"picked":"HollowMod:NewJinnsSoul","floor":11},{"not_picked":["HollowMod:CycloneSlash","HollowMod:VengefulSpirit"],"picked":"HollowMod:MothsMistake","floor":12},{"not_picked":["HollowMod:DashSlash","HollowMod:MawleksShell"],"picked":"HollowMod:MonarchWings","floor":13},{"not_picked":["HollowMod:PureNailStrike","HollowMod:SoulStrike"],"picked":"HollowMod:MidwifesHunger","floor":14},{"not_picked":["HollowMod:VoidDash","HollowMod:LordofShades"],"picked":"HollowMod:SlysStrikes","floor":16},{"not_picked":["HollowMod:ChannelNail","HollowMod:RecoilStrike"],"picked":"HollowMod:DungDefenderAura","floor":18},{"not_picked":["HollowMod:InfectedAttack","HollowMod:CornifersMapStart"],"picked":"HollowMod:GoodIntentions","floor":19},{"not_picked":["HollowMod:DescendingDark","HollowMod:HornetsHelp"],"picked":"HollowMod:ChannelNail+1","floor":22},{"not_picked":["HollowMod:LifebloodCocoon","HollowMod:ShapeofUnn"],"picked":"HollowMod:DoubleDash","floor":23},{"not_picked":["HollowMod:NewJinnsSoul","HollowMod:DoubleDash"],"picked":"HollowMod:NewLittleFool+1","floor":25},{"not_picked":["HollowMod:WraithStrike","HollowMod:PureNailStrike+1"],"picked":"HollowMod:MonomonsArchive+1","floor":28},{"not_picked":["HollowMod:DesolateDive+1","HollowMod:LifebloodCocoon","HollowMod:MawleksShell"],"picked":"SKIP","floor":31},{"not_picked":["HollowMod:NewInfectedGuardian","HollowMod:PureVessel"],"picked":"HollowMod:ElderbugsWisdom","floor":33},{"not_picked":["HollowMod:CoiledNail+1","HollowMod:VengefulVoid+1"],"picked":"HollowMod:MonomonsArchive+1","floor":35},{"not_picked":["HollowMod:HowlingWraiths+1","HollowMod:SoulStrike"],"picked":"HollowMod:CloakDash+1","floor":36},{"not_picked":["HollowMod:FallenFury+1","HollowMod:SoulStrike","HollowMod:FastStrike+1"],"picked":"SKIP","floor":39},{"not_picked":["HollowMod:LuriensSpire+1","HollowMod:SiblingsSouls"],"picked":"HollowMod:GoodIntentions","floor":40},{"not_picked":["HollowMod:SoulStrike","HollowMod:VengefulSpirit+1","HollowMod:HowlingWraiths"],"picked":"SKIP","floor":41},{"not_picked":["HollowMod:SoulShaman+1","HollowMod:SharpenedNail"],"picked":"HollowMod:PerfectDash+1","floor":44},{"not_picked":["HollowMod:HowlingWraiths+1","HollowMod:PureNailStrike+1"],"picked":"HollowMod:CloakDash+1","floor":46},{"not_picked":["HollowMod:InfectedCysts+1","HollowMod:WraithStrike+1"],"picked":"HollowMod:NewLittleFool+1","floor":47},{"not_picked":["HollowMod:MothsMistake","HollowMod:VengefulSpirit+1"],"picked":"HollowMod:ZotesMagnificence","floor":48},{"not_picked":["HollowMod:PureVessel","HollowMod:ZotesMagnificence"],"picked":"HollowMod:LifebloodCore","floor":50}],"player_experience":641296,"relics_obtained":[{"floor":6,"key":"Strawberry"},{"floor":8,"key":"Darkstone Periapt"},{"floor":9,"key":"Centennial Puzzle"},{"floor":14,"key":"Juzu Bracelet"},{"floor":23,"key":"White Beast Statue"},{"floor":25,"key":"Regal Pillow"},{"floor":26,"key":"Ornamental Fan"},{"floor":41,"key":"Oddly Smooth Stone"},{"floor":43,"key":"Omamori"},{"floor":44,"key":"Pen Nib"},{"floor":46,"key":"Toy Ornithopter"}],"event_choices":[],"is_beta":false,"boss_relics":[{"not_picked":["Runic Pyramid","Snecko Eye"],"picked":"Astrolabe"},{"not_picked":["SacredBark","Coffee Dripper"],"picked":"Philosopher\u0027s Stone"}],"items_purged_floors":[29],"is_endless":false,"potions_floor_spawned":[1,4,6,8,14,16,18,22,25,28,31,33,35,36,39,40,41,44,46,47,48,50],"ascension_level":3}}