{"host":"hqvh779b89tfrjxy","time":1607687419,"event":{"mods":["Act Like it!","BaseMod","Better Third Choice","Downfall","Elementarium","Filter the Spire","GifTheSpireLib","Marked Mod","Minty Spire (QoL Compilation)","Replay The Spire","Spicy Shops","StSLib"],"gold_per_floor":[109,109,128,128,139,170,170,186,186,186,186,186,186],"floor_reached":12,"playtime":530,"items_purged":[],"score":101,"play_id":"03de95ae-9b74-4e60-92ef-8faeabe1948f","local_time":"20201211125019","is_ascension_mode":true,"campfire_choices":[{"data":"Vigilance","floor":7,"key":"SMITH"}],"circlet_count":0,"master_deck":["Strike_P","Strike_P","Strike_P","Strike_P+1","Defend_P","Defend_P","Defend_P","Defend_P+1","Eruption","Vigilance+1","Replay:SS_forest_2","PathToVictory","Pain","Replay:AtTheReady","MarkedMod:Acupuncture","PathToVictory"],"relics":["PureWater","WarpedTongs","Question Card","Meat on the Bone"],"acts_visited":["Exordium"],"potions_floor_usage":[6,12],"damage_taken":[{"damage":0,"enemies":"Jaw Worm","floor":1,"turns":4},{"damage":3,"enemies":"Cultist","floor":3,"turns":5},{"damage":10,"enemies":"Small Slimes","floor":5,"turns":6},{"damage":11,"enemies":"Lagavulin","floor":6,"turns":13},{"damage":3,"enemies":"Exordium Wildlife","floor":8,"turns":8},{"damage":33,"enemies":"3 Sentries","floor":12,"turns":6}],"seed_played":"-4441071855596117194","potions_obtained":[{"floor":1,"key":"BottledMiracle"},{"floor":8,"key":"Adrenaline Potion"}],"is_trial":false,"path_per_floor":["M","?","M","?","M","E","R","M","T","PTL","PTL","E"],"character_chosen":"WATCHER","items_purchased":[],"campfire_rested":0,"item_purchase_floors":[],"current_hp_per_floor":[65,65,62,48,38,27,27,24,24,24,24,0,0],"gold":186,"neow_bonus":"RANDOM_COLORLESS","is_daily":false,"chose_seed":false,"campfire_upgraded":1,"win_rate":0.0,"timestamp":1607687419,"path_taken":["M","?","?","?","M","E","R","M","T","PTL","PTL","E"],"items_purchased_type":[],"build_version":"2020-11-30","purchased_purges":0,"victory":false,"max_hp_per_floor":[72,72,72,72,72,72,72,72,72,72,72,72,72],"card_choices":[{"not_picked":["expansioncontent:DonusPower","Finesse"],"picked":"Replay:SS_forest_2","floor":0},{"not_picked":["CutThroughFate","Halt"],"picked":"PathToVictory","floor":1},{"not_picked":["FlyingSleeves","Halt"],"picked":"Replay:AtTheReady","floor":3},{"not_picked":["WindmillStrike","SignatureMove"],"picked":"MarkedMod:Acupuncture","floor":5},{"not_picked":["CutThroughFate","MentalFortress","LikeWater"],"picked":"SKIP","floor":6},{"not_picked":["Prostrate","TalkToTheHand","Crescendo"],"picked":"PathToVictory","floor":8}],"player_experience":122895,"relics_obtained":[{"floor":6,"key":"Question Card"},{"floor":9,"key":"Meat on the Bone"}],"event_choices":[{"damage_healed":0,"gold_gain":0,"player_choice":"Rummage","damage_taken":0,"relics_obtained":["WarpedTongs"],"max_hp_gain":0,"max_hp_loss":0,"event_name":"Accursed Blacksmith","floor":2,"gold_loss":0,"cards_obtained":["Pain"]},{"damage_healed":62,"gold_gain":0,"player_choice":"Upgrade","damage_taken":14,"max_hp_gain":0,"max_hp_loss":72,"event_name":"betterThird:BetterShining","floor":4,"gold_loss":0,"cards_upgraded":["Defend_P","Strike_P"]}],"is_beta":false,"boss_relics":[],"items_purged_floors":[],"is_endless":false,"potions_floor_spawned":[1,8],"killed_by":"3 Sentries","ascension_level":6}}