{"host":"32dedufnxebqtmo3","time":1607703416,"event":{"mods":["AchievementEnabler","BaseMod","Better Third Choice","Card Filter","Colored Powertips","Defuse TimeMaze Blight","Fireblade Mod","GifTheSpireLib","Minty Spire (QoL Compilation)","Permanent Neow","Relic Filter","Relic Stats","Remove Card Discount Mod","Shop Mod","StSLib","The Cursed","Unceasing Turn Reminder"],"gold_per_floor":[113,125,125,14,24,24,351,351,376,406,423,437,42,56,56,156,156,174,18,18,18,38,38,65,85,111,111,128,145,163,157,157,256,256,269,269,289,289,305,334,334,360,441,453,453,486,505,54,54,54],"floor_reached":51,"playtime":5227,"items_purged":["FireBladeMod:StrikeFireBlade","FireBladeMod:StrikeFireBlade","FireBladeMod:StrikeFireBlade","FireBladeMod:StrikeFireBlade","FireBladeMod:DefendFireBlade","FireBladeMod:DefendFireBlade","FireBladeMod:DefendFireBlade","FireBladeMod:DefendFireBlade","FireBladeMod:ComplexDefense","FireBladeMod:Shove","FireBladeMod:SmokeInTheEyes+1","FireBladeMod:LightningCombo"],"score":819,"play_id":"896d4485-ce0e-4182-af9c-44c93adc727e","local_time":"20201211081656","is_ascension_mode":false,"campfire_choices":[{"data":"FireBladeMod:Robust","floor":6.0,"key":"SMITH"},{"data":"FireBladeMod:SmokeScreen","floor":8.0,"key":"SMITH"},{"floor":15.0,"key":"REST"},{"data":"FireBladeMod:SmokeScreen","floor":23.0,"key":"SMITH"},{"data":"FireBladeMod:SmokeInTheEyes","floor":32,"key":"SMITH"},{"floor":45,"key":"REST"},{"data":"FireBladeMod:WellPrepared","floor":49,"key":"SMITH"}],"circlet_count":0,"master_deck":["FireBladeMod:FlamingSword","FireBladeMod:FireBarrier","FireBladeMod:SmokeScreen+1","FireBladeMod:ScorchingCleave+1","FireBladeMod:FlamingSword","FireBladeMod:Robust+1","FireBladeMod:SteadyEndurance","FireBladeMod:SteadyEndurance","FireBladeMod:Accelerant","FireBladeMod:ScorchingStrike","FireBladeMod:StingingSlash+1","FireBladeMod:SmokeScreen+1","FireBladeMod:WellPrepared+1","FireBladeMod:FinalSmash","Insight","FireBladeMod:SpiritEndurance+1","FireBladeMod:Wildfire","Injury","FireBladeMod:Robust","FireBladeMod:SteadyEndurance","FireBladeMod:AntiMagic","Madness","Madness","Secret Weapon","FireBladeMod:SmokeScreen+1","FireBladeMod:SmokeScreen+1","Clumsy","FireBladeMod:WellPrepared+1"],"relics":["FireBladeMod:DuelistLocket","Old Coin","Happy Flower","Oddly Smooth Stone","Ginger","Cursed Key","Bag of Preparation","Darkstone Periapt","Toy Ornithopter","Sozu","Whetstone","FireBladeMod:FirePoi","Toxic Egg 2","CeramicFish","Strange Spoon","Calipers"],"acts_visited":["Exordium","TheCity","TheBeyond"],"potions_floor_usage":[39],"damage_taken":[{"damage":0.0,"enemies":"2 Louse","floor":1.0,"turns":2.0},{"damage":1.0,"enemies":"Cultist","floor":2.0,"turns":3.0},{"damage":0.0,"enemies":"Small Slimes","floor":5.0,"turns":3.0},{"damage":7.0,"enemies":"3 Sentries","floor":7.0,"turns":5.0},{"damage":9.0,"enemies":"Gremlin Nob","floor":10.0,"turns":4.0},{"damage":0.0,"enemies":"2 Fungi Beasts","floor":11.0,"turns":3.0},{"damage":3.0,"enemies":"Looter","floor":12.0,"turns":3.0},{"damage":1.0,"enemies":"Lots of Slimes","floor":14.0,"turns":3.0},{"damage":26.0,"enemies":"Slime Boss","floor":16.0,"turns":11.0},{"damage":0.0,"enemies":"Chosen","floor":18.0,"turns":4.0},{"damage":6.0,"enemies":"3 Byrds","floor":22.0,"turns":3.0},{"damage":5,"enemies":"Gremlin Leader","floor":24,"turns":5},{"damage":6,"enemies":"Shelled Parasite and Fungi","floor":25,"turns":6},{"damage":0,"enemies":"Snecko","floor":28,"turns":6},{"damage":6,"enemies":"Chosen and Byrds","floor":29,"turns":6},{"damage":3,"enemies":"Shelled Parasite and Fungi","floor":30,"turns":5},{"damage":31,"enemies":"Automaton","floor":33,"turns":10},{"damage":0,"enemies":"3 Shapes","floor":35,"turns":4},{"damage":0,"enemies":"Orb Walker","floor":37,"turns":4},{"damage":0,"enemies":"Transient","floor":39,"turns":5},{"damage":10,"enemies":"Giant Head","floor":40,"turns":10},{"damage":18,"enemies":"Nemesis","floor":42,"turns":9},{"damage":12,"enemies":"Jaw Worm Horde","floor":44,"turns":3},{"damage":10,"enemies":"Reptomancer","floor":46,"turns":7},{"damage":1,"enemies":"Sphere and 2 Shapes","floor":47,"turns":5},{"damage":0,"enemies":"Donu and Deca","floor":50,"turns":9}],"seed_played":"-4403736155519271905","potions_obtained":[{"floor":1.0,"key":"FearPotion"},{"floor":12.0,"key":"SneckoOil"},{"floor":14.0,"key":"Ancient Potion"},{"floor":16.0,"key":"Swift Potion"}],"is_trial":false,"path_per_floor":["M","M","?","$","M","R","E","R","T","E","M","M","$","M","R","B",null,"M","$","?","?","M","R","E","M","T","?","M","M","M","$","R","B",null,"M","?","M","?","M","E","?","E","T","M","R","E","M","$","R","B",null],"character_chosen":"THE_FIREBLADE","items_purchased":["FireBladeMod:Robust","FireBladeMod:SteadyEndurance","FireBladeMod:SmokeScreen","FireBladeMod:WellPrepared","Ginger","Bag of Preparation","Strange Spoon","Calipers"],"campfire_rested":2,"item_purchase_floors":[4,4,13,13,13,19,48,48],"current_hp_per_floor":[49,48,48,48,48,48,41,41,41,32,32,29,29,28,49,23,70,70,70,70,70,64,64,59,53,59,59,59,53,50,50,50,19,76,76,66,66,66,71,61,61,43,49,37,61,51,50,50,50,50],"gold":54,"neow_bonus":"THREE_RARE_CARDS","is_daily":false,"chose_seed":false,"campfire_upgraded":5,"win_rate":0.0,"timestamp":1607703416,"path_taken":["M","M","?","$","?","R","E","R","T","E","M","M","$","M","R","BOSS","M","$","?","?","M","R","E","M","T","?","M","M","M","$","R","BOSS","M","?","M","?","M","E","?","E","T","?","R","E","M","$","R","BOSS"],"items_purchased_type":["Card","Card","Card","Card","Relic","Relic","Relic","Relic"],"build_version":"2020-11-30","purchased_purges":12,"victory":true,"max_hp_per_floor":[70,70,70,70,70,70,70,70,70,70,70,70,70,70,70,70,70,70,70,70,70,70,70,70,70,76,76,76,76,76,76,76,76,76,76,76,76,76,76,76,76,76,82,82,82,82,82,82,82,82],"relic_stats":{"Darkstone Periapt":12,"Sozu":2,"Strange Spoon":[6],"Happy Flower":[41],"counters":[26,138],"CeramicFish":0,"Bag of Preparation":[32],"Ginger":[17],"Whetstone":["FireBladeMod:ScorchingCleave","FireBladeMod:StingingSlash"],"Cursed Key":2,"obtain_stats":[{"Darkstone Periapt":24,"Calipers":48,"Happy Flower":9,"FireBladeMod:DuelistLocket":0,"CeramicFish":46,"Oddly Smooth Stone":10,"Bag of Preparation":19,"FireBladeMod:FirePoi":42,"Ginger":13,"Whetstone":40,"Cursed Key":17,"Old Coin":7,"Sozu":34,"Strange Spoon":48,"Toxic Egg 2":43,"Toy Ornithopter":26},{"Darkstone Periapt":12,"Calipers":25,"Happy Flower":4,"FireBladeMod:DuelistLocket":0,"CeramicFish":24,"Oddly Smooth Stone":5,"Bag of Preparation":10,"FireBladeMod:FirePoi":22,"Ginger":7,"Whetstone":21,"Cursed Key":9,"Old Coin":4,"Sozu":17,"Strange Spoon":25,"Toxic Egg 2":22,"Toy Ornithopter":13},{"Darkstone Periapt":49,"Calipers":129,"Happy Flower":13,"FireBladeMod:DuelistLocket":0,"CeramicFish":124,"Oddly Smooth Stone":17,"Bag of Preparation":41,"FireBladeMod:FirePoi":114,"Ginger":23,"Whetstone":105,"Cursed Key":37,"Old Coin":13,"Sozu":82,"Strange Spoon":129,"Toxic Egg 2":114,"Toy Ornithopter":55}],"Toy Ornithopter":5},"card_choices":[{"not_picked":["FireBladeMod:Improvise","FireBladeMod:AntiMagic"],"picked":"FireBladeMod:LightningCombo","floor":0.0},{"not_picked":["FireBladeMod:ComboCleave","FireBladeMod:AdrenalineBoost"],"picked":"FireBladeMod:SmokeScreen","floor":1.0},{"not_picked":["FireBladeMod:Robust","FireBladeMod:SpiritEndurance"],"picked":"FireBladeMod:ScorchingCleave","floor":2.0},{"not_picked":["FireBladeMod:SpinningSmash","FireBladeMod:SteadyEndurance"],"picked":"FireBladeMod:Shove","floor":5.0},{"not_picked":["FireBladeMod:Unbalance","FireBladeMod:Shove"],"picked":"FireBladeMod:SteadyEndurance","floor":7.0},{"not_picked":["FireBladeMod:Arson","FireBladeMod:ComboSlashes"],"picked":"FireBladeMod:Accelerant","floor":10.0},{"not_picked":["FireBladeMod:OverCharge","FireBladeMod:AfterBurn"],"picked":"FireBladeMod:ScorchingStrike","floor":11.0},{"not_picked":["FireBladeMod:Shove","FireBladeMod:SoulStrike"],"picked":"FireBladeMod:StingingSlash","floor":12.0},{"not_picked":["FireBladeMod:SoulStrike","FireBladeMod:ComboSlashes","FireBladeMod:BackhandSwing"],"picked":"SKIP","floor":14.0},{"not_picked":["FireBladeMod:DeathBlade","FireBladeMod:DebilitatingBlow"],"picked":"FireBladeMod:FinalSmash","floor":16.0},{"not_picked":["FireBladeMod:RollWithTheBlow","FireBladeMod:Turtle"],"picked":"FireBladeMod:SmokeInTheEyes","floor":18.0},{"not_picked":["FireBladeMod:ScorchingStrike+1","FireBladeMod:StingingSlash"],"picked":"FireBladeMod:ComplexDefense","floor":22.0},{"not_picked":["FireBladeMod:Reposition","FireBladeMod:Shove"],"picked":"FireBladeMod:SpiritEndurance+1","floor":24},{"not_picked":["FireBladeMod:SpinningSmash","FireBladeMod:ComplexAttack+1"],"picked":"FireBladeMod:Wildfire","floor":25},{"not_picked":["FireBladeMod:Shove","FireBladeMod:ComboSlashes","FireBladeMod:FerventSlash+1"],"picked":"SKIP","floor":28},{"not_picked":["FireBladeMod:SpinningSmash+1","FireBladeMod:Feint"],"picked":"FireBladeMod:SteadyEndurance","floor":29},{"not_picked":["FireBladeMod:Flames","FireBladeMod:Accelerant","FireBladeMod:Wildfire"],"picked":"SKIP","floor":30},{"not_picked":["FireBladeMod:EternalEndurance","FireBladeMod:Ignition"],"picked":"FireBladeMod:AntiMagic","floor":33},{"not_picked":["FireBladeMod:ComplexAttack+1","FireBladeMod:SteadyEndurance","FireBladeMod:SoulStrike+1"],"picked":"SKIP","floor":35},{"not_picked":["FireBladeMod:MomentumStrikes","FireBladeMod:ComplexDefense+1","FireBladeMod:AdrenalineBoost+1"],"picked":"SKIP","floor":37},{"not_picked":["Blind","Discovery"],"picked":"Secret Weapon","floor":38},{"not_picked":["FireBladeMod:SoulStrike","FireBladeMod:OverCharge+1"],"picked":"FireBladeMod:SmokeScreen+1","floor":39},{"not_picked":["FireBladeMod:Turtle","FireBladeMod:EternalEndurance","FireBladeMod:ComboCleave"],"picked":"SKIP","floor":40},{"not_picked":["FireBladeMod:ComboCleave","FireBladeMod:ComplexDefense","FireBladeMod:AdrenalineBoost+1"],"picked":"SKIP","floor":42},{"not_picked":["FireBladeMod:SteadyEndurance+1","FireBladeMod:AdrenalineBoost+1"],"picked":"FireBladeMod:WellPrepared+1","floor":44},{"not_picked":["FireBladeMod:ComplexAttack+1","FireBladeMod:EruptionSlash","FireBladeMod:Refreshment+1"],"picked":"SKIP","floor":46},{"not_picked":["FireBladeMod:Speed+1","FireBladeMod:Turtle+1","FireBladeMod:StunningBlow+1"],"picked":"SKIP","floor":47}],"player_experience":677425,"relics_obtained":[{"floor":7.0,"key":"Old Coin"},{"floor":9.0,"key":"Happy Flower"},{"floor":10.0,"key":"Oddly Smooth Stone"},{"floor":24,"key":"Darkstone Periapt"},{"floor":26,"key":"Toy Ornithopter"},{"floor":40,"key":"Whetstone"},{"floor":42,"key":"FireBladeMod:FirePoi"},{"floor":43,"key":"Toxic Egg 2"},{"floor":46,"key":"CeramicFish"}],"event_choices":[{"damage_healed":0.0,"max_hp_gain":0.0,"max_hp_loss":0.0,"gold_gain":0.0,"event_name":"Match and Keep!","player_choice":"1 cards matched","floor":3.0,"gold_loss":0.0,"damage_taken":0.0,"cards_obtained":["FireBladeMod:FlamingSword"]},{"damage_healed":0.0,"max_hp_gain":0.0,"max_hp_loss":0.0,"gold_gain":0.0,"event_name":"betterThird:BetterWriting","player_choice":"Insight","floor":20.0,"gold_loss":0.0,"damage_taken":0.0,"cards_obtained":["Insight"]},{"damage_healed":0.0,"max_hp_gain":0.0,"max_hp_loss":0.0,"gold_gain":0.0,"event_name":"Ghosts","player_choice":"Ignored","floor":21.0,"gold_loss":0.0,"damage_taken":0.0},{"damage_healed":0,"gold_gain":0,"player_choice":"Read","damage_taken":0,"max_hp_gain":0,"max_hp_loss":0,"event_name":"The Library","floor":27,"gold_loss":0,"cards_obtained":["FireBladeMod:Robust"]},{"damage_healed":0,"gold_gain":0,"player_choice":"Embrace Madness","damage_taken":10,"max_hp_gain":0,"max_hp_loss":0,"event_name":"Winding Halls","floor":36,"gold_loss":0,"cards_obtained":["Madness","Madness"]},{"damage_healed":0,"gold_gain":0,"player_choice":"Memory 1","damage_taken":0,"max_hp_gain":0,"max_hp_loss":0,"event_name":"SensoryStone","floor":38,"gold_loss":0},{"damage_healed":0,"gold_gain":0,"player_choice":"Copied","damage_taken":0,"max_hp_gain":0,"max_hp_loss":0,"event_name":"Duplicator","floor":41,"gold_loss":0,"cards_obtained":["FireBladeMod:SmokeScreen"]}],"is_beta":false,"boss_relics":[{"not_picked":["Fusion Hammer","Calling Bell"],"picked":"Cursed Key"},{"not_picked":["FireBladeMod:InnerFlame","FireBladeMod:TigerClaw"],"picked":"Sozu"}],"items_purged_floors":[4,4,4,13,19,19,31,31,31,48,48,48],"is_endless":false,"potions_floor_spawned":[1,12,14,16,18,24,29,35,44,46],"ascension_level":0}}