{"host":"63rwe7p34ct1i0qu","time":1607690069,"event":{"mods":["BaseMod","DeckTracker","Minty Spire (QoL Compilation)","Permanent Neow","Quick Restart","StSLib"],"gold_per_floor":[109,127,142,30,45,45,62,88,140,152,119,119,119,69,69,169,169,188,188,188,188,201,201,219,219,219,134,134,134,144,144,144,144,144],"floor_reached":33,"playtime":1263,"items_purged":["Writhe"],"score":344,"play_id":"7a567238-9830-480c-9330-a14a8f76434c","local_time":"20201211213429","is_ascension_mode":true,"campfire_choices":[{"data":"Consume","floor":6.0,"key":"SMITH"},{"floor":13,"key":"REST"},{"data":"Beam Cell","floor":15,"key":"SMITH"},{"floor":23,"key":"REST"},{"floor":25,"key":"REST"},{"floor":29,"key":"REST"},{"floor":32,"key":"REST"}],"circlet_count":0,"master_deck":["Strike_B","Defend_B","Defend_B","Defend_B","Defend_B","Zap","Dualcast","Reboot","Beam Cell+1","Compile Driver","Ball Lightning","Consume+1","Streamline","Buffer","Chill","Hologram+1","Capacitor+1","Ghostly","Ghostly","Ghostly","Ghostly","Ghostly"],"relics":["Cracked Core","Centennial Puzzle","Tiny Chest","Empty Cage","Letter Opener","Bottled Tornado","Symbiotic Virus"],"acts_visited":["Exordium","TheCity"],"potions_floor_usage":[18,18,30],"damage_taken":[{"damage":7.0,"enemies":"Jaw Worm","floor":1.0,"turns":3.0},{"damage":1.0,"enemies":"2 Louse","floor":2.0,"turns":2.0},{"damage":0.0,"enemies":"Small Slimes","floor":3.0,"turns":2.0},{"damage":6.0,"enemies":"3 Louse","floor":5.0,"turns":3.0},{"damage":9.0,"enemies":"Exordium Wildlife","floor":7.0,"turns":4.0},{"damage":30,"enemies":"Lagavulin","floor":8,"turns":6},{"damage":0,"enemies":"Large Slime","floor":10,"turns":4},{"damage":43,"enemies":"The Guardian","floor":16,"turns":10},{"damage":22,"enemies":"2 Thieves","floor":18,"turns":3},{"damage":17,"enemies":"Chosen","floor":22,"turns":5},{"damage":39,"enemies":"Shelled Parasite and Fungi","floor":24,"turns":5},{"damage":17,"enemies":"Colosseum Slavers","floor":28,"turns":4},{"damage":28,"enemies":"Snake Plant","floor":30,"turns":5},{"damage":20,"enemies":"Automaton","floor":33,"turns":8}],"seed_played":"-2481962161247317876","potions_obtained":[{"floor":2.0,"key":"EssenceOfSteel"},{"floor":8,"key":"Explosive Potion"},{"floor":10,"key":"Explosive Potion"},{"floor":24,"key":"Swift Potion"}],"is_trial":false,"path_per_floor":["M","M","M","$","M","R","M","E","T","M","?","?","R","?","R","B",null,"M","$","T","$","M","R","M","R","T","?","?","R","M","?","R","B"],"character_chosen":"DEFECT","items_purchased":["Consume"],"campfire_rested":5,"item_purchase_floors":[4],"current_hp_per_floor":[61,60,60,60,54,54,45,15,15,15,15,40,62,62,62,19,61,39,39,39,39,22,44,5,27,27,27,10,32,4,4,15,0,0],"gold":144,"neow_bonus":"THREE_RARE_CARDS","is_daily":false,"chose_seed":false,"campfire_upgraded":2,"win_rate":0.0,"timestamp":1607690069,"path_taken":["M","M","M","$","M","R","M","E","T","M","?","?","R","?","R","BOSS","M","$","?","$","M","R","M","R","T","?","?","R","M","?","R","BOSS"],"items_purchased_type":["Card"],"build_version":"2020-11-30","purchased_purges":1,"victory":false,"max_hp_per_floor":[75,75,75,75,75,75,75,75,75,75,75,75,75,75,75,75,75,75,75,75,75,75,75,75,75,75,75,75,75,75,37,37,37,37],"card_choices":[{"not_picked":["Creative AI","Echo Form"],"picked":"Reboot","floor":0.0},{"not_picked":["Defragment","Blizzard"],"picked":"Beam Cell","floor":1.0},{"not_picked":["Steam","Hologram"],"picked":"Compile Driver","floor":2.0},{"not_picked":["Cold Snap","Sweeping Beam"],"picked":"Ball Lightning","floor":3.0},{"not_picked":["Steam Power","Cold Snap"],"picked":"Streamline","floor":5.0},{"not_picked":["Go for the Eyes","Force Field","Barrage"],"picked":"SKIP","floor":7.0},{"not_picked":["Go for the Eyes","Force Field","Barrage"],"picked":"SKIP","floor":7.0},{"not_picked":["Beam Cell","Recycle"],"picked":"Buffer","floor":8},{"not_picked":["Reinforced Body","Turbo"],"picked":"Chill","floor":10},{"not_picked":["Rebound+1","Cold Snap"],"picked":"Hologram+1","floor":18},{"not_picked":["Reprogram","Steam","Lockon+1"],"picked":"SKIP","floor":22},{"not_picked":["Double Energy","Conserve Battery+1"],"picked":"Capacitor+1","floor":24},{"not_picked":["Barrage","Steam","Aggregate"],"picked":"SKIP","floor":30}],"player_experience":1269612,"relics_obtained":[{"floor":8,"key":"Centennial Puzzle"},{"floor":9,"key":"Tiny Chest"},{"floor":20,"key":"Letter Opener"},{"floor":26,"key":"Bottled Tornado"}],"event_choices":[{"damage_healed":0,"gold_gain":0,"player_choice":"Left Gold","damage_taken":0,"max_hp_gain":0,"max_hp_loss":0,"event_name":"World of Goop","floor":11,"gold_loss":33},{"damage_healed":25,"gold_gain":0,"player_choice":"Banana","damage_taken":0,"max_hp_gain":0,"max_hp_loss":0,"event_name":"Big Fish","floor":12,"gold_loss":0},{"cards_removed":["Strike_B"],"damage_healed":0,"gold_gain":0,"player_choice":"Card Removal","damage_taken":0,"max_hp_gain":0,"max_hp_loss":0,"event_name":"The Cleric","floor":14,"gold_loss":50},{"damage_healed":0,"gold_gain":0,"player_choice":"Obtained Relic","damage_taken":0,"relics_obtained":["Symbiotic Virus"],"max_hp_gain":0,"max_hp_loss":0,"event_name":"Addict","floor":27,"gold_loss":85},{"damage_healed":0,"gold_gain":0,"player_choice":"Fight","damage_taken":0,"max_hp_gain":0,"max_hp_loss":0,"event_name":"Colosseum","floor":28,"gold_loss":0},{"damage_healed":0,"gold_gain":0,"player_choice":"Fled From Nobs","damage_taken":0,"max_hp_gain":0,"max_hp_loss":0,"event_name":"Colosseum","floor":28,"gold_loss":0},{"damage_healed":0,"gold_gain":0,"player_choice":"Became a Ghost","damage_taken":0,"max_hp_gain":0,"max_hp_loss":38,"event_name":"Ghosts","floor":31,"gold_loss":0,"cards_obtained":["Ghostly","Ghostly","Ghostly","Ghostly","Ghostly"]}],"is_beta":false,"boss_relics":[{"not_picked":["Snecko Eye","Nuclear Battery"],"picked":"Empty Cage"}],"items_purged_floors":[4],"is_endless":false,"potions_floor_spawned":[2,8,10,16,24,28],"killed_by":"Automaton","ascension_level":6}}