{"host":"8fup84v061vi31le","time":1607682206,"event":{"mods":["BaseMod","Better Third Choice","Minty Spire (QoL Compilation)","StSLib","The Bug Knight"],"gold_per_floor":[112,62,62,77,77,77,109,109,109,124,142,67,82,99,99,195,195,210,210,210,230,240,240,240],"floor_reached":23,"playtime":775,"items_purged":["Defend_G"],"score":237,"play_id":"0a0f5e50-427a-48d8-bde8-eea64b236f57","local_time":"20201211182326","is_ascension_mode":true,"campfire_choices":[{"data":"Dagger Spray","floor":6.0,"key":"SMITH"},{"floor":8.0,"key":"REST"},{"floor":15.0,"key":"REST"}],"circlet_count":0,"master_deck":["Strike_G","Strike_G","Strike_G","Defend_G","Defend_G","Defend_G","Defend_G","Survivor+1","Neutralize","Dagger Spray+1","Envenom","Acrobatics","Blade Dance","Blade Dance","Burst","Dagger Spray","Accuracy"],"relics":["Philosopher\u0027s Stone","Gremlin Horn","Pear","SacredBark"],"acts_visited":["Exordium","TheCity"],"potions_floor_usage":[],"damage_taken":[{"damage":1.0,"enemies":"Jaw Worm","floor":1.0,"turns":4.0},{"damage":0.0,"enemies":"Small Slimes","floor":4.0,"turns":3.0},{"damage":52.0,"enemies":"Lagavulin","floor":7.0,"turns":12.0},{"damage":0.0,"enemies":"Cultist","floor":10.0,"turns":4.0},{"damage":10.0,"enemies":"3 Louse","floor":11.0,"turns":3.0},{"damage":0.0,"enemies":"Exordium Wildlife","floor":13.0,"turns":3.0},{"damage":4.0,"enemies":"Red Slaver","floor":14.0,"turns":4.0},{"damage":15.0,"enemies":"Hexaghost","floor":16.0,"turns":8.0},{"damage":25,"enemies":"Spheric Guardian","floor":18,"turns":4},{"damage":0,"enemies":"3 Byrds","floor":21,"turns":3},{"damage":34,"enemies":"Snake Plant","floor":22,"turns":4},{"damage":13,"enemies":"HollowMod:Nosk","floor":23,"turns":3}],"seed_played":"-4516823030046433742","potions_obtained":[{"floor":1.0,"key":"LiquidBronze"},{"floor":10.0,"key":"SteroidPotion"},{"floor":11.0,"key":"DistilledChaos"},{"floor":16.0,"key":"Swift Potion"}],"is_trial":false,"path_per_floor":["M","?","?","M","?","R","E","R","T","M","M","$","M","M","R","B",null,"M","?","?","M","M","E"],"character_chosen":"THE_SILENT","items_purchased":[],"campfire_rested":2,"item_purchase_floors":[],"current_hp_per_floor":[69,69,69,69,69,69,17,38,48,48,38,38,38,34,58,43,80,55,40,40,40,6,0,0],"gold":240,"neow_bonus":"BOSS_RELIC","is_daily":false,"chose_seed":false,"campfire_upgraded":1,"win_rate":0.0,"timestamp":1607682206,"path_taken":["M","?","?","?","?","R","E","R","T","M","M","?","M","?","R","BOSS","M","?","?","M","?","E"],"items_purchased_type":[],"build_version":"2020-11-30","purchased_purges":1,"victory":false,"max_hp_per_floor":[70,70,70,70,70,70,70,70,80,80,80,80,80,80,80,80,80,80,85,85,85,85,85,85],"card_choices":[{"not_picked":["Caltrops","Bane"],"picked":"Dagger Spray","floor":1.0},{"not_picked":["Predator","Dodge and Roll","PiercingWail"],"picked":"SKIP","floor":4.0},{"not_picked":["Sucker Punch","Prepared"],"picked":"Envenom","floor":7.0},{"not_picked":["Slice","Dagger Spray","PiercingWail"],"picked":"SKIP","floor":10.0},{"not_picked":["Bane","Dodge and Roll"],"picked":"Acrobatics","floor":11.0},{"not_picked":["Heel Hook","Noxious Fumes"],"picked":"Blade Dance","floor":13.0},{"not_picked":["All Out Attack","Slice"],"picked":"Blade Dance","floor":14.0},{"not_picked":["Venomology","Phantasmal Killer"],"picked":"Burst","floor":16.0},{"not_picked":["Acrobatics+1","Blur","Eviscerate"],"picked":"SKIP","floor":18},{"not_picked":["Deflect","Poisoned Stab","Acrobatics"],"picked":"SKIP","floor":21},{"not_picked":["Malaise","Quick Slash"],"picked":"Accuracy","floor":22}],"player_experience":59079,"relics_obtained":[{"floor":7.0,"key":"Gremlin Horn"},{"floor":9.0,"key":"Pear"}],"event_choices":[{"cards_removed":["Strike_G"],"damage_healed":0.0,"max_hp_gain":0.0,"max_hp_loss":0.0,"gold_gain":0.0,"event_name":"The Cleric","player_choice":"Card Removal","floor":2.0,"gold_loss":50.0,"damage_taken":0.0},{"damage_healed":0.0,"max_hp_gain":0.0,"max_hp_loss":0.0,"gold_gain":0.0,"event_name":"Accursed Blacksmith","player_choice":"Forge","floor":3.0,"gold_loss":0.0,"damage_taken":0.0,"cards_upgraded":["Survivor"]},{"damage_healed":0.0,"max_hp_gain":0.0,"max_hp_loss":0.0,"gold_gain":0.0,"event_name":"betterThird:BetterSerpent","player_choice":"Ignored","floor":5.0,"gold_loss":0.0,"damage_taken":77.0},{"damage_healed":0,"gold_gain":0,"player_choice":"Shed Blood","damage_taken":20,"max_hp_gain":5,"max_hp_loss":0,"event_name":"Forgotten Altar","floor":19,"gold_loss":0},{"damage_healed":0,"gold_gain":0,"cards_transformed":["Strike_G"],"player_choice":"Transformed","damage_taken":0,"max_hp_gain":0,"max_hp_loss":0,"event_name":"Transmorgrifier","floor":20,"gold_loss":0,"cards_obtained":["Dagger Spray"]}],"is_beta":false,"boss_relics":[{"not_picked":["Tiny House","Coffee Dripper"],"picked":"SacredBark"}],"items_purged_floors":[12],"is_endless":false,"potions_floor_spawned":[1,10,11,16],"killed_by":"HollowMod:Nosk","ascension_level":2}}