{"host":"j0xplkvqphkjqyt2","time":1607679650,"event":{"mods":["10 clothes from DAL","Act Like it!","Ascension Reborn","BaseMod","Library of Ruina","Library of Ruina Extra","Marisa£¨ìFÓê¡¡Ä§ÀíÉ³£©","Minty Spire (QoL Compilation)","MostiFishMod","Replay The Spire","RumiaBox-Â¶Ã×æ«µÄÉñÃØºÐ×Ó","Spicy Shops","StSLib","TestMod","Waifu the Spire","¡¾ÒÅÎï¿¨ÅÆ¡¿REMEMod"],"gold_per_floor":[-99,-99,-83,-66,-56,-25,-25,-25,-25,-25,-25,-25,-11,1,1,102,102,84,95,95,114,115,142,155,155,155,172,203,203,248,66,66,141,141],"floor_reached":33,"playtime":745,"items_purged":[],"score":531,"play_id":"9a180abc-d0ec-445d-bf58-bf06de6d899a","local_time":"20201211174050","is_ascension_mode":true,"campfire_choices":[{"data":"DegradedShockwave","floor":10,"key":"SMITH"},{"data":"DegradedLock","floor":12,"key":"SMITH"},{"data":"DegradedPillar","floor":15,"key":"SMITH"},{"data":"DegradedPillar","floor":25,"key":"SMITH"},{"data":"DegradedChain","floor":32,"key":"SMITH"}],"circlet_count":0,"master_deck":["DegradedFairy","DegradedFairy","DegradedFairy","DegradedChain+1","DegradedChain","DegradedLock+1","DegradedPillar+1","DegradedPillar+1","DegradedShockwave+1","BoundaryOfDeath"],"relics":["PageOfLibrarian","testmod-TestBox","DaveBox","REME_ComplimentaryCards","testmod-Prudence","BrkXgEgg","Question Card","Baka","PageOfLaetitia","MagicDraw2","DALC_WAN","ImportantClient","RhineCircuit","Nloth\u0027s Gift","Snack Pack","Replay:Bandana","Nilry\u0027s Codex","PageOfSpiderBud","testmod-MagicalMallet"],"acts_visited":["Exordium","TheCity"],"potions_floor_usage":[6,14],"damage_taken":[{"damage":0,"enemies":"Cultist","floor":1,"turns":1},{"damage":0,"enemies":"Small Slimes","floor":3,"turns":2},{"damage":0,"enemies":"Jaw Worm","floor":4,"turns":1},{"damage":26,"enemies":"Lots of Slimes","floor":5,"turns":4},{"damage":8,"enemies":"Replay:BlueRogue","floor":6,"turns":3},{"damage":0,"enemies":"Lagavulin","floor":8,"turns":3},{"damage":0,"enemies":"3 Louse","floor":13,"turns":1},{"damage":1,"enemies":"2 Fungi Beasts","floor":14,"turns":3},{"damage":10,"enemies":"The Guardian","floor":16,"turns":3},{"damage":0,"enemies":"Spheric Guardian","floor":18,"turns":1},{"damage":11,"enemies":"2 Thieves","floor":19,"turns":2},{"damage":0,"enemies":"Sentry and Sphere","floor":21,"turns":1},{"damage":0,"enemies":"Shelled Parasite and Fungi","floor":22,"turns":1},{"damage":0,"enemies":"Gremlin Leader","floor":23,"turns":2},{"damage":0,"enemies":"3 Cultists","floor":24,"turns":2},{"damage":9,"enemies":"Snecko","floor":27,"turns":2},{"damage":0,"enemies":"REME_1_Revenger","floor":28,"turns":2},{"damage":0,"enemies":"Snake Plant","floor":30,"turns":2}],"seed_played":"-6696050821679127483","potions_obtained":[{"floor":3,"key":"Doom Potion"},{"floor":5,"key":"Regen Potion"},{"floor":8,"key":"Adrenaline Potion"},{"floor":13,"key":"Swift Potion"},{"floor":14,"key":"Reflective Coating"}],"is_trial":false,"path_per_floor":["M","$","M","M","M","E","?","E","T","R","$","R","M","M","R","B",null,"M","M","?","M","M","E","M","R","T","M","E","?","M","$","R","B"],"character_chosen":"Librarian","items_purchased":["PageOfSpiderBud","testmod-MagicalMallet"],"campfire_rested":0,"item_purchase_floors":[31,31],"current_hp_per_floor":[60,60,60,60,34,35,35,35,35,35,35,35,35,34,34,24,90,90,80,80,80,80,80,82,82,82,75,75,59,61,61,61,59,59],"gold":141,"neow_bonus":"THREE_ENEMY_KILL","is_daily":false,"chose_seed":false,"campfire_upgraded":5,"win_rate":0.0,"timestamp":1607679650,"path_taken":["M","?","M","M","M","E","?","E","T","R","$","R","?","M","R","BOSS","M","M","?","M","?","E","M","R","T","M","E","?","M","$","R","BOSS"],"items_purchased_type":["Relic","Relic"],"build_version":"2020-11-30","purchased_purges":0,"victory":false,"max_hp_per_floor":[90,90,90,90,90,90,90,90,90,90,90,90,90,90,90,90,90,90,90,90,90,90,90,90,90,90,90,90,90,90,90,90,90,90],"card_choices":[{"not_picked":["Collision","DesperateStruggle","EnergyCycle","CircusKnives","Outburst","Multislash","GatherIntel","SpearedSweep","FierceCharge"],"picked":"SKIP","floor":1},{"not_picked":["Eradication+1","TheRedNotes","WillOfThePrescript","Unlock1","MultiBlock","Gigigig","SmokingPipe","Rewind","WillBeTasty","Faith"],"picked":"SKIP","floor":3},{"not_picked":["StructuralAnalysis","Preparation","Riposte","SpearedSweep","EnergyCycle","BackAttack","GoinFirst+1","DesperateStruggle","GuidanceOfTheGears","ToWhereThePrescriptPoints"],"picked":"SKIP","floor":4},{"not_picked":["BindingArms","Faith","DesperateStruggle","NightInTheBackstreets","PreemptiveStrike","Rewind","DarkCloud","SpearedSweep","AlloutWar","WaitUp"],"picked":"SKIP","floor":5},{"not_picked":["OpportunitySpotted","ChopItOff","SilentNight+1","HighKick","GatherIntel","Deflect_lor+1","SharpSwipe","GuardingStance","MultiBlock","TasteMyFlamingBat"],"picked":"SKIP","floor":6},{"not_picked":["SpearedSweep","BoundaryOfDeath+1","ReadyUp","YourShield","DarkCloud","WillOfThePrescript","ClassAndRespect","FleetEdge","EnergyShield","DesperateStruggle"],"picked":"SKIP","floor":8},{"not_picked":["GuidanceOfTheGears","Thrust","FlowOfTheSword","Rewind","SharpSwipe","QuickAttack","Standoff","ExtractFuel","Riposte","AutomatedMovement"],"picked":"SKIP","floor":13},{"not_picked":["Gamble","BackAttack","Wallop_lor","AbsorbImpact","DevastatingThrash","DesperateStruggle","Thrust","DefenseOrder","FleshFillet+1","LawAndOrder"],"picked":"SKIP","floor":14},{"not_picked":["DesperateStruggle","StrongStrike","SilentMist","Standoff","IngredientHunt+1","AsThePrescriptOrders","SpearedSweep","ClassAndRespect","Diversion+1","EnergyConversion+1"],"picked":"SKIP","floor":18},{"not_picked":["QuickAttack","StructuralAnalysis","AsThePrescriptOrders+1","ChopItOff","PreemptiveStrike","Wallop_lor+1","Standoff","SteelKnuckles","StartinOutLightly","FierceCharge"],"picked":"SKIP","floor":19},{"not_picked":["Wallop_lor","DevastatingThrash+1","Decapitation+1","StrongStrike","QuickAttack","SturdyDefense","Quickness","AsThePrescriptOrders+1","FrontalAssault","DarkCloud+1"],"picked":"SKIP","floor":21},{"not_picked":["Guardian_lor","Standoff","LawAndOrder+1","Collision","WillOfThePrescript","HandlingWork","HiddenBlade","FierceCharge","EndlessBattle+1","TraceOfFumes+1"],"picked":"SKIP","floor":22},{"not_picked":["ProselytesBlade+1","TrashDisposal+1","Thirst","SteelKnuckles","Suppress+1","GaleKick+1","SweepTheBackstreets+1","GutHarvesting+1","SenseQuarry+1","EnergyCycle+1"],"picked":"SKIP","floor":23},{"not_picked":["FleetFootsteps","ChargeUp+1","EmotionalTurbulence+1","SilentMist","TrimTheIngredients","Eliminate","HiddenBlade","MultiHit+1","Standoff","SetFire+1"],"picked":"SKIP","floor":24},{"not_picked":["ProselytesBlade+1","SteelKnuckles","BackAttack","Struggle","SunsetBlade","AssaultOrder","Reload+1","HiddenBlade","Rewind","Multislash+1"],"picked":"SKIP","floor":27},{"not_picked":["DaringDecision+1","BladeWhirl","EmotionalTurbulence+1","ToWhereThePrescriptPoints","GaleKick","DevastatingThrash+1","FlyingSword","FlowOfTheSword","BiteOff+1","Faith"],"picked":"SKIP","floor":28},{"not_picked":["SunsetBlade","UnforgettableMelody+1","ChopItOff","GuardingStance","EnergyShield","StayCalm+1","Parry","SearingSword","TendonChords","HandleRequest+1"],"picked":"SKIP","floor":30}],"player_experience":122695,"relics_obtained":[{"floor":1,"key":"Question Card"},{"floor":1,"key":"Baka"},{"floor":6,"key":"PageOfLaetitia"},{"floor":8,"key":"MagicDraw2"},{"floor":9,"key":"DALC_WAN"},{"floor":16,"key":"ImportantClient"},{"floor":23,"key":"Snack Pack"},{"floor":28,"key":"Replay:Bandana"},{"floor":29,"key":"Nilry\u0027s Codex"}],"event_choices":[{"damage_healed":0,"gold_gain":0,"player_choice":"0 cards matched","damage_taken":0,"max_hp_gain":0,"max_hp_loss":0,"event_name":"Match and Keep!","floor":7,"gold_loss":0,"cards_obtained":[]},{"damage_healed":0,"gold_gain":0,"player_choice":"Traded Relic","damage_taken":0,"relics_obtained":["Nloth\u0027s Gift"],"max_hp_gain":0,"max_hp_loss":0,"event_name":"N\u0027loth","floor":20,"relics_lost":["NeowsBlessing"],"gold_loss":0},{"damage_healed":0,"gold_gain":0,"player_choice":"Obtained Book","damage_taken":16,"max_hp_gain":0,"max_hp_loss":0,"event_name":"Cursed Tome","floor":29,"gold_loss":0}],"is_beta":false,"boss_relics":[{"not_picked":["SynthV:MejaisSoulstealer","NightmareShop"],"picked":"RhineCircuit"}],"items_purged_floors":[],"is_endless":false,"potions_floor_spawned":[3,5,8,13,14,19,28],"killed_by":"RedHoodMercenary","ascension_level":4}}