{"host":"rl3s470f8onwqc1s","time":1607689633,"event":{"mods":["Act Like it!","BaseMod","Dota2Spire","Gold Saver","Minty Spire (QoL Compilation)","MostiFishMod","Shop Mod","StSLib","TestMod","óô»ðÖ¸ÄÏ"],"gold_per_floor":[5473,5548,4459,4459,4340,4404,3768,3768,3791,3805,3830,3901,3968,3988,3280,3381,3381,3445,3470,2875,2904,2926,2971,2971,3028,3028,3673,3673,3081,3717,4972,4357,5050,5050,6898,6274,6300,6300,8745,9409,10637,10676,10702,9783,10429,10466,10489,10544,9927,10535,10551,10551,9287,8190,8229,8303],"floor_reached":57,"playtime":2845,"items_purged":["Strike_R","Regret","Strike_R","Strike_R","Strike_R","Strike_R","Defend_R","Defend_R","Defend_R"],"score":3753,"play_id":"f78d88f8-2e3f-4f15-9a03-733ebbe3ed57","local_time":"20201211202713","is_ascension_mode":true,"campfire_choices":[{"data":"testmod-Arrangement","floor":8.0,"key":"SMITH"},{"floor":28.0,"key":"RECALL"}],"circlet_count":0,"master_deck":["AscendersBane","Defend_R+1","Bash","testmod-Arrangement+1","Rampage","Warcry","Dark Embrace","Study","Blade Dance","Chill","Underhanded Strike","Jack Of All Trades+1","MostiFishMod:LethalBlade","Backstab","Dramatic Entrance","MostiFishMod:ButterFly","Feel No Pain","Reboot","MostiFishMod:DeathFromBelow","WheelKick","Storm","MostiFishMod:BrokenBlackCloak","Echo Form","MostiFishMod:AdrenalineArouse","Second Wind","Heatsinks+1","MostiFishMod:FireWorks","Flame Barrier","Feel No Pain","After Image+1","MostiFishMod:KingOfFree","Power Through","testmod-FightingIntention","Flame Barrier","MostiFishMod:CullingBlade","Capacitor+1"],"relics":["testmod-TestBox","DaveBox","testmod-DeterminationOfClimber","DianPoetry","testmod-Nine","Question Card","PrismaticShard","Dota2Spire:HandOfMidas","OrangePellets","Kunai","Mummified Hand","Tiny Chest","Akabeko","TheAbacus","Dota2Spire:Vanguard","Orichalcum","testmod-HeartOfDaVinci","testmod-TurbochargingSystem","Anchor","testmod-IndustrialRevolution","Toolbox","ImportantClient","testmod-CardMagician","Matryoshka","Centennial Puzzle","Dodecahedron","PreservedInsect","Art of War","Dota2Spire:EchoSabre","Potion Belt","Cables","testmod-ArcanaOfDestiny","Bag of Preparation","Medical Kit","War Paint","Strawberry","Dota2Spire:ShadowBlade","Letter Opener","Runic Capacitor","Dota2Spire:Bloodstone","DataDisk","TwistedFunnel","testmod-Antiphasic","Gremlin Horn","testmod-OneHitWonder","Dota2Spire:ArcaneBoots","testmod-ObsoleteBoomerang","Bronze Scales","SynthV","Oddly Smooth Stone","Dota2Spire:DrumOfEndurance","DollysMirror","Paper Crane","Bottled Lightning","Mercury Hourglass","Technique","Dota2Spire:AghanimScepter","Blood Vial","Chemical X","Dota2Spire:OrchidMalevolence"],"acts_visited":["Exordium","TheCity","TheBeyond","TheEnding"],"potions_floor_usage":[],"damage_taken":[{"damage":2.0,"enemies":"2 Louse","floor":1.0,"turns":2.0},{"damage":8.0,"enemies":"Gremlin Nob","floor":6.0,"turns":3.0},{"damage":0.0,"enemies":"Small Slimes","floor":10.0,"turns":2.0},{"damage":0.0,"enemies":"Cultist","floor":11.0,"turns":1.0},{"damage":0.0,"enemies":"3 Sentries","floor":12.0,"turns":3.0},{"damage":0.0,"enemies":"Gremlin Nob","floor":13.0,"turns":1.0},{"damage":0.0,"enemies":"Gremlin Gang","floor":14.0,"turns":1.0},{"damage":0.0,"enemies":"Slime Boss","floor":16.0,"turns":1.0},{"damage":0.0,"enemies":"3 Byrds","floor":18.0,"turns":1.0},{"damage":0.0,"enemies":"Shell Parasite","floor":19.0,"turns":1.0},{"damage":0.0,"enemies":"Cultist and Chosen","floor":21.0,"turns":1.0},{"damage":0.0,"enemies":"3 Cultists","floor":22.0,"turns":1.0},{"damage":0.0,"enemies":"Slavers","floor":23.0,"turns":1.0},{"damage":0.0,"enemies":"Shelled Parasite and Fungi","floor":25.0,"turns":1.0},{"damage":12.0,"enemies":"Gremlin Leader","floor":27.0,"turns":3.0},{"damage":0.0,"enemies":"Book of Stabbing","floor":30.0,"turns":1.0},{"damage":0.0,"enemies":"Sentry and Sphere","floor":31.0,"turns":3.0},{"damage":0.0,"enemies":"Automaton","floor":33.0,"turns":2.0},{"damage":0.0,"enemies":"3 Shapes","floor":35.0,"turns":4.0},{"damage":0.0,"enemies":"3 Darklings","floor":37.0,"turns":1.0},{"damage":0.0,"enemies":"4 Shapes","floor":39.0,"turns":5.0},{"damage":0.0,"enemies":"Nemesis","floor":40.0,"turns":3.0},{"damage":0.0,"enemies":"Sphere and 2 Shapes","floor":41.0,"turns":3.0},{"damage":0.0,"enemies":"Reptomancer","floor":42.0,"turns":1.0},{"damage":0.0,"enemies":"Jaw Worm Horde","floor":45.0,"turns":2.0},{"damage":0.0,"enemies":"Giant Head","floor":46.0,"turns":2.0},{"damage":0.0,"enemies":"Writhing Mass","floor":47.0,"turns":1.0},{"damage":0.0,"enemies":"Maw","floor":48.0,"turns":1.0},{"damage":0,"enemies":"Donu and Deca","floor":50,"turns":1},{"damage":5,"enemies":"Time Eater","floor":51,"turns":2},{"damage":0,"enemies":"Shield and Spear","floor":55,"turns":1},{"damage":8,"enemies":"The Heart","floor":56,"turns":2}],"seed_played":"8118044229674291109","potions_obtained":[{"floor":27.0,"key":"ColorlessPotion"}],"is_trial":false,"path_per_floor":["M","?","$","?","?","E","$","R","T","M","M","E","?","M","R","B",null,"M","M","$","M","M","E","T","M","T","E","R","$","E","M","R","B",null,"M","$","M","?","M","E","M","E","T","R","M","E","M","M","R","B","B",null,"R","$","E","B",null],"character_chosen":"IRONCLAD","items_purchased":["Dota2Spire:HandOfMidas","OrangePellets","Kunai","testmod-Arrangement","Rampage","PowerPotion","GamblersBrew","TheAbacus","Dota2Spire:Vanguard","Orichalcum","Dark Embrace","Anchor","testmod-IndustrialRevolution","Toolbox","Jack Of All Trades","Matryoshka","Centennial Puzzle","Dodecahedron","Bag of Preparation","Medical Kit","War Paint","Swift Potion","Dota2Spire:ShadowBlade","Letter Opener","Runic Capacitor","DataDisk","TwistedFunnel","testmod-Antiphasic","Second Wind","testmod-ObsoleteBoomerang","Bronze Scales","SynthV","Flame Barrier","Dota2Spire:DrumOfEndurance","DollysMirror","Paper Crane","Bottled Lightning","Mercury Hourglass","MostiFishMod:KingOfFree","Technique","Power Through","Dota2Spire:AghanimScepter","Blood Vial","Chemical X","testmod-FightingIntention","Flame Barrier","MostiFishMod:CullingBlade","DistilledChaos"],"campfire_rested":0,"item_purchase_floors":[3,3,3,3,3,3,3,7,7,7,7,15,15,15,15,20,20,20,29,29,29,29,32,32,32,36,36,36,36,44,44,44,44,49,49,49,53,53,53,53,53,54,54,54,54,54,54,54],"current_hp_per_floor":[68,57,57,57,57,55,55,55,55,59,64,75,75,75,75,75,75,75,75,75,75,75,75,75,75,75,63,63,63,76,82,82,82,82,82,82,82,82,82,82,82,82,82,82,82,82,82,82,82,82,82,82,82,82,82,82],"gold":8303,"neow_bonus":"BOSS_RELIC","is_daily":false,"chose_seed":false,"campfire_upgraded":1,"win_rate":0.0,"timestamp":1607689633,"path_taken":["M","?","$","?","?","E","$","R","T","?","?","E","?","M","R","BOSS","M","M","$","M","M","E","?","M","T","E","R","$","E","?","R","BOSS","M","$","M","?","M","E","M","E","T","R","M","E","?","M","R","BOSS","BOSS","R","$","E","BOSS"],"items_purchased_type":["Relic","Relic","Relic","Card","Card","Potion","Potion","Relic","Relic","Relic","Card","Relic","Relic","Relic","Card","Relic","Relic","Relic","Relic","Relic","Relic","Potion","Relic","Relic","Relic","Relic","Relic","Relic","Card","Relic","Relic","Relic","Card","Relic","Relic","Relic","Relic","Relic","Card","Relic","Card","Relic","Relic","Relic","Card","Card","Card","Potion"],"build_version":"2020-11-30","purchased_purges":9,"victory":true,"max_hp_per_floor":[75,75,75,75,75,75,75,75,75,75,75,75,75,75,75,75,75,75,75,75,75,75,75,75,75,75,75,75,75,82,82,82,82,82,82,82,82,82,82,82,82,82,82,82,82,82,82,82,82,82,82,82,82,82,82,82],"card_choices":[{"not_picked":["Headbutt","Ghostly Armor","Perfected Strike"],"picked":"SKIP","floor":1.0},{"not_picked":["MostiFishMod:GoodWordForIt","Halt","Tactician"],"picked":"Warcry","floor":6.0},{"not_picked":["Hello World","Rebound","Protect"],"picked":"Study","floor":10.0},{"not_picked":["Twin Strike","testmod-PulseDistributor","Calculated Gamble"],"picked":"Blade Dance","floor":11.0},{"not_picked":["Sweeping Beam","ThirdEye","testmod-WeaknessCounterattack"],"picked":"Chill","floor":12.0},{"not_picked":["Conserve Battery","Rupture","Cleave"],"picked":"Underhanded Strike","floor":14.0},{"not_picked":["Envenom","Exhume","MostiFishMod:Mania"],"picked":"MostiFishMod:LethalBlade","floor":16.0},{"not_picked":["Pommel Strike","Blade Dance","testmod-BackupPower"],"picked":"Backstab","floor":18.0},{"not_picked":["Cleave","Collect","Outmaneuver"],"picked":"Dramatic Entrance","floor":19.0},{"not_picked":["MentalFortress+1","Infinite Blades+1","Calculated Gamble"],"picked":"MostiFishMod:ButterFly","floor":21.0},{"not_picked":["BattleHymn","Rebound","Blade Dance"],"picked":"Feel No Pain","floor":22.0},{"not_picked":["Flex","Chill","Swivel","Forethought"],"picked":"SKIP","floor":23.0},{"not_picked":["testmod-Automaton","Poisoned Stab","Cleave"],"picked":"Reboot","floor":25.0},{"not_picked":["Ball Lightning+1","TalkToTheHand","Nirvana"],"picked":"WheelKick","floor":27.0},{"not_picked":["Blade Dance","Clash","Purity","Body Slam"],"picked":"SKIP","floor":30.0},{"not_picked":["Protect","Beam Cell","Prostrate","Compile Driver"],"picked":"SKIP","floor":31.0},{"not_picked":["Secret Weapon","Electrodynamics","Malaise"],"picked":"MostiFishMod:BrokenBlackCloak","floor":33.0},{"not_picked":["Quick Slash","Terror","Streamline","FlurryOfBlows+1"],"picked":"SKIP","floor":35.0},{"not_picked":["Dodge and Roll","Collect","Aggregate"],"picked":"Heatsinks","floor":37.0},{"not_picked":["CrushJoints","Ball Lightning","ClearTheMind","Aggregate+1"],"picked":"SKIP","floor":39.0},{"not_picked":["Evaluate","Havoc","Sweeping Beam","Stack+1"],"picked":"SKIP","floor":40.0},{"not_picked":["Hologram","Consecrate+1","LikeWater"],"picked":"MostiFishMod:FireWorks","floor":41.0},{"not_picked":["Shrug It Off","CarveReality+1","Body Slam","Redo+1"],"picked":"SKIP","floor":42.0},{"not_picked":["Hologram+1","EmptyBody","Body Slam","Sanctity"],"picked":"SKIP","floor":45.0},{"not_picked":["EmptyBody","Hyperbeam","Hologram+1","Cold Snap+1"],"picked":"SKIP","floor":46.0},{"not_picked":["BowlingBash+1","Anger","Conserve Battery","Slice+1"],"picked":"SKIP","floor":47.0},{"not_picked":["Halt+1","Dodge and Roll","Shrug It Off+1","Evaluate"],"picked":"SKIP","floor":48.0},{"not_picked":["CutThroughFate+1","Headbutt","Streamline"],"picked":"Capacitor+1","floor":55}],"player_experience":1282298,"relics_obtained":[{"floor":1.0,"key":"Question Card"},{"floor":1.0,"key":"PrismaticShard"},{"floor":6.0,"key":"Akabeko"},{"floor":12.0,"key":"testmod-HeartOfDaVinci"},{"floor":13.0,"key":"testmod-TurbochargingSystem"},{"floor":16.0,"key":"ImportantClient"},{"floor":23.0,"key":"PreservedInsect"},{"floor":24.0,"key":"Art of War"},{"floor":24.0,"key":"Dota2Spire:EchoSabre"},{"floor":26.0,"key":"Potion Belt"},{"floor":26.0,"key":"Cables"},{"floor":27.0,"key":"testmod-ArcanaOfDestiny"},{"floor":30.0,"key":"Strawberry"},{"floor":40.0,"key":"Gremlin Horn"},{"floor":42.0,"key":"testmod-OneHitWonder"},{"floor":43.0,"key":"Dota2Spire:ArcaneBoots"},{"floor":46.0,"key":"Oddly Smooth Stone"},{"floor":55,"key":"Dota2Spire:OrchidMalevolence"}],"event_choices":[{"damage_healed":0.0,"max_hp_gain":0.0,"max_hp_loss":0.0,"gold_gain":75.0,"event_name":"World of Goop","player_choice":"Gather Gold","floor":2.0,"gold_loss":0.0,"damage_taken":11.0},{"damage_healed":0.0,"max_hp_gain":0.0,"max_hp_loss":0.0,"gold_gain":0.0,"event_name":"Big Fish","player_choice":"Box","floor":4.0,"gold_loss":0.0,"damage_taken":0.0,"relics_obtained":["Mummified Hand"],"cards_obtained":["Regret"]},{"damage_healed":0.0,"max_hp_gain":0.0,"max_hp_loss":0.0,"gold_gain":0.0,"event_name":"WeMeetAgain","player_choice":"Paid Gold","floor":5.0,"gold_loss":119.0,"damage_taken":0.0,"relics_obtained":["Tiny Chest"]},{"damage_healed":0.0,"max_hp_gain":0.0,"max_hp_loss":0.0,"gold_gain":30.0,"event_name":"Dead Adventurer","player_choice":"Searched \u00272\u0027 times","floor":13.0,"gold_loss":0.0,"damage_taken":0.0},{"damage_healed":0.0,"max_hp_gain":0.0,"max_hp_loss":0.0,"gold_gain":0.0,"event_name":"Match and Keep!","player_choice":"0 cards matched","floor":38.0,"gold_loss":0.0,"damage_taken":0.0,"cards_obtained":[]}],"is_beta":false,"boss_relics":[{"not_picked":["WristBlade","HereWithMe"],"picked":"testmod-CardMagician"},{"not_picked":["testmod-D_4","Coffee Dripper"],"picked":"Dota2Spire:Bloodstone"}],"items_purged_floors":[3,7,15,20,29,36,44,53,54],"is_endless":false,"potions_floor_spawned":[12,13,14,23,27,30,31,35,37,40,47,55],"ascension_level":20}}