{"host":"zi8o4akxlgxypwgb","time":1607696913,"event":{"mods":["BaseMod","Minty Spire (QoL Compilation)","Replay The Spire","StSLib","SuperFastMode"],"gold_per_floor":[113,133,57,132,143,171,171,200,247,247,247,276,286,84,84,186,186,200,200,210,150,150,175,227,258,283,283,298,298,298,0,0,0,0],"floor_reached":33,"playtime":4209,"items_purged":[],"score":499,"play_id":"8c22b657-578a-4aa9-aac6-4c837424921e","local_time":"20201211222833","is_ascension_mode":true,"campfire_choices":[{"data":"Prepared","floor":7.0,"key":"SMITH"},{"data":"Acrobatics","floor":15.0,"key":"SMITH"},{"data":"ReplayTheSpireMod:Necrosis","floor":27,"key":"SMITH"},{"data":"Catalyst","floor":29,"key":"SMITH"},{"data":"Draining Mist","floor":32,"key":"SMITH"}],"circlet_count":0,"master_deck":["Survivor+1","Neutralize","Prepared+1","Blade Dance","Dash","Acrobatics+1","Backstab","Hidden Blade+1","Underhanded Strike","Sucker Punch","Bullet Time","Catalyst+1","Terror","Eviscerate","Reflex","All Out Attack","Acrobatics","Draining Mist+1","Envenom","Leg Sweep","Distraction","Doubt","ReplayTheSpireMod:Scrap Shanks","ReplayTheSpireMod:Necrosis+1","Poisoned Stab","Distraction+1","Bite","Bite","Bite","Bite","Bite","Atom Bomb","Backstab","Predator+1","Bane","Distraction"],"relics":["Ring of the Snake","NeowsBlessing","Shuriken","Oddly Smooth Stone","Happy Flower","Pen Nib","ReplayTheSpireMod:Lightbulb","Pandora\u0027s Box","Ring of Fangs","Ring of Hypnosis","Replay:Mystery Machine","Bag of Marbles","Eternal Feather","PreservedInsect","Bag of Preparation","Orrery"],"acts_visited":["Exordium","TheCity"],"potions_floor_usage":[33,33],"damage_taken":[{"damage":0.0,"enemies":"Cultist","floor":1.0,"turns":1.0},{"damage":0.0,"enemies":"2 Louse","floor":2.0,"turns":1.0},{"damage":0.0,"enemies":"Small Slimes","floor":5.0,"turns":1.0},{"damage":40.0,"enemies":"3 Sentries","floor":6.0,"turns":10.0},{"damage":0.0,"enemies":"Gremlin Nob","floor":8.0,"turns":3.0},{"damage":1.0,"enemies":"Lagavulin","floor":12.0,"turns":7.0},{"damage":0.0,"enemies":"Blue Slaver","floor":13.0,"turns":2.0},{"damage":0.0,"enemies":"Hexaghost","floor":16.0,"turns":8.0},{"damage":0,"enemies":"Shell Parasite","floor":18,"turns":2},{"damage":14,"enemies":"Chosen","floor":20,"turns":4},{"damage":21,"enemies":"Gremlin Leader","floor":23,"turns":5},{"damage":10,"enemies":"Book of Stabbing","floor":25,"turns":5},{"damage":10,"enemies":"Snecko","floor":28,"turns":4},{"damage":56,"enemies":"Champ","floor":33,"turns":8}],"seed_played":"8323603843131879782","potions_obtained":[{"floor":6.0,"key":"PowerPotion"},{"floor":8.0,"key":"Adrenaline Potion"},{"floor":13.0,"key":"SpeedPotion"},{"floor":16.0,"key":"SkillPotion"},{"floor":18,"key":"Adrenaline Potion"},{"floor":28,"key":"Poison Potion"}],"is_trial":false,"path_per_floor":["M","M","$","?","M","E","R","E","T","?","?","E","M","$","R","B",null,"M","?","M","?","?","E","T","E","T","R","M","R","?","$","R","B"],"character_chosen":"THE_SILENT","items_purchased":["Dash","ReplayTheSpireMod:Lightbulb","Bag of Preparation","Orrery"],"campfire_rested":0,"item_purchase_floors":[3,14,31,31],"current_hp_per_floor":[70,70,70,59,59,19,19,19,19,5,5,4,4,4,4,4,70,70,70,56,56,56,35,35,25,25,40,30,45,45,45,49,0,0],"gold":0,"neow_bonus":"THREE_ENEMY_KILL","is_daily":false,"chose_seed":false,"campfire_upgraded":5,"win_rate":0.0,"timestamp":1607696913,"path_taken":["M","M","$","?","M","E","R","E","T","?","?","E","M","$","R","BOSS","M","?","M","?","?","E","?","E","T","R","?","R","?","$","R","BOSS"],"items_purchased_type":["Card","Relic","Relic","Relic"],"build_version":"2020-11-30","purchased_purges":0,"victory":false,"max_hp_per_floor":[70,70,70,70,70,70,70,70,70,70,70,70,70,70,70,70,70,70,70,70,70,70,70,70,70,70,70,70,70,49,49,49,49,49],"card_choices":[{"not_picked":["Quick Slash","Deflect"],"picked":"Prepared","floor":1.0},{"not_picked":["Outmaneuver","Slice"],"picked":"Blade Dance","floor":2.0},{"not_picked":["Sucker Punch","Blade Dance"],"picked":"Acrobatics","floor":5.0},{"not_picked":["Masterful Stab","Underhanded Strike"],"picked":"Backstab","floor":6.0},{"not_picked":["Corpse Explosion","Deadly Poison"],"picked":"Hidden Blade","floor":8.0},{"not_picked":["Deadly Poison","ReplayTheSpireMod:Shiv Toss"],"picked":"Underhanded Strike","floor":12.0},{"not_picked":["Crippling Poison","Dagger Spray"],"picked":"Sucker Punch","floor":13.0},{"not_picked":["Venomology","A Thousand Cuts"],"picked":"Bullet Time","floor":16.0},{"not_picked":["Eviscerate+1","ReplayTheSpireMod:Shiv Toss"],"picked":"Distraction","floor":18},{"not_picked":["Masterful Stab","Deflect"],"picked":"ReplayTheSpireMod:Scrap Shanks","floor":20},{"not_picked":["Flechettes","ReplayTheSpireMod:Exploit Weakness"],"picked":"ReplayTheSpireMod:Necrosis","floor":23},{"not_picked":["Setup","Outmaneuver"],"picked":"Poisoned Stab","floor":25},{"not_picked":["Draining Mist","Dagger Throw"],"picked":"Distraction+1","floor":28},{"not_picked":["PiercingWail+1","Backflip"],"picked":"Atom Bomb","floor":31},{"not_picked":["Underhanded Strike","Dagger Spray"],"picked":"Backstab","floor":31},{"not_picked":["Dodge and Roll","Flying Knee"],"picked":"Predator+1","floor":31},{"not_picked":["Flying Knee","Prepared"],"picked":"Bane","floor":31},{"not_picked":["Glass Knife","Fluid Movement+1"],"picked":"Distraction","floor":31}],"player_experience":271894,"relics_obtained":[{"floor":6.0,"key":"Shuriken"},{"floor":8.0,"key":"Oddly Smooth Stone"},{"floor":9.0,"key":"Happy Flower"},{"floor":12.0,"key":"Pen Nib"},{"floor":19,"key":"Ring of Fangs"},{"floor":19,"key":"Ring of Hypnosis"},{"floor":23,"key":"Replay:Mystery Machine"},{"floor":24,"key":"Bag of Marbles"},{"floor":25,"key":"Eternal Feather"},{"floor":26,"key":"PreservedInsect"}],"event_choices":[{"damage_healed":0.0,"max_hp_gain":0.0,"max_hp_loss":0.0,"gold_gain":75.0,"event_name":"World of Goop","player_choice":"Gather Gold","floor":4.0,"gold_loss":0.0,"damage_taken":11.0},{"damage_healed":0.0,"max_hp_gain":0.0,"max_hp_loss":0.0,"gold_gain":0.0,"event_name":"Shining Light","player_choice":"Entered Light","floor":10.0,"gold_loss":0.0,"damage_taken":14.0,"cards_upgraded":["Survivor","Hidden Blade"]},{"cards_removed":["Envenom"],"damage_healed":0,"gold_gain":0,"player_choice":"Elegance","damage_taken":0,"max_hp_gain":0,"max_hp_loss":0,"event_name":"Back to Basics","floor":22,"gold_loss":0},{"damage_healed":0,"gold_gain":0,"player_choice":"Became a vampire","damage_taken":0,"max_hp_gain":0,"max_hp_loss":21,"event_name":"Vampires","floor":30,"gold_loss":0,"cards_obtained":["Bite","Bite","Bite","Bite","Bite"]}],"is_beta":false,"boss_relics":[{"not_picked":["Astrolabe","Replay:Wanted Poster"],"picked":"Pandora\u0027s Box"}],"items_purged_floors":[],"is_endless":false,"potions_floor_spawned":[6,8,13,16,18,28],"killed_by":"Champ","ascension_level":4}}