{"host":"e7sl0pd4xxdbbdh2","time":1607697882,"event":{"mods":["BaseMod","Better Third Choice","Colored Map","Colored Powertips","Hubris","Minty Spire (QoL Compilation)","Replay The Spire","StSLib","SuperFastMode"],"gold_per_floor":[118,168,186,186,13,41,41,57,57,70,89,105,105,134,134,210,210,227,240,165,165,80,80,110,110,160,190,190,205,205,217,217,288,288,303,314,238,254,271,271,301,318,318,352,170,170,196,216,216,216,216,216,66,93,93],"floor_reached":56,"playtime":5453,"items_purged":["Strike_R","Strike_R","Strike_R","Bash"],"score":2245,"play_id":"966fd3b5-2ec8-413d-89eb-4f1c8e930652","local_time":"20201211114441","is_ascension_mode":true,"campfire_choices":[{"data":"Inflame","floor":7.0,"key":"SMITH"},{"data":"Replay:Many Hands","floor":13.0,"key":"SMITH"},{"data":"Uppercut","floor":15.0,"key":"SMITH"},{"data":"Eclipse","floor":23.0,"key":"SMITH"},{"data":"Battle Trance","floor":25.0,"key":"SMITH"},{"floor":28,"key":"REST"},{"floor":32,"key":"DIG"},{"floor":40,"key":"RECALL"},{"data":"Feel No Pain","floor":49,"key":"SMITH"},{"data":"Barricade","floor":52,"key":"SMITH"}],"circlet_count":0,"master_deck":["AscendersBane","Defend_R","Defend_R","Defend_R","Defend_R","Inflame+1","Sword Boomerang","hubris:Counter+1","Carnage","Shrug It Off","Battle Trance+1","Uppercut+1","Replay:Many Hands+1","hubris:ReadiedAction","Eclipse+1","Disarm","Run Through","Cleave","Barricade+1","Infinite Blades","Replay:Undeath\u0027s Touch","Exhume","Armaments+1","Warcry","Feel No Pain","Havoc+1","Feel No Pain+1","Sentinel","Fiend Fire","Feel No Pain","Feel No Pain"],"relics":["Burning Blood","NeowsBlessing","Replay:Wax Seal","hubris:ChampionShield","hubris:FunFungus","PreservedInsect","Omamori","hubris:GrandSneckoEye","Bronze Scales","Dead Branch","Lantern","Akabeko","Sozu","ReplayTheSpireMod:CursedCoin","MealTicket","Singing Bowl","Replay:Baseball","Replay:Mystery Machine","ReplayFunnel"],"acts_visited":["Exordium","TheCity","TheBeyond","TheEnding"],"potions_floor_usage":[27,27,55,55],"damage_taken":[{"damage":0.0,"enemies":"2 Louse","floor":1.0,"turns":1.0},{"damage":0.0,"enemies":"Cultist","floor":3.0,"turns":1.0},{"damage":0.0,"enemies":"3 Sentries","floor":6.0,"turns":1.0},{"damage":19.0,"enemies":"Small Slimes","floor":8.0,"turns":3.0},{"damage":0.0,"enemies":"2 Fungi Beasts","floor":10.0,"turns":2.0},{"damage":11.0,"enemies":"Looter","floor":11.0,"turns":2.0},{"damage":1.0,"enemies":"3 Louse","floor":12.0,"turns":5.0},{"damage":7.0,"enemies":"Lagavulin","floor":14.0,"turns":5.0},{"damage":30.0,"enemies":"Hexaghost","floor":16.0,"turns":9.0},{"damage":3.0,"enemies":"Spheric Guardian","floor":18.0,"turns":3.0},{"damage":23.0,"enemies":"Shell Parasite","floor":19.0,"turns":4.0},{"damage":8.0,"enemies":"Book of Stabbing","floor":24.0,"turns":3.0},{"damage":37,"enemies":"Gremlin Leader","floor":27,"turns":5},{"damage":0,"enemies":"3 Cultists","floor":29,"turns":3},{"damage":12,"enemies":"Snake Plant","floor":31,"turns":4},{"damage":41,"enemies":"Collector","floor":33,"turns":8},{"damage":22,"enemies":"3 Darklings","floor":35,"turns":5},{"damage":0,"enemies":"3 Shapes","floor":36,"turns":5},{"damage":19,"enemies":"Spire Growth","floor":38,"turns":3},{"damage":0,"enemies":"Maw","floor":39,"turns":12},{"damage":19,"enemies":"R_Hoarder","floor":41,"turns":10},{"damage":0,"enemies":"Sphere and 2 Shapes","floor":42,"turns":6},{"damage":22,"enemies":"Reptomancer","floor":44,"turns":8},{"damage":8,"enemies":"R_Hoarder","floor":47,"turns":4},{"damage":7,"enemies":"3 Darklings","floor":48,"turns":5},{"damage":8,"enemies":"hubris:GrandSnecko","floor":50,"turns":9},{"damage":6,"enemies":"Shield and Spear","floor":54,"turns":4},{"damage":48,"enemies":"The Heart","floor":55,"turns":10}],"seed_played":"-7815584302270427088","potions_obtained":[{"floor":3.0,"key":"Regen Potion"},{"floor":8.0,"key":"Energy Potion"},{"floor":14.0,"key":"PowerPotion"},{"floor":16.0,"key":"FearPotion"},{"floor":24.0,"key":"AttackPotion"},{"floor":27,"key":"Weak Potion"},{"floor":31,"key":"Death Potion"}],"is_trial":false,"path_per_floor":["M","?","M","?","$","E","R","M","T","M","M","M","R","E","R","B",null,"M","M","$","?","?","R","E","R","T","E","R","M","?","M","R_BF","B",null,"M","M","$","M","M","R","E","M","T","E","$","?","E","M","R","B",null,"R","$","E","B",null],"character_chosen":"IRONCLAD","items_purchased":["hubris:ChampionShield","Feel No Pain","ReplayTheSpireMod:CursedCoin","Havoc+1","Feel No Pain"],"campfire_rested":1,"item_purchase_floors":[5,37,37,37,45],"current_hp_per_floor":[74,74,75,46,46,52,52,39,39,45,40,45,45,48,48,25,63,66,49,49,49,49,49,47,47,47,30,52,58,58,52,52,17,61,45,56,56,43,70,70,75,75,75,68,78,80,84,87,87,87,87,87,87,89,52],"gold":93,"neow_bonus":"THREE_ENEMY_KILL","is_daily":false,"chose_seed":false,"campfire_upgraded":7,"win_rate":0.0,"timestamp":1607697881,"path_taken":["M","?","?","?","$","E","R","M","T","M","M","M","R","E","R","BOSS","M","M","$","?","?","R","E","R","T","E","R","M","?","?","R_BF","BOSS","M","M","$","M","M","R","E","?","T","E","$","?","E","M","R","BOSS","R","$","E","BOSS"],"items_purchased_type":["Relic","Card","Relic","Undefined","Card"],"build_version":"2020-11-30","purchased_purges":4,"victory":true,"max_hp_per_floor":[75,75,75,75,75,75,75,75,75,75,75,75,75,75,75,75,75,75,75,75,75,75,75,75,75,75,75,75,75,75,75,75,75,75,75,75,75,75,75,75,75,75,75,78,78,80,85,87,87,87,87,87,87,89,89],"card_choices":[{"not_picked":["Wild Strike","ReplayTheSpireMod:Strike From Hell"],"picked":"Inflame","floor":1.0},{"not_picked":["hubris:CleavingFinish","Wild Strike"],"picked":"Sword Boomerang","floor":3.0},{"not_picked":["Armaments","Battle Trance"],"picked":"Carnage","floor":6.0},{"not_picked":["Sever Soul","Thunderclap"],"picked":"Shrug It Off","floor":8.0},{"not_picked":["Inflame","Twin Strike"],"picked":"Battle Trance","floor":10.0},{"not_picked":["Power Through","hubris:SharpeningStone"],"picked":"Uppercut","floor":11.0},{"not_picked":["Searing Blow","Life Link"],"picked":"Replay:Many Hands","floor":12.0},{"not_picked":["Body Slam","Heavy Blade"],"picked":"hubris:ReadiedAction","floor":14.0},{"not_picked":["Berserk","Exhume"],"picked":"Eclipse","floor":16.0},{"not_picked":["Blood for Blood","Cleave","Run Through"],"picked":"SKIP","floor":18.0},{"not_picked":["Power Through+1","Pommel Strike"],"picked":"Disarm","floor":19.0},{"not_picked":["Seeing Red+1","Body Slam"],"picked":"Barricade","floor":24.0},{"not_picked":["hubris:CleavingFinish","Pummel","Body Slam"],"picked":"SKIP","floor":27},{"not_picked":["Wild Strike+1","ReplayTheSpireMod:Limb From Limb","hubris:ReadiedAction"],"picked":"SKIP","floor":29},{"not_picked":["Pommel Strike","Dark Embrace"],"picked":"Replay:Undeath\u0027s Touch","floor":31},{"not_picked":["Demonic Infusion","Immolate"],"picked":"Exhume","floor":33},{"not_picked":["Anger","ReplayTheSpireMod:Corrosion Curse+1"],"picked":"Armaments+1","floor":35},{"not_picked":["ReplayTheSpireMod:Strike From Hell","Battle Trance"],"picked":"Warcry","floor":36},{"not_picked":["hubris:ReadiedAction","Iron Wave","Battle Trance"],"picked":"SKIP","floor":38},{"not_picked":["ReplayTheSpireMod:Corrosion Curse+1","True Grit"],"picked":"Feel No Pain","floor":39},{"not_picked":["Pommel Strike","Dark Embrace+1","Armaments"],"picked":"SKIP","floor":41},{"not_picked":["Warcry","Perfected Strike"],"picked":"Sentinel","floor":42},{"not_picked":["Headbutt","Perfected Strike"],"picked":"Fiend Fire","floor":44},{"not_picked":["ReplayUltimateDefense","Secret Weapon","Impatience"],"picked":"Singing Bowl","floor":46},{"not_picked":["Shrug It Off+1","Burning Pact+1","Havoc"],"picked":"Singing Bowl","floor":47},{"not_picked":["Headbutt","Body Slam","Cleave"],"picked":"Singing Bowl","floor":48},{"not_picked":["hubris:ReadiedAction","Dropkick+1","Armaments"],"picked":"Singing Bowl","floor":54}],"player_experience":1582305,"relics_obtained":[{"floor":6.0,"key":"hubris:FunFungus"},{"floor":9.0,"key":"PreservedInsect"},{"floor":14.0,"key":"Omamori"},{"floor":24.0,"key":"Dead Branch"},{"floor":27,"key":"Lantern"},{"floor":32,"key":"Akabeko"},{"floor":41,"key":"MealTicket"},{"floor":43,"key":"Singing Bowl"},{"floor":44,"key":"Replay:Baseball"},{"floor":47,"key":"Replay:Mystery Machine"},{"floor":54,"key":"ReplayFunnel"}],"event_choices":[{"damage_healed":0.0,"max_hp_gain":0.0,"max_hp_loss":0.0,"gold_gain":50.0,"event_name":"Golden Shrine","player_choice":"Pray","floor":2.0,"gold_loss":0.0,"damage_taken":0.0},{"damage_healed":0.0,"max_hp_gain":0.0,"max_hp_loss":0.0,"gold_gain":0.0,"cards_transformed":["Strike_R","Strike_R"],"event_name":"Drug Dealer","player_choice":"Became Test Subject","floor":21.0,"gold_loss":0.0,"damage_taken":0.0,"cards_obtained":["Run Through","Cleave"]},{"damage_healed":0.0,"max_hp_gain":0.0,"max_hp_loss":0.0,"gold_gain":0.0,"event_name":"Addict","player_choice":"Obtained Relic","floor":22.0,"gold_loss":85.0,"damage_taken":0.0,"relics_obtained":["Bronze Scales"]},{"damage_healed":0,"gold_gain":0,"player_choice":"Read","damage_taken":0,"max_hp_gain":0,"max_hp_loss":0,"event_name":"The Library","floor":30,"gold_loss":0,"cards_obtained":["Infinite Blades"]},{"damage_healed":0,"gold_gain":0,"player_choice":"Memory 1","damage_taken":0,"max_hp_gain":0,"max_hp_loss":0,"event_name":"SensoryStone","floor":46,"gold_loss":0}],"is_beta":false,"boss_relics":[{"not_picked":["hubris:Stopwatch","Tiny House"],"picked":"hubris:GrandSneckoEye"},{"not_picked":["Replay:Wanted Poster","Runic Cube"],"picked":"Sozu"}],"items_purged_floors":[20,37,45,53],"is_endless":false,"potions_floor_spawned":[3,8,14,16,19,24,27,31,35,41,44,54],"ascension_level":18}}