{"host":"f7oa3d5f3fx74imu","time":1607648255,"event":{"mods":["AchievementEnabler","Aspiration","BaseMod","Better Altar","Better Third Choice","BetterRewards","Conspire","Downfall","Hubris","Infinite Spire","Lobotomy","Minty Spire (QoL Compilation)","Replay The Spire","Shop Mod","Spicy Shops","StSLib"],"gold_per_floor":[117,117,87,100,118,118,118,118],"floor_reached":7,"playtime":257,"items_purged":[],"score":59,"play_id":"3a67e7cd-e610-4cd8-ac58-a999164d5028","local_time":"20201210165735","is_ascension_mode":true,"campfire_choices":[{"floor":6,"key":"REST"}],"circlet_count":0,"master_deck":["Strike_B","Strike_B","Strike_B","Strike_B","Defend_B","Defend_B","Defend_B","Defend_B","Zap","Dualcast","Ball Lightning","WallGazer","Regret","Barrage","MeatLantern","Hologram"],"relics":["Cracked Core","CogitoBucket","infinitespire:Bottled Soul"],"acts_visited":["Exordium"],"potions_floor_usage":[7],"damage_taken":[{"damage":0,"enemies":"2 Louse","floor":1,"turns":2},{"damage":12,"enemies":"Cultist","floor":4,"turns":3},{"damage":49,"enemies":"Small Slimes","floor":5,"turns":3},{"damage":47,"enemies":"Gremlin Nob","floor":7,"turns":2}],"seed_played":"-2401979020378479947","potions_obtained":[{"floor":1,"key":"FocusPotion"},{"floor":3,"key":"Elixir"},{"floor":3,"key":"Explosive Potion"},{"floor":5,"key":"DistilledChaos"}],"is_trial":false,"path_per_floor":["M","?","?","M","M","R","E"],"character_chosen":"DEFECT","items_purchased":[],"campfire_rested":1,"item_purchase_floors":[],"current_hp_per_floor":[68,68,68,56,7,29,0,0],"gold":118,"neow_bonus":"","is_daily":false,"chose_seed":false,"campfire_upgraded":0,"win_rate":0.0,"timestamp":1607648255,"path_taken":["M","?","?","M","?","R","E"],"items_purchased_type":[],"build_version":"2020-11-30","purchased_purges":0,"victory":false,"max_hp_per_floor":[75,75,75,75,75,75,75,75],"card_choices":[{"not_picked":["ReplaySort","Heatsinks"],"picked":"Ball Lightning","floor":1},{"not_picked":["UniverseFragment","OSAHOGD"],"picked":"WallGazer","floor":1},{"not_picked":["Rebound","hubris:PowerSurge"],"picked":"Barrage","floor":4},{"not_picked":["CherryBlossoms","Bloodbath"],"picked":"MeatLantern","floor":4},{"not_picked":["Lockon","Sweeping Beam"],"picked":"Hologram","floor":5}],"player_experience":201385,"relics_obtained":[],"event_choices":[{"damage_healed":0,"gold_gain":0,"player_choice":"Box","damage_taken":0,"relics_obtained":["infinitespire:Bottled Soul"],"max_hp_gain":0,"max_hp_loss":0,"event_name":"Big Fish","floor":2,"gold_loss":0,"cards_obtained":["Regret"]},{"damage_healed":0,"gold_gain":0,"player_choice":"Bought 2 Potions","damage_taken":0,"max_hp_gain":0,"max_hp_loss":0,"event_name":"The Woman in Blue","floor":3,"gold_loss":0}],"is_beta":false,"boss_relics":[],"items_purged_floors":[],"is_endless":false,"potions_floor_spawned":[1,5],"killed_by":"Gremlin Nob","ascension_level":9}}