{"host":"agela5aetnmltfvm","time":1607694248,"event":{"mods":["BaseMod","Colored Map","Jorbs\u0027s Wanderer Trilogy","Lobotomy","Minty Spire (QoL Compilation)","Replay The Spire","StSLib","The Hierophant","The Jungle","The Runesmith"],"gold_per_floor":[116,234,234,244,76,108,108,125,125,137,137,60,78,89,89,184,184,195,195,210,210,228,228,228],"floor_reached":23,"playtime":1138,"items_purged":["Runesmith:Strike_RS"],"score":268,"play_id":"bcee83b4-c5e7-4126-960c-4d802a8038a3","local_time":"20201211214408","is_ascension_mode":false,"campfire_choices":[{"data":"Runesmith:Fortify","floor":11,"key":"SMITH"},{"data":"Runesmith:PoweredAnvil","floor":15,"key":"SMITH"}],"circlet_count":0,"master_deck":["Runesmith:Strike_RS","Runesmith:Strike_RS","Runesmith:Strike_RS","Runesmith:Defend_RS","Runesmith:Defend_RS","Runesmith:Defend_RS","Runesmith:Defend_RS","Runesmith:CraftFirestone","Runesmith:Fortify+1","Runesmith:CraftIncendium+1","Runesmith:CraftMagma","Runesmith:PoweredAnvil+1","CommonCold","Runesmith:CraftVitae","Flash of Steel","Runesmith:CraftVitae","Runesmith:Permafrost","Runesmith:Refine","Runesmith:PerfectChisel","Runesmith:CreatorForm","Runesmith:NegativeSpace+1","Runesmith:ChaoticBlast","Runesmith:ChaoticBlast","Runesmith:LightningRod"],"relics":["Runesmith:BrokenRuby","NeowsBlessing","Ring of Fury","White Beast Statue","Bottled Tornado","Busted Crown"],"acts_visited":["Exordium","TheCity"],"potions_floor_usage":[14,16,16,22,23],"damage_taken":[{"damage":0,"enemies":"Small Slimes","floor":1,"turns":1},{"damage":0,"enemies":"Jaw Worm","floor":4,"turns":1},{"damage":0,"enemies":"Gremlin Nob","floor":6,"turns":1},{"damage":1,"enemies":"2 Louse","floor":8,"turns":2},{"damage":6,"enemies":"2 Fungi Beasts","floor":10,"turns":4},{"damage":5,"enemies":"Blue Slaver","floor":13,"turns":4},{"damage":10,"enemies":"Large Slime","floor":14,"turns":5},{"damage":0,"enemies":"Hexaghost","floor":16,"turns":9},{"damage":21,"enemies":"Shell Parasite","floor":18,"turns":5},{"damage":10,"enemies":"3 Byrds","floor":20,"turns":4},{"damage":0,"enemies":"Centurion and Healer","floor":22,"turns":6},{"damage":41,"enemies":"Book of Stabbing","floor":23,"turns":5}],"seed_played":"-3831105265882098615","potions_obtained":[{"floor":4,"key":"PowerPotion"},{"floor":8,"key":"Fire Potion"},{"floor":10,"key":"BlessingOfTheForge"},{"floor":13,"key":"LifebloodPotion"},{"floor":14,"key":"SpeedPotion"},{"floor":16,"key":"FearPotion"},{"floor":18,"key":"Strength Potion"},{"floor":22,"key":"ColorlessPotion"}],"is_trial":false,"path_per_floor":["M","?","?","M","$","E","?","M","T","M","R","$","M","M","R","B",null,"M","?","M","?","M","E"],"character_chosen":"RUNESMITH_CLASS","items_purchased":["Flash of Steel","Runesmith:Permafrost"],"campfire_rested":0,"item_purchase_floors":[5,12],"current_hp_per_floor":[70,42,42,42,42,42,42,41,41,35,35,35,30,20,20,20,70,49,49,39,39,39,0,0],"gold":228,"neow_bonus":"THREE_ENEMY_KILL","is_daily":false,"chose_seed":false,"campfire_upgraded":2,"win_rate":0.0,"timestamp":1607694248,"path_taken":["M","?","?","M","$","E","?","M","T","M","R","$","M","M","R","BOSS","M","?","M","?","M","E"],"items_purchased_type":["Card","Card"],"build_version":"2020-11-30","purchased_purges":1,"victory":false,"max_hp_per_floor":[70,70,70,70,70,70,70,70,70,70,70,70,70,70,70,70,70,70,70,70,70,70,70,70],"card_choices":[{"not_picked":["Runesmith:EnergizedChisel","Runesmith:Grindstone"],"picked":"Runesmith:UnstableHammer","floor":1},{"not_picked":["Runesmith:NanitesCloud","Runesmith:Superposition"],"picked":"Runesmith:CraftIncendium","floor":2},{"not_picked":["Runesmith:HammerThrow","Runesmith:ShiftingStrike"],"picked":"Runesmith:CraftMagma","floor":2},{"not_picked":["Runesmith:CraftProtectio","Runesmith:GoWithTheFlow"],"picked":"Runesmith:PoweredAnvil","floor":2},{"not_picked":["Runesmith:StaticCage","Runesmith:EnergizedChisel"],"picked":"Runesmith:CraftVitae","floor":4},{"not_picked":["Runesmith:HammerThrow","Runesmith:CraftProtectio","Runesmith:HammerTime"],"picked":"SKIP","floor":6},{"not_picked":["Runesmith:UnstableHammer","Runesmith:LastStand"],"picked":"Runesmith:CraftVitae","floor":8},{"not_picked":["Runesmith:CraftMagma","Runesmith:NanitesCloud"],"picked":"Runesmith:Discharge","floor":10},{"not_picked":["Runesmith:HeatedChisel","Runesmith:BackupBattery"],"picked":"Runesmith:Refine","floor":13},{"not_picked":["Runesmith:GoWithTheFlow","Runesmith:EnergizedChisel"],"picked":"Runesmith:PerfectChisel","floor":14},{"not_picked":["Runesmith:LightningRod","Runesmith:MetallurgicalResearch"],"picked":"Runesmith:CreatorForm","floor":16},{"not_picked":[],"picked":"Runesmith:NegativeSpace+1","floor":18},{"not_picked":["Runesmith:HeatExchange"],"picked":"SKIP","floor":20},{"not_picked":["Runesmith:HammerThrow"],"picked":"SKIP","floor":22}],"player_experience":499827,"relics_obtained":[{"floor":3,"key":"Ring of Fury"},{"floor":6,"key":"White Beast Statue"},{"floor":9,"key":"Bottled Tornado"}],"event_choices":[{"damage_healed":0,"gold_gain":0,"player_choice":"Read","damage_taken":0,"max_hp_gain":0,"max_hp_loss":0,"event_name":"The Library","floor":19,"gold_loss":0,"cards_obtained":["Runesmith:ChaoticBlast"]},{"damage_healed":0,"gold_gain":0,"cards_transformed":["Runesmith:Discharge","Runesmith:UnstableHammer"],"player_choice":"Became Test Subject","damage_taken":0,"max_hp_gain":0,"max_hp_loss":0,"event_name":"Drug Dealer","floor":21,"gold_loss":0,"cards_obtained":["Runesmith:ChaoticBlast","Runesmith:LightningRod"]}],"is_beta":false,"boss_relics":[{"not_picked":["Runic Dome","Painkiller Herb"],"picked":"Busted Crown"}],"items_purged_floors":[5],"is_endless":false,"potions_floor_spawned":[4,8,10,13,14,16,18,20,22],"killed_by":"Book of Stabbing","ascension_level":0}}