{"host":"f1miojwxaupu79sp","time":1607650741,"event":{"mods":["BaseMod","Minty Spire (QoL Compilation)","Better Vampires","Shop Mod","StSLib"],"gold_per_floor":[365,109,184,359,359,359,389,389,442,442,459,478,13,28,28,133,133,143,25,25,43,43,43,69,69,137,137,137,156,176,209,209,314,314,333,383,76,76,76,76,110,161,207,207,241,260,260,280,280,280],"floor_reached":51,"playtime":17094,"items_purged":["Strike_G","Strike_G"],"score":773,"play_id":"f8895432-ddb1-4337-aa68-45bcca72b23e","local_time":"20201210203901","is_ascension_mode":true,"campfire_choices":[{"data":"Slice","floor":6,"key":"SMITH"},{"floor":8,"key":"REST"},{"data":"Poisoned Stab","floor":10,"key":"SMITH"},{"data":"Footwork","floor":15,"key":"SMITH"},{"data":"Catalyst","floor":23,"key":"SMITH"},{"data":"Footwork","floor":25,"key":"SMITH"},{"data":"Leg Sweep","floor":27,"key":"SMITH"},{"data":"Envenom","floor":32,"key":"SMITH"},{"data":"Envenom","floor":40,"key":"SMITH"},{"floor":44,"key":"REST"},{"floor":47,"key":"REST"},{"floor":49,"key":"REST"}],"circlet_count":0,"master_deck":["Defend_G","Defend_G","Defend_G","Defend_G","Survivor","Neutralize","Slice+1","Poisoned Stab+1","Escape Plan","Prepared","Footwork+1","Backflip","Envenom+1","Catalyst+1","Leg Sweep+1","Poisoned Stab","Footwork+1","Blur+1","Sucker Punch+1","Choke+1","Flechettes","Envenom+1","Cloak And Dagger+1","Infinite Blades+1","Dodge and Roll+1","PiercingWail+1","Acrobatics+1","Deflect+1","Calculated Gamble+1"],"relics":["Ring of the Snake","Omamori","Toy Ornithopter","Nunchaku","Torii","HoveringKite","Prayer Wheel","Mercury Hourglass","Ninja Scroll","Bag of Marbles","Empty Cage","Gambling Chip","StoneCalendar","Happy Flower","Toxic Egg 2","Ice Cream","Lantern","Boot"],"acts_visited":["Exordium","TheCity","TheBeyond"],"potions_floor_usage":[7,16,31,31,42,42,50,50],"damage_taken":[{"damage":0,"enemies":"Small Slimes","floor":1,"turns":5},{"damage":18,"enemies":"3 Sentries","floor":7,"turns":18},{"damage":0,"enemies":"2 Louse","floor":11,"turns":2},{"damage":0,"enemies":"Jaw Worm","floor":12,"turns":3},{"damage":0,"enemies":"3 Louse","floor":14,"turns":4},{"damage":6,"enemies":"The Guardian","floor":16,"turns":13},{"damage":0,"enemies":"Chosen","floor":18,"turns":5},{"damage":1,"enemies":"Shell Parasite","floor":21,"turns":7},{"damage":1,"enemies":"Book of Stabbing","floor":24,"turns":10},{"damage":0,"enemies":"3 Cultists","floor":29,"turns":7},{"damage":7,"enemies":"Sentry and Sphere","floor":30,"turns":9},{"damage":2,"enemies":"Gremlin Leader","floor":31,"turns":5},{"damage":29,"enemies":"Champ","floor":33,"turns":14},{"damage":1,"enemies":"3 Darklings","floor":35,"turns":6},{"damage":1,"enemies":"Mind Bloom Boss Battle","floor":36,"turns":6},{"damage":1,"enemies":"Giant Head","floor":41,"turns":7},{"damage":47,"enemies":"2 Orb Walkers","floor":42,"turns":7},{"damage":33,"enemies":"Reptomancer","floor":45,"turns":7},{"damage":0,"enemies":"3 Shapes","floor":46,"turns":4},{"damage":0,"enemies":"Writhing Mass","floor":48,"turns":5},{"damage":3,"enemies":"Awakened One","floor":50,"turns":12}],"seed_played":"8258058891344011250","potions_obtained":[{"floor":1,"key":"Fire Potion"},{"floor":12,"key":"GamblersBrew"},{"floor":14,"key":"LiquidBronze"},{"floor":24,"key":"Swift Potion"},{"floor":29,"key":"Fire Potion"},{"floor":33,"key":"Dexterity Potion"},{"floor":36,"key":"FearPotion"},{"floor":41,"key":"DuplicationPotion"},{"floor":45,"key":"SpeedPotion"},{"floor":48,"key":"SkillPotion"}],"is_trial":false,"path_per_floor":["M","$","?","?","?","R","E","R","T","R","M","M","$","M","R","B",null,"M","$","?","M","?","R","E","R","T","R","?","M","M","E","R","B",null,"M","?","$","?","T","R","E","?","T","R","E","M","R","M","R","B",null],"character_chosen":"THE_SILENT","items_purchased":["Slice","Omamori","Footwork","Torii","Leg Sweep","Poisoned Stab","StoneCalendar"],"campfire_rested":4,"item_purchase_floors":[2,2,13,13,19,19,37],"current_hp_per_floor":[63,63,52,52,45,45,27,45,45,45,45,45,45,45,45,44,63,63,63,63,62,62,62,61,61,61,61,61,61,54,62,62,33,63,62,61,61,61,61,61,60,23,23,41,8,8,26,26,44,51],"gold":280,"neow_bonus":"TWO_FIFTY_GOLD","is_daily":false,"chose_seed":false,"campfire_upgraded":8,"win_rate":0,"timestamp":1607650741,"path_taken":["M","$","?","?","?","R","E","R","T","R","M","M","?","M","R","BOSS","M","$","?","M","?","R","E","R","T","R","?","M","M","E","R","BOSS","M","?","$","?","?","R","E","?","T","R","E","M","R","M","R","BOSS"],"build_version":"2020-11-30","purchased_purges":2,"victory":true,"max_hp_per_floor":[63,63,63,63,63,63,63,63,63,63,63,63,63,63,63,63,63,63,63,63,63,63,63,63,63,63,63,63,63,63,63,63,63,63,63,63,63,63,63,63,63,63,63,63,63,63,63,63,63,63],"card_choices":[{"not_picked":["Choke","Bane","Cloak And Dagger"],"picked":"SKIP","floor":1},{"not_picked":["Dodge and Roll","Sucker Punch"],"picked":"Poisoned Stab","floor":7},{"not_picked":["Cloak And Dagger","Blade Dance"],"picked":"Escape Plan","floor":11},{"not_picked":["Terror","Masterful Stab"],"picked":"Prepared","floor":12},{"not_picked":["Infinite Blades","Dagger Spray"],"picked":"Backflip","floor":14},{"not_picked":["Unload","Bullet Time"],"picked":"Envenom","floor":16},{"not_picked":["Underhanded Strike","Outmaneuver+1"],"picked":"Catalyst","floor":18},{"not_picked":["Cloak And Dagger","Sucker Punch"],"picked":"Footwork","floor":21},{"not_picked":["Underhanded Strike","Skewer"],"picked":"Blur+1","floor":21},{"not_picked":["All Out Attack+1","Reflex","Prepared"],"picked":"SKIP","floor":24},{"not_picked":["Footwork","Backflip"],"picked":"Sucker Punch+1","floor":29},{"not_picked":["Eviscerate","Quick Slash","Outmaneuver+1"],"picked":"SKIP","floor":29},{"not_picked":["Tools of the Trade","Prepared+1"],"picked":"Choke+1","floor":30},{"not_picked":["Dodge and Roll","Eviscerate","Quick Slash"],"picked":"SKIP","floor":30},{"not_picked":["Dagger Spray+1","Outmaneuver"],"picked":"Flechettes","floor":31},{"not_picked":["Bullet Time","Doppelganger"],"picked":"Envenom","floor":33},{"not_picked":["Dagger Throw+1","Accuracy+1"],"picked":"Cloak And Dagger+1","floor":35},{"not_picked":["Reflex+1","All Out Attack","Flying Knee"],"picked":"SKIP","floor":35},{"not_picked":["Quick Slash","Heel Hook"],"picked":"Infinite Blades+1","floor":41},{"not_picked":["Slice","Expertise+1"],"picked":"Dodge and Roll+1","floor":42},{"not_picked":["Deadly Poison+1","Sucker Punch"],"picked":"PiercingWail+1","floor":45},{"not_picked":["Cloak And Dagger+1","Deadly Poison+1"],"picked":"Acrobatics+1","floor":46},{"not_picked":["Eviscerate+1","Tactician+1","Outmaneuver+1"],"picked":"SKIP","floor":46},{"not_picked":["Blade Dance+1","Deadly Poison+1"],"picked":"Deflect+1","floor":48},{"not_picked":["Calculated Gamble+1","Quick Slash+1","Doppelganger+1"],"picked":"SKIP","floor":48},{"not_picked":["Quick Slash+1","Doppelganger+1"],"picked":"Calculated Gamble+1","floor":48}],"player_experience":322426,"relics_obtained":[{"floor":7,"key":"Toy Ornithopter"},{"floor":9,"key":"Nunchaku"},{"floor":24,"key":"Mercury Hourglass"},{"floor":26,"key":"Ninja Scroll"},{"floor":31,"key":"Bag of Marbles"},{"floor":36,"key":"Gambling Chip"},{"floor":39,"key":"Happy Flower"},{"floor":41,"key":"Toxic Egg 2"},{"floor":42,"key":"Ice Cream"},{"floor":43,"key":"Lantern"},{"floor":45,"key":"Boot"}],"event_choices":[{"damage_healed":0,"gold_gain":75,"player_choice":"Gather Gold","damage_taken":11,"max_hp_gain":0,"max_hp_loss":0,"event_name":"World of Goop","floor":3,"gold_loss":0},{"damage_healed":0,"gold_gain":175,"player_choice":"AGREE","damage_taken":0,"max_hp_gain":0,"max_hp_loss":0,"event_name":"Liars Game","floor":4,"gold_loss":0,"cards_obtained":["Doubt"]},{"cards_removed":["Strike_G"],"damage_healed":0,"gold_gain":0,"player_choice":"Card Removal","damage_taken":7,"max_hp_gain":0,"max_hp_loss":0,"event_name":"Golden Wing","floor":5,"gold_loss":0},{"damage_healed":0,"gold_gain":0,"player_choice":"Opened","damage_taken":0,"relics_obtained":["Prayer Wheel"],"max_hp_gain":0,"max_hp_loss":0,"event_name":"The Mausoleum","floor":20,"gold_loss":0},{"damage_healed":0,"gold_gain":0,"player_choice":"Ignored","damage_taken":0,"max_hp_gain":0,"max_hp_loss":0,"event_name":"Ghosts","floor":22,"gold_loss":0},{"cards_removed":["Strike_G"],"damage_healed":0,"gold_gain":0,"player_choice":"Card Removal","damage_taken":0,"max_hp_gain":0,"max_hp_loss":0,"event_name":"Wheel of Change","floor":28,"gold_loss":0},{"damage_healed":0,"gold_gain":0,"player_choice":"Fight","damage_taken":0,"max_hp_gain":0,"max_hp_loss":0,"event_name":"MindBloom","floor":36,"gold_loss":0},{"damage_healed":0,"gold_gain":0,"player_choice":"Memory 1","damage_taken":0,"max_hp_gain":0,"max_hp_loss":0,"event_name":"SensoryStone","floor":38,"gold_loss":0},{"damage_healed":0,"gold_gain":0,"player_choice":"Fight","damage_taken":0,"max_hp_gain":0,"max_hp_loss":0,"event_name":"Mysterious Sphere","floor":42,"gold_loss":0}],"is_beta":false,"boss_relics":[{"not_picked":["Runic Pyramid","Sozu"],"picked":"HoveringKite"},{"not_picked":["Busted Crown","Astrolabe"],"picked":"Empty Cage"}],"items_purged_floors":[2,13],"is_endless":false,"potions_floor_spawned":[1,12,14,24,29,33,36,41,45,48],"ascension_level":1}}