{"host":"m6aaltr68g9tvoay","time":1607654553,"event":{"mods":["AchievementEnabler","BaseMod","Colored Map","Minty Spire (QoL Compilation)","StSLib"],"gold_per_floor":[121,98,123,180,192,204,59,75,102,102,121,139,139,152,152,226,226,237,237,35,67,85,85,102,102,102],"floor_reached":25,"playtime":735,"items_purged":["Strike_G+1"],"score":376,"play_id":"0927bc01-6695-484f-8b01-15517c85bc90","local_time":"20201210184233","is_ascension_mode":true,"campfire_choices":[{"data":"Dagger Spray","floor":6.0,"key":"SMITH"},{"data":"Cloak And Dagger","floor":10.0,"key":"SMITH"},{"data":"Neutralize","floor":15.0,"key":"SMITH"},{"floor":23,"key":"REST"}],"circlet_count":0,"master_deck":["AscendersBane","Strike_G+1","Strike_G+1","Strike_G+1","Strike_G+1","Defend_G+1","Defend_G+1","Defend_G+1","Defend_G+1","Defend_G+1","Survivor","Neutralize","Blade Dance","Dagger Spray+1","Neutralize+1","Footwork","Die Die Die+1","Cloak And Dagger+1","Crippling Poison","PiercingWail","Envenom","Noxious Fumes","Bane"],"relics":["Ring of the Snake","MawBank","Juzu Bracelet","Whetstone","Busted Crown","Membership Card","Red Mask"],"acts_visited":["Exordium","TheCity"],"potions_floor_usage":[21,24],"damage_taken":[{"damage":4.0,"enemies":"Small Slimes","floor":1.0,"turns":3.0},{"damage":3.0,"enemies":"Jaw Worm","floor":3.0,"turns":4.0},{"damage":1.0,"enemies":"Cultist","floor":8.0,"turns":4.0},{"damage":2.0,"enemies":"Gremlin Gang","floor":11.0,"turns":2.0},{"damage":5.0,"enemies":"Blue Slaver","floor":12.0,"turns":3.0},{"damage":4.0,"enemies":"2 Fungi Beasts","floor":14.0,"turns":2.0},{"damage":11.0,"enemies":"Hexaghost","floor":16.0,"turns":9.0},{"damage":10.0,"enemies":"2 Thieves","floor":18.0,"turns":3.0},{"damage":0,"enemies":"Masked Bandits","floor":21,"turns":2},{"damage":22,"enemies":"Spheric Guardian","floor":22,"turns":6},{"damage":23,"enemies":"Shelled Parasite and Fungi","floor":24,"turns":6},{"damage":48,"enemies":"Slavers","floor":25,"turns":3}],"seed_played":"3967682691238152560","potions_obtained":[{"floor":8.0,"key":"Strength Potion"},{"floor":11.0,"key":"PowerPotion"},{"floor":21,"key":"Ancient Potion"},{"floor":22,"key":"BlessingOfTheForge"}],"is_trial":false,"path_per_floor":["M","?","M","T","?","R","$","M","T","R","M","M","?","M","R","B",null,"M","?","$","?","M","R","M","E"],"character_chosen":"THE_SILENT","items_purchased":["Die Die Die","Membership Card"],"campfire_rested":1,"item_purchase_floors":[7,20],"current_hp_per_floor":[55,66,63,63,63,63,63,62,62,62,60,55,76,72,72,61,72,62,62,62,62,40,62,39,0,0],"gold":102,"neow_bonus":"RANDOM_COMMON_RELIC","is_daily":false,"chose_seed":false,"campfire_upgraded":3,"win_rate":0.0,"timestamp":1607654553,"path_taken":["M","?","M","?","?","R","$","M","T","R","M","M","?","M","R","BOSS","M","?","$","?","M","R","M","E"],"items_purchased_type":["Card","Relic"],"build_version":"2020-11-30","purchased_purges":1,"victory":false,"max_hp_per_floor":[66,66,66,66,66,66,66,66,66,66,66,66,76,76,76,76,76,76,76,76,76,76,76,76,76,76],"card_choices":[{"not_picked":["Dodge and Roll","Dagger Throw"],"picked":"Blade Dance","floor":1.0},{"not_picked":["Setup","Blur"],"picked":"Dagger Spray","floor":3.0},{"not_picked":["Phantasmal Killer","Reflex"],"picked":"Cloak And Dagger","floor":8.0},{"not_picked":["Deadly Poison","Poisoned Stab"],"picked":"Crippling Poison","floor":11.0},{"not_picked":["Escape Plan","Acrobatics","Sucker Punch"],"picked":"SKIP","floor":12.0},{"not_picked":["Expertise","Crippling Poison"],"picked":"PiercingWail","floor":14.0},{"not_picked":["Glass Knife","Bullet Time"],"picked":"Envenom","floor":16.0},{"not_picked":[],"picked":"Noxious Fumes","floor":18.0},{"not_picked":["Blade Dance"],"picked":"SKIP","floor":22},{"not_picked":[],"picked":"Bane","floor":24}],"player_experience":1216675,"relics_obtained":[{"floor":4.0,"key":"Juzu Bracelet"},{"floor":9.0,"key":"Whetstone"},{"floor":21,"key":"Red Mask"}],"event_choices":[{"damage_healed":16.0,"max_hp_gain":0.0,"max_hp_loss":0.0,"gold_gain":0.0,"event_name":"The Cleric","player_choice":"Healed","floor":2.0,"gold_loss":35.0,"damage_taken":0.0},{"damage_healed":0.0,"max_hp_gain":0.0,"max_hp_loss":0.0,"gold_gain":0.0,"event_name":"Match and Keep!","player_choice":"3 cards matched","floor":5.0,"gold_loss":0.0,"damage_taken":0.0,"cards_obtained":["Neutralize","Night Terror","Footwork"]},{"cards_removed":["Night Terror"],"damage_healed":11.0,"max_hp_gain":10.0,"max_hp_loss":0.0,"gold_gain":0.0,"event_name":"Bonfire Elementals","player_choice":"Offered Rare","floor":13.0,"gold_loss":0.0,"damage_taken":0.0},{"damage_healed":0.0,"max_hp_gain":0.0,"max_hp_loss":0.0,"gold_gain":0.0,"event_name":"Back to Basics","player_choice":"Simplicity","floor":19.0,"gold_loss":0.0,"damage_taken":0.0,"cards_upgraded":["Strike_G","Strike_G","Strike_G","Strike_G","Defend_G","Defend_G","Defend_G","Defend_G","Defend_G"]},{"damage_healed":0,"gold_gain":0,"player_choice":"Fought Bandits","damage_taken":0,"max_hp_gain":0,"max_hp_loss":0,"event_name":"Masked Bandits","floor":21,"gold_loss":0}],"is_beta":false,"boss_relics":[{"not_picked":["Sozu","Cursed Key"],"picked":"Busted Crown"}],"items_purged_floors":[20],"is_endless":false,"potions_floor_spawned":[8,11,14,21,22],"killed_by":"Slavers","ascension_level":19}}