{"host":"diimjn7l8zzl9nqr","time":1607672505,"event":{"mods":["BaseMod","DeckTracker","Keyboard Shortcuts","Minty Spire (QoL Compilation)","Permanent Neow","Quick Restart","StSLib","SuperFastMode"],"gold_per_floor":[113,125,139,154,29,29,54,54,122,147,166,182,182,199,199,199,199],"floor_reached":16,"playtime":416,"items_purged":["Strike_G"],"score":131,"play_id":"49ee2f31-1770-498d-b373-324737728c78","local_time":"20201211164145","is_ascension_mode":true,"campfire_choices":[{"data":"Poisoned Stab","floor":6.0,"key":"SMITH"},{"data":"Accuracy","floor":8.0,"key":"SMITH"},{"floor":13.0,"key":"REST"},{"floor":15.0,"key":"REST"}],"circlet_count":0,"master_deck":["Strike_G","Strike_G","Strike_G","Strike_G","Defend_G","Defend_G","Defend_G","Defend_G","Defend_G","Survivor","Neutralize+1","Quick Slash","All Out Attack","Dagger Throw","Well Laid Plans","Poisoned Stab+1","Accuracy+1","Bouncing Flask","Acrobatics","Deadly Poison","Prepared"],"relics":["Ring of the Snake","TungstenRod","Matryoshka","Happy Flower"],"acts_visited":["Exordium"],"potions_floor_usage":[],"damage_taken":[{"damage":1.0,"enemies":"Jaw Worm","floor":1.0,"turns":5.0},{"damage":0.0,"enemies":"2 Louse","floor":2.0,"turns":2.0},{"damage":0.0,"enemies":"Small Slimes","floor":3.0,"turns":2.0},{"damage":1.0,"enemies":"Exordium Wildlife","floor":4.0,"turns":2.0},{"damage":19.0,"enemies":"3 Sentries","floor":7.0,"turns":6.0},{"damage":20.0,"enemies":"Gremlin Nob","floor":10.0,"turns":4.0},{"damage":3.0,"enemies":"Large Slime","floor":11.0,"turns":4.0},{"damage":4.0,"enemies":"Looter","floor":12.0,"turns":3.0},{"damage":21.0,"enemies":"Gremlin Gang","floor":14.0,"turns":3.0},{"damage":0,"enemies":"The Guardian","floor":16,"turns":1}],"seed_played":"5252018719487912384","potions_obtained":[{"floor":3.0,"key":"LiquidBronze"},{"floor":4.0,"key":"FearPotion"}],"is_trial":false,"path_per_floor":["M","M","M","M","$","R","E","R","T","E","M","M","R","M","R","B"],"character_chosen":"THE_SILENT","items_purchased":["Poisoned Stab"],"campfire_rested":2,"item_purchase_floors":[5],"current_hp_per_floor":[69,69,69,68,68,68,49,49,49,29,26,22,43,22,43,43,43],"gold":199,"neow_bonus":"UPGRADE_CARD","is_daily":false,"chose_seed":false,"campfire_upgraded":2,"win_rate":0.0,"timestamp":1607672505,"path_taken":["M","M","M","M","$","R","E","R","T","E","M","M","R","M","R","BOSS"],"items_purchased_type":["Card"],"build_version":"2020-11-30","purchased_purges":1,"victory":false,"max_hp_per_floor":[70,70,70,70,70,70,70,70,70,70,70,70,70,70,70,70,70],"card_choices":[{"not_picked":["Choke","Eviscerate"],"picked":"Quick Slash","floor":1.0},{"not_picked":["Acrobatics","Riddle With Holes"],"picked":"All Out Attack","floor":2.0},{"not_picked":["Flechettes","Deflect"],"picked":"Dagger Throw","floor":3.0},{"not_picked":["PiercingWail","Outmaneuver"],"picked":"Well Laid Plans","floor":4.0},{"not_picked":["Concentrate","Prepared"],"picked":"Accuracy","floor":7.0},{"not_picked":["All Out Attack","Wraith Form v2"],"picked":"Bouncing Flask","floor":10.0},{"not_picked":["Dagger Spray","Prepared"],"picked":"Acrobatics","floor":11.0},{"not_picked":["Bane","Poisoned Stab"],"picked":"Deadly Poison","floor":12.0},{"not_picked":["Outmaneuver","Dagger Spray"],"picked":"Prepared","floor":14.0}],"player_experience":77113,"relics_obtained":[{"floor":7.0,"key":"TungstenRod"},{"floor":9.0,"key":"Matryoshka"},{"floor":10.0,"key":"Happy Flower"}],"event_choices":[],"is_beta":false,"boss_relics":[],"items_purged_floors":[5],"is_endless":false,"potions_floor_spawned":[3,4,7],"killed_by":"The Guardian","ascension_level":3}}