{"host":"2pgz2fctomabfk86","time":1607696957,"event":{"mods":["AchievementEnabler","BaseMod","Colored Map","DeckTracker","Minty Spire (QoL Compilation)","StSLib","SuperFastMode"],"gold_per_floor":[112,112,112,112,112,37,69,69,94,108,124,154,179,193,193,269,269,283,283,294,102,115,115,15,27,27,27,42,58,58,126,126,205,205,216,228,240,257,95,95,114,114,114,139,155,155,155,165,165,165,165],"floor_reached":50,"playtime":7239,"items_purged":["Strike_G","Defend_G","Strike_G","Strike_G"],"score":886,"play_id":"fe3a00cf-17c3-41a3-90eb-f1b6d2fc95f0","local_time":"20201211232917","is_ascension_mode":true,"campfire_choices":[{"data":"Endless Agony","floor":8.0,"key":"SMITH"},{"data":"Finisher","floor":15.0,"key":"SMITH"},{"data":"Cloak And Dagger","floor":23.0,"key":"SMITH"},{"data":"Phantasmal Killer","floor":32.0,"key":"SMITH"},{"data":"Choke","floor":40.0,"key":"SMITH"},{"floor":46.0,"key":"REST"},{"floor":49.0,"key":"REST"}],"circlet_count":0,"master_deck":["AscendersBane","Defend_G","Defend_G","Defend_G","Defend_G","Survivor","Neutralize","Endless Agony+1","Doppelganger","Acrobatics","Deadly Poison","Blade Dance","Outmaneuver","Finisher+1","Phantasmal Killer+1","Expertise+1","Cloak And Dagger+1","Masterful Stab","Footwork","Backflip","Backstab","Choke+1","Wraith Form v2","Acrobatics","Escape Plan","Accuracy","PiercingWail"],"relics":["Ring of the Snake","NeowsBlessing","Ornamental Fan","The Courier","PreservedInsect","Thread and Needle","Sozu","HornCleat","Busted Crown","Singing Bowl","Torii","CaptainsWheel"],"acts_visited":["Exordium","TheCity","TheBeyond"],"potions_floor_usage":[],"damage_taken":[{"damage":0.0,"enemies":"Small Slimes","floor":1.0,"turns":1.0},{"damage":0.0,"enemies":"3 Sentries","floor":7.0,"turns":1.0},{"damage":0.0,"enemies":"Jaw Worm","floor":10.0,"turns":1.0},{"damage":1.0,"enemies":"2 Louse","floor":11.0,"turns":3.0},{"damage":9.0,"enemies":"Gremlin Nob","floor":13.0,"turns":4.0},{"damage":0.0,"enemies":"Large Slime","floor":14.0,"turns":7.0},{"damage":21.0,"enemies":"Hexaghost","floor":16.0,"turns":11.0},{"damage":22.0,"enemies":"Chosen","floor":18.0,"turns":5.0},{"damage":19.0,"enemies":"3 Byrds","floor":20.0,"turns":4.0},{"damage":0.0,"enemies":"Sentry and Sphere","floor":22.0,"turns":4.0},{"damage":8.0,"enemies":"Shelled Parasite and Fungi","floor":25.0,"turns":4.0},{"damage":13.0,"enemies":"Snake Plant","floor":28.0,"turns":4.0},{"damage":1.0,"enemies":"Snecko","floor":29.0,"turns":3.0},{"damage":38.0,"enemies":"Champ","floor":33.0,"turns":10.0},{"damage":0.0,"enemies":"3 Darklings","floor":35.0,"turns":4.0},{"damage":0.0,"enemies":"3 Shapes","floor":36.0,"turns":6.0},{"damage":0.0,"enemies":"Sphere and 2 Shapes","floor":37.0,"turns":7.0},{"damage":0.0,"enemies":"Jaw Worm Horde","floor":38.0,"turns":3.0},{"damage":34.0,"enemies":"Spire Growth","floor":41.0,"turns":6.0},{"damage":0.0,"enemies":"Mind Bloom Boss Battle","floor":44.0,"turns":2.0},{"damage":1.0,"enemies":"Writhing Mass","floor":45.0,"turns":3.0},{"damage":0.0,"enemies":"Maw","floor":48.0,"turns":5.0},{"damage":54,"enemies":"Time Eater","floor":50,"turns":4}],"seed_played":"6723072740435361635","potions_obtained":[{"floor":10.0,"key":"Regen Potion"},{"floor":14.0,"key":"Fire Potion"},{"floor":16.0,"key":"CultistPotion"}],"is_trial":false,"path_per_floor":["M","?","?","?","?","$","E","R","T","M","M","?","E","M","R","B",null,"M","?","M","$","M","R","$","M","T","$","M","M","?","T","R","B",null,"M","M","M","M","$","R","M","?","T","?","M","R","T","M","R","B"],"character_chosen":"THE_SILENT","items_purchased":["Footwork","Backflip","Acrobatics"],"campfire_rested":2,"item_purchase_floors":[21,21,39],"current_hp_per_floor":[59,59,59,33,33,33,33,33,33,33,32,32,37,37,37,16,54,32,32,13,13,13,13,13,5,5,5,42,41,41,41,41,3,50,50,50,50,50,50,50,16,16,16,16,15,34,34,34,53,0,0],"gold":165,"neow_bonus":"THREE_ENEMY_KILL","is_daily":false,"chose_seed":false,"campfire_upgraded":5,"win_rate":0.0,"timestamp":1607696957,"path_taken":["M","?","?","?","?","?","E","R","T","M","?","?","E","M","R","BOSS","M","?","M","$","M","R","$","M","T","$","M","M","?","?","R","BOSS","M","M","M","M","$","R","M","?","T","?","M","R","?","M","R","BOSS"],"items_purchased_type":["Card","Card","Card"],"build_version":"2020-11-30","purchased_purges":4,"victory":false,"max_hp_per_floor":[66,66,66,66,66,66,66,66,66,66,66,66,66,66,66,66,66,66,66,66,66,66,66,66,66,66,66,66,66,66,66,66,66,66,66,66,66,66,66,66,66,66,66,66,66,66,66,66,66,66,66],"card_choices":[{"not_picked":["Deflect","Dagger Throw"],"picked":"Endless Agony","floor":1.0},{"not_picked":["Underhanded Strike","Backflip"],"picked":"Acrobatics","floor":7.0},{"not_picked":["Bane","Outmaneuver"],"picked":"Deadly Poison","floor":10.0},{"not_picked":["Flying Knee","Heel Hook"],"picked":"Blade Dance","floor":11.0},{"not_picked":["Concentrate","Setup"],"picked":"Outmaneuver","floor":13.0},{"not_picked":["Corpse Explosion","Infinite Blades"],"picked":"Finisher","floor":14.0},{"not_picked":["Wraith Form v2","Envenom"],"picked":"Phantasmal Killer","floor":16.0},{"not_picked":["Slice","Deadly Poison"],"picked":"Expertise+1","floor":18.0},{"not_picked":["Slice","Cloak And Dagger"],"picked":"Masterful Stab","floor":20.0},{"not_picked":["Heel Hook","Escape Plan+1"],"picked":"Backstab","floor":22.0},{"not_picked":["Slice","Concentrate","Sucker Punch+1"],"picked":"SKIP","floor":25.0},{"not_picked":["Endless Agony","Blade Dance","Cloak And Dagger"],"picked":"SKIP","floor":28.0},{"not_picked":["Prepared","PiercingWail"],"picked":"Choke","floor":29.0},{"not_picked":["Burst","Envenom"],"picked":"Wraith Form v2","floor":33.0},{"not_picked":["Caltrops"],"picked":"SKIP","floor":35.0},{"not_picked":["Deadly Poison+1"],"picked":"SKIP","floor":36.0},{"not_picked":["Infinite Blades"],"picked":"SKIP","floor":37.0},{"not_picked":["Skewer"],"picked":"SKIP","floor":38.0},{"not_picked":["Infinite Blades"],"picked":"SKIP","floor":41.0},{"not_picked":[],"picked":"Escape Plan","floor":44.0},{"not_picked":[],"picked":"Accuracy","floor":45.0},{"not_picked":[],"picked":"PiercingWail","floor":48.0}],"player_experience":895338,"relics_obtained":[{"floor":7.0,"key":"The Courier"},{"floor":9.0,"key":"PreservedInsect"},{"floor":13.0,"key":"Thread and Needle"},{"floor":31.0,"key":"HornCleat"},{"floor":43.0,"key":"Singing Bowl"},{"floor":44.0,"key":"Torii"},{"floor":47.0,"key":"CaptainsWheel"}],"event_choices":[{"damage_healed":0.0,"max_hp_gain":0.0,"max_hp_loss":0.0,"gold_gain":0.0,"event_name":"Shining Light","player_choice":"Ignored","floor":2.0,"gold_loss":0.0,"damage_taken":0.0},{"damage_healed":0.0,"max_hp_gain":0.0,"max_hp_loss":0.0,"gold_gain":0.0,"event_name":"Liars Game","player_choice":"Ignored","floor":3.0,"gold_loss":0.0,"damage_taken":0.0},{"damage_healed":0.0,"max_hp_gain":0.0,"max_hp_loss":0.0,"gold_gain":0.0,"event_name":"Scrap Ooze","player_choice":"Success","floor":4.0,"gold_loss":0.0,"damage_taken":26.0,"relics_obtained":["Ornamental Fan"]},{"damage_healed":0.0,"max_hp_gain":0.0,"max_hp_loss":0.0,"gold_gain":0.0,"cards_transformed":["Strike_G"],"event_name":"Living Wall","player_choice":"Change","floor":5.0,"gold_loss":0.0,"damage_taken":0.0,"cards_obtained":["Doppelganger"]},{"damage_healed":0.0,"max_hp_gain":0.0,"max_hp_loss":0.0,"gold_gain":30.0,"event_name":"Dead Adventurer","player_choice":"Searched \u00272\u0027 times","floor":12.0,"gold_loss":0.0,"damage_taken":0.0},{"damage_healed":0.0,"max_hp_gain":0.0,"max_hp_loss":0.0,"gold_gain":0.0,"event_name":"The Library","player_choice":"Read","floor":19.0,"gold_loss":0.0,"damage_taken":0.0,"cards_obtained":["Cloak And Dagger"]},{"cards_removed":["Strike_G"],"damage_healed":0.0,"max_hp_gain":0.0,"max_hp_loss":0.0,"gold_gain":0.0,"event_name":"Back to Basics","player_choice":"Elegance","floor":30.0,"gold_loss":0.0,"damage_taken":0.0},{"damage_healed":0.0,"max_hp_gain":0.0,"max_hp_loss":0.0,"gold_gain":0.0,"event_name":"Tomb of Lord Red Mask","player_choice":"Ignored","floor":42.0,"gold_loss":0.0,"damage_taken":0.0},{"damage_healed":0.0,"max_hp_gain":0.0,"max_hp_loss":0.0,"gold_gain":0.0,"event_name":"MindBloom","player_choice":"Fight","floor":44.0,"gold_loss":0.0,"damage_taken":0.0}],"is_beta":false,"boss_relics":[{"not_picked":["Velvet Choker","Astrolabe"],"picked":"Sozu"},{"not_picked":["Runic Dome","Calling Bell"],"picked":"Busted Crown"}],"items_purged_floors":[6,21,24,39],"is_endless":false,"potions_floor_spawned":[10,14,16,18,20,25,36,44,45],"killed_by":"Time Eater","ascension_level":17}}