{"host":"Crutt","time":1607663821,"event":{"mods":["Aspiration","BaseMod","Downfall","Googly Eyes","Minty Spire (QoL Compilation)","Spicy Shops","StSLib"],"gold_per_floor":[99,126,156,331,14,14,40,40,59,59,59,59,69,79,95,200,200,200,215,227,239,270,300,312,324,336,336],"floor_reached":26,"playtime":947,"items_purged":[],"score":296,"play_id":"5ae52025-684a-4d3a-a877-508f40a33db6","local_time":"20201210231701","is_ascension_mode":true,"campfire_choices":[{"data":"Trip","floor":1,"key":"SMITH"},{"data":"sneckomod:DiceBoulder","floor":6,"key":"SMITH"},{"data":"sneckomod:DiceBoulder+1","floor":8,"key":"SMITH"},{"floor":10,"key":"REST"},{"data":"sneckomod:DiceBoulder+2","floor":18,"key":"SMITH"},{"data":"sneckomod:DiceBoulder+3","floor":20,"key":"SMITH"}],"circlet_count":0,"master_deck":["sneckomod:Strike","sneckomod:Strike","sneckomod:Strike","sneckomod:Defend","sneckomod:Defend","sneckomod:Defend","sneckomod:TailWhip","sneckomod:SnekBite","sneckomod:Unknown","sneckomod:Unknown","Trip+1","sneckomod:UnknownDexterity","sneckomod:UnknownX","expansioncontent:PolyBeam","sneckomod:DiceBoulder+4","sneckomod:PureSnecko","Injury","sneckomod:UnknownVulnerable+1","sneckomod:UnknownClassGREEN+1","sneckomod:UnknownBlock+1","sneckomod:Transmogrify+1","sneckomod:UnknownBlock+1","sneckomod:UnknownClassRED+1","sneckomod:UnknownClassPURPLE+1"],"relics":["sneckomod:SneckoSoul","Ancient Tea Set","Toxic Egg 2","sneckomod:SneckoTalon","MawBank","PreservedInsect","FossilizedHelix"],"acts_visited":["Exordium","TheCity"],"potions_floor_usage":[14,16,16,16,16,16,22],"damage_taken":[{"damage":44,"enemies":"Gremlin Nob","floor":2,"turns":5},{"damage":5,"enemies":"downfall:FleeingMerchant","floor":5,"turns":4},{"damage":0,"enemies":"2 Louse","floor":9,"turns":2},{"damage":0,"enemies":"Jaw Worm","floor":13,"turns":1},{"damage":0,"enemies":"Small Slimes","floor":14,"turns":1},{"damage":9,"enemies":"Red Slaver","floor":15,"turns":3},{"damage":34,"enemies":"downfall:Watcher","floor":16,"turns":5},{"damage":6,"enemies":"Spheric Guardian","floor":19,"turns":3},{"damage":32,"enemies":"Snake Plant","floor":22,"turns":3},{"damage":38,"enemies":"3 Cultists","floor":23,"turns":5},{"damage":14,"enemies":"Slavers","floor":26,"turns":1}],"seed_played":"-6200129941987550159","potions_obtained":[{"floor":2,"key":"Strength Potion"},{"floor":9,"key":"Swift Potion"},{"floor":14,"key":"EntropicBrew"},{"floor":16,"key":"DistilledChaos"},{"floor":19,"key":"sneckomod:MuddlingPotion"}],"is_trial":false,"path_per_floor":["R","E","?","?","$","R","T","R","M","R","?","?","M","M","M","B",null,"R","M","R","T","M","M","T","?","E"],"character_chosen":"THE_SNECKO","items_purchased":["expansioncontent:PolyBeam","sneckomod:DiceBoulder"],"campfire_rested":1,"item_purchase_floors":[5,5],"current_hp_per_floor":[81,38,38,38,34,34,34,34,34,61,61,61,62,63,55,21,77,77,72,72,72,41,4,4,4,0,0],"gold":336,"neow_bonus":"RANDOM_COLORLESS","is_daily":false,"chose_seed":false,"campfire_upgraded":5,"win_rate":0.0,"timestamp":1607663821,"path_taken":["R","E","?","?","$","R","T","R","M","R","?","?","M","M","M","BOSS","R","M","R","?","M","?","T","?","E"],"items_purchased_type":["Card","Card"],"build_version":"2020-12-07","purchased_purges":0,"victory":false,"max_hp_per_floor":[90,91,91,91,92,92,92,92,92,92,92,92,93,94,95,95,95,95,96,96,96,97,98,98,98,98,98],"card_choices":[{"not_picked":["Forethought","Impatience"],"picked":"Trip","floor":0},{"not_picked":["sneckomod:Unknown1Cost","sneckomod:Rotation"],"picked":"sneckomod:UnknownDexterity","floor":2},{"not_picked":["sneckomod:UnknownExhaust","sneckomod:Unknown1Cost"],"picked":"sneckomod:UnknownX","floor":5},{"not_picked":["sneckomod:SoulDraw","sneckomod:UnknownCommonAttack"],"picked":"sneckomod:PureSnecko","floor":9},{"not_picked":["sneckomod:UnknownStrike","sneckomod:SlitherStrike"],"picked":"sneckomod:UnknownVulnerable+1","floor":13},{"not_picked":["sneckomod:QuickMove+1","sneckomod:PureSnecko+1"],"picked":"sneckomod:UnknownClassGREEN+1","floor":14},{"not_picked":["sneckomod:IronFang","sneckomod:WideSting"],"picked":"sneckomod:UnknownBlock+1","floor":15},{"not_picked":["sneckomod:UnknownRarePower","sneckomod:Cheat+1"],"picked":"sneckomod:Transmogrify+1","floor":16},{"not_picked":["sneckomod:DiceCrush+1","sneckomod:UnknownWeak+1"],"picked":"sneckomod:UnknownBlock+1","floor":19},{"not_picked":["sneckomod:UnknownUncommonAttack","sneckomod:Unknown1Cost+1"],"picked":"sneckomod:UnknownClassRED+1","floor":22},{"not_picked":["sneckomod:UnknownVulnerable+1","sneckomod:UnknownUncommonPower"],"picked":"sneckomod:UnknownClassPURPLE+1","floor":23}],"player_experience":3050175,"relics_obtained":[{"floor":2,"key":"aspiration:DSix"},{"floor":7,"key":"MealTicket"},{"floor":19,"key":"MawBank"},{"floor":21,"key":"Vajra"},{"floor":22,"key":"PreservedInsect"},{"floor":23,"key":"FossilizedHelix"}],"event_choices":[{"cards_removed":["Doubt"],"damage_healed":0,"gold_gain":0,"player_choice":"Purged","damage_taken":0,"max_hp_gain":0,"max_hp_loss":0,"event_name":"Purifier","floor":12,"gold_loss":0}],"is_beta":true,"boss_relics":[{"not_picked":["Coffee Dripper","SlaversCollar"],"picked":"sneckomod:SneckoTalon"}],"items_purged_floors":[],"is_endless":false,"potions_floor_spawned":[2,9,14,16,19],"killed_by":"Slavers","ascension_level":9}}