{"host":"ecaj4hn004xnnrw9","time":1607646311,"event":{"mods":["BaseMod","AchievementEnabler","StSLib","Hermit","Quick Restart","Minty Spire (QoL Compilation)","Replay The Spire","The Cursed"],"gold_per_floor":[118,118,135,160,11,50,50,82,106,106,128,143,143,143,143,68,68,73,73],"floor_reached":18,"playtime":802,"items_purged":["hermit:CalledShot"],"score":126,"play_id":"1c77b602-abcc-4a5b-aaf3-24864b98dddb","local_time":"20201211002511","is_ascension_mode":true,"campfire_choices":[{"data":"hermit:Snapshot","floor":7,"key":"SMITH"},{"data":"hermit:FlashPowder","floor":10,"key":"SMITH"},{"floor":17,"key":"DIG"}],"circlet_count":0,"master_deck":["hermit:Defend_Hermit","hermit:Defend_Hermit","hermit:Defend_Hermit","hermit:Snapshot+1","hermit:Covet","Voices","Normality","hermit:Scavenge","hermit:FlashPowder+1","hermit:Covet"],"relics":["Kintsugi","DollysMirror","Nunchaku","Strawberry","Orichalcum","Ancient Tea Set","Kunai"],"acts_visited":["Exordium"],"potions_floor_usage":[6,12,12,12],"damage_taken":[{"damage":0,"enemies":"Small Slimes","floor":1,"turns":3},{"damage":0,"enemies":"2 Louse","floor":3,"turns":3},{"damage":0,"enemies":"Cultist","floor":4,"turns":5},{"damage":35,"enemies":"Gremlin Nob","floor":6,"turns":4},{"damage":32,"enemies":"Lagavulin","floor":8,"turns":6},{"damage":1,"enemies":"3 Louse","floor":11,"turns":4},{"damage":0,"enemies":"Lots of Slimes","floor":12,"turns":5},{"damage":51,"enemies":"Fading Forest","floor":18,"turns":9}],"seed_played":"3258416809094247743","potions_obtained":[{"floor":4,"key":"Adrenaline Potion"},{"floor":8,"key":"Adrenaline Potion"},{"floor":11,"key":"Regen Potion"},{"floor":12,"key":"Fruit Juice"}],"is_trial":false,"path_per_floor":["M","?","M","M","$","E","R","E","T","R","M","M","?","PTL","PTL","$","R","B"],"character_chosen":"HERMIT","items_purchased":["DollysMirror"],"campfire_rested":0,"item_purchase_floors":[5],"current_hp_per_floor":[75,75,75,75,75,40,40,15,15,15,14,33,30,30,30,30,30,0,0],"gold":73,"neow_bonus":"BOSS_RELIC","is_daily":false,"chose_seed":false,"campfire_upgraded":2,"win_rate":0,"timestamp":1607646311,"path_taken":["M","?","M","M","$","E","R","E","T","R","M","M","?","PTL","PTL","$","R","BOSS"],"build_version":"2020-11-30","purchased_purges":1,"victory":false,"max_hp_per_floor":[75,75,75,75,75,75,75,82,82,82,82,87,87,87,87,87,87,87,87],"card_choices":[{"not_picked":["hermit:CalledShot","hermit:Shortfuse"],"picked":"hermit:Scavenge","floor":1},{"not_picked":["hermit:BodyArmor","hermit:Dive"],"picked":"hermit:FlashPowder","floor":3},{"not_picked":["hermit:Combo","hermit:BodyArmor","hermit:Midnight"],"picked":"SKIP","floor":4},{"not_picked":["hermit:Coalescence","hermit:BigShot","hermit:HighCaliber"],"picked":"SKIP","floor":6},{"not_picked":["hermit:HoleUp","hermit:LuckOfTheDraw","hermit:Maintenance"],"picked":"SKIP","floor":8},{"not_picked":["hermit:Horror","hermit:Roulette"],"picked":"hermit:CalledShot","floor":11},{"not_picked":["hermit:Vantage","hermit:Coalescence","hermit:ShadowCloak"],"picked":"SKIP","floor":12}],"player_experience":168210,"relics_obtained":[{"floor":6,"key":"Nunchaku"},{"floor":8,"key":"Strawberry"},{"floor":9,"key":"Orichalcum"},{"floor":17,"key":"Kunai"}],"event_choices":[{"damage_healed":0,"gold_gain":0,"player_choice":"Success","damage_taken":3,"relics_obtained":["Ancient Tea Set"],"max_hp_gain":0,"max_hp_loss":0,"event_name":"Scrap Ooze","floor":13,"gold_loss":0}],"is_beta":false,"boss_relics":[],"items_purged_floors":[16],"is_endless":false,"potions_floor_spawned":[4,8,11,12],"killed_by":"Fading Forest","ascension_level":1}}