{"host":"woah5shdh5xsovm3","time":1607713749,"event":{"mods":["BaseMod","BetterRewards","Downfall","Hermit","Hubris","Infinite Spire","Koishi","LagranYue(???·?)","Marisa????????","Minty Spire (QoL Compilation)","Remilia??????","Replay The Spire","Shop Mod","StSLib","SuperFastMode","The Animator","The Bug Knight","The Construct","The Cursed","The Disciple","The Hierophant","The Necromancer","The Poker Player","The Runesmith","The Servant 0.9.4"],"gold_per_floor":[109,184,204,216,216,216,216,216],"floor_reached":7,"playtime":148,"items_purged":[],"score":41,"play_id":"fc287465-797e-4578-8d0f-e7746313c46a","local_time":"20201211130909","is_ascension_mode":false,"campfire_choices":[{"data":"LagranYue:GoldForgingCard","floor":6,"key":"SMITH"}],"circlet_count":0,"master_deck":["LagranYue:BaseAttackCard","LagranYue:BaseAttackCard","LagranYue:BaseAttackCard","LagranYue:BaseDefendCard","LagranYue:BaseDefendCard","LagranYue:BaseDefendCard","LagranYue:AttackTopazCard","LagranYue:SkillBrokenSwordCard","LagranYue:BaseAttackCard","LagranYue:BaseDefendCard","LagranYue:SkillBrokenSwordCard","LagranYue:SkillExplosiveArmorCard","LagranYue:GoldForgingCard+1","Regret"],"relics":["LagranYue:ArmsProficiencyRelics","LagranYue:RandomDrawCardRelic","NeowsBlessing","Boot"],"acts_visited":["Exordium"],"potions_floor_usage":[],"damage_taken":[{"damage":0,"enemies":"2 Louse","floor":1,"turns":1},{"damage":0,"enemies":"Cultist","floor":3,"turns":1},{"damage":0,"enemies":"Jaw Worm","floor":4,"turns":1},{"damage":22,"enemies":"Lagavulin","floor":7,"turns":6}],"seed_played":"3361229196334060119","potions_obtained":[{"floor":1,"key":"Swift Potion"}],"is_trial":false,"path_per_floor":["M","?","M","M","?","R","E"],"character_chosen":"LagranYueCharacter","items_purchased":[],"campfire_rested":0,"item_purchase_floors":[],"current_hp_per_floor":[75,68,68,68,68,68,46,46],"gold":216,"neow_bonus":"THREE_ENEMY_KILL","is_daily":false,"chose_seed":false,"campfire_upgraded":1,"win_rate":0.0,"timestamp":1607713749,"path_taken":["M","?","M","?","?","R","E"],"items_purchased_type":[],"build_version":"2020-11-30","purchased_purges":0,"victory":false,"max_hp_per_floor":[75,75,75,75,75,75,75,75],"card_choices":[{"not_picked":["LagranYue:SkillExplosiveArmorCard","LagranYue:SkillBrokenShieldCard"],"picked":"LagranYue:SkillBrokenSwordCard","floor":1},{"not_picked":["LagranYue:AttackBetterCard","LagranYue:AttackKillerCard"],"picked":"LagranYue:SkillExplosiveArmorCard","floor":3},{"not_picked":["LagranYue:SkillFalseAerialAceCard","LagranYue:AttackBetterCard"],"picked":"LagranYue:GoldForgingCard","floor":4}],"player_experience":384164,"relics_obtained":[],"event_choices":[{"damage_healed":0,"gold_gain":75,"player_choice":"Touch","damage_taken":7,"max_hp_gain":0,"max_hp_loss":0,"event_name":"FaceTrader","floor":2,"gold_loss":0},{"damage_healed":0,"gold_gain":0,"player_choice":"Box","damage_taken":0,"relics_obtained":["Boot"],"max_hp_gain":0,"max_hp_loss":0,"event_name":"Big Fish","floor":5,"gold_loss":0,"cards_obtained":["Regret"]}],"is_beta":false,"boss_relics":[],"items_purged_floors":[],"is_endless":false,"potions_floor_spawned":[1],"killed_by":"Lagavulin","ascension_level":0}}