{"host":"svdrdpvpxtppvaze","time":1607668557,"event":{"mods":["AchievementEnabler","BaseMod","BetterRewards","Colored Powertips","Downfall","Googly Eyes","Hubris","Infinite Spire","Minty Spire (QoL Compilation)","Quick Restart","Rare Cards Sparkle","Replay The Spire","Shop Mod","StSLib"],"gold_per_floor":[111,128,303,303,303,303,329,339,339,14,14,14,28,41,41,138,138,157,157,168,187,198,198,198,217,244,344,368,396,311,348,348,483,483,541,541,543,593,645,645,130,130,156,185,214,249,249,300,300,308],"floor_reached":51,"playtime":2875,"items_purged":["Strike_G","Strike_G"],"score":1274,"play_id":"99f5a172-4bfe-4f29-aa7a-7b20ecc5ae2a","local_time":"20201211123557","is_ascension_mode":true,"campfire_choices":[{"data":"Neutralize","floor":6.0,"key":"SMITH"},{"data":"Footwork","floor":12.0,"key":"SMITH"},{"data":"Finisher","floor":15.0,"key":"SMITH"},{"data":"After Image","floor":23.0,"key":"SMITH"},{"floor":32,"key":"REST"},{"data":"infinitespire:TheBestDefense","floor":40,"key":"SMITH"},{"data":"Finisher","floor":49,"key":"SMITH"}],"circlet_count":0,"master_deck":["Strike_G+1","Strike_G","Defend_G","Defend_G","Defend_G","Defend_G","Defend_G","Survivor","Neutralize+1","hubris:EnhanceAbility+1","Finisher+1","Slice+1","Prepared","Footwork+1","After Image+1","Hidden Blade","Well Laid Plans","Finisher+1","PiercingWail+1","Blur+1","Sucker Punch+1","infinitespire:TheBestDefense+1","Escape Plan+1","Blade Dance+1"],"relics":["Ring of the Snake","Basket Of Snakes","Guide Book","infinitespire:BottledMercury","hubris:Icosahedron","Ancient Tea Set","Question Card","Black Star","Replay:Mystery Machine","Replay:Multitool","infinitespire:Midas Blood","Pantograph","hubris:ToyBattleship","Oddly Smooth Stone","Snake Skull","White Beast Statue","infinitespire:EvilPickle","infinitespire:Cupcake","hubris:MedicalManual","Pocketwatch","infinitespire:PuzzleCube","Gremlin Horn","ReplayTheSpireMod:Lightbulb"],"acts_visited":["Exordium","TheCity","TheBeyond"],"potions_floor_usage":[36,50,50,50,50],"damage_taken":[{"damage":0.0,"enemies":"Cultist","floor":1.0,"turns":4.0},{"damage":5.0,"enemies":"Small Slimes","floor":2.0,"turns":2.0},{"damage":0.0,"enemies":"3 Sentries","floor":7.0,"turns":9.0},{"damage":0.0,"enemies":"2 Louse","floor":8.0,"turns":1.0},{"damage":1.0,"enemies":"Large Slime","floor":13.0,"turns":5.0},{"damage":0.0,"enemies":"Exordium Wildlife","floor":14.0,"turns":3.0},{"damage":48.0,"enemies":"Fading Forest","floor":16.0,"turns":11.0},{"damage":1.0,"enemies":"3 Byrds","floor":18.0,"turns":9.0},{"damage":0.0,"enemies":"Spheric Guardian","floor":20.0,"turns":4.0},{"damage":0.0,"enemies":"Centurion and Healer","floor":21.0,"turns":6.0},{"damage":22.0,"enemies":"Cultist and Chosen","floor":22.0,"turns":9.0},{"damage":3.0,"enemies":"Snake Plant","floor":25.0,"turns":5.0},{"damage":0.0,"enemies":"Colosseum Slavers","floor":27.0,"turns":4.0},{"damage":4.0,"enemies":"Colosseum Nobs","floor":27.0,"turns":8.0},{"damage":3.0,"enemies":"Snecko","floor":28.0,"turns":7.0},{"damage":5,"enemies":"Replay:Snechameleon","floor":29,"turns":9},{"damage":18,"enemies":"Slavers","floor":31,"turns":8},{"damage":7,"enemies":"Pondfish","floor":33,"turns":10},{"damage":28,"enemies":"3 Darklings","floor":35,"turns":10},{"damage":0,"enemies":"infinitespire:Three Voidlings","floor":36,"turns":6},{"damage":0,"enemies":"Mind Bloom Boss Battle","floor":38,"turns":7},{"damage":0,"enemies":"Orb Walker","floor":39,"turns":4},{"damage":3,"enemies":"Transient","floor":44,"turns":5},{"damage":12,"enemies":"3 Darklings","floor":45,"turns":5},{"damage":13,"enemies":"4 Shapes","floor":46,"turns":5},{"damage":6,"enemies":"R_Hoarder","floor":48,"turns":5},{"damage":4,"enemies":"Time Eater","floor":50,"turns":11}],"seed_played":"7375181150406059477","potions_obtained":[{"floor":2.0,"key":"AttackPotion"},{"floor":8.0,"key":"Regen Potion"},{"floor":11.0,"key":"Dexterity Potion"},{"floor":14.0,"key":"CultistPotion"},{"floor":22.0,"key":"Adrenaline Potion"},{"floor":31,"key":"Fire Potion"},{"floor":35,"key":"Adrenaline Potion"},{"floor":38,"key":"Toxic Potion"}],"is_trial":false,"path_per_floor":["M","M","?","?","?","R","E","M","T","$","?","R","M","M","R","B",null,"M","?","M","M","M","R","?","M","T","?","M","E","?","E","R","B",null,"M","?","?","?","M","R","$","R","T","M","M","M","R","E","R","B",null],"character_chosen":"THE_SILENT","items_purchased":["hubris:EnhanceAbility","Guide Book","Question Card","Regen Potion","SteroidPotion","Pocketwatch"],"campfire_rested":1,"item_purchase_floors":[0,0,10,41,41,41],"current_hp_per_floor":[46,41,41,41,41,41,41,41,41,41,41,41,40,40,40,2,70,69,69,69,69,59,59,59,56,56,52,49,44,44,26,47,63,70,42,50,32,57,57,57,57,70,70,67,55,42,63,57,57,66],"gold":308,"neow_bonus":"","is_daily":false,"chose_seed":false,"campfire_upgraded":6,"win_rate":0.0,"timestamp":1607668557,"path_taken":["M","?","?","?","?","R","E","M","T","?","?","R","?","M","R","BOSS","M","?","?","M","M","R","?","M","T","?","M","E","?","E","R","BOSS","M","?","?","?","M","R","$","R","T","M","M","M","R","E","R","BOSS"],"items_purchased_type":["Card","Relic","Relic","Potion","Potion","Relic"],"build_version":"2020-11-30","purchased_purges":2,"victory":true,"max_hp_per_floor":[70,70,70,70,70,70,70,70,70,70,70,70,70,70,70,70,70,70,70,70,70,70,70,70,70,70,70,70,70,70,70,70,70,70,70,70,70,70,70,70,70,70,70,70,70,70,70,70,70,70],"card_choices":[{"not_picked":["hubris:TrickCloak","Bane"],"picked":"Finisher","floor":1.0},{"not_picked":["Dodge and Roll","Underhanded Strike"],"picked":"Slice","floor":2.0},{"not_picked":["Choke","Slice"],"picked":"Prepared","floor":7.0},{"not_picked":["Dagger Spray","Outmaneuver"],"picked":"Footwork","floor":8.0},{"not_picked":["Noxious Fumes","Toxin Wave","Choke","Underhanded Strike"],"picked":"SKIP","floor":13.0},{"not_picked":["Burst","Expertise","hubris:Sniper","ReplayTheSpireMod:Tripwire"],"picked":"SKIP","floor":14.0},{"not_picked":["A Thousand Cuts","Burst","ReplayTheSpireMod:Necrosis"],"picked":"After Image","floor":16.0},{"not_picked":["Quick Slash","Sucker Punch+1","PiercingWail+1","Catalyst"],"picked":"SKIP","floor":18.0},{"not_picked":["Flying Knee+1","Quick Slash","Dagger Spray+1"],"picked":"Well Laid Plans","floor":20.0},{"not_picked":["Deadly Poison","Bane+1","ReplayTheSpireMod:Scrap Shanks"],"picked":"Finisher","floor":21.0},{"not_picked":["Bane+1","Catalyst","Hidden Blade+1","ReplayTheSpireMod:Scrap Shanks+1"],"picked":"SKIP","floor":22.0},{"not_picked":["hubris:Sniper","Bane","ReplayTheSpireMod:Speed Training"],"picked":"PiercingWail","floor":25.0},{"not_picked":["Slice","ReplayTheSpireMod:Tripwire","Masterful Stab"],"picked":"Blur+1","floor":27.0},{"not_picked":["Outmaneuver","ReplayTheSpireMod:Scrap Shanks+1","Calculated Gamble"],"picked":"Sucker Punch+1","floor":28},{"not_picked":["Endless Agony+1","PiercingWail","Underhanded Strike","hubris:SlightOfHand"],"picked":"SKIP","floor":29},{"not_picked":["Underhanded Strike","Endless Agony","Quick Slash","ReplayTheSpireMod:Shiv Toss"],"picked":"SKIP","floor":31},{"not_picked":["Quick Slash","Dodge and Roll","Toxin Wave","All Out Attack"],"picked":"SKIP","floor":35},{"not_picked":["infinitespire:Punishment","infinitespire:SevenWalls"],"picked":"infinitespire:TheBestDefense","floor":37},{"not_picked":["ReplayTheSpireMod:From All Sides","Deadly Poison+1","Slice"],"picked":"Escape Plan+1","floor":39},{"not_picked":["Poisoned Stab","Expertise+1","Outmaneuver+1"],"picked":"Blade Dance+1","floor":44},{"not_picked":["ReplayTheSpireMod:Scrap Shanks+1","Deflect","hubris:Counter","Catalyst"],"picked":"SKIP","floor":45},{"not_picked":["Dagger Throw","Noxious Fumes+1","Hidden Blade","Catalyst"],"picked":"SKIP","floor":46},{"not_picked":["Sucker Punch+1","Backflip","Flying Knee","PiercingWail"],"picked":"SKIP","floor":48}],"player_experience":9953,"relics_obtained":[{"floor":7.0,"key":"Ancient Tea Set"},{"floor":26.0,"key":"Replay:Mystery Machine"},{"floor":27.0,"key":"Replay:Multitool"},{"floor":27.0,"key":"infinitespire:Midas Blood"},{"floor":29,"key":"Pantograph"},{"floor":29,"key":"hubris:ToyBattleship"},{"floor":31,"key":"Snake Skull"},{"floor":31,"key":"White Beast Statue"},{"floor":38,"key":"hubris:MedicalManual"},{"floor":43,"key":"infinitespire:PuzzleCube"},{"floor":48,"key":"Gremlin Horn"},{"floor":48,"key":"ReplayTheSpireMod:Lightbulb"}],"event_choices":[{"damage_healed":0.0,"max_hp_gain":0.0,"max_hp_loss":0.0,"gold_gain":175.0,"event_name":"Liars Game","player_choice":"AGREE","floor":3.0,"gold_loss":0.0,"damage_taken":0.0,"cards_obtained":["Doubt"]},{"cards_removed":["Doubt"],"damage_healed":0.0,"max_hp_gain":0.0,"max_hp_loss":0.0,"gold_gain":0.0,"event_name":"Living Wall","player_choice":"Forget","floor":5.0,"gold_loss":0.0,"damage_taken":0.0},{"damage_healed":0.0,"max_hp_gain":0.0,"max_hp_loss":0.0,"gold_gain":0.0,"event_name":"Lab","player_choice":"Got Potions","floor":11.0,"gold_loss":0.0,"damage_taken":0.0},{"damage_healed":0.0,"max_hp_gain":0.0,"max_hp_loss":0.0,"gold_gain":0.0,"cards_transformed":["Strike_G"],"event_name":"Transmorgrifier","player_choice":"Transformed","floor":19.0,"gold_loss":0.0,"damage_taken":0.0,"cards_obtained":["Hidden Blade"]},{"damage_healed":0.0,"max_hp_gain":0.0,"max_hp_loss":0.0,"gold_gain":0.0,"event_name":"Ghosts","player_choice":"Ignored","floor":24.0,"gold_loss":0.0,"damage_taken":0.0},{"damage_healed":0.0,"max_hp_gain":0.0,"max_hp_loss":0.0,"gold_gain":0.0,"event_name":"Colosseum","player_choice":"Fight","floor":27.0,"gold_loss":0.0,"damage_taken":0.0},{"damage_healed":0.0,"max_hp_gain":0.0,"max_hp_loss":0.0,"gold_gain":0.0,"event_name":"Colosseum","player_choice":"Fought Nobs","floor":27.0,"gold_loss":0.0,"damage_taken":0.0},{"damage_healed":0,"gold_gain":0,"player_choice":"Obtained Relic","damage_taken":0,"relics_obtained":["Oddly Smooth Stone"],"max_hp_gain":0,"max_hp_loss":0,"event_name":"Addict","floor":30,"gold_loss":85},{"damage_healed":0,"gold_gain":0,"player_choice":"Fight","damage_taken":0,"max_hp_gain":0,"max_hp_loss":0,"event_name":"MindBloom","floor":38,"gold_loss":0}],"is_beta":false,"boss_relics":[{"not_picked":["Replay:Drink Me","Coffee Dripper"],"picked":"Black Star"},{"not_picked":["Ring of Chaos","Snecko Eye"],"picked":"infinitespire:Cupcake"}],"items_purged_floors":[10,41],"is_endless":false,"potions_floor_spawned":[2,8,14,16,20,22,25,31,33,35,36,38,39,44,45,46,48],"ascension_level":1}}