{"host":"sav7uxregyirlf69","time":1607667635,"event":{"mods":["AchievementEnabler","BaseMod","Colored Map","DeckTracker","Hermit","Keyboard Shortcuts","Minty Spire (QoL Compilation)","READ ME - Guardian Mod","StSLib","SuperFastMode"],"gold_per_floor":[114,114,129,144,159,159,174,174,174,174,174,204,49,79,79,79,79],"floor_reached":16,"playtime":286,"items_purged":["Strike_G"],"score":110,"play_id":"fc4067b1-c12c-4daf-bf41-ae1076587fa2","local_time":"20201211152035","daily_mods":["Heirloom","Flight","DeadlyEvents"],"is_ascension_mode":false,"campfire_choices":[{"floor":6,"key":"DIG"},{"data":"Tactician","floor":8,"key":"SMITH"},{"floor":10,"key":"DIG"},{"floor":11,"key":"DIG"},{"data":"Neutralize","floor":15,"key":"SMITH"}],"circlet_count":0,"master_deck":["Strike_G","Strike_G","Strike_G","Strike_G","Defend_G","Defend_G","Defend_G","Defend_G","Defend_G","Survivor","Neutralize+1","Slice","Dagger Throw","Masterful Stab","Tactician+1","Footwork+1","Reflex"],"relics":["Ring of the Snake","Shovel","Matryoshka","Bag of Marbles","Mummified Hand","Frozen Egg 2","Orichalcum","Singing Bowl","Unceasing Top","Turnip"],"acts_visited":["Exordium"],"potions_floor_usage":[14],"damage_taken":[{"damage":0,"enemies":"2 Louse","floor":1,"turns":3},{"damage":2,"enemies":"Small Slimes","floor":3,"turns":4},{"damage":0,"enemies":"Jaw Worm","floor":4,"turns":4},{"damage":0,"enemies":"Looter","floor":5,"turns":2},{"damage":7,"enemies":"3 Louse","floor":7,"turns":2},{"damage":24,"enemies":"Lagavulin","floor":12,"turns":7},{"damage":4,"enemies":"3 Sentries","floor":14,"turns":8},{"damage":36,"enemies":"The Guardian","floor":16,"turns":10}],"seed_played":"-551933171069321123","potions_obtained":[{"floor":5,"key":"Regen Potion"}],"is_trial":false,"path_per_floor":["M","?","M","M","M","R","M","R","T","R","R","E","$","E","R","B"],"character_chosen":"THE_SILENT","items_purchased":["Reflex"],"campfire_rested":0,"item_purchase_floors":[13],"current_hp_per_floor":[70,67,65,65,65,65,58,58,58,58,58,34,34,47,47,11,11],"gold":79,"neow_bonus":"","is_daily":true,"chose_seed":false,"campfire_upgraded":2,"win_rate":0.0,"timestamp":1607667635,"path_taken":["M","?","M","M","M","R","M","R","T","R","R","E","$","E","R","BOSS"],"items_purchased_type":["Card"],"build_version":"2020-11-30","purchased_purges":1,"victory":false,"max_hp_per_floor":[70,70,70,70,70,70,70,70,70,70,70,70,70,72,72,72,72],"card_choices":[{"not_picked":["Prepared","Bane"],"picked":"Slice","floor":1},{"not_picked":["Dodge and Roll","Reflex"],"picked":"Dagger Throw","floor":3},{"not_picked":["Leg Sweep","Terror"],"picked":"Masterful Stab","floor":4},{"not_picked":["Outmaneuver","PiercingWail","Predator"],"picked":"SKIP","floor":5},{"not_picked":["Bouncing Flask","Dagger Spray"],"picked":"Tactician","floor":7},{"not_picked":["Blur","Underhanded Strike"],"picked":"Footwork+1","floor":12},{"not_picked":["Slice","Cloak And Dagger","Bullet Time"],"picked":"Singing Bowl","floor":14}],"player_experience":916450,"relics_obtained":[{"floor":6,"key":"Bag of Marbles"},{"floor":9,"key":"Mummified Hand"},{"floor":9,"key":"Frozen Egg 2"},{"floor":10,"key":"Orichalcum"},{"floor":11,"key":"Singing Bowl"},{"floor":12,"key":"Unceasing Top"},{"floor":14,"key":"Turnip"}],"event_choices":[{"damage_healed":0,"gold_gain":0,"player_choice":"Success","damage_taken":3,"relics_obtained":["Matryoshka"],"max_hp_gain":0,"max_hp_loss":0,"event_name":"Scrap Ooze","floor":2,"gold_loss":0}],"is_beta":false,"boss_relics":[],"items_purged_floors":[13],"is_endless":false,"potions_floor_spawned":[5],"killed_by":"The Guardian","ascension_level":0}}