{"host":"owp3md0algd3028i","time":1607725249,"event":{"mods":["AchievementEnabler","Aspiration","BaseMod","BetterRewards","Colored Map","Colored Powertips","Conspire","Custom Start","DeckTracker","Defuse TimeMaze Blight","Energized Spire","GifTheSpireLib","Halation","Highlight Path","Hubris","Infinite Spire","Minty Spire (QoL Compilation)","Permanent Neow","Quick Restart","Replay The Spire","Reworked Bosses","Shop Mod","StSLib","SuperFastMode","vexMod"],"gold_per_floor":[119,71,71,86,109,109,138,138,220,240,240,268,288,8,8,8,8],"floor_reached":16,"playtime":523,"items_purged":[],"score":140,"play_id":"6f787f5e-4e73-4b22-9b23-21237df0e05a","local_time":"20201211162049","is_ascension_mode":true,"campfire_choices":[{"data":"Zap","floor":6,"key":"SMITH"},{"data":"FIFO Queue","floor":11,"key":"SMITH"},{"floor":15,"key":"REST"}],"circlet_count":0,"master_deck":["Strike_B","Strike_B","Strike_B","Strike_B","Defend_B","Defend_B","Defend_B","Defend_B","Zap+1","Dualcast","Sweeping Beam","Go for the Eyes","Streamline","FIFO Queue+1","Fission","Redo","Discovery","Redo","Buffer","Lockon","hubris:SpecializedCircuitry","ReplayTheSpireMod:Calculation Training","Doom and Gloom+1"],"relics":["Cracked Core","NeowsBlessing","halation:KoshaPiece","conspire:IceCreamScoop","Replay:Ringing Soul","Orichalcum"],"acts_visited":["Exordium"],"potions_floor_usage":[16,16],"damage_taken":[{"damage":0,"enemies":"2 Louse","floor":1,"turns":1},{"damage":0,"enemies":"Cultist","floor":4,"turns":1},{"damage":0,"enemies":"Lagavulin","floor":7,"turns":1},{"damage":0,"enemies":"Small Slimes","floor":10,"turns":2},{"damage":39,"enemies":"3 Sentries","floor":12,"turns":7},{"damage":13,"enemies":"Exordium Wildlife","floor":13,"turns":5},{"damage":61,"enemies":"The Guardian","floor":16,"turns":8}],"seed_played":"-1212155194765072095","potions_obtained":[{"floor":7,"key":"Death Potion"},{"floor":12,"key":"EntropicBrew"}],"is_trial":false,"path_per_floor":["M","$","?","M","T","R","E","?","T","M","R","E","M","$","R","B"],"character_chosen":"DEFECT","items_purchased":["Go for the Eyes","hubris:SpecializedCircuitry","ReplayTheSpireMod:Calculation Training","Doom and Gloom+1"],"campfire_rested":1,"item_purchase_floors":[2,14,14,14],"current_hp_per_floor":[75,75,75,75,75,75,75,75,75,78,78,42,32,35,61,0,0],"gold":8,"neow_bonus":"THREE_ENEMY_KILL","is_daily":false,"chose_seed":false,"campfire_upgraded":2,"win_rate":0.0,"timestamp":1607725249,"path_taken":["M","$","?","M","?","R","E","?","T","?","R","E","M","?","R","BOSS"],"items_purchased_type":["Card","Card","Card","Card"],"build_version":"2020-11-30","purchased_purges":0,"victory":false,"max_hp_per_floor":[75,75,75,75,75,75,75,75,75,78,78,81,84,87,87,87,87],"card_choices":[{"not_picked":["Static Discharge","Hologram"],"picked":"Sweeping Beam","floor":1},{"not_picked":["Coolheaded","Beam Cell"],"picked":"Streamline","floor":4},{"not_picked":["Capacitor","Rebound"],"picked":"FIFO Queue","floor":7},{"not_picked":["Sweeping Beam","Go for the Eyes"],"picked":"Redo","floor":10},{"not_picked":["ReplaySort","Streamline"],"picked":"Buffer","floor":12},{"not_picked":["Capacitor","Doom and Gloom"],"picked":"Lockon","floor":13}],"player_experience":36609,"relics_obtained":[{"floor":5,"key":"halation:KoshaPiece"},{"floor":7,"key":"conspire:IceCreamScoop"},{"floor":9,"key":"Replay:Ringing Soul"},{"floor":12,"key":"Orichalcum"}],"event_choices":[{"damage_healed":0,"gold_gain":0,"player_choice":"3 cards matched","damage_taken":0,"max_hp_gain":0,"max_hp_loss":0,"event_name":"Match and Keep!","floor":8,"gold_loss":0,"cards_obtained":["Fission","Redo","Discovery"]}],"is_beta":false,"boss_relics":[],"items_purged_floors":[],"is_endless":false,"potions_floor_spawned":[7,12],"killed_by":"The Guardian","ascension_level":1}}