{"host":"m6aaltr68g9tvoay","time":1607653736,"event":{"mods":["AchievementEnabler","BaseMod","Colored Map","Minty Spire (QoL Compilation)","StSLib"],"gold_per_floor":[113,69,69,93,58,58,89,89,144,171,171,199,229,229,229,229,229],"floor_reached":16,"playtime":327,"items_purged":[],"score":240,"play_id":"f132d8ec-dba3-45e9-8302-d813442601ba","local_time":"20201210182856","is_ascension_mode":true,"campfire_choices":[{"data":"Choke","floor":6.0,"key":"SMITH"},{"data":"Blade Dance","floor":8.0,"key":"SMITH"},{"data":"Neutralize","floor":15.0,"key":"SMITH"}],"circlet_count":0,"master_deck":["AscendersBane","Strike_G","Strike_G","Strike_G","Strike_G","Strike_G","Defend_G","Defend_G","Defend_G","Defend_G","Defend_G","Survivor","Neutralize+1","Blade Dance+1","Choke+1","Injury","Blade Dance","Dagger Throw","Endless Agony","Infinite Blades+1"],"relics":["Ring of the Snake","NeowsBlessing","Golden Idol","Ginger","CeramicFish","Strawberry","Anchor"],"acts_visited":["Exordium"],"potions_floor_usage":[16],"damage_taken":[{"damage":0.0,"enemies":"Cultist","floor":1.0,"turns":1.0},{"damage":0.0,"enemies":"Small Slimes","floor":4.0,"turns":1.0},{"damage":0.0,"enemies":"Gremlin Nob","floor":7.0,"turns":1.0},{"damage":2.0,"enemies":"Jaw Worm","floor":12.0,"turns":3.0},{"damage":0.0,"enemies":"Large Slime","floor":13.0,"turns":4.0},{"damage":74,"enemies":"Hexaghost","floor":16,"turns":10}],"seed_played":"-8452076677628089394","potions_obtained":[{"floor":4.0,"key":"BlessingOfTheForge"},{"floor":7.0,"key":"Explosive Potion"}],"is_trial":false,"path_per_floor":["M","$","?","M","?","R","E","R","T","T","?","M","M","?","R","B"],"character_chosen":"THE_SILENT","items_purchased":["Choke"],"campfire_rested":0,"item_purchase_floors":[2],"current_hp_per_floor":[59,59,59,59,66,66,66,66,66,73,73,71,71,71,71,0,0],"gold":229,"neow_bonus":"THREE_ENEMY_KILL","is_daily":false,"chose_seed":false,"campfire_upgraded":3,"win_rate":0.0,"timestamp":1607653736,"path_taken":["M","$","?","M","?","R","E","R","T","?","?","M","?","?","R","BOSS"],"items_purchased_type":["Card"],"build_version":"2020-11-30","purchased_purges":0,"victory":false,"max_hp_per_floor":[66,66,66,66,66,66,66,66,66,73,73,73,73,73,73,73,73],"card_choices":[{"not_picked":["Cloak And Dagger","Blur"],"picked":"Blade Dance","floor":1.0},{"not_picked":["Acrobatics","Escape Plan"],"picked":"Blade Dance","floor":4.0},{"not_picked":["Venomology","Bane"],"picked":"Dagger Throw","floor":7.0},{"not_picked":["PiercingWail","Tactician"],"picked":"Endless Agony","floor":12.0},{"not_picked":["Deflect","Caltrops"],"picked":"Infinite Blades","floor":13.0}],"player_experience":1216348,"relics_obtained":[{"floor":7.0,"key":"Ginger"},{"floor":9.0,"key":"CeramicFish"},{"floor":10.0,"key":"Strawberry"}],"event_choices":[{"damage_healed":0.0,"max_hp_gain":0.0,"max_hp_loss":0.0,"gold_gain":0.0,"event_name":"Golden Idol","player_choice":"Take Wound","floor":3.0,"gold_loss":0.0,"damage_taken":0.0,"relics_obtained":["Golden Idol"],"cards_obtained":["Injury"]},{"damage_healed":16.0,"max_hp_gain":0.0,"max_hp_loss":0.0,"gold_gain":0.0,"event_name":"The Cleric","player_choice":"Healed","floor":5.0,"gold_loss":35.0,"damage_taken":0.0},{"damage_healed":0.0,"max_hp_gain":0.0,"max_hp_loss":0.0,"gold_gain":0.0,"event_name":"WeMeetAgain","player_choice":"Gave Potion","floor":11.0,"gold_loss":0.0,"damage_taken":0.0,"relics_obtained":["Anchor"]},{"damage_healed":0.0,"max_hp_gain":0.0,"max_hp_loss":0.0,"gold_gain":0.0,"event_name":"Accursed Blacksmith","player_choice":"Forge","floor":14.0,"gold_loss":0.0,"damage_taken":0.0,"cards_upgraded":["Infinite Blades"]}],"is_beta":false,"boss_relics":[],"items_purged_floors":[],"is_endless":false,"potions_floor_spawned":[4,7],"killed_by":"Hexaghost","ascension_level":19}}