{"host":"63rwe7p34ct1i0qu","time":1607701115,"event":{"mods":["BaseMod","DeckTracker","Minty Spire (QoL Compilation)","Permanent Neow","Quick Restart","StSLib"],"gold_per_floor":[16,16,30,46,58,58,84,102,153,153,172,182,107,117,117,193,193,213,231,231,249,174,174,191,191,191,205,205,216,247,263,263,263,263],"floor_reached":33,"playtime":1328,"items_purged":[],"score":509,"play_id":"61e9af7b-4960-448a-8d3a-73a38d677084","local_time":"20201212003835","is_ascension_mode":true,"campfire_choices":[{"data":"Carnage","floor":6.0,"key":"SMITH"},{"floor":10.0,"key":"REST"},{"data":"Power Through","floor":15.0,"key":"SMITH"},{"data":"Immolate","floor":23,"key":"SMITH"},{"data":"Power Through","floor":25,"key":"SMITH"},{"data":"Pommel Strike","floor":28,"key":"SMITH"},{"data":"Fire Breathing","floor":32,"key":"SMITH"}],"circlet_count":0,"master_deck":["AscendersBane","Strike_R","Strike_R","Defend_R","Defend_R","Defend_R","Bash+1","Reaper","Shrug It Off","Clothesline","Thunderclap","Carnage+1","Anger","Double Tap","Power Through+1","Immolate+1","Shrug It Off","Shrug It Off+1","Pommel Strike+1","Power Through+1","Entrench+1","Body Slam+1","Fire Breathing+1"],"relics":["Black Blood","Bottled Flame","Pen Nib","Kunai","HornCleat"],"acts_visited":["Exordium","TheCity"],"potions_floor_usage":[21,30,31],"damage_taken":[{"damage":13.0,"enemies":"Jaw Worm","floor":1.0,"turns":5.0},{"damage":11.0,"enemies":"Cultist","floor":3.0,"turns":5.0},{"damage":0.0,"enemies":"Small Slimes","floor":4.0,"turns":2.0},{"damage":7.0,"enemies":"Blue Slaver","floor":5.0,"turns":4.0},{"damage":38.0,"enemies":"Lagavulin","floor":7.0,"turns":5.0},{"damage":16.0,"enemies":"Exordium Wildlife","floor":8.0,"turns":4.0},{"damage":9.0,"enemies":"Looter","floor":11.0,"turns":3.0},{"damage":6.0,"enemies":"3 Louse","floor":12.0,"turns":2.0},{"damage":1.0,"enemies":"2 Fungi Beasts","floor":14.0,"turns":3.0},{"damage":69.0,"enemies":"Hexaghost","floor":16.0,"turns":9.0},{"damage":19.0,"enemies":"2 Thieves","floor":18.0,"turns":3.0},{"damage":0.0,"enemies":"Chosen","floor":19.0,"turns":5.0},{"damage":32,"enemies":"3 Cultists","floor":21,"turns":5},{"damage":17,"enemies":"Snake Plant","floor":24,"turns":3},{"damage":12,"enemies":"Cultist and Chosen","floor":27,"turns":4},{"damage":6,"enemies":"3 Cultists","floor":29,"turns":3},{"damage":39,"enemies":"Slavers","floor":30,"turns":6},{"damage":0,"enemies":"Snake Plant","floor":31,"turns":3},{"damage":5,"enemies":"Collector","floor":33,"turns":7}],"seed_played":"-4118752670793278920","potions_obtained":[{"floor":1.0,"key":"Explosive Potion"},{"floor":7.0,"key":"Swift Potion"},{"floor":11.0,"key":"Strength Potion"},{"floor":12.0,"key":"Energy Potion"},{"floor":16.0,"key":"ElixirPotion"},{"floor":18.0,"key":"Dexterity Potion"},{"floor":19.0,"key":"SpeedPotion"},{"floor":29,"key":"BlessingOfTheForge"},{"floor":30,"key":"Fire Potion"}],"is_trial":false,"path_per_floor":["M","?","M","M","M","R","E","M","T","R","M","M","$","M","R","B",null,"M","M","?","M","?","R","M","R","T","M","R","M","E","M","R","B"],"character_chosen":"IRONCLAD","items_purchased":["Double Tap"],"campfire_rested":1,"item_purchase_floors":[13],"current_hp_per_floor":[61,61,62,68,67,67,35,25,25,47,44,44,44,73,73,12,59,52,64,64,55,55,55,50,50,50,50,50,64,42,54,54,49,49],"gold":263,"neow_bonus":"TRANSFORM_TWO_CARDS","is_daily":false,"chose_seed":false,"campfire_upgraded":6,"win_rate":0.0,"timestamp":1607701115,"path_taken":["M","?","M","M","M","R","E","?","T","R","M","?","$","M","R","BOSS","M","M","?","?","?","R","M","R","T","M","R","M","E","M","R","BOSS"],"items_purchased_type":["Card"],"build_version":"2020-11-30","purchased_purges":0,"victory":false,"max_hp_per_floor":[75,75,75,75,75,75,75,75,75,75,75,75,75,75,75,75,75,75,75,75,75,75,75,75,75,75,75,75,75,75,75,75,75,75],"card_choices":[{"not_picked":["Heavy Blade","Warcry"],"picked":"Clothesline","floor":1.0},{"not_picked":["Sword Boomerang","Body Slam"],"picked":"Thunderclap","floor":3.0},{"not_picked":["Body Slam","Clothesline"],"picked":"Carnage","floor":4.0},{"not_picked":["Whirlwind","Rampage"],"picked":"Anger","floor":5.0},{"not_picked":["Rupture","Flame Barrier","Sever Soul"],"picked":"SKIP","floor":7.0},{"not_picked":["Thunderclap","Dark Embrace","Flame Barrier"],"picked":"SKIP","floor":8.0},{"not_picked":["Armaments","Wild Strike","Whirlwind"],"picked":"SKIP","floor":11.0},{"not_picked":["Twin Strike","Pummel","Carnage"],"picked":"SKIP","floor":12.0},{"not_picked":["Pummel","Twin Strike"],"picked":"Power Through","floor":14.0},{"not_picked":["Fiend Fire","Corruption"],"picked":"Immolate","floor":16.0},{"not_picked":["Sword Boomerang","Warcry"],"picked":"Shrug It Off","floor":18.0},{"not_picked":["Heavy Blade","Uppercut"],"picked":"Shrug It Off+1","floor":19.0},{"not_picked":["Anger","Ghostly Armor"],"picked":"Pommel Strike","floor":21},{"not_picked":["Armaments","Headbutt"],"picked":"Power Through","floor":24},{"not_picked":["Impervious","Whirlwind+1"],"picked":"Entrench+1","floor":27},{"not_picked":["Sword Boomerang","Thunderclap"],"picked":"Body Slam+1","floor":29},{"not_picked":["Warcry+1","Havoc+1","Sever Soul"],"picked":"SKIP","floor":30},{"not_picked":["Twin Strike","Second Wind+1"],"picked":"Fire Breathing","floor":31}],"player_experience":1275250,"relics_obtained":[{"floor":7.0,"key":"Bottled Flame"},{"floor":9.0,"key":"Pen Nib"},{"floor":26,"key":"Kunai"},{"floor":30,"key":"HornCleat"}],"event_choices":[{"damage_healed":0.0,"max_hp_gain":0.0,"max_hp_loss":0.0,"gold_gain":0.0,"event_name":"Accursed Blacksmith","player_choice":"Forge","floor":2.0,"gold_loss":0.0,"damage_taken":0.0,"cards_upgraded":["Bash"]},{"cards_removed":["Strike_R"],"damage_healed":0.0,"max_hp_gain":0.0,"max_hp_loss":0.0,"gold_gain":0.0,"event_name":"Purifier","player_choice":"Purged","floor":20.0,"gold_loss":0.0,"damage_taken":0.0},{"cards_removed":["Defend_R"],"damage_healed":0,"gold_gain":0,"player_choice":"Gave Gold","damage_taken":0,"max_hp_gain":0,"max_hp_loss":0,"event_name":"Beggar","floor":22,"gold_loss":75}],"is_beta":false,"boss_relics":[{"not_picked":["Coffee Dripper","Runic Dome"],"picked":"Black Blood"}],"items_purged_floors":[],"is_endless":false,"potions_floor_spawned":[1,7,11,12,16,18,19,29,30],"killed_by":"Collector","ascension_level":17}}