{"host":"xr9kfrtt7uxz0mdc","time":1607722148,"event":{"mods":["AchievementEnabler","BaseMod","Highlight Path","Minty Spire (QoL Compilation)"],"gold_per_floor":[117,129,129,139,153,179,179,26,49,49,68,68,87,119,119,219,219,232,245,271,288,288,288,298,315,315,315,240,240,140,140,140,238,238,258,258,275,150,0,0,11,24,24,24,24,24,24,42,42,42,42],"floor_reached":50,"playtime":1408,"items_purged":["Strike_B","Strike_B+1","Cold Snap"],"score":452,"play_id":"bd3c8500-33aa-4070-8fdb-7d37a310b773","local_time":"20201211222908","is_ascension_mode":false,"campfire_choices":[{"floor":7,"key":"REST"},{"data":"Defragment","floor":10,"key":"SMITH"},{"data":"Loop","floor":12,"key":"SMITH"},{"floor":15,"key":"REST"},{"data":"Conserve Battery","floor":23,"key":"SMITH"},{"data":"Leap","floor":29,"key":"SMITH"},{"floor":32,"key":"REST"},{"floor":40,"key":"REST"},{"floor":45,"key":"REST"},{"floor":47,"key":"REST"},{"floor":49,"key":"REST"}],"circlet_count":0,"master_deck":["Strike_B+1","Defend_B+1","Defend_B+1","Defend_B+1","Defend_B+1","Zap+1","Dualcast","Ball Lightning+1","Biased Cognition","Flash of Steel+1","Leap+1","Electrodynamics","Defragment+1","Loop+1","Thunder Strike","Defragment+1","Conserve Battery+1","Redo"],"relics":["Cracked Core","Toy Ornithopter","Bag of Marbles","Potion Belt","Lantern","Philosopher\u0027s Stone","Whetstone","Pear","MutagenicStrength","Busted Crown","Red Mask","The Courier"],"acts_visited":["Exordium","TheCity","TheBeyond"],"potions_floor_usage":[33,33,33,41,42,50,50,50,50],"damage_taken":[{"damage":15,"enemies":"Jaw Worm","floor":1,"turns":4},{"damage":0,"enemies":"Cultist","floor":2,"turns":2},{"damage":0,"enemies":"Small Slimes","floor":4,"turns":3},{"damage":1,"enemies":"Looter","floor":5,"turns":3},{"damage":13,"enemies":"Gremlin Nob","floor":6,"turns":3},{"damage":12,"enemies":"Large Slime","floor":11,"turns":3},{"damage":12,"enemies":"2 Fungi Beasts","floor":13,"turns":2},{"damage":12,"enemies":"3 Sentries","floor":14,"turns":4},{"damage":24,"enemies":"The Guardian","floor":16,"turns":8},{"damage":14,"enemies":"Shell Parasite","floor":18,"turns":3},{"damage":2,"enemies":"Chosen","floor":19,"turns":3},{"damage":28,"enemies":"Snake Plant","floor":21,"turns":3},{"damage":15,"enemies":"Snecko","floor":24,"turns":4},{"damage":8,"enemies":"Shelled Parasite and Fungi","floor":25,"turns":4},{"damage":30,"enemies":"Collector","floor":33,"turns":6},{"damage":37,"enemies":"3 Darklings","floor":35,"turns":4},{"damage":17,"enemies":"Orb Walker","floor":37,"turns":3},{"damage":22,"enemies":"Writhing Mass","floor":41,"turns":5},{"damage":34,"enemies":"Spire Growth","floor":42,"turns":4},{"damage":9,"enemies":"Jaw Worm Horde","floor":48,"turns":2},{"damage":118,"enemies":"Awakened One","floor":50,"turns":8}],"seed_played":"-887041132557356569","potions_obtained":[{"floor":2,"key":"Dexterity Potion"},{"floor":5,"key":"Swift Potion"},{"floor":11,"key":"PowerPotion"},{"floor":13,"key":"BlessingOfTheForge"},{"floor":21,"key":"FocusPotion"},{"floor":33,"key":"FearPotion"},{"floor":35,"key":"Block Potion"},{"floor":41,"key":"Explosive Potion"},{"floor":48,"key":"DuplicationPotion"}],"is_trial":false,"path_per_floor":["M","M","?","M","M","E","R","$","T","R","M","R","M","E","R","B",null,"M","M","T","M","?","R","M","M","T","?","?","R","$","?","R","B",null,"M","?","M","$","?","R","M","M","T","$","R","?","R","M","R","B"],"character_chosen":"DEFECT","items_purchased":["Defragment"],"campfire_rested":7,"item_purchase_floors":[8],"current_hp_per_floor":[60,60,60,60,59,46,68,68,68,68,56,56,44,32,54,30,75,61,59,59,31,31,31,16,8,18,46,46,46,46,46,71,56,85,48,48,31,31,31,56,39,10,10,10,35,35,60,51,76,0,0],"gold":42,"neow_bonus":"RANDOM_COMMON_RELIC","is_daily":false,"chose_seed":false,"campfire_upgraded":4,"win_rate":0.0,"timestamp":1607722148,"path_taken":["M","M","?","M","M","E","R","$","T","R","M","R","M","E","R","BOSS","M","M","?","M","?","R","M","M","T","?","?","R","$","?","R","BOSS","M","?","?","$","?","R","M","M","T","$","R","?","R","?","R","BOSS"],"items_purchased_type":["Card"],"build_version":"2020-11-30","purchased_purges":3,"victory":false,"max_hp_per_floor":[75,75,75,75,75,75,75,75,75,75,75,75,75,75,75,75,75,75,75,75,75,75,75,75,75,85,85,85,85,85,85,85,85,85,85,85,85,85,85,85,85,85,85,85,85,85,85,85,85,85,85],"card_choices":[{"not_picked":["Beam Cell","Barrage"],"picked":"Ball Lightning","floor":1},{"not_picked":["Compile Driver","Hello World"],"picked":"Biased Cognition","floor":2},{"not_picked":["Melter","Gash"],"picked":"Leap","floor":4},{"not_picked":["Consume","Cold Snap","FTL"],"picked":"SKIP","floor":5},{"not_picked":["Hello World","Darkness"],"picked":"Electrodynamics","floor":6},{"not_picked":["Glacier","Ball Lightning"],"picked":"Loop","floor":11},{"not_picked":["Gash","Steam","Reinforced Body"],"picked":"SKIP","floor":13},{"not_picked":["Conserve Battery","Compile Driver"],"picked":"Thunder Strike","floor":14},{"not_picked":["Doom and Gloom+1","FTL","Rebound"],"picked":"SKIP","floor":18},{"not_picked":["Melter","Coolheaded"],"picked":"Defragment+1","floor":19},{"not_picked":["Go for the Eyes+1","Defragment"],"picked":"Conserve Battery","floor":21},{"not_picked":["Rebound","Leap","Storm"],"picked":"SKIP","floor":24},{"not_picked":["Tempest","Steam+1"],"picked":"Redo","floor":25},{"not_picked":["Doom and Gloom"],"picked":"SKIP","floor":35},{"not_picked":["Melter+1"],"picked":"SKIP","floor":37},{"not_picked":["Cold Snap+1"],"picked":"SKIP","floor":41},{"not_picked":["Steam Power+1"],"picked":"SKIP","floor":42},{"not_picked":["Doom and Gloom+1"],"picked":"SKIP","floor":48}],"player_experience":70954,"relics_obtained":[{"floor":6,"key":"Bag of Marbles"},{"floor":9,"key":"Potion Belt"},{"floor":14,"key":"Lantern"},{"floor":20,"key":"Whetstone"},{"floor":26,"key":"Pear"},{"floor":43,"key":"The Courier"}],"event_choices":[{"damage_healed":0,"gold_gain":0,"player_choice":"1 cards matched","damage_taken":0,"max_hp_gain":0,"max_hp_loss":0,"event_name":"Match and Keep!","floor":3,"gold_loss":0,"cards_obtained":["Flash of Steel"]},{"damage_healed":0,"gold_gain":0,"player_choice":"Simplicity","damage_taken":0,"max_hp_gain":0,"max_hp_loss":0,"event_name":"Back to Basics","floor":22,"gold_loss":0,"cards_upgraded":["Strike_B","Strike_B","Strike_B","Defend_B","Defend_B","Defend_B","Defend_B"]},{"damage_healed":28,"gold_gain":0,"player_choice":"Heal","damage_taken":0,"max_hp_gain":0,"max_hp_loss":0,"event_name":"The Library","floor":27,"gold_loss":0},{"cards_removed":["Strike_B"],"damage_healed":0,"gold_gain":0,"player_choice":"Gave Gold","damage_taken":0,"max_hp_gain":0,"max_hp_loss":0,"event_name":"Beggar","floor":28,"gold_loss":75},{"damage_healed":0,"gold_gain":0,"player_choice":"Inject Mutagens","damage_taken":0,"relics_obtained":["MutagenicStrength"],"max_hp_gain":0,"max_hp_loss":0,"event_name":"Drug Dealer","floor":31,"gold_loss":0},{"damage_healed":0,"gold_gain":0,"player_choice":"1 cards matched","damage_taken":0,"max_hp_gain":0,"max_hp_loss":0,"event_name":"Match and Keep!","floor":36,"gold_loss":0,"cards_obtained":["Cold Snap"]},{"damage_healed":0,"gold_gain":0,"player_choice":"Paid","damage_taken":0,"relics_obtained":["Red Mask"],"max_hp_gain":0,"max_hp_loss":0,"event_name":"Tomb of Lord Red Mask","floor":39,"gold_loss":150},{"damage_healed":0,"gold_gain":0,"player_choice":"Forge","damage_taken":0,"max_hp_gain":0,"max_hp_loss":0,"event_name":"Accursed Blacksmith","floor":46,"gold_loss":0,"cards_upgraded":["Zap"]}],"is_beta":false,"boss_relics":[{"not_picked":["Snecko Eye","Runic Dome"],"picked":"Philosopher\u0027s Stone"},{"not_picked":["Nuclear Battery","Cursed Key"],"picked":"Busted Crown"}],"items_purged_floors":[8,30,38],"is_endless":false,"potions_floor_spawned":[2,5,11,13,21,24,33,35,41,48],"killed_by":"Awakened One","ascension_level":0}}