{"host":"ocll6kdfqxraqtza","time":1607709074,"event":{"mods":["2.2 Compatiblity","Act Like it!","Aspiration","BaseMod","Better Third Choice","Gensokyo","Hallownest","Hermit","Hubris","Jorbs\u0027s Wanderer Trilogy","Luminous","Marisa（霧雨　魔理沙）","Minty Spire (QoL Compilation)","Reimu（博??梦）","Replay The Spire","StSLib","The Alterego","The Bug Knight","The Cursed","The Hierophant","The Runesmith","TheBandit","Wandering Minibosses","vexMod"],"gold_per_floor":[110,110,129,129,146,181,220,237,237,237,162,194,239,109,74,74,74],"floor_reached":16,"playtime":578,"items_purged":["Pain"],"score":112,"play_id":"361bf0f5-63a2-45ca-ad9e-9e277a80ee56","local_time":"20201212015114","is_ascension_mode":true,"campfire_choices":[{"data":"TheCursedMod:NeowsMight","floor":10,"key":"SMITH"}],"circlet_count":0,"master_deck":["TheCursedMod:Strike_TheCursed","TheCursedMod:Strike_TheCursed","TheCursedMod:Strike_TheCursed","TheCursedMod:Strike_TheCursed","TheCursedMod:Defend_TheCursed","TheCursedMod:Defend_TheCursed","TheCursedMod:Defend_TheCursed","TheCursedMod:Defend_TheCursed","TheCursedMod:CursedWand","TheCursedMod:CleanUpWorkshop+1","TheCursedMod:Dregs","TheCursedMod:NeowsMight+1","TheCursedMod:RavingStaff","TheCursedMod:WearCloak+1","Writhe","TheCursedMod:CircleOfFlame","TheCursedMod:DoubleShield","TheCursedMod:WearCloak","TheCursedMod:AbyssShockwave","TheCursedMod:BlessingInDisguise","Hallownest:skillGreenpathMap","TheCursedMod:HellsGateOpen","TheCursedMod:Evocation+1"],"relics":["TheCursedMod:BlackMagic101","ReplayTheSpireMod:Ring of Exchange","Ring of Fury","Juzu Bracelet","InkBottle","aspiration:StickyExplosives_weak","War Paint"],"acts_visited":["Hallownest:Greenpath"],"potions_floor_usage":[6,12,16],"damage_taken":[{"damage":2,"enemies":"2_ Uuma","floor":1,"turns":4},{"damage":1,"enemies":"Hallownest:monsterHuskWarrior","floor":3,"turns":2},{"damage":4,"enemies":"Hallownest:monsterHuskGuard","floor":5,"turns":3},{"damage":17,"enemies":"Hallownest:eliteMossKnight","floor":6,"turns":5},{"damage":1,"enemies":"Hallownest:Wandering_and_Horned","floor":8,"turns":3},{"damage":18,"enemies":"Hallownest:eliteCrystalGuardian","floor":12,"turns":6},{"damage":14,"enemies":"Hallownest:BossHornet","floor":16,"turns":11}],"seed_played":"5026153613527163947","potions_obtained":[{"floor":1,"key":"Fire Potion"},{"floor":3,"key":"Venom Potion"},{"floor":6,"key":"Dexterity Potion"},{"floor":8,"key":"Fire Potion"}],"is_trial":false,"path_per_floor":["M","?","M","?","M","E","?","M","T","R","?","E","T","$","R","B"],"character_chosen":"THE_CURSED","items_purchased":["TheCursedMod:Evocation+1"],"campfire_rested":0,"item_purchase_floors":[14],"current_hp_per_floor":[73,73,72,81,77,60,27,26,26,26,26,8,8,8,13,0,0],"gold":74,"neow_bonus":"THREE_RARE_CARDS","is_daily":false,"chose_seed":false,"campfire_upgraded":1,"win_rate":0.0,"timestamp":1607709074,"path_taken":["M","?","M","?","M","E","?","M","T","R","?","E","?","?","R","BOSS"],"items_purchased_type":["Card"],"build_version":"2020-11-30","purchased_purges":1,"victory":false,"max_hp_per_floor":[75,75,75,84,84,84,84,84,84,84,84,84,84,84,89,89,89],"card_choices":[{"not_picked":["TheCursedMod:UltimatePain","TheCursedMod:AntiAging"],"picked":"TheCursedMod:NeowsMight","floor":0},{"not_picked":["TheCursedMod:HellsGateOpen","TheCursedMod:ManaBullet"],"picked":"TheCursedMod:RavingStaff","floor":1},{"not_picked":["TheCursedMod:AshesToAshes","TheCursedMod:LuckyCharm"],"picked":"TheCursedMod:WearCloak","floor":3},{"not_picked":["TheCursedMod:CursedShiv","TheCursedMod:Mangle"],"picked":"TheCursedMod:CircleOfFlame","floor":5},{"not_picked":["TheCursedMod:TroublousMinions","TheCursedMod:CursedShiv"],"picked":"TheCursedMod:DoubleShield","floor":6},{"not_picked":["TheCursedMod:SpitefulPlan","TheCursedMod:Obscuration"],"picked":"TheCursedMod:WearCloak","floor":7},{"not_picked":["TheCursedMod:DoubleShield","TheCursedMod:TacticalStrike"],"picked":"TheCursedMod:AbyssShockwave","floor":7},{"not_picked":["TheCursedMod:ManaCirculation","TheCursedMod:Stretching"],"picked":"TheCursedMod:BlessingInDisguise","floor":8},{"not_picked":["TheCursedMod:LuckyCharm","TheCursedMod:SpitefulPray"],"picked":"TheCursedMod:HellsGateOpen","floor":12}],"player_experience":441282,"relics_obtained":[{"floor":2,"key":"ReplayTheSpireMod:Ring of Exchange"},{"floor":2,"key":"Ring of Fury"},{"floor":6,"key":"Juzu Bracelet"},{"floor":7,"key":"InkBottle"},{"floor":12,"key":"aspiration:StickyExplosives_weak"},{"floor":13,"key":"War Paint"}],"event_choices":[],"is_beta":false,"boss_relics":[],"items_purged_floors":[14],"is_endless":false,"potions_floor_spawned":[1,3,6,8],"killed_by":"Hallownest:BossHornet","ascension_level":1}}