{"host":"db9qq6yd9ck6prkg","time":1607692720,"event":{"mods":["BaseMod","Custom Start","Minty Spire (QoL Compilation)","StSLib","Uncapped"],"gold_per_floor":[10113,10113,10124,10137,9237,9269,9269,9298,9370,9389,8539,8539,8550,8550,8550,8627,8627,8644,7688,7701,7715,7715,7742,7824,7858,7908,895,810,810,843,768,768,840,840,854,117,167,221,9,44,44,71,71,97,124,143,143,171,171,171,171,171,11,46,46],"floor_reached":56,"playtime":2051,"items_purged":["Strike_G","Strike_G","Strike_G","Defend_G","Defend_G+1","Survivor+1"],"score":3115,"play_id":"d1a5bea8-8e6a-4967-90c7-b181fe872c74","local_time":"20201211211840","is_ascension_mode":true,"campfire_choices":[{"data":"Phantasmal Killer","floor":7.0,"key":"SMITH"},{"floor":12.0,"key":"REST"},{"data":"Acrobatics","floor":15.0,"key":"SMITH"},{"data":"Prepared","floor":29.0,"key":"SMITH"},{"floor":32.0,"key":"RECALL"},{"floor":47.0,"key":"DIG"},{"floor":49.0,"key":"DIG"},{"floor":52.0,"key":"DIG"}],"circlet_count":0,"master_deck":["AscendersBane","Neutralize+1","Acrobatics+1","Phantasmal Killer+1","Footwork","Prepared+1","Crippling Poison+1","Footwork","Eviscerate+1","Blade Dance+1","Reflex+1","Backflip+1","Venomology+1","Tactician+1","Grand Finale","Master of Strategy+1","Second Wind+1","Crescendo+1"],"relics":["Ring of the Snake","NeowsBlessing","Mummified Hand","Toxic Egg 2","Toolbox","TungstenRod","Centennial Puzzle","Kunai","HandDrill","Toy Ornithopter","Potion Belt","Chemical X","Boot","Mango","Happy Flower","The Courier","Eternal Feather","War Paint","Dream Catcher","Matryoshka","Bag of Marbles","Akabeko","Tough Bandages","Question Card","Strawberry","Nunchaku","Art of War","Calipers","InkBottle","Pen Nib","Tiny Chest","CeramicFish","Anchor","Orichalcum","Snake Skull","Vajra","Torii","Whetstone","Thread and Needle","Bag of Preparation","Mercury Hourglass","Oddly Smooth Stone","MealTicket","Omamori","Ancient Tea Set","Juzu Bracelet","Blood Vial","Regal Pillow","Pocketwatch","Bronze Scales","PreservedInsect","Lantern","Ginger","Sundial","StoneCalendar","Molten Egg 2","Ornamental Fan","Pantograph","Frozen Egg 2","PrismaticShard","White Beast Statue","Pear","Empty Cage","TheAbacus","Singing Bowl","WingedGreaves","Lizard Tail","Blue Candle","StrikeDummy","Shuriken","Paper Crane","Meat on the Bone","Du-Vu Doll","Girya","Shovel","Unceasing Top","Turnip","FossilizedHelix","Bird Faced Urn"],"acts_visited":["Exordium","TheCity","TheBeyond","TheEnding"],"potions_floor_usage":[55,55,55],"damage_taken":[{"damage":0.0,"enemies":"Jaw Worm","floor":1.0,"turns":1.0},{"damage":0.0,"enemies":"Cultist","floor":3.0,"turns":1.0},{"damage":0.0,"enemies":"2 Louse","floor":4.0,"turns":1.0},{"damage":22.0,"enemies":"3 Sentries","floor":6.0,"turns":16.0},{"damage":10.0,"enemies":"Lagavulin","floor":8.0,"turns":10.0},{"damage":9.0,"enemies":"Lots of Slimes","floor":10.0,"turns":2.0},{"damage":0.0,"enemies":"Blue Slaver","floor":13.0,"turns":2.0},{"damage":0.0,"enemies":"The Guardian","floor":16.0,"turns":8.0},{"damage":14.0,"enemies":"2 Thieves","floor":18.0,"turns":2.0},{"damage":0.0,"enemies":"3 Byrds","floor":20.0,"turns":4.0},{"damage":0.0,"enemies":"Cultist and Chosen","floor":21.0,"turns":5.0},{"damage":13.0,"enemies":"Slavers","floor":23.0,"turns":6.0},{"damage":0.0,"enemies":"Book of Stabbing","floor":25.0,"turns":5.0},{"damage":0.0,"enemies":"Gremlin Leader","floor":30.0,"turns":3.0},{"damage":0.0,"enemies":"Collector","floor":33.0,"turns":2.0},{"damage":0.0,"enemies":"3 Shapes","floor":35.0,"turns":1.0},{"damage":0.0,"enemies":"2 Orb Walkers","floor":37.0,"turns":1.0},{"damage":0.0,"enemies":"Nemesis","floor":40.0,"turns":1.0},{"damage":0.0,"enemies":"Reptomancer","floor":42.0,"turns":1.0},{"damage":0.0,"enemies":"Giant Head","floor":44.0,"turns":1.0},{"damage":0.0,"enemies":"Nemesis","floor":45.0,"turns":1.0},{"damage":0.0,"enemies":"3 Darklings","floor":46.0,"turns":1.0},{"damage":0.0,"enemies":"Transient","floor":48.0,"turns":3.0},{"damage":0.0,"enemies":"Time Eater","floor":50.0,"turns":4.0},{"damage":0.0,"enemies":"Shield and Spear","floor":54.0,"turns":3.0},{"damage":0,"enemies":"The Heart","floor":55,"turns":6}],"seed_played":"-2424070253639584131","potions_obtained":[{"floor":1.0,"key":"EssenceOfSteel"},{"floor":4.0,"key":"ColorlessPotion"},{"floor":6.0,"key":"EssenceOfSteel"},{"floor":30.0,"key":"FearPotion"},{"floor":33.0,"key":"DuplicationPotion"},{"floor":37.0,"key":"BlessingOfTheForge"},{"floor":45.0,"key":"Poison Potion"},{"floor":46.0,"key":"FairyPotion"},{"floor":48.0,"key":"PowerPotion"},{"floor":54,"key":"Ancient Potion"}],"is_trial":false,"path_per_floor":["M","?","M","M","$","E","R","E","T","M","$","R","M","?","R","B",null,"M","$","M","M","?","E","T","E","T","$","?","R","E","?","R","B",null,"M","$","?","T","$","E","?","E","T","E","E","M","R","M","R","B",null,"R","$","E","B",null],"character_chosen":"THE_SILENT","items_purchased":["Mummified Hand","Toxic Egg 2","Toolbox","Crippling Poison+1","Footwork","HandDrill","Toy Ornithopter","Potion Belt","Blade Dance+1","Block Potion","EssenceOfSteel","DuplicationPotion","Chemical X","Boot","Mango","Venomology+1","War Paint","Dream Catcher","Matryoshka","Bag of Marbles","Akabeko","Tough Bandages","Question Card","Strawberry","Nunchaku","Art of War","Calipers","InkBottle","Pen Nib","Tiny Chest","CeramicFish","Anchor","Orichalcum","Snake Skull","Vajra","Torii","Whetstone","Thread and Needle","Bag of Preparation","Mercury Hourglass","Oddly Smooth Stone","MealTicket","Omamori","Ancient Tea Set","Juzu Bracelet","Blood Vial","Regal Pillow","Pocketwatch","Bronze Scales","PreservedInsect","Lantern","Ginger","Sundial","StoneCalendar","Molten Egg 2","Ornamental Fan","Pantograph","Frozen Egg 2","Master of Strategy+1","PrismaticShard","TheAbacus","Singing Bowl","WingedGreaves","Shuriken"],"campfire_rested":1,"item_purchase_floors":[5,5,5,5,5,11,11,11,11,11,11,11,19,19,19,19,27,27,27,27,27,27,27,27,27,27,27,27,27,27,27,27,27,27,27,27,27,27,27,27,27,27,27,27,27,27,27,27,27,27,27,27,27,27,27,27,27,27,27,27,36,36,36,39],"current_hp_per_floor":[59,59,59,59,59,37,37,27,27,18,18,37,37,37,37,37,59,45,59,64,69,69,66,66,76,76,83,83,87,97,97,97,97,97,97,97,99,99,99,101,96,98,98,100,102,104,104,104,104,104,104,104,104,104,104],"gold":46,"neow_bonus":"THREE_ENEMY_KILL","is_daily":false,"chose_seed":false,"campfire_upgraded":3,"win_rate":0.0,"timestamp":1607692720,"path_taken":["M","?","M","?","$","E","R","E","T","M","$","R","M","?","R","BOSS","M","$","M","?","?","E","?","E","T","$","?","R","E","?","R","BOSS","M","$","?","?","$","E","?","E","T","E","E","M","R","M","R","BOSS","R","$","E","BOSS"],"items_purchased_type":["Relic","Relic","Relic","Undefined","Card","Relic","Relic","Relic","Undefined","Potion","Potion","Potion","Relic","Relic","Relic","Undefined","Relic","Relic","Relic","Relic","Relic","Relic","Relic","Relic","Relic","Relic","Relic","Relic","Relic","Relic","Relic","Relic","Relic","Relic","Relic","Relic","Relic","Relic","Relic","Relic","Relic","Relic","Relic","Relic","Relic","Relic","Relic","Relic","Relic","Relic","Relic","Relic","Relic","Relic","Relic","Relic","Relic","Relic","Undefined","Relic","Relic","Relic","Relic","Relic"],"build_version":"2020-11-30","purchased_purges":6,"victory":true,"max_hp_per_floor":[66,66,66,66,66,66,66,66,66,66,66,66,66,66,66,66,66,66,80,80,80,80,80,80,80,80,87,87,87,97,97,97,97,97,97,97,99,99,99,101,96,98,98,100,102,104,104,104,104,104,104,104,104,104,104],"card_choices":[{"not_picked":["Backstab","Dodge and Roll"],"picked":"Acrobatics","floor":1.0},{"not_picked":["Backflip","Slice"],"picked":"Footwork","floor":3.0},{"not_picked":["Dodge and Roll","Bane"],"picked":"Prepared","floor":4.0},{"not_picked":["Endless Agony","Underhanded Strike"],"picked":"Eviscerate","floor":8.0},{"not_picked":["Poisoned Stab","Riddle With Holes"],"picked":"Reflex+1","floor":13.0},{"not_picked":["Acrobatics+1","Finisher+1"],"picked":"Backflip+1","floor":18.0},{"not_picked":["Cloak And Dagger+1","Deadly Poison+1"],"picked":"Tactician+1","floor":23.0},{"not_picked":["Cloak And Dagger+1","Choke"],"picked":"Grand Finale","floor":25.0},{"not_picked":["Impatience+1","Hemokinesis+1","SignatureMove+1","ClearTheMind+1"],"picked":"SKIP","floor":35.0},{"not_picked":["Sword Boomerang+1","Meditate+1","Noxious Fumes+1","FollowUp+1"],"picked":"Singing Bowl","floor":37.0},{"not_picked":["True Grit+1","Conserve Battery+1","Cleave+1","Flex+1"],"picked":"Singing Bowl","floor":40.0},{"not_picked":["Warcry+1","Static Discharge+1","Poisoned Stab+1","CrushJoints+1"],"picked":"Singing Bowl","floor":42.0},{"not_picked":["Battle Trance+1","HandOfGreed+1","Consecrate+1","Fire Breathing+1"],"picked":"Singing Bowl","floor":44.0},{"not_picked":["Wild Strike+1","Shrug It Off+1","Ball Lightning+1","Discovery+1"],"picked":"Singing Bowl","floor":45.0},{"not_picked":["Deflect+1","Masterful Stab+1","Outmaneuver+1","PiercingWail+1"],"picked":"Singing Bowl","floor":46.0},{"not_picked":["Metamorphosis+1","BowlingBash+1","Hemokinesis+1"],"picked":"Second Wind+1","floor":48.0},{"not_picked":["Metallicize+1","Tantrum+1","Rebound+1"],"picked":"Crescendo+1","floor":54}],"player_experience":164109,"relics_obtained":[{"floor":6.0,"key":"TungstenRod"},{"floor":8.0,"key":"Centennial Puzzle"},{"floor":9.0,"key":"Kunai"},{"floor":23.0,"key":"Happy Flower"},{"floor":24.0,"key":"The Courier"},{"floor":25.0,"key":"Eternal Feather"},{"floor":30.0,"key":"Pear"},{"floor":37.0,"key":"Lizard Tail"},{"floor":38.0,"key":"Blue Candle"},{"floor":38.0,"key":"StrikeDummy"},{"floor":40.0,"key":"Paper Crane"},{"floor":42.0,"key":"Meat on the Bone"},{"floor":43.0,"key":"Du-Vu Doll"},{"floor":43.0,"key":"Girya"},{"floor":44.0,"key":"Shovel"},{"floor":45.0,"key":"Unceasing Top"},{"floor":47.0,"key":"Turnip"},{"floor":49.0,"key":"FossilizedHelix"},{"floor":52.0,"key":"Bird Faced Urn"}],"event_choices":[{"damage_healed":0.0,"max_hp_gain":0.0,"max_hp_loss":0.0,"gold_gain":0.0,"cards_transformed":["Strike_G"],"event_name":"Transmorgrifier","player_choice":"Transformed","floor":2.0,"gold_loss":0.0,"damage_taken":0.0,"cards_obtained":["Phantasmal Killer"]},{"cards_removed":["Strike_G"],"damage_healed":0.0,"max_hp_gain":0.0,"max_hp_loss":0.0,"gold_gain":0.0,"event_name":"Purifier","player_choice":"Purged","floor":14.0,"gold_loss":0.0,"damage_taken":0.0},{"damage_healed":0.0,"max_hp_gain":0.0,"max_hp_loss":0.0,"gold_gain":0.0,"event_name":"Ghosts","player_choice":"Ignored","floor":22.0,"gold_loss":0.0,"damage_taken":0.0},{"damage_healed":0.0,"max_hp_gain":0.0,"max_hp_loss":0.0,"gold_gain":0.0,"event_name":"Addict","player_choice":"Obtained Relic","floor":28.0,"gold_loss":85.0,"damage_taken":0.0,"relics_obtained":["White Beast Statue"]},{"cards_removed":["Defend_G"],"damage_healed":0.0,"max_hp_gain":0.0,"max_hp_loss":0.0,"gold_gain":0.0,"event_name":"Beggar","player_choice":"Gave Gold","floor":31.0,"gold_loss":75.0,"damage_taken":0.0},{"damage_healed":0.0,"max_hp_gain":0.0,"max_hp_loss":0.0,"gold_gain":0.0,"event_name":"Mysterious Sphere","player_choice":"Fight","floor":37.0,"gold_loss":0.0,"damage_taken":0.0},{"damage_healed":0.0,"max_hp_gain":0.0,"max_hp_loss":5.0,"gold_gain":0.0,"event_name":"Winding Halls","player_choice":"Max HP","floor":41.0,"gold_loss":0.0,"damage_taken":0.0}],"is_beta":false,"boss_relics":[{"not_picked":["Sozu","Snecko Eye","Busted Crown"]},{"not_picked":["Astrolabe","WristBlade"],"picked":"Empty Cage"}],"items_purged_floors":[5,11,19,27,36,53],"is_endless":false,"potions_floor_spawned":[1,4,6,13,16,21,30,33,35,37,40,42,44,45,46,48,54],"ascension_level":17}}