{"host":"mszes4kzl3qk0fcx","time":1607646745,"event":{"mods":["BaseMod","StSLib","The Animator","Minty Spire (QoL Compilation)","The Administrix"],"gold_per_floor":[111,111,133,162,15,15,43,73,73,73,73,97,97,97],"floor_reached":13,"playtime":1125,"items_purged":[],"score":89,"play_id":"9f60fb6e-308c-4d51-8da8-278079e018f9","local_time":"20201210193225","is_ascension_mode":true,"campfire_choices":[{"data":"animator:Berserker","floor":6,"key":"SMITH"},{"data":"animator:MumenRider","floor":11,"key":"SMITH"}],"circlet_count":0,"master_deck":["animator:Strike_Fate","animator:Strike","animator:Strike","animator:Defend","animator:Defend","animator:Alexander","animator:Rider","animator:Caster","animator:Illya","animator:Alexander","animator:MumenRider+1","animator:Cocytus","animator:Berserker+1","animator:EmiyaShirou","animator:Archer","Injury","animator:Illya"],"relics":["animator:TheMissingPiece","animator:PurgingStone","animator:RacePiece","Bag of Preparation","Pantograph","Molten Egg 2","Golden Idol"],"acts_visited":["Exordium"],"potions_floor_usage":[7,13],"damage_taken":[{"damage":7,"enemies":"2 Louse","floor":1,"turns":3},{"damage":8,"enemies":"Jaw Worm","floor":3,"turns":4},{"damage":1,"enemies":"Small Slimes","floor":4,"turns":4},{"damage":23,"enemies":"Lagavulin","floor":7,"turns":3},{"damage":8,"enemies":"Blue Slaver","floor":8,"turns":4},{"damage":14,"enemies":"Exordium Thugs","floor":12,"turns":6},{"damage":8,"enemies":"Gremlin Nob","floor":13,"turns":2}],"seed_played":"7451806254533849704","potions_obtained":[{"floor":1,"key":"Strength Potion"},{"floor":3,"key":"AttackPotion"}],"is_trial":false,"path_per_floor":["M","?","M","M","$","R","E","M","T","?","R","M","E"],"character_chosen":"THE_ANIMATOR","items_purchased":["Bag of Preparation"],"campfire_rested":0,"item_purchase_floors":[5],"current_hp_per_floor":[59,59,51,50,50,50,28,20,20,20,20,6,0,0],"gold":97,"neow_bonus":"BOSS_RELIC","is_daily":false,"chose_seed":false,"campfire_upgraded":2,"win_rate":0,"timestamp":1607646745,"path_taken":["M","?","M","M","$","R","E","M","T","?","R","M","E"],"build_version":"2020-11-30","purchased_purges":0,"victory":false,"max_hp_per_floor":[66,66,66,66,66,66,67,67,67,67,67,67,67,67],"card_choices":[{"not_picked":["animator:RoryMercury","animator:Guy"],"picked":"animator:MumenRider","floor":1},{"not_picked":["animator:Ciel","animator:Rider"],"picked":"animator:Cocytus","floor":3},{"not_picked":["animator:Add","animator:Shinoa"],"picked":"animator:Berserker","floor":4},{"not_picked":["animator:ShinjiMatou","animator:Alexander"],"picked":"animator:EmiyaShirou","floor":7},{"not_picked":["animator:Chung","animator:Entoma"],"picked":"animator:Archer","floor":8},{"not_picked":["animator:TukaLunaMarceau","animator:Rider"],"picked":"animator:Illya","floor":12}],"player_experience":472373,"relics_obtained":[{"floor":7,"key":"Pantograph"},{"floor":9,"key":"Molten Egg 2"}],"event_choices":[{"damage_healed":0,"gold_gain":0,"player_choice":"Ignored","damage_taken":0,"max_hp_gain":0,"max_hp_loss":0,"event_name":"Liars Game","floor":2,"gold_loss":0},{"damage_healed":0,"gold_gain":0,"player_choice":"Take Wound","damage_taken":0,"relics_obtained":["Golden Idol"],"max_hp_gain":0,"max_hp_loss":0,"event_name":"Golden Idol","floor":10,"gold_loss":0,"cards_obtained":["Injury"]}],"is_beta":false,"boss_relics":[],"items_purged_floors":[],"is_endless":false,"potions_floor_spawned":[1,3],"killed_by":"Gremlin Nob","ascension_level":1}}