{"host":"61ejhfsushs0xmcl","time":1607683311,"event":{"mods":["Act Like it!","BaseMod","Colored Map","Dota2Spire","Gold Saver","Marisa（F雨　魔理沙）","Minty Spire (QoL Compilation)","MostiFishMod","Replay The Spire","Spicy Shops","StSLib","TestMod","The Dragon Tamer","Waifu the Spire","篝火指南"],"gold_per_floor":[208,224,240,258,97,130,30,58,58,58,58,68,99,117,117,191,191,207,207,227,241,254,279,279,313,313,313,45,45,70,102,102,102,102,176,176,195,212,260,277,167,202,202,231,231,251,282,95,130,143,143,143,143,143,143,87,116,116],"floor_reached":59,"playtime":2089,"items_purged":["Bash","Infernal Blade","ReplayTheSpireMod:Limb From Limb","Exhume"],"score":3260,"play_id":"24cb591f-c02b-402e-9bd1-d3e8c58a61e8","local_time":"20201211184151","is_ascension_mode":true,"campfire_choices":[{"data":"MostiFishMod:RacingGame","floor":10.0,"key":"SMITH"},{"data":"Double Tap","floor":15.0,"key":"SMITH"},{"data":"Replay:Many Hands","floor":27.0,"key":"SMITH"},{"data":"Rupture","floor":34.0,"key":"SMITH"},{"floor":43.0,"key":"RECALL"},{"data":"Feel No Pain","floor":51,"key":"SMITH"},{"data":"MostiFishMod:DarkDeal","floor":55,"key":"SMITH"}],"circlet_count":0,"master_deck":["AscendersBane","Pummel+1","Pummel+1","MostiFishMod:RacingGame+1","Replay:Many Hands+1","Reaper","MostiFishMod:DarkDeal+1","Double Tap+1","Bloodletting+1","Rupture+1","Hemogenesis+1","True Grit+1","Shockwave+1","Feel No Pain+1"],"relics":["Burning Blood","testmod-TestBox","NeowsBlessing","testmod-Prudence","Pandora\u0027s Box","Question Card","Dota2Spire:UrnOfShadows","WingedGreaves","testmod-Nyarlathotep","ImportantClient","Electric Blood","ReplayTheSpireMod:Ring of Exchange","Vajra","King of Hearts","Toxic Egg 2","Ginger","testmod-Brilliant","Membership Card","Ice Cream","Meat on the Bone","MealTicket","Golden Egg","Pen Nib","Whetstone","Torii","Snack Pack","Boot"],"acts_visited":["Exordium","TheCity","TheBeyond","TheEnding"],"potions_floor_usage":[52,58],"damage_taken":[{"damage":0.0,"enemies":"Cultist","floor":1.0,"turns":1.0},{"damage":0.0,"enemies":"Small Slimes","floor":2.0,"turns":1.0},{"damage":0.0,"enemies":"Jaw Worm","floor":3.0,"turns":1.0},{"damage":5.0,"enemies":"Large Slime","floor":4.0,"turns":3.0},{"damage":5.0,"enemies":"Gremlin Nob","floor":6.0,"turns":2.0},{"damage":8.0,"enemies":"3 Sentries","floor":8.0,"turns":2.0},{"damage":5.0,"enemies":"2 Fungi Beasts","floor":12.0,"turns":2.0},{"damage":10.0,"enemies":"Lagavulin","floor":13.0,"turns":2.0},{"damage":5.0,"enemies":"Blue Slaver","floor":14.0,"turns":1.0},{"damage":103.0,"enemies":"Fading Forest","floor":16.0,"turns":8.0},{"damage":9.0,"enemies":"Chosen","floor":18.0,"turns":2.0},{"damage":22.0,"enemies":"3 Byrds","floor":20.0,"turns":2.0},{"damage":10.0,"enemies":"Cultist and Chosen","floor":21.0,"turns":1.0},{"damage":17.0,"enemies":"Centurion and Healer","floor":22.0,"turns":2.0},{"damage":23.0,"enemies":"Slavers","floor":23.0,"turns":2.0},{"damage":23.0,"enemies":"Replay:Snechameleon","floor":25.0,"turns":2.0},{"damage":9.0,"enemies":"Slavers","floor":30.0,"turns":1.0},{"damage":21.0,"enemies":"Book of Stabbing","floor":31.0,"turns":2.0},{"damage":21.0,"enemies":"Automaton","floor":35.0,"turns":1.0},{"damage":10.0,"enemies":"Orb Walker","floor":37.0,"turns":1.0},{"damage":9.0,"enemies":"3 Shapes","floor":38.0,"turns":1.0},{"damage":15.0,"enemies":"2 Orb Walkers","floor":39.0,"turns":1.0},{"damage":5.0,"enemies":"3 Darklings","floor":40.0,"turns":1.0},{"damage":11.0,"enemies":"Giant Head","floor":42.0,"turns":1.0},{"damage":17.0,"enemies":"Reptomancer","floor":44.0,"turns":2.0},{"damage":9.0,"enemies":"Spire Growth","floor":46.0,"turns":2.0},{"damage":10.0,"enemies":"Nemesis","floor":47.0,"turns":1.0},{"damage":16,"enemies":"R_Hoarder","floor":49,"turns":1},{"damage":14,"enemies":"4 Shapes","floor":50,"turns":1},{"damage":38,"enemies":"Awakened One","floor":52,"turns":3},{"damage":40,"enemies":"Donu and Deca","floor":53,"turns":1},{"damage":23,"enemies":"Shield and Spear","floor":57,"turns":3},{"damage":47,"enemies":"The Heart","floor":58,"turns":5}],"seed_played":"-4062934056269835477","potions_obtained":[{"floor":1.0,"key":"SkillPotion"},{"floor":3.0,"key":"Dota2Spire:Clarity"},{"floor":12.0,"key":"Venom Potion"},{"floor":16.0,"key":"Fruit Juice"},{"floor":18.0,"key":"BloodPotion"},{"floor":21.0,"key":"GamblersBrew"},{"floor":57,"key":"BloodPotion"}],"is_trial":false,"path_per_floor":["M","M","M","M","$","E","$","E","T","R","?","M","E","M","R","B",null,"M","?","M","M","M","E","?","E","T","R","$","?","E","E","PTL","PTL","R","B",null,"M","M","?","M","?","E","R","E","T","M","E","$","E","M","R","B","B",null,"R","$","E","B",null],"character_chosen":"IRONCLAD","items_purchased":["testmod-SpacePotion","Toxic Egg 2","Bloodletting+1","Whetstone","Snack Pack"],"campfire_rested":0,"item_purchase_floors":[5,28,28,48,56],"current_hp_per_floor":[74,75,75,75,75,75,75,75,75,75,68,69,71,72,72,33,70,67,67,79,75,80,80,57,60,60,60,60,60,85,70,70,70,70,55,78,79,76,85,85,85,80,80,84,84,82,85,85,85,85,85,53,65,80,80,85,77,73],"gold":116,"neow_bonus":"THREE_ENEMY_KILL","is_daily":false,"chose_seed":false,"campfire_upgraded":6,"win_rate":0.0,"timestamp":1607683311,"path_taken":["M","M","M","M","$","E","?","E","T","R","?","M","E","M","R","BOSS","M","?","M","M","M","E","?","E","T","R","$","?","E","E","PTL","PTL","R","BOSS","M","M","?","M","?","E","R","E","T","?","E","?","E","M","R","BOSS","BOSS","R","$","E","BOSS"],"items_purchased_type":["Potion","Relic","Undefined","Relic","Relic"],"build_version":"2020-11-30","purchased_purges":4,"victory":true,"max_hp_per_floor":[75,75,75,75,75,75,75,75,75,75,75,75,75,75,75,75,80,80,80,80,80,80,80,85,85,85,85,85,85,85,85,85,85,85,85,85,85,85,85,85,85,85,85,85,85,85,85,85,85,85,85,85,85,85,85,85,85,85],"card_choices":[{"not_picked":["Power Through","ReplayTheSpireMod:Corrosion Curse","Evolve"],"picked":"SKIP","floor":1.0},{"not_picked":["Perfected Strike","Twin Strike","Flex","MostiFishMod:404NotFound"],"picked":"SKIP","floor":2.0},{"not_picked":["ReplayTheSpireMod:Strike From Hell","Seeing Red","Shrug It Off","Wild Strike"],"picked":"SKIP","floor":3.0},{"not_picked":["Replay:Undeath\u0027s Touch","Thunderclap","Cleave","ReplayTheSpireMod:Strike From Hell"],"picked":"SKIP","floor":4.0},{"not_picked":["Wild Strike","Dropkick","MostiFishMod:PerfectStrikeMKII","ReplayTheSpireMod:Limb From Limb"],"picked":"SKIP","floor":6.0},{"not_picked":["Flex","Pommel Strike","True Grit","Fire Breathing"],"picked":"SKIP","floor":8.0},{"not_picked":["Headbutt","Shrug It Off","Flex"],"picked":"Double Tap","floor":12.0},{"not_picked":["Wild Strike","Rupture","Dropkick","Warcry"],"picked":"SKIP","floor":13.0},{"not_picked":["Uppercut","Perfected Strike","Anger","Flex"],"picked":"SKIP","floor":14.0},{"not_picked":["MostiFishMod:CullingBlade","MostiFishMod:UniRed","Impervious"],"picked":"Exhume","floor":16.0},{"not_picked":["Heavy Blade","Iron Wave","Run Through","Dark Embrace"],"picked":"SKIP","floor":18.0},{"not_picked":["ReplayTheSpireMod:Strike From Hell","Blood for Blood","Disarm","Abandon"],"picked":"SKIP","floor":20.0},{"not_picked":["Flex","Fire Breathing","Iron Wave"],"picked":"Uppercut+1","floor":21.0},{"not_picked":["Clash","Shrug It Off","Pommel Strike","Rampage"],"picked":"SKIP","floor":22.0},{"not_picked":["Sword Boomerang","Twin Strike+1","MostiFishMod:FlyOverUtopia","Rage"],"picked":"SKIP","floor":23.0},{"not_picked":["Perfected Strike","Havoc+1","Clothesline","Sentinel"],"picked":"SKIP","floor":25.0},{"not_picked":["Searing Blow","Feel No Pain","Flex+1"],"picked":"Rupture","floor":30.0},{"not_picked":["Anger","Replay:Undeath\u0027s Touch","Sword Boomerang","Iron Wave"],"picked":"SKIP","floor":31.0},{"not_picked":["Corruption","MostiFishMod:FlyOverUtopia+1","Immolate"],"picked":"Hemogenesis","floor":35.0},{"not_picked":["Perfected Strike","Run Through","Heavy Blade+1","Pommel Strike"],"picked":"SKIP","floor":37.0},{"not_picked":["Flex+1","Dual Wield+1","Twin Strike","Clothesline"],"picked":"SKIP","floor":38.0},{"not_picked":["Entrench+1","Juggernaut","Iron Wave+1"],"picked":"True Grit+1","floor":40.0},{"not_picked":["Reckless Charge+1","Anger","Carnage"],"picked":"Shockwave+1","floor":42.0},{"not_picked":["True Grit+1","Perfected Strike+1","Eclipse+1","Dual Wield+1"],"picked":"SKIP","floor":44.0},{"not_picked":["Heavy Blade","Clothesline","Flex+1","MostiFishMod:BrandingRite+1"],"picked":"SKIP","floor":46.0},{"not_picked":["Spot Weakness+1","Dropkick","Ghostly Armor+1"],"picked":"Feel No Pain","floor":47.0},{"not_picked":["Perfected Strike","Rupture","Clash","Abandon+1"],"picked":"SKIP","floor":49},{"not_picked":["Iron Wave","Body Slam","Twin Strike","Thunderclap"],"picked":"SKIP","floor":50},{"not_picked":["MostiFishMod:Mania","Run Through","Dual Wield+1","Feel No Pain"],"picked":"SKIP","floor":57}],"player_experience":776670,"relics_obtained":[{"floor":1.0,"key":"Question Card"},{"floor":6.0,"key":"Dota2Spire:UrnOfShadows"},{"floor":8.0,"key":"WingedGreaves"},{"floor":13.0,"key":"testmod-Nyarlathotep"},{"floor":16.0,"key":"ImportantClient"},{"floor":23.0,"key":"Vajra"},{"floor":26.0,"key":"King of Hearts"},{"floor":30.0,"key":"Ginger"},{"floor":31.0,"key":"testmod-Brilliant"},{"floor":39.0,"key":"Ice Cream"},{"floor":42.0,"key":"Meat on the Bone"},{"floor":44.0,"key":"MealTicket"},{"floor":45.0,"key":"Golden Egg"},{"floor":47.0,"key":"Pen Nib"},{"floor":49,"key":"Torii"},{"floor":57,"key":"Boot"}],"event_choices":[{"cards_removed":["MostiFishMod:UltimateDefense"],"damage_healed":0.0,"max_hp_gain":0.0,"max_hp_loss":0.0,"gold_gain":0.0,"event_name":"Golden Wing","player_choice":"Card Removal","floor":11.0,"gold_loss":0.0,"damage_taken":7.0},{"damage_healed":0.0,"max_hp_gain":0.0,"max_hp_loss":0.0,"gold_gain":0.0,"event_name":"给自己的盒子","player_choice":"Swap Relic","floor":19.0,"relics_lost":["DaveBox"],"gold_loss":0.0,"damage_taken":0.0,"relics_obtained":["ReplayTheSpireMod:Ring of Exchange"]},{"damage_healed":0.0,"max_hp_gain":5.0,"max_hp_loss":0.0,"gold_gain":0.0,"event_name":"Forgotten Altar","player_choice":"Shed Blood","floor":24.0,"gold_loss":0.0,"damage_taken":28.0},{"damage_healed":0.0,"max_hp_gain":0.0,"max_hp_loss":0.0,"gold_gain":0.0,"event_name":"Vampires","player_choice":"Ignored","floor":29.0,"gold_loss":0.0,"damage_taken":0.0},{"damage_healed":0.0,"max_hp_gain":0.0,"max_hp_loss":0.0,"gold_gain":0.0,"event_name":"Mysterious Sphere","player_choice":"Fight","floor":39.0,"gold_loss":0.0,"damage_taken":0.0},{"cards_removed":["Uppercut"],"damage_healed":0.0,"max_hp_gain":0.0,"max_hp_loss":0.0,"gold_gain":0.0,"event_name":"Designer","player_choice":"Upgrade and Remove","floor":41.0,"gold_loss":110.0,"damage_taken":0.0,"cards_upgraded":["Pummel"]}],"is_beta":false,"boss_relics":[{"not_picked":["testmod-D_4","Snecko Heart"],"picked":"Electric Blood"},{"not_picked":["Orrery","ShadowXiaoBlade"],"picked":"Membership Card"}],"items_purged_floors":[5,7,28,48],"is_endless":false,"potions_floor_spawned":[1,3,12,16,18,21,35,39,42,47,49,50,57],"ascension_level":20}}