{"host":"kstmajdnxm8lto3o","time":1607724274,"event":{"mods":["Aspiration","BaseMod","Better Third Choice","BetterRewards","CCEM","Conspire","Downfall","Gremlin Skip","Highlight Path","Hubris","Minty Spire (QoL Compilation)","Replay The Spire","Shop Mod","Spicy Shops","StSLib"],"gold_per_floor":[115,71,86,97,112,145,145,175,175,175,192,192,397,426,438,551,563,595,607,639,661,84,111,125,125,150,179,179,213,227,261,261,261,261],"floor_reached":33,"playtime":4493,"items_purged":["Sickly"],"score":389,"play_id":"2160f6e7-6252-4a25-8332-ff2d07f64544","local_time":"20201211170434","is_ascension_mode":true,"campfire_choices":[{"data":"Thunderclap","floor":10,"key":"SMITH"},{"data":"Twin Strike","floor":12,"key":"SMITH"},{"floor":15,"key":"REST"},{"data":"Armaments","floor":25,"key":"SMITH"},{"data":"Pommel Strike","floor":32,"key":"SMITH"}],"circlet_count":0,"master_deck":["Strike_R","Strike_R","Strike_R","Strike_R","Strike_R","Defend_R","Defend_R","Defend_R","Defend_R","Bash","Twin Strike+1","Thunderclap+1","Perfected Strike","Spot Weakness","Power Through","Anger","Shrug It Off","AbeCurse","Shrug It Off+1","Iron Wave","Armaments+1","Fire Breathing","Twin Strike","Pommel Strike+1","Reckless Charge","Wild Strike","Heavy Blade"],"relics":["Burning Blood","NeowsBlessing","betterThird:SlimedRelic","conspire:TopHat","Ring of Fury","Replay:Bottled Snecko","hubris:PeanutButter","MawBank","Abe\u0027s Treasure","CaptainsWheel","MerchantsRug","CCEMRelics:Barrel","ReplayTheSpireMod:Lightbulb","Quantum Egg","Eternal Feather"],"acts_visited":["Exordium","TheCity"],"potions_floor_usage":[5,14,23,31],"damage_taken":[{"damage":0,"enemies":"Small Slimes","floor":1,"turns":1},{"damage":0,"enemies":"Jaw Worm","floor":3,"turns":1},{"damage":0,"enemies":"Cultist","floor":4,"turns":1},{"damage":0,"enemies":"2 Fungi Beasts","floor":5,"turns":2},{"damage":39,"enemies":"Lagavulin","floor":6,"turns":6},{"damage":8,"enemies":"Gremlin Nob","floor":8,"turns":3},{"damage":0,"enemies":"Exordium Wildlife","floor":11,"turns":2},{"damage":1,"enemies":"3 Sentries","floor":14,"turns":3},{"damage":8,"enemies":"Slime Boss","floor":16,"turns":10},{"damage":0,"enemies":"Chosen","floor":18,"turns":4},{"damage":0,"enemies":"3 Byrds","floor":20,"turns":5},{"damage":0,"enemies":"Snecko","floor":21,"turns":5},{"damage":13,"enemies":"Slavers","floor":23,"turns":5},{"damage":4,"enemies":"Chosen and Byrds","floor":24,"turns":6},{"damage":0,"enemies":"Book of Stabbing","floor":27,"turns":4},{"damage":33,"enemies":"Gremlin Leader","floor":29,"turns":8},{"damage":10,"enemies":"Snake Plant","floor":30,"turns":3},{"damage":5,"enemies":"Slavers","floor":31,"turns":4},{"damage":50,"enemies":"Automaton","floor":33,"turns":6}],"seed_played":"-2523444370331569123","potions_obtained":[{"floor":1,"key":"FearPotion"},{"floor":4,"key":"FearPotion"},{"floor":6,"key":"Fire Potion"},{"floor":11,"key":"Explosive Potion"},{"floor":21,"key":"DistilledChaos"},{"floor":23,"key":"Dexterity Potion"},{"floor":31,"key":"DuplicationPotion"}],"is_trial":false,"path_per_floor":["M","?","M","M","M","E","?","E","T","R","M","R","?","E","R","B",null,"M","?","M","M","$","E","M","R","T","E","?","E","M","E","R","B"],"character_chosen":"IRONCLAD","items_purchased":["Fire Breathing","CaptainsWheel","MerchantsRug"],"campfire_rested":1,"item_purchase_floors":[22,22,22],"current_hp_per_floor":[80,69,75,80,80,47,47,45,45,45,51,51,19,24,48,46,80,80,80,80,80,80,73,75,75,75,80,65,38,34,35,50,0,0],"gold":261,"neow_bonus":"THREE_ENEMY_KILL","is_daily":false,"chose_seed":false,"campfire_upgraded":4,"win_rate":0.0,"timestamp":1607724274,"path_taken":["M","?","M","M","M","E","?","E","T","R","M","R","?","E","R","BOSS","M","?","M","M","$","E","M","R","T","E","?","E","M","E","R","BOSS"],"items_purchased_type":["Card","Relic","Relic"],"build_version":"2020-11-30","purchased_purges":1,"victory":false,"max_hp_per_floor":[80,80,80,80,80,80,80,80,80,80,80,80,80,80,80,80,80,80,80,80,80,80,80,80,80,80,80,85,85,85,85,85,85,85],"card_choices":[{"not_picked":["Dark Embrace","Life Link"],"picked":"Twin Strike","floor":1},{"not_picked":["Clash","Searing Blow"],"picked":"Thunderclap","floor":3},{"not_picked":["Havoc","Clothesline"],"picked":"Perfected Strike","floor":4},{"not_picked":["Heavy Blade","Replay:Undeath\u0027s Touch","Thunderclap"],"picked":"SKIP","floor":5},{"not_picked":["Rampage","conspire:HitWhereItHurts"],"picked":"Spot Weakness","floor":6},{"not_picked":["Perfected Strike","Clothesline"],"picked":"Power Through","floor":8},{"not_picked":["Entrench","Brutality","Havoc"],"picked":"SKIP","floor":11},{"not_picked":["Rampage","ReplayTheSpireMod:Strike From Hell"],"picked":"Anger","floor":13},{"not_picked":["Sword Boomerang","Cleave"],"picked":"Shrug It Off","floor":14},{"not_picked":["ReplayTheSpireMod:Muscle Training","Headbutt"],"picked":"Shrug It Off+1","floor":18},{"not_picked":["ReplayTheSpireMod:LeadingStrike","Run Through+1"],"picked":"Iron Wave","floor":20},{"not_picked":["Sentinel","Thunderclap"],"picked":"Armaments","floor":21},{"not_picked":["Perfected Strike","hubris:ReadiedAction"],"picked":"Twin Strike","floor":23},{"not_picked":["Ghostly Armor+1","Pummel+1"],"picked":"Pommel Strike","floor":24},{"not_picked":["Run Through","Juggernaut"],"picked":"Reckless Charge","floor":27},{"not_picked":["Power Through","Feed","Anger"],"picked":"SKIP","floor":29},{"not_picked":["ReplayTheSpireMod:Corrosion Curse","Anger+1"],"picked":"Wild Strike","floor":30},{"not_picked":["Sword Boomerang","Body Slam"],"picked":"Heavy Blade","floor":31}],"player_experience":420074,"relics_obtained":[{"floor":6,"key":"conspire:TopHat"},{"floor":7,"key":"Ring of Fury"},{"floor":8,"key":"Replay:Bottled Snecko"},{"floor":9,"key":"hubris:PeanutButter"},{"floor":14,"key":"MawBank"},{"floor":23,"key":"CCEMRelics:Barrel"},{"floor":26,"key":"ReplayTheSpireMod:Lightbulb"},{"floor":27,"key":"Quantum Egg"},{"floor":29,"key":"Eternal Feather"}],"event_choices":[{"damage_healed":0,"gold_gain":0,"player_choice":"Slimed","damage_taken":11,"max_hp_gain":0,"max_hp_loss":0,"event_name":"betterThird:BetterGoop","floor":2,"gold_loss":44},{"damage_healed":0,"gold_gain":0,"player_choice":"Ignored","damage_taken":0,"max_hp_gain":0,"max_hp_loss":0,"event_name":"Vampires","floor":19,"gold_loss":0},{"damage_healed":0,"gold_gain":0,"player_choice":"Shed Blood","damage_taken":20,"max_hp_gain":5,"max_hp_loss":0,"event_name":"Forgotten Altar","floor":28,"gold_loss":0}],"is_beta":false,"boss_relics":[{"not_picked":["Electric Blood","Pandora\u0027s Box"],"picked":"Abe\u0027s Treasure"}],"items_purged_floors":[22],"is_endless":false,"potions_floor_spawned":[1,4,6,11,21,23,29,30,31],"killed_by":"Automaton","ascension_level":1}}