{"host":"qwttrqaysb380yri","time":1607722494,"event":{"mods":["BaseMod","Custom Start","Minty Spire (QoL Compilation)","Puzzle Mod","Relic Stats","StSLib","The Cursed","The Hierophant"],"gold_per_floor":[122,122,149,179,201,173,173],"floor_reached":6,"playtime":1281,"items_purged":[],"score":67,"play_id":"d0ac008f-79bd-4542-8d70-d9dab95fa0f4","local_time":"20201211223454","is_ascension_mode":true,"campfire_choices":[],"circlet_count":0,"master_deck":["AscendersBane","hierophant:Strike_Hierophant","hierophant:Strike_Hierophant","hierophant:Strike_Hierophant","hierophant:Punish","hierophant:Defend_Hierophant","hierophant:Defend_Hierophant","hierophant:Defend_Hierophant","hierophant:Defend_Hierophant","hierophant:ChurchCoffers","hierophant:CursedGold","hierophant:Doubloon","hierophant:SealAway","hierophant:Doubloon","hierophant:SealAway","hierophant:Doubloon","hierophant:RecallFunds"],"relics":["hierophant:PropheticMaskRelic"],"acts_visited":["Exordium"],"potions_floor_usage":[],"damage_taken":[{"damage":0,"enemies":"2 Louse","floor":1,"turns":3},{"damage":4,"enemies":"Jaw Worm","floor":3,"turns":4},{"damage":6,"enemies":"Cultist","floor":4,"turns":3},{"damage":7,"enemies":"Large Slime","floor":5,"turns":6},{"damage":38,"enemies":"Gremlin Nob","floor":6,"turns":4}],"seed_played":"4266380486960231678","potions_obtained":[],"is_trial":false,"path_per_floor":["M","?","M","M","M","E"],"character_chosen":"HIEROPHANT","items_purchased":[],"campfire_rested":0,"item_purchase_floors":[],"current_hp_per_floor":[68,68,64,58,51,13,13],"gold":173,"neow_bonus":"TRANSFORM_CARD","is_daily":false,"chose_seed":false,"campfire_upgraded":0,"win_rate":0.0,"timestamp":1607722494,"path_taken":["M","?","M","M","M","E"],"items_purchased_type":[],"build_version":"2020-11-30","purchased_purges":0,"victory":false,"max_hp_per_floor":[75,75,75,75,75,75,75],"relic_stats":{"counters":[5,20],"obtain_stats":[{"hierophant:PropheticMaskRelic":0},{"hierophant:PropheticMaskRelic":0},{"hierophant:PropheticMaskRelic":0}]},"card_choices":[{"not_picked":["hierophant:Racketeering","hierophant:Repentance"],"picked":"hierophant:SealAway","floor":1},{"not_picked":["hierophant:Upheaval","hierophant:AuricForm"],"picked":"hierophant:Doubloon","floor":3},{"not_picked":["hierophant:Remorse","hierophant:DisplayOfPower"],"picked":"hierophant:SealAway","floor":4},{"not_picked":["hierophant:Doubloon","hierophant:Glossolalia"],"picked":"hierophant:RecallFunds","floor":5}],"player_experience":1811421,"relics_obtained":[],"event_choices":[{"damage_healed":0,"gold_gain":0,"player_choice":"Ignored","damage_taken":0,"max_hp_gain":0,"max_hp_loss":0,"event_name":"Liars Game","floor":2,"gold_loss":0}],"is_beta":false,"boss_relics":[],"items_purged_floors":[],"is_endless":false,"potions_floor_spawned":[],"killed_by":"Gremlin Nob","ascension_level":15}}