{"host":"4np54w3ai1r5lqo1","time":1607725523,"event":{"mods":["BaseMod","Colored Map","Minty Spire (QoL Compilation)"],"gold_per_floor":[118,65,77,18,18,49,49,49,96,106,106,137,150,150,150],"floor_reached":14,"playtime":249,"items_purged":[],"score":148,"play_id":"32fda90d-6377-45fb-ae82-a68e0aff0f50","local_time":"20201211202523","is_ascension_mode":true,"campfire_choices":[{"data":"Genetic Algorithm","floor":7,"key":"SMITH"}],"circlet_count":0,"master_deck":["Strike_B","Strike_B","Strike_B","Strike_B","Defend_B","Defend_B","Defend_B","Defend_B","Zap","Dualcast","Conserve Battery","Ball Lightning","Glacier","Genetic Algorithm+1","Darkness","Self Repair","Self Repair"],"relics":["Cracked Core","NeowsBlessing","Sundial","Nunchaku","Centennial Puzzle","Golden Idol","Bag of Marbles"],"acts_visited":["Exordium"],"potions_floor_usage":[],"damage_taken":[{"damage":0,"enemies":"Small Slimes","floor":1,"turns":1},{"damage":0,"enemies":"Cultist","floor":3,"turns":1},{"damage":0,"enemies":"Lagavulin","floor":6,"turns":1},{"damage":8,"enemies":"2 Louse","floor":10,"turns":2},{"damage":43,"enemies":"Gremlin Nob","floor":12,"turns":5},{"damage":3,"enemies":"2 Fungi Beasts","floor":13,"turns":3},{"damage":47,"enemies":"Lagavulin","floor":14,"turns":7}],"seed_played":"-2299937200300743377","potions_obtained":[{"floor":6,"key":"FairyPotion"}],"is_trial":false,"path_per_floor":["M","$","M","?","$","E","R","?","T","M","?","E","M","E"],"character_chosen":"DEFECT","items_purchased":["Ball Lightning"],"campfire_rested":0,"item_purchase_floors":[2],"current_hp_per_floor":[75,75,75,75,75,75,75,75,75,67,49,6,10,0,0],"gold":150,"neow_bonus":"THREE_ENEMY_KILL","is_daily":false,"chose_seed":false,"campfire_upgraded":1,"win_rate":0.0,"timestamp":1607725523,"path_taken":["M","$","M","?","?","E","R","?","T","M","?","E","?","E"],"items_purchased_type":["Card"],"build_version":"2020-11-30","purchased_purges":0,"victory":false,"max_hp_per_floor":[75,75,75,75,75,75,75,75,75,75,75,75,75,75,75],"card_choices":[{"not_picked":["Beam Cell","Tempest"],"picked":"Conserve Battery","floor":1},{"not_picked":["Turbo","Scrape"],"picked":"Glacier","floor":3},{"not_picked":["Cold Snap","Double Energy"],"picked":"Genetic Algorithm","floor":6},{"not_picked":["Steam","Loop"],"picked":"Darkness","floor":10},{"not_picked":["Doom and Gloom","Stack"],"picked":"Self Repair","floor":12},{"not_picked":["Turbo","Sweeping Beam"],"picked":"Self Repair","floor":13}],"player_experience":441454,"relics_obtained":[{"floor":6,"key":"Nunchaku"},{"floor":9,"key":"Centennial Puzzle"},{"floor":12,"key":"Bag of Marbles"}],"event_choices":[{"damage_healed":0,"gold_gain":0,"player_choice":"Paid Gold","damage_taken":0,"relics_obtained":["Sundial"],"max_hp_gain":0,"max_hp_loss":0,"event_name":"WeMeetAgain","floor":4,"gold_loss":59},{"damage_healed":0,"gold_gain":0,"player_choice":"Leave","damage_taken":0,"max_hp_gain":0,"max_hp_loss":0,"event_name":"The Cleric","floor":8,"gold_loss":0},{"damage_healed":0,"gold_gain":0,"player_choice":"Take Damage","damage_taken":18,"relics_obtained":["Golden Idol"],"max_hp_gain":0,"max_hp_loss":0,"event_name":"Golden Idol","floor":11,"gold_loss":0}],"is_beta":false,"boss_relics":[],"items_purged_floors":[],"is_endless":false,"potions_floor_spawned":[6],"killed_by":"Lagavulin","ascension_level":4}}