{"host":"4kqw88srlhl37mck","time":1607662513,"event":{"mods":["BaseMod","Better Altar","Better Match","Better Note","Better Sensory Stone","Better Skull","Better Third Choice","Marisa（霧雨　魔理沙）","Minty Spire (QoL Compilation)","Quick Restart","Rare Cards Sparkle","Remilia（蕾米莉亚）","StSLib","The Animator","The Forsaken","The Servant 0.9.4","Yuri Mod"],"gold_per_floor":[115,115,115,134,144,178,178,178,178,196,196,196,225,243,243,347,347,366,377,377,395,406,406,437,437,437,437,437,468,486,502,502,502,502],"floor_reached":33,"playtime":1975,"items_purged":[],"score":347,"play_id":"e6813fb8-04d0-42c3-95d5-37cecd3909d4","local_time":"20201210205513","is_ascension_mode":false,"campfire_choices":[{"floor":7,"key":"RECALL"},{"data":"MastersStateliness","floor":11,"key":"SMITH"},{"floor":15,"key":"REST"},{"data":"ScarletImprint","floor":23,"key":"SMITH"},{"floor":25,"key":"REST"},{"floor":32,"key":"REST"}],"circlet_count":0,"master_deck":["Strike_RM+1","Strike_RM","Strike_RM+1","Defend_RM","Defend_RM","Defend_RM","Defend_RM","RedMoon","ScarletShoot","MastersStateliness+1","StarOfDavid+1","Stigmanizer","ScarletImprint+1","MiserableFate+1","ForecastOfChange"],"relics":["ScarletHat","Bottled Tornado","Whetstone","Runic Pyramid","Anchor","Akabeko","Prayer Wheel","Toxic Egg 2"],"acts_visited":["Exordium","TheCity"],"potions_floor_usage":[16,33,33,33],"damage_taken":[{"damage":0,"enemies":"2 Louse","floor":1,"turns":3},{"damage":0,"enemies":"Small Slimes","floor":4,"turns":4},{"damage":0,"enemies":"Cultist","floor":5,"turns":4},{"damage":0,"enemies":"Gremlin Nob","floor":6,"turns":3},{"damage":10,"enemies":"Blue Slaver","floor":10,"turns":1},{"damage":34,"enemies":"3 Sentries","floor":13,"turns":3},{"damage":6,"enemies":"3 Louse","floor":14,"turns":4},{"damage":58,"enemies":"The Guardian","floor":16,"turns":10},{"damage":0,"enemies":"Shell Parasite","floor":18,"turns":3},{"damage":13,"enemies":"3 Byrds","floor":19,"turns":5},{"damage":17,"enemies":"Snake Plant","floor":21,"turns":4},{"damage":0,"enemies":"Centurion and Healer","floor":22,"turns":7},{"damage":19,"enemies":"Gremlin Leader","floor":24,"turns":3},{"damage":38,"enemies":"Book of Stabbing","floor":29,"turns":7},{"damage":1,"enemies":"Cultist and Chosen","floor":30,"turns":4},{"damage":12,"enemies":"Snecko","floor":31,"turns":6},{"damage":81,"enemies":"Automaton","floor":33,"turns":8}],"seed_played":"1180428528274204119","potions_obtained":[{"floor":1,"key":"DistilledChaos"},{"floor":4,"key":"GamblersBrew"},{"floor":13,"key":"ColorlessPotion"},{"floor":18,"key":"SpeedPotion"},{"floor":21,"key":"Energy Potion"},{"floor":22,"key":"SkillPotion"}],"is_trial":false,"path_per_floor":["M","?","?","M","M","E","R","?","T","M","R","$","E","M","R","B",null,"M","M","?","M","M","R","E","R","T","?","T","E","M","M","R","B"],"character_chosen":"REMILIA","items_purchased":[],"campfire_rested":3,"item_purchase_floors":[],"current_hp_per_floor":[82,87,87,87,87,87,87,87,87,77,77,77,43,37,63,20,87,87,74,74,60,65,65,50,76,76,76,76,40,43,43,69,0,0],"gold":502,"neow_bonus":"TEN_PERCENT_HP_BONUS","is_daily":false,"chose_seed":false,"campfire_upgraded":2,"win_rate":0.0,"timestamp":1607662513,"path_taken":["M","?","?","M","M","E","R","?","T","M","R","?","E","M","R","BOSS","M","M","?","M","M","R","E","R","T","?","?","E","M","M","R","BOSS"],"items_purchased_type":[],"build_version":"2020-11-30","purchased_purges":0,"victory":false,"max_hp_per_floor":[82,87,87,87,87,87,87,87,87,87,87,87,87,87,87,87,87,87,87,87,87,87,87,87,87,87,87,87,87,87,87,87,87,87],"card_choices":[{"not_picked":["Stigmanizer","ScarletImprint"],"picked":"MastersStateliness","floor":1},{"not_picked":["BloodHunter","NightDance"],"picked":"StarOfDavid","floor":4},{"not_picked":["CharismaGuard","EndlessAdversity"],"picked":"Stigmanizer","floor":5},{"not_picked":["RedNightlessCastle","UnderTheZenith","RedMagic"],"picked":"SKIP","floor":6},{"not_picked":["HellCatastrophe","BloodAndWine","ScarletGensokyo"],"picked":"SKIP","floor":10},{"not_picked":["TricksterDevil","Stigmanizer"],"picked":"ScarletImprint","floor":13},{"not_picked":["UnderTheZenith","ScarletDevilSign","FavorOfDestiny"],"picked":"SKIP","floor":14},{"not_picked":["NightDance","MastersStateliness","GlobalNightmare"],"picked":"SKIP","floor":18},{"not_picked":["NightDance+1","BloodyMagicSquare","BombardNight"],"picked":"SKIP","floor":19},{"not_picked":["ScarletDevil","CharismaGuard+1","ForbiddenFruit"],"picked":"SKIP","floor":21},{"not_picked":["CharismaGuard","VampireKiss","ScarletSymphony"],"picked":"SKIP","floor":22},{"not_picked":["Maim","EndlessAdversity","DiffusionOfMisfortune+1"],"picked":"SKIP","floor":24},{"not_picked":["DiffusionOfMisfortune","UnderTheZenith+1","Ultimatum"],"picked":"SKIP","floor":29},{"not_picked":["EternalNight+1","UltimateOffering","NightDance"],"picked":"SKIP","floor":30},{"not_picked":["MastersStateliness+1","RedRainbow","MiserableFate+1"],"picked":"SKIP","floor":30},{"not_picked":["MastersStateliness+1","RedRainbow"],"picked":"MiserableFate+1","floor":30},{"not_picked":["EternalNight+1","UltimateOffering","NightDance"],"picked":"SKIP","floor":30},{"not_picked":["HunterOfTheNight","MiserableFate+1"],"picked":"ForecastOfChange","floor":31},{"not_picked":["SuperhumanBloodyKnife","FavorOfDestiny+1","EndlessAdversity+1"],"picked":"SKIP","floor":31},{"not_picked":["BloodyMagicSquare+1","NightDance+1","UnderTheZenith+1"],"picked":"SKIP","floor":31}],"player_experience":187138,"relics_obtained":[{"floor":6,"key":"Bottled Tornado"},{"floor":13,"key":"Whetstone"},{"floor":24,"key":"Anchor"},{"floor":26,"key":"Akabeko"},{"floor":28,"key":"Prayer Wheel"},{"floor":29,"key":"Toxic Egg 2"}],"event_choices":[{"damage_healed":0,"gold_gain":0,"player_choice":"Donut","damage_taken":0,"max_hp_gain":5,"max_hp_loss":0,"event_name":"Big Fish","floor":2,"gold_loss":0},{"damage_healed":0,"gold_gain":0,"player_choice":"Ignored","damage_taken":0,"max_hp_gain":0,"max_hp_loss":0,"event_name":"Golden Wing","floor":3,"gold_loss":0},{"cards_removed":["Strike_RM"],"damage_healed":0,"gold_gain":0,"player_choice":"Purged","damage_taken":0,"max_hp_gain":0,"max_hp_loss":0,"event_name":"Purifier","floor":20,"gold_loss":0},{"damage_healed":0,"gold_gain":0,"player_choice":"Ignored","damage_taken":0,"max_hp_gain":0,"max_hp_loss":0,"event_name":"betterNote:BetterNote","floor":27,"gold_loss":0,"cards_obtained":["CutThroughFate"]}],"is_beta":false,"boss_relics":[{"not_picked":["APieceOfRedMist","theForsaken:PaleLantern"],"picked":"Runic Pyramid"}],"items_purged_floors":[],"is_endless":false,"potions_floor_spawned":[1,4,13,18,21,22],"killed_by":"Automaton","ascension_level":0}}