{"host":"6x4iiutqpimyd4s6","time":1607715093,"event":{"mods":["AchievementEnabler","BaseMod","BetterRewards","Colored Map","Data Control","Minty Spire (QoL Compilation)","Nulf Mod","Remove Card Discount Mod","Shop Mod","StSLib"],"gold_per_floor":[109,128,128,148,171,205,79,79,158,158,158,182,357,279,279,407,407,432,446,175,215,215,176,176,196,278,288,288,320,340,332,332,430,430,444,444,444,458,477,505,467,467,492,492,502,502,502,530,530],"floor_reached":48,"playtime":1355,"items_purged":["Injury","Strike_G","Strike_G","Strike_G","Defend_G","Defend_G","Defend_G","Doubt","Defend_G","Strike_G","Defend_G","Backstab","Poisoned Stab","Dagger Throw","Well Laid Plans"],"score":608,"play_id":"91d7b16e-b35f-4201-a178-0d0139f96573","local_time":"20201211143133","is_ascension_mode":false,"campfire_choices":[{"data":"Infinite Blades","floor":8,"key":"SMITH"},{"data":"Accuracy","floor":15,"key":"SMITH"},{"data":"Infinite Blades","floor":24,"key":"SMITH"},{"data":"Cloak And Dagger","floor":28,"key":"SMITH"},{"data":"Infinite Blades","floor":32,"key":"SMITH"},{"data":"Cloak And Dagger","floor":44,"key":"SMITH"},{"data":"Footwork","floor":47,"key":"SMITH"}],"circlet_count":0,"master_deck":["Survivor+1","Neutralize","Dagger Spray","Backstab","Infinite Blades+1","Deflect+1","Accuracy+1","Infinite Blades+1","Cloak And Dagger+1","Footwork+1","Infinite Blades+1","Backflip","Cloak And Dagger+1"],"relics":["Ring of the Snake","Pen Nib","Nulfmod:PlaceholderRelic","Nulfmod:PlaceholderRelic2","Bloody Idol","Peace Pipe","Blue Candle","Membership Card","Vajra","Red Mask","Paper Crane","Nunchaku","Black Star","War Paint","Oddly Smooth Stone","Torii","Mummified Hand","PreservedInsect","The Courier","Dead Branch"],"acts_visited":["Exordium","TheCity","TheBeyond"],"potions_floor_usage":[33,48],"damage_taken":[{"damage":6,"enemies":"2 Louse","floor":1,"turns":3},{"damage":0,"enemies":"Small Slimes","floor":2,"turns":2},{"damage":0,"enemies":"Cultist","floor":4,"turns":2},{"damage":0,"enemies":"Blue Slaver","floor":5,"turns":2},{"damage":6,"enemies":"Gremlin Nob","floor":6,"turns":3},{"damage":0,"enemies":"Exordium Wildlife","floor":12,"turns":2},{"damage":0,"enemies":"Slime Boss","floor":16,"turns":5},{"damage":0,"enemies":"Chosen","floor":18,"turns":3},{"damage":10,"enemies":"2 Thieves","floor":19,"turns":3},{"damage":0,"enemies":"Masked Bandits","floor":21,"turns":2},{"damage":6,"enemies":"Centurion and Healer","floor":25,"turns":3},{"damage":0,"enemies":"Cultist and Chosen","floor":27,"turns":3},{"damage":11,"enemies":"Slavers","floor":29,"turns":3},{"damage":5,"enemies":"Snake Plant","floor":30,"turns":2},{"damage":21,"enemies":"Champ","floor":33,"turns":8},{"damage":12,"enemies":"3 Shapes","floor":35,"turns":3},{"damage":0,"enemies":"3 Darklings","floor":38,"turns":3},{"damage":7,"enemies":"Sphere and 2 Shapes","floor":39,"turns":3},{"damage":10,"enemies":"Nemesis","floor":40,"turns":5},{"damage":0,"enemies":"Jaw Worm Horde","floor":45,"turns":3},{"damage":0,"enemies":"Giant Head","floor":48,"turns":6}],"seed_played":"-612806467879688687","potions_obtained":[{"floor":2,"key":"Regen Potion"},{"floor":6,"key":"Weak Potion"},{"floor":16,"key":"Poison Potion"},{"floor":33,"key":"SpeedPotion"},{"floor":45,"key":"LiquidMemories"}],"is_trial":false,"path_per_floor":["M","M","?","M","M","E","$","R","T","?","?","M","?","$","R","B",null,"M","M","$","?","?","$","R","M","T","M","R","E","M","$","R","B",null,"M","$","?","M","M","E","$","?","T","R","M","$","R","E"],"character_chosen":"THE_SILENT","items_purchased":["Backstab","Infinite Blades","Accuracy","Infinite Blades","Membership Card","Vajra","Footwork","DuplicationPotion"],"campfire_rested":0,"item_purchase_floors":[7,7,14,20,20,20,23,41],"current_hp_per_floor":[64,64,64,64,64,58,58,58,58,58,58,58,58,58,58,58,70,70,60,60,60,60,60,60,59,64,69,69,63,63,63,63,47,70,63,63,63,68,66,61,61,61,66,66,70,70,70,70,70],"gold":530,"neow_bonus":"RANDOM_COMMON_RELIC","is_daily":false,"chose_seed":false,"campfire_upgraded":7,"win_rate":0.0,"timestamp":1607715093,"path_taken":["M","M","?","M","M","E","$","R","T","?","?","?","?","?","R","BOSS","M","M","$","?","?","$","R","M","T","M","R","E","M","?","R","BOSS","M","$","?","?","M","E","$","?","T","R","M","?","R","E"],"items_purchased_type":["Card","Card","Card","Card","Relic","Relic","Card","Potion"],"build_version":"2020-11-30","purchased_purges":15,"victory":false,"max_hp_per_floor":[70,70,70,70,70,70,70,70,70,70,70,70,70,70,70,70,70,70,70,70,70,70,70,70,70,70,70,70,70,70,70,70,70,70,70,70,70,70,70,70,70,70,70,70,70,70,70,70,70],"card_choices":[{"not_picked":["Flying Knee","Prepared"],"picked":"Dagger Throw","floor":1},{"not_picked":["Prepared","Acrobatics"],"picked":"Dagger Spray","floor":2},{"not_picked":["Well Laid Plans","Finisher","Bouncing Flask"],"picked":"SKIP","floor":4},{"not_picked":["Choke","Heel Hook"],"picked":"Poisoned Stab","floor":5},{"not_picked":["Bane","Doppelganger"],"picked":"Backstab","floor":6},{"not_picked":["Slice","Dodge and Roll","Dagger Spray"],"picked":"SKIP","floor":12},{"not_picked":["Tactician","Underhanded Strike","Crippling Poison"],"picked":"SKIP","floor":18},{"not_picked":["PiercingWail+1","Terror","Finisher"],"picked":"SKIP","floor":19},{"not_picked":["Poisoned Stab","Flying Knee"],"picked":"Cloak And Dagger","floor":21},{"not_picked":["Deadly Poison","Expertise","All Out Attack"],"picked":"SKIP","floor":25},{"not_picked":["Choke","Flying Knee+1","Tactician"],"picked":"SKIP","floor":27},{"not_picked":["Poisoned Stab","Dodge and Roll"],"picked":"Infinite Blades","floor":29},{"not_picked":["Deflect","Riddle With Holes"],"picked":"Well Laid Plans","floor":30},{"not_picked":["Quick Slash","Concentrate","Deadly Poison+1"],"picked":"SKIP","floor":35},{"not_picked":["Bane+1","Deflect+1"],"picked":"Backflip","floor":38},{"not_picked":["PiercingWail","Dagger Spray"],"picked":"Cloak And Dagger","floor":39},{"not_picked":["Backstab","Bane","Choke"],"picked":"SKIP","floor":40},{"not_picked":["Bane+1","Quick Slash+1","Dodge and Roll"],"picked":"SKIP","floor":45},{"not_picked":["Backflip+1","Tools of the Trade","Slice+1"],"picked":"SKIP","floor":48},{"not_picked":["Backflip+1","Tools of the Trade","Slice+1"],"picked":"SKIP","floor":48}],"player_experience":281660,"relics_obtained":[{"floor":6,"key":"Peace Pipe"},{"floor":9,"key":"Blue Candle"},{"floor":21,"key":"Red Mask"},{"floor":26,"key":"Paper Crane"},{"floor":29,"key":"Nunchaku"},{"floor":40,"key":"Oddly Smooth Stone"},{"floor":40,"key":"Torii"},{"floor":42,"key":"Mummified Hand"},{"floor":43,"key":"PreservedInsect"},{"floor":48,"key":"The Courier"},{"floor":48,"key":"Dead Branch"}],"event_choices":[{"damage_healed":0,"gold_gain":0,"player_choice":"Take Wound","damage_taken":0,"relics_obtained":["Golden Idol"],"max_hp_gain":0,"max_hp_loss":0,"event_name":"Golden Idol","floor":3,"gold_loss":0,"cards_obtained":["Injury"]},{"damage_healed":0,"gold_gain":0,"player_choice":"Leave","damage_taken":0,"max_hp_gain":0,"max_hp_loss":0,"event_name":"The Cleric","floor":10,"gold_loss":0},{"damage_healed":0,"gold_gain":0,"cards_transformed":["Strike_G"],"player_choice":"Transformed","damage_taken":0,"max_hp_gain":0,"max_hp_loss":0,"event_name":"Transmorgrifier","floor":11,"gold_loss":0,"cards_obtained":["Deflect"]},{"damage_healed":0,"gold_gain":175,"player_choice":"AGREE","damage_taken":0,"max_hp_gain":0,"max_hp_loss":0,"event_name":"Liars Game","floor":13,"gold_loss":0,"cards_obtained":["Doubt"]},{"damage_healed":0,"gold_gain":0,"player_choice":"Fought Bandits","damage_taken":0,"max_hp_gain":0,"max_hp_loss":0,"event_name":"Masked Bandits","floor":21,"gold_loss":0},{"damage_healed":0,"gold_gain":0,"player_choice":"Gave Idol","damage_taken":0,"relics_obtained":["Bloody Idol"],"max_hp_gain":0,"max_hp_loss":0,"event_name":"Forgotten Altar","floor":22,"relics_lost":["Golden Idol"],"gold_loss":0},{"damage_healed":0,"gold_gain":0,"player_choice":"Gave Potion","damage_taken":0,"relics_obtained":["War Paint"],"max_hp_gain":0,"max_hp_loss":0,"event_name":"WeMeetAgain","floor":37,"gold_loss":0},{"damage_healed":0,"gold_gain":0,"player_choice":"Relic","damage_taken":0,"max_hp_gain":0,"max_hp_loss":0,"event_name":"Wheel of Change","floor":42,"gold_loss":0}],"is_beta":false,"boss_relics":[{"not_picked":["Runic Pyramid","HoveringKite","Snecko Eye"]},{"not_picked":["Philosopher\u0027s Stone","Astrolabe"],"picked":"Black Star"}],"items_purged_floors":[7,7,7,7,7,7,7,14,14,20,20,31,31,31,31],"is_endless":false,"potions_floor_spawned":[2,6,16,18,25,29,30,33,35,45],"killed_by":"Giant Head","ascension_level":0}}