{"host":"kntpungskobv1jqb","time":1607695343,"event":{"mods":["BaseMod","Minty Spire (QoL Compilation)","Replay The Spire","StSLib","SuperFastMode"],"gold_per_floor":[109,109,123,133,148,148,148,148,148,159,159,159,11,36,36,36,36],"floor_reached":16,"playtime":580,"items_purged":[],"score":165,"play_id":"8cf0bbd1-3022-45ae-a1fe-e397ff443d3f","local_time":"20201211220223","is_ascension_mode":true,"campfire_choices":[{"data":"True Grit","floor":6,"key":"SMITH"},{"floor":11,"key":"REST"},{"floor":15,"key":"REST"}],"circlet_count":0,"master_deck":["AscendersBane","Strike_R+1","Strike_R","Strike_R","Strike_R","Strike_R","Defend_R","Defend_R+1","Defend_R+1","Defend_R","Replay:Undeath\u0027s Touch","ReplayReversal","Iron Wave","Life Link","True Grit+1","Iron Wave","Survivor","Neutralize","Inflame"],"relics":["Burning Blood","Chameleon Ring","Gremlin Food","Sundial"],"acts_visited":["Exordium"],"potions_floor_usage":[14,16],"damage_taken":[{"damage":9,"enemies":"Jaw Worm","floor":1,"turns":5},{"damage":1,"enemies":"Cultist","floor":3,"turns":4},{"damage":7,"enemies":"Small Slimes","floor":4,"turns":4},{"damage":28,"enemies":"Exordium Wildlife","floor":5,"turns":7},{"damage":20,"enemies":"Large Slime","floor":10,"turns":8},{"damage":39,"enemies":"3 Sentries","floor":14,"turns":11},{"damage":38,"enemies":"Slime Boss","floor":16,"turns":10}],"seed_played":"-3168656461364548335","potions_obtained":[{"floor":1,"key":"ColorlessPotion"},{"floor":2,"key":"Adrenaline Potion"}],"is_trial":false,"path_per_floor":["M","?","M","M","M","R","?","$","T","M","R","?","$","E","R","B"],"character_chosen":"IRONCLAD","items_purchased":["Gremlin Food"],"campfire_rested":2,"item_purchase_floors":[13],"current_hp_per_floor":[69,69,74,73,51,51,35,35,35,21,45,45,45,12,36,0,0],"gold":36,"neow_bonus":"THREE_CARDS","is_daily":false,"chose_seed":false,"campfire_upgraded":1,"win_rate":0.0,"timestamp":1607695343,"path_taken":["M","?","M","M","?","R","?","$","T","M","R","?","$","E","R","BOSS"],"items_purchased_type":["Relic"],"build_version":"2020-11-30","purchased_purges":0,"victory":false,"max_hp_per_floor":[80,80,80,80,80,80,80,80,80,80,80,80,80,80,80,80,80],"card_choices":[{"not_picked":["Wild Strike","Uppercut"],"picked":"Replay:Undeath\u0027s Touch","floor":0},{"not_picked":["Spot Weakness","Wild Strike"],"picked":"ReplayReversal","floor":1},{"not_picked":["Massacre","Pommel Strike"],"picked":"Iron Wave","floor":3},{"not_picked":["ReplayTheSpireMod:Limb From Limb","Dropkick"],"picked":"Life Link","floor":4},{"not_picked":["Heavy Blade","Cleave"],"picked":"True Grit","floor":5},{"not_picked":["Twin Strike","Clothesline"],"picked":"Iron Wave","floor":10},{"not_picked":["Sword Boomerang","Clash"],"picked":"Inflame","floor":14}],"player_experience":444426,"relics_obtained":[{"floor":9,"key":"Chameleon Ring"},{"floor":14,"key":"Sundial"}],"event_choices":[{"damage_healed":0,"gold_gain":0,"player_choice":"Got Potions","damage_taken":0,"max_hp_gain":0,"max_hp_loss":0,"event_name":"Lab","floor":2,"gold_loss":0},{"damage_healed":0,"gold_gain":0,"player_choice":"Entered Light","damage_taken":16,"max_hp_gain":0,"max_hp_loss":0,"event_name":"Shining Light","floor":7,"gold_loss":0,"cards_upgraded":["Strike_R","Defend_R"]}],"is_beta":false,"boss_relics":[],"items_purged_floors":[],"is_endless":false,"potions_floor_spawned":[1],"killed_by":"Slime Boss","ascension_level":13}}