{"host":"p7j7o00jacnw7qzt","time":1607667620,"event":{"mods":["BaseMod","Colored Map","Colored Powertips","DeckTracker","Highlight Path","Minty Spire (QoL Compilation)","Relic Stats"],"gold_per_floor":[115,125,125,2,13,43,43,54,54,74,74,93,93,93],"floor_reached":13,"playtime":650,"items_purged":[],"score":174,"play_id":"b8e5f3dc-a519-41d2-8be2-216e69ac9470","local_time":"20201211012020","is_ascension_mode":true,"campfire_choices":[{"data":"Fire Breathing","floor":7.0,"key":"SMITH"}],"circlet_count":0,"master_deck":["AscendersBane","Strike_R","Strike_R","Strike_R","Defend_R","Defend_R","Defend_R","Defend_R","Bash","Evolve","Fire Breathing+1","Disarm","Battle Trance","Barricade","Power Through","Seeing Red","Armaments","Shrug It Off"],"relics":["Burning Blood","Nunchaku","Centennial Puzzle"],"acts_visited":["Exordium"],"potions_floor_usage":[13,13],"damage_taken":[{"damage":7.0,"enemies":"Small Slimes","floor":1.0,"turns":3.0},{"damage":13.0,"enemies":"Cultist","floor":2.0,"turns":5.0},{"damage":6.0,"enemies":"2 Louse","floor":5.0,"turns":4.0},{"damage":15.0,"enemies":"3 Sentries","floor":6.0,"turns":4.0},{"damage":3.0,"enemies":"Blue Slaver","floor":8.0,"turns":4.0},{"damage":5.0,"enemies":"2 Fungi Beasts","floor":10.0,"turns":5.0},{"damage":3.0,"enemies":"Exordium Wildlife","floor":12.0,"turns":4.0},{"damage":74,"enemies":"Gremlin Nob","floor":13,"turns":6}],"seed_played":"1915740420918755125","potions_obtained":[{"floor":5.0,"key":"BloodPotion"},{"floor":12.0,"key":"Block Potion"}],"is_trial":false,"path_per_floor":["M","M","?","$","M","E","R","M","T","M","$","M","E"],"character_chosen":"IRONCLAD","items_purchased":["Power Through","Seeing Red"],"campfire_rested":0,"item_purchase_floors":[4,4],"current_hp_per_floor":[67,60,60,60,60,51,51,54,54,55,55,58,0,0],"gold":93,"neow_bonus":"TRANSFORM_TWO_CARDS","is_daily":false,"chose_seed":false,"campfire_upgraded":1,"win_rate":0.0,"timestamp":1607667620,"path_taken":["M","M","?","$","?","E","R","M","T","M","?","M","E"],"items_purchased_type":["Card","Card"],"build_version":"2020-11-30","purchased_purges":0,"victory":false,"max_hp_per_floor":[68,68,68,68,68,68,68,68,68,68,68,68,68,68],"relic_stats":{"Nunchaku":[1],"Centennial Puzzle":[9],"counters":[8,35],"obtain_stats":[{"Nunchaku":6,"Centennial Puzzle":9,"Burning Blood":0},{"Nunchaku":4,"Centennial Puzzle":5,"Burning Blood":0},{"Nunchaku":16,"Centennial Puzzle":20,"Burning Blood":0}],"Burning Blood":42},"card_choices":[{"not_picked":["Perfected Strike","Heavy Blade"],"picked":"Disarm","floor":1.0},{"not_picked":["Flex","Heavy Blade"],"picked":"Battle Trance","floor":2.0},{"not_picked":["Sword Boomerang","Warcry","Reckless Charge"],"picked":"SKIP","floor":5.0},{"not_picked":["Iron Wave","Uppercut","Wild Strike"],"picked":"SKIP","floor":6.0},{"not_picked":["Flex","Cleave","Evolve"],"picked":"SKIP","floor":8.0},{"not_picked":["Perfected Strike","Sword Boomerang"],"picked":"Armaments","floor":10.0},{"not_picked":["Headbutt","Wild Strike"],"picked":"Shrug It Off","floor":12.0}],"player_experience":766662,"relics_obtained":[{"floor":6.0,"key":"Nunchaku"},{"floor":9.0,"key":"Centennial Puzzle"}],"event_choices":[{"damage_healed":0.0,"max_hp_gain":0.0,"max_hp_loss":0.0,"gold_gain":0.0,"event_name":"Match and Keep!","player_choice":"1 cards matched","floor":3.0,"gold_loss":0.0,"damage_taken":0.0,"cards_obtained":["Barricade"]}],"is_beta":false,"boss_relics":[],"items_purged_floors":[],"is_endless":false,"potions_floor_spawned":[5,12],"killed_by":"Gremlin Nob","ascension_level":20}}