{"host":"7pe9xwx78c6nlay8","time":1607688754,"event":{"mods":["BaseMod","Minty Spire (QoL Compilation)"],"gold_per_floor":[115,115,115,132,149,177,177,203,203,203,31,65,123,123,123,227,227,243,1,21,33,33,33,33],"floor_reached":23,"playtime":804,"items_purged":["Strike_P"],"score":302,"play_id":"9fdb43de-f84b-4473-9b2d-7ef66bfb1d71","local_time":"20201211201234","is_ascension_mode":true,"campfire_choices":[{"data":"Eruption","floor":7,"key":"SMITH"},{"data":"Vigilance","floor":10,"key":"SMITH"},{"floor":15,"key":"REST"}],"circlet_count":0,"master_deck":["Strike_P","Defend_P","Defend_P","Eruption+1","Vigilance+1","JustLucky","FollowUp","CarveReality","BattleHymn","MentalFortress","Prostrate","CutThroughFate","ThirdEye","FlurryOfBlows+1","Alpha+1","Fasting2+1","TalkToTheHand+1","Apotheosis"],"relics":["PureWater","NeowsBlessing","Letter Opener","Ancient Tea Set","Art of War","Kunai","Blood Vial","Shuriken","Bottled Tornado","Astrolabe","CultistMask"],"acts_visited":["Exordium","TheCity"],"potions_floor_usage":[6,16,20],"damage_taken":[{"damage":0,"enemies":"Jaw Worm","floor":1,"turns":1},{"damage":0,"enemies":"Small Slimes","floor":4,"turns":1},{"damage":0,"enemies":"2 Louse","floor":5,"turns":1},{"damage":14,"enemies":"Gremlin Nob","floor":6,"turns":3},{"damage":3,"enemies":"3 Sentries","floor":8,"turns":6},{"damage":0,"enemies":"Lagavulin","floor":12,"turns":4},{"damage":31,"enemies":"Lagavulin Event","floor":13,"turns":6},{"damage":1,"enemies":"Hexaghost","floor":16,"turns":7},{"damage":9,"enemies":"3 Byrds","floor":18,"turns":5},{"damage":12,"enemies":"2 Thieves","floor":20,"turns":3},{"damage":22,"enemies":"Snake Plant","floor":21,"turns":5},{"damage":35,"enemies":"Slavers","floor":23,"turns":2}],"seed_played":"-348978058230099775","potions_obtained":[{"floor":5,"key":"AttackPotion"},{"floor":8,"key":"SpeedPotion"},{"floor":12,"key":"Dexterity Potion"},{"floor":18,"key":"DistilledChaos"}],"is_trial":false,"path_per_floor":["M","?","?","M","M","E","R","E","T","R","$","E","?","?","R","B",null,"M","$","M","M","?","E"],"character_chosen":"WATCHER","items_purchased":["Blood Vial","Prostrate","Apotheosis"],"campfire_rested":1,"item_purchase_floors":[11,11,19],"current_hp_per_floor":[65,70,58,58,58,44,44,41,41,41,41,43,14,14,37,38,67,60,60,50,30,30,0,0],"gold":33,"neow_bonus":"THREE_ENEMY_KILL","is_daily":false,"chose_seed":false,"campfire_upgraded":2,"win_rate":0.0,"timestamp":1607688754,"path_taken":["M","?","?","M","M","E","R","E","T","R","?","E","?","?","R","BOSS","M","?","?","M","?","E"],"items_purchased_type":["Relic","Card","Card"],"build_version":"2020-11-30","purchased_purges":1,"victory":false,"max_hp_per_floor":[72,77,77,77,77,77,77,77,77,77,77,77,77,77,77,77,77,77,77,77,77,77,77,77],"card_choices":[{"not_picked":["Crescendo","Tantrum"],"picked":"JustLucky","floor":1},{"not_picked":["SandsOfTime","BowlingBash"],"picked":"FollowUp","floor":4},{"not_picked":["Pray","Vengeance"],"picked":"CarveReality","floor":5},{"not_picked":["Prostrate","FollowUp"],"picked":"BattleHymn","floor":6},{"not_picked":["TalkToTheHand","Worship"],"picked":"MentalFortress","floor":8},{"not_picked":["Wish","CarveReality"],"picked":"CutThroughFate","floor":12},{"not_picked":["InnerPeace","EmptyFist"],"picked":"ThirdEye","floor":13},{"not_picked":["Crescendo","PathToVictory"],"picked":"TalkToTheHand+1","floor":18},{"not_picked":["ClearTheMind","FlurryOfBlows+1","Omniscience"],"picked":"SKIP","floor":20},{"not_picked":["FlyingSleeves","FlurryOfBlows","SignatureMove+1"],"picked":"SKIP","floor":21}],"player_experience":1491844,"relics_obtained":[{"floor":6,"key":"Ancient Tea Set"},{"floor":8,"key":"Art of War"},{"floor":9,"key":"Kunai"},{"floor":12,"key":"Shuriken"},{"floor":13,"key":"Bottled Tornado"}],"event_choices":[{"damage_healed":0,"gold_gain":0,"player_choice":"Donut","damage_taken":0,"max_hp_gain":5,"max_hp_loss":0,"event_name":"Big Fish","floor":2,"gold_loss":0},{"damage_healed":0,"gold_gain":0,"player_choice":"Success","damage_taken":12,"relics_obtained":["Letter Opener"],"max_hp_gain":0,"max_hp_loss":0,"event_name":"Scrap Ooze","floor":3,"gold_loss":0},{"damage_healed":0,"gold_gain":0,"player_choice":"Searched \u00271\u0027 times","damage_taken":0,"max_hp_gain":0,"max_hp_loss":0,"event_name":"Dead Adventurer","floor":13,"gold_loss":0},{"cards_removed":["Strike_P"],"damage_healed":0,"gold_gain":0,"player_choice":"Purged","damage_taken":0,"max_hp_gain":0,"max_hp_loss":0,"event_name":"Purifier","floor":14,"gold_loss":0},{"damage_healed":0,"gold_gain":0,"player_choice":"Trade","damage_taken":0,"relics_obtained":["CultistMask"],"max_hp_gain":0,"max_hp_loss":0,"event_name":"FaceTrader","floor":22,"gold_loss":0}],"is_beta":false,"boss_relics":[{"not_picked":["Pandora\u0027s Box","Cursed Key"],"picked":"Astrolabe"}],"items_purged_floors":[19],"is_endless":false,"potions_floor_spawned":[5,8,12,18],"killed_by":"Slavers","ascension_level":6}}