{"host":"sq65xgedotq5nei3","time":1607659547,"event":{"mods":["AchievementEnabler","BaseMod","Colored Powertips","Minty Spire (QoL Compilation)","Permanent Neow","Rare Cards Sparkle","StSLib","SuperFastMode"],"gold_per_floor":[111,123,123,123,135,135,148,177,177,209,209,209,209,219,219,293,293,304,316,316,326,241,241,241],"floor_reached":23,"playtime":592,"items_purged":[],"score":342,"play_id":"20b7732c-0074-4b08-a97d-f7779dadb818","local_time":"20201211150547","is_ascension_mode":true,"campfire_choices":[{"data":"Entrench","floor":6,"key":"SMITH"},{"data":"Heavy Blade","floor":11,"key":"SMITH"},{"floor":13,"key":"REST"},{"floor":15,"key":"REST"}],"circlet_count":0,"master_deck":["AscendersBane","Strike_R","Strike_R","Strike_R","Strike_R+1","Defend_R","Defend_R+1","Defend_R","Defend_R","Bash","Entrench+1","Spot Weakness","Flex","Heavy Blade+1","Impervious","Body Slam"],"relics":["Burning Blood","Du-Vu Doll","Pear","Shuriken","Self Forming Clay","Sozu","Blue Candle"],"acts_visited":["Exordium","TheCity"],"potions_floor_usage":[2,4,7,8,16],"damage_taken":[{"damage":3,"enemies":"Small Slimes","floor":1,"turns":3},{"damage":6,"enemies":"Cultist","floor":2,"turns":6},{"damage":9,"enemies":"Jaw Worm","floor":5,"turns":4},{"damage":7,"enemies":"Looter","floor":7,"turns":4},{"damage":30,"enemies":"Lagavulin","floor":8,"turns":6},{"damage":35,"enemies":"3 Sentries","floor":10,"turns":8},{"damage":7,"enemies":"Red Slaver","floor":14,"turns":3},{"damage":45,"enemies":"Hexaghost","floor":16,"turns":8},{"damage":7,"enemies":"Chosen","floor":18,"turns":3},{"damage":38,"enemies":"Shell Parasite","floor":19,"turns":6},{"damage":21,"enemies":"Chosen and Byrds","floor":21,"turns":6},{"damage":26,"enemies":"Gremlin Leader","floor":23,"turns":5}],"seed_played":"2084257097423050942","potions_obtained":[{"floor":1,"key":"Block Potion"},{"floor":2,"key":"Fire Potion"},{"floor":4,"key":"BloodPotion"},{"floor":4,"key":"AttackPotion"},{"floor":10,"key":"DistilledChaos"}],"is_trial":false,"path_per_floor":["M","M","?","?","M","R","M","E","T","E","R","?","R","M","R","B",null,"M","M","?","M","?","E"],"character_chosen":"IRONCLAD","items_purchased":[],"campfire_rested":2,"item_purchase_floors":[],"current_hp_per_floor":[53,53,53,68,65,65,64,50,50,21,21,4,29,28,53,14,67,66,34,34,19,19,0,0],"gold":241,"neow_bonus":"ONE_RARE_RELIC","is_daily":false,"chose_seed":false,"campfire_upgraded":2,"win_rate":0.0,"timestamp":1607659547,"path_taken":["M","M","?","?","?","R","M","E","T","E","R","?","R","M","R","BOSS","M","M","?","?","?","E"],"items_purchased_type":[],"build_version":"2020-11-30","purchased_purges":0,"victory":false,"max_hp_per_floor":[75,75,75,75,75,75,75,85,85,85,85,85,85,85,85,85,85,85,85,85,85,85,85,85],"card_choices":[{"not_picked":["Spot Weakness","Thunderclap"],"picked":"Entrench","floor":1},{"not_picked":["True Grit","Reckless Charge","Perfected Strike"],"picked":"SKIP","floor":2},{"not_picked":["Iron Wave","Havoc"],"picked":"Spot Weakness","floor":5},{"not_picked":["Headbutt","Combust","Anger"],"picked":"SKIP","floor":7},{"not_picked":["Armaments","Pommel Strike"],"picked":"Flex","floor":8},{"not_picked":["Anger","Warcry"],"picked":"Heavy Blade","floor":10},{"not_picked":["Berserk","Headbutt","Sword Boomerang"],"picked":"SKIP","floor":14},{"not_picked":["Double Tap","Immolate"],"picked":"Impervious","floor":16},{"not_picked":["Pummel","Uppercut"],"picked":"Body Slam","floor":18},{"not_picked":["Cleave+1","Shockwave","Pommel Strike"],"picked":"SKIP","floor":19},{"not_picked":["Pommel Strike","Headbutt","Perfected Strike"],"picked":"SKIP","floor":21}],"player_experience":746955,"relics_obtained":[{"floor":8,"key":"Pear"},{"floor":9,"key":"Shuriken"},{"floor":10,"key":"Self Forming Clay"}],"event_choices":[{"damage_healed":0,"gold_gain":0,"player_choice":"Ignored","damage_taken":0,"max_hp_gain":0,"max_hp_loss":0,"event_name":"Liars Game","floor":3,"gold_loss":0},{"damage_healed":0,"gold_gain":0,"player_choice":"Got Potions","damage_taken":0,"max_hp_gain":0,"max_hp_loss":0,"event_name":"Lab","floor":4,"gold_loss":0},{"damage_healed":0,"gold_gain":0,"player_choice":"Entered Light","damage_taken":17,"max_hp_gain":0,"max_hp_loss":0,"event_name":"Shining Light","floor":12,"gold_loss":0,"cards_upgraded":["Defend_R","Strike_R"]},{"cards_removed":["Strike_R"],"damage_healed":0,"gold_gain":0,"player_choice":"Purged","damage_taken":0,"max_hp_gain":0,"max_hp_loss":0,"event_name":"Purifier","floor":20,"gold_loss":0},{"damage_healed":0,"gold_gain":0,"player_choice":"Obtained Relic","damage_taken":0,"relics_obtained":["Blue Candle"],"max_hp_gain":0,"max_hp_loss":0,"event_name":"Addict","floor":22,"gold_loss":85}],"is_beta":false,"boss_relics":[{"not_picked":["Coffee Dripper","Astrolabe"],"picked":"Sozu"}],"items_purged_floors":[],"is_endless":false,"potions_floor_spawned":[1,2,5,10,19,21],"killed_by":"Gremlin Leader","ascension_level":14}}