{"host":"zftkeu5v9gqs3wr3","time":1607717175,"event":{"mods":["Act Like it!","Bard","BaseMod","CapriCore","Elementarium","Gensokyo","Jorbs\u0027s Wanderer Trilogy","Mad Scientist","Minty Spire (QoL Compilation)","Potionbrewer","Rare Cards Sparkle","Shade Mod","StSLib","The Immortal","The Runesmith","TheSwordswoman"],"gold_per_floor":[111,131,150,4,22,22,22,22,22,34,34,68,68,87,87,183,183,198,209,209,209,209,209,24,58,58,76,86,100,100,100,100,100,100,100],"floor_reached":33,"playtime":2040,"items_purged":[],"score":253,"play_id":"058927c2-3bb8-434f-afbd-93cbf4c0c4c7","local_time":"20201211200615","is_ascension_mode":false,"campfire_choices":[{"data":"MokouMod:SearingShot","floor":6,"key":"SMITH"},{"data":"MokouMod:Ember","floor":11,"key":"SMITH"},{"data":"MokouMod:IgneousBlow","floor":13,"key":"SMITH"},{"floor":15,"key":"REST"},{"data":"MokouMod:UncontrollableSolarReaction","floor":23,"key":"SMITH"},{"floor":32,"key":"REST"}],"circlet_count":0,"master_deck":["MokouMod:Strike","MokouMod:Strike","MokouMod:Strike","MokouMod:Strike","MokouMod:Strike","MokouMod:Defend","MokouMod:Defend","MokouMod:Defend","MokouMod:Defend","MokouMod:HeatSpark","MokouMod:GuidingSmoke","MokouMod:UncontrollableSolarReaction+1","MokouMod:Wildfire+1","MokouMod:Combust","MokouMod:IgneousBlow+1","MokouMod:SearingShot+1","MokouMod:Ember+1","MokouMod:BurningHiddenBullet","MokouMod:Singe","MokouMod:RadiantBlade","MokouMod:Singe+1","MokouMod:ScorchedEarth","Elementarium:GildedForm","Elementarium:StickyTar","MokouMod:IndiscriminateIgnition","MokouMod:Scorch","MokouMod:ResonanceReactor","MokouMod:ShiftIgnition","MokouMod:GuidingSmoke+1","MokouMod:IndiscriminateIgnition+1","MokouMod:InfernalWave+1"],"relics":["MokouMod:PhoenixFeather","NeowsBlessing","Bottled Flame","Vajra","potionbrewer:BhaskarasWheel","Molten Egg 2"],"acts_visited":["Exordium","Exordium"],"potions_floor_usage":[12,16,27,28,28,29,30,31],"damage_taken":[{"damage":0,"enemies":"2 Louse","floor":1,"turns":1},{"damage":0,"enemies":"Cultist","floor":2,"turns":1},{"damage":0,"enemies":"Small Slimes","floor":3,"turns":1},{"damage":7,"enemies":"3 Louse","floor":5,"turns":4},{"damage":19,"enemies":"Large Slime","floor":10,"turns":5},{"damage":28,"enemies":"3 Sentries","floor":12,"turns":5},{"damage":14,"enemies":"Exordium Thugs","floor":14,"turns":3},{"damage":16,"enemies":"Slime Boss","floor":16,"turns":8},{"damage":21,"enemies":"Elementarium:2_ELEMENTALS","floor":18,"turns":4},{"damage":2,"enemies":"Elementarium:VoidCorruption","floor":19,"turns":3},{"damage":7,"enemies":"Elementarium:3_ELEMENTALS","floor":25,"turns":4},{"damage":35,"enemies":"Elementarium:Hydrostalker","floor":27,"turns":4},{"damage":29,"enemies":"Elementarium:VoidBeast","floor":28,"turns":4},{"damage":16,"enemies":"Elementarium:RubyGolem","floor":29,"turns":3},{"damage":0,"enemies":"Elementarium:CYCLONE_AND_ORB_OF_FIRE","floor":30,"turns":1},{"damage":0,"enemies":"Elementarium:3_ELEMENTALS","floor":31,"turns":1},{"damage":26,"enemies":"Elementarium:GolemEmperor","floor":33,"turns":5}],"seed_played":"-7989166121028949748","potions_obtained":[{"floor":1,"key":"FearPotion"},{"floor":10,"key":"SneckoOil"},{"floor":12,"key":"SmokeBomb"},{"floor":19,"key":"Strength Potion"},{"floor":27,"key":"potionbrewer:SplittingPotion"},{"floor":28,"key":"potionbrewer:NoxiousPotion"}],"is_trial":false,"path_per_floor":["M","M","M","$","M","R","?","$","T","M","R","E","R","M","R","B",null,"M","M","?","?","?","R","$","M","T","M","M","M","M","M","R","B"],"character_chosen":"MKU","items_purchased":["MokouMod:Combust","MokouMod:IgneousBlow","MokouMod:IndiscriminateIgnition","MokouMod:Scorch","MokouMod:ResonanceReactor"],"campfire_rested":2,"item_purchase_floors":[4,4,24,24,24],"current_hp_per_floor":[75,75,75,75,68,68,68,68,68,49,49,21,21,7,29,13,75,54,52,52,52,41,41,41,34,34,16,6,6,6,6,25,0,0,0],"gold":100,"neow_bonus":"THREE_ENEMY_KILL","is_daily":false,"chose_seed":false,"campfire_upgraded":4,"win_rate":0.0,"timestamp":1607717175,"path_taken":["M","M","M","$","M","R","?","?","T","M","R","E","R","M","R","BOSS","M","M","?","?","?","R","$","M","T","M","M","M","M","M","R","BOSS"],"items_purchased_type":["Card","Card","Card","Card","Card"],"build_version":"2020-11-30","purchased_purges":0,"victory":false,"max_hp_per_floor":[75,75,75,75,75,75,75,75,75,75,75,75,75,75,75,75,75,75,75,66,66,66,66,66,66,66,66,66,66,66,66,66,66,66,66],"card_choices":[{"not_picked":["MokouMod:CrimsonFlare","MokouMod:InfernalWave"],"picked":"MokouMod:GuidingSmoke","floor":1},{"not_picked":["MokouMod:Meltdown","MokouMod:BurningDraft"],"picked":"MokouMod:UncontrollableSolarReaction","floor":2},{"not_picked":["MokouMod:RoaringFlare","MokouMod:BurningDraft"],"picked":"MokouMod:Wildfire","floor":3},{"not_picked":["MokouMod:IcarusDive","MokouMod:Stoke"],"picked":"MokouMod:SearingShot","floor":5},{"not_picked":["MokouMod:SearingShot","MokouMod:UncontrollableSolarReaction"],"picked":"MokouMod:Ember","floor":10},{"not_picked":["MokouMod:BlazingComet","MokouMod:IndiscriminateIgnition"],"picked":"MokouMod:BurningHiddenBullet","floor":12},{"not_picked":["MokouMod:Ember","MokouMod:HeatFactory"],"picked":"MokouMod:Singe","floor":14},{"not_picked":["MokouMod:HouraiForge","MokouMod:SpontaneousHumanCombustion"],"picked":"MokouMod:RadiantBlade","floor":16},{"not_picked":["MokouMod:PhoenixFeathers","MokouMod:IcarusDive"],"picked":"MokouMod:Singe+1","floor":18},{"not_picked":["MokouMod:FlamingFireTalons","MokouMod:Ember"],"picked":"MokouMod:ScorchedEarth","floor":19},{"not_picked":["MokouMod:InfernalWave","MokouMod:SearingShot"],"picked":"MokouMod:ShiftIgnition","floor":25},{"not_picked":["MokouMod:Overheat","MokouMod:IllusoryBattlefield+1"],"picked":"MokouMod:GuidingSmoke+1","floor":27},{"not_picked":["MokouMod:ExplosiveFlame","MokouMod:Combust+1"],"picked":"MokouMod:IndiscriminateIgnition+1","floor":28},{"not_picked":["MokouMod:CrimsonArmoury","MokouMod:ScorchingColumn+1"],"picked":"MokouMod:InfernalWave+1","floor":29}],"player_experience":39050,"relics_obtained":[{"floor":12,"key":"Bottled Flame"},{"floor":26,"key":"Molten Egg 2"}],"event_choices":[{"damage_healed":0,"gold_gain":0,"player_choice":"Upgraded","damage_taken":0,"max_hp_gain":0,"max_hp_loss":0,"event_name":"Upgrade Shrine","floor":7,"gold_loss":0,"cards_upgraded":["MokouMod:Wildfire"]},{"damage_healed":0,"gold_gain":0,"player_choice":"Dive in","damage_taken":0,"max_hp_gain":0,"max_hp_loss":9,"event_name":"Elementarium:FountainOfGold","floor":20,"gold_loss":0,"cards_obtained":["Elementarium:GildedForm"]},{"damage_healed":0,"gold_gain":0,"player_choice":"Open","damage_taken":0,"relics_obtained":["Vajra"],"max_hp_gain":0,"max_hp_loss":0,"event_name":"Elementarium:TarCoveredCasket","floor":21,"gold_loss":0,"cards_obtained":["Elementarium:StickyTar"]},{"damage_healed":0,"gold_gain":0,"player_choice":"Offer","damage_taken":0,"relics_obtained":["potionbrewer:BhaskarasWheel"],"max_hp_gain":0,"max_hp_loss":0,"event_name":"Elementarium:GreatTreasure","floor":22,"relics_lost":["Snecko Eye"],"gold_loss":0}],"is_beta":false,"boss_relics":[{"not_picked":["SacredBark","Ectoplasm"],"picked":"Snecko Eye"}],"items_purged_floors":[],"is_endless":false,"potions_floor_spawned":[1,10,12,19,27,28,30],"killed_by":"Elementarium:GolemEmperor","ascension_level":0}}