{"host":"jak4ncvfzor9mys0","time":1607730125,"event":{"mods":["2.2 Compatiblity","AchievementEnabler","BaseMod","Better Altar","Better Match","Better Note","Better Sensory Stone","Better Skull","Better Third Choice","BetterRewards","Block Reminder","Colored Map","Colored Powertips","Energized Spire","Gold Saver","Hubris","Infinite Spire","Key Reminder","Minty Spire (QoL Compilation)","Rare Cards Sparkle","Red Circlet Mod","Relic Sorter","Relic Stats","Replay The Spire","Retaliation","StSLib","SuperFastMode","The Blue Laboratory"],"gold_per_floor":[341,118,138,138,159,159,159,185,237,62,108,108,130,151,151,169,169],"floor_reached":16,"playtime":410,"items_purged":["Strike_B","Defend_B"],"score":152,"play_id":"b75d0d64-7e72-4991-b9b1-d7e887c6d07d","local_time":"20201211154205","is_ascension_mode":false,"campfire_choices":[{"data":"Zap","floor":6,"key":"SMITH"},{"data":"Redo","floor":12,"key":"SMITH"},{"data":"Dualcast","floor":15,"key":"SMITH"}],"circlet_count":0,"master_deck":["Strike_B","Strike_B","Strike_B","Defend_B","Defend_B","Defend_B","Zap+1","Dualcast+1","Melter","ReplayTheSpireMod:Calculation Training","Redo+1","Leap","Conserve Battery","Defragment","Defragment"],"relics":["Cracked Core","Replay:Bandana","Blood Vial","hubris:Towel","Omamori","hubris:SoftwareUpdate"],"acts_visited":["Exordium"],"potions_floor_usage":[],"damage_taken":[{"damage":6,"enemies":"Cultist","floor":1,"turns":3},{"damage":1,"enemies":"Jaw Worm","floor":3,"turns":3},{"damage":5,"enemies":"Small Slimes","floor":5,"turns":3},{"damage":6,"enemies":"Exordium Wildlife","floor":8,"turns":3},{"damage":12,"enemies":"Gremlin Nob","floor":11,"turns":3},{"damage":3,"enemies":"Red Slaver","floor":13,"turns":4},{"damage":0,"enemies":"Looter","floor":14,"turns":2},{"damage":61,"enemies":"Fading Forest","floor":16,"turns":10}],"seed_played":"574195784644978340","potions_obtained":[{"floor":5,"key":"blueLaboratory:Moonshine"}],"is_trial":false,"path_per_floor":["M","$","M","?","M","R","?","M","T","$","E","R","M","M","R","B"],"character_chosen":"DEFECT","items_purchased":["Replay:Bandana","Melter","Blood Vial","Defragment"],"campfire_rested":0,"item_purchase_floors":[0,0,2,10],"current_hp_per_floor":[69,69,70,70,67,67,67,63,63,63,53,53,52,54,54,0,0],"gold":169,"neow_bonus":"","is_daily":false,"chose_seed":false,"campfire_upgraded":3,"win_rate":0.0,"timestamp":1607730125,"path_taken":["M","$","?","?","M","R","?","M","T","?","E","R","M","M","R","BOSS"],"items_purchased_type":["Relic","Card","Relic","Card"],"build_version":"2020-11-30","purchased_purges":2,"victory":false,"max_hp_per_floor":[75,75,75,75,75,75,75,75,75,75,75,75,75,75,75,75,75],"relic_stats":{"Blood Vial":14,"counters":[166,819],"obtain_stats":[{"Ice Cream":39,"energizedSpire:UnstableMolecules":20,"Calipers":17,"CeramicFish":24,"Vajra":28,"Whetstone":9,"Sling":0,"Sozu":17,"Blood Vial":2,"Lizard Tail":29,"infinitespire:SolderingIron":28,"Replay:Frozen Program":2,"infinitespire:ShieldingShard":6,"Sundial":11,"infinitespire:Golems Mask":20,"MealTicket":0,"HandDrill":3,"Kunai":23,"Toxic Egg 2":7,"hubris:SoftwareUpdate":11,"Counterbalance":40,"hubris:SphereOfDissonance":9,"Oddly Smooth Stone":21,"Pen Nib":6,"hubris:HollowSoul":17,"War Paint":14,"Du-Vu Doll":24,"SlaversCollar":27,"Replay:Baseball":26,"Bird Faced Urn":9,"Molten Egg 2":23,"hubris:TenFootPole":43,"ReplayTheSpireMod:TigerMarble":9,"energizedSpire:OldTV":34,"Solar Panel":6,"ReplayFunnel":21,"hubris:Metronome":14,"Carrot":9,"Snecko Heart":17,"Torii":8,"StoneCalendar":37,"hubris:SlimyHat":29,"Incense Burner":9,"Replay:Mystery Machine":46,"Ancient Tea Set":9,"Empty Cage":17,"ClockworkSouvenir":13,"Replay:Bandana":0,"Emotion Chip":25,"hubris:Backtick":17,"Shovel":26,"hubris:ScarierMask":17,"Tiny Chest":9,"Replay:Bottled Eggs":10,"Cracked Core":0,"InkBottle":27,"hubris:GlazedTorus":9,"Lee\u0027s Waffle":3,"NeowsBlessing":0,"Golden Idol":4,"The Courier":13,"hubris:MedicalManual":48,"Geode":24,"Omamori":9,"hubris:Towel":37,"energizedSpire:DeadBattery":17,"Peace Pipe":11,"Anchor":13,"Ornamental Fan":38,"betterThird:SlimedRelic":2,"Snack Pack":26,"Membership Card":28,"ReplayTheSpireMod:Lightbulb":26,"Toy Ornithopter":13,"hubris:OldNail":12,"FossilizedHelix":26,"infinitespire:Midas Blood":9,"hubris:BottledRain":43},{"Ice Cream":55,"energizedSpire:UnstableMolecules":25,"Calipers":45,"CeramicFish":12,"Vajra":131,"Whetstone":42,"Sling":39,"Sozu":140,"Blood Vial":159,"Lizard Tail":50,"infinitespire:SolderingIron":49,"Replay:Frozen Program":109,"infinitespire:ShieldingShard":123,"Sundial":89,"infinitespire:Golems Mask":25,"MealTicket":57,"HandDrill":59,"Kunai":143,"Toxic Egg 2":42,"hubris:SoftwareUpdate":163,"Counterbalance":56,"hubris:SphereOfDissonance":63,"Oddly Smooth Stone":117,"Pen Nib":151,"hubris:HollowSoul":156,"War Paint":64,"Du-Vu Doll":48,"SlaversCollar":71,"Replay:Baseball":71,"Bird Faced Urn":153,"Molten Egg 2":70,"hubris:TenFootPole":79,"ReplayTheSpireMod:TigerMarble":112,"energizedSpire:OldTV":52,"Solar Panel":62,"ReplayFunnel":93,"hubris:Metronome":22,"Carrot":30,"Snecko Heart":23,"Torii":124,"StoneCalendar":55,"hubris:SlimyHat":73,"Incense Burner":87,"Replay:Mystery Machine":106,"Ancient Tea Set":124,"Empty Cage":127,"ClockworkSouvenir":63,"Replay:Bandana":119,"Emotion Chip":144,"hubris:Backtick":45,"Shovel":130,"hubris:ScarierMask":65,"Tiny Chest":137,"Replay:Bottled Eggs":5,"Cracked Core":0,"InkBottle":71,"hubris:GlazedTorus":4,"Lee\u0027s Waffle":17,"NeowsBlessing":0,"Golden Idol":29,"The Courier":22,"hubris:MedicalManual":83,"Geode":95,"Omamori":162,"hubris:Towel":77,"energizedSpire:DeadBattery":116,"Peace Pipe":43,"Anchor":63,"Ornamental Fan":101,"betterThird:SlimedRelic":17,"Snack Pack":13,"Membership Card":49,"ReplayTheSpireMod:Lightbulb":48,"Toy Ornithopter":33,"hubris:OldNail":43,"FossilizedHelix":144,"infinitespire:Midas Blood":19,"hubris:BottledRain":104},{"Ice Cream":284,"energizedSpire:UnstableMolecules":129,"Calipers":223,"CeramicFish":65,"Vajra":619,"Whetstone":205,"Sling":194,"Sozu":656,"Blood Vial":791,"Lizard Tail":254,"infinitespire:SolderingIron":245,"Replay:Frozen Program":524,"infinitespire:ShieldingShard":579,"Sundial":432,"infinitespire:Golems Mask":129,"MealTicket":294,"HandDrill":302,"Kunai":683,"Toxic Egg 2":205,"hubris:SoftwareUpdate":803,"Counterbalance":291,"hubris:SphereOfDissonance":314,"Oddly Smooth Stone":557,"Pen Nib":754,"hubris:HollowSoul":776,"War Paint":319,"Du-Vu Doll":239,"SlaversCollar":351,"Replay:Baseball":351,"Bird Faced Urn":759,"Molten Egg 2":349,"hubris:TenFootPole":384,"ReplayTheSpireMod:TigerMarble":532,"energizedSpire:OldTV":269,"Solar Panel":311,"ReplayFunnel":446,"hubris:Metronome":107,"Carrot":150,"Snecko Heart":118,"Torii":583,"StoneCalendar":284,"hubris:SlimyHat":357,"Incense Burner":427,"Replay:Mystery Machine":503,"Ancient Tea Set":583,"Empty Cage":597,"ClockworkSouvenir":314,"Replay:Bandana":569,"Emotion Chip":690,"hubris:Backtick":223,"Shovel":609,"hubris:ScarierMask":330,"Tiny Chest":640,"Replay:Bottled Eggs":18,"Cracked Core":0,"InkBottle":351,"hubris:GlazedTorus":8,"Lee\u0027s Waffle":90,"NeowsBlessing":0,"Golden Idol":145,"The Courier":107,"hubris:MedicalManual":406,"Geode":452,"Omamori":800,"hubris:Towel":376,"energizedSpire:DeadBattery":554,"Peace Pipe":212,"Anchor":314,"Ornamental Fan":480,"betterThird:SlimedRelic":90,"Snack Pack":70,"Membership Card":245,"ReplayTheSpireMod:Lightbulb":239,"Toy Ornithopter":162,"hubris:OldNail":212,"FossilizedHelix":690,"infinitespire:Midas Blood":94,"hubris:BottledRain":493}]},"card_choices":[{"not_picked":["Go for the Eyes","Ball Lightning"],"picked":"ReplayTheSpireMod:Calculation Training","floor":1},{"not_picked":["Genetic Algorithm","Beam Cell"],"picked":"Redo","floor":3},{"not_picked":["Cold Snap","Heatsinks"],"picked":"Leap","floor":5},{"not_picked":["Hologram","All For One"],"picked":"Conserve Battery","floor":8},{"not_picked":["Turbo","Heatsinks"],"picked":"Defragment","floor":11},{"not_picked":["Melter","hubris:PowerSurge","ReplayTheSpireMod:Reroute Power"],"picked":"SKIP","floor":13},{"not_picked":["Panic Button","Hologram","Heatsinks"],"picked":"SKIP","floor":14}],"player_experience":2567793,"relics_obtained":[{"floor":9,"key":"Omamori"},{"floor":11,"key":"hubris:SoftwareUpdate"}],"event_choices":[],"is_beta":false,"boss_relics":[],"items_purged_floors":[2,10],"is_endless":false,"potions_floor_spawned":[1,5,11],"killed_by":"Fading Forest","ascension_level":0}}