{"host":"juzjn19svz7o4sdd","time":1607667506,"event":{"mods":["AchievementEnabler","BaseMod","Better Third Choice","BetterRewards","Colored Powertips","Minty Spire (QoL Compilation)","StSLib","Transform Curses"],"gold_per_floor":[117,117,137,158,258,296,296,327,327,345,366,366,316,330,330,449,449,465,465,465,175,190,219,144,144,144,144,144,171,188,202,202,202,202],"floor_reached":33,"playtime":2660,"items_purged":["Strike_G"],"score":435,"play_id":"e03640f9-e355-4b65-bf99-3987ea15c605","local_time":"20201211141826","is_ascension_mode":true,"campfire_choices":[{"floor":7.0,"key":"REST"},{"data":"Dagger Spray","floor":12.0,"key":"SMITH"},{"data":"Poisoned Stab","floor":15.0,"key":"SMITH"},{"floor":25.0,"key":"REST"},{"data":"Bullet Time","floor":28.0,"key":"SMITH"},{"floor":32,"key":"RECALL"}],"circlet_count":0,"master_deck":["Defend_G","Defend_G","Defend_G","Survivor","Neutralize","Deadly Poison","Dagger Spray+1","Poisoned Stab+1","Burst","Distraction+1","Crippling Poison","Bullet Time+1","Skewer","Endless Agony"],"relics":["Ring of the Snake","Bag of Marbles","TwistedFunnel","FossilizedHelix","NlothsMask","Enchiridion","Bloody Idol","Vajra","Mercury Hourglass","Empty Cage","Ginger","StoneCalendar","Boot","Toy Ornithopter"],"acts_visited":[],"potions_floor_usage":[33,33],"damage_taken":[{"damage":0.0,"enemies":"2 Louse","floor":1.0,"turns":2.0},{"damage":0.0,"enemies":"Cultist","floor":3.0,"turns":3.0},{"damage":0.0,"enemies":"Jaw Worm","floor":4.0,"turns":2.0},{"damage":11.0,"enemies":"Gremlin Nob","floor":6.0,"turns":5.0},{"damage":14.0,"enemies":"3 Sentries","floor":8.0,"turns":7.0},{"damage":0.0,"enemies":"Looter","floor":10.0,"turns":2.0},{"damage":0.0,"enemies":"2 Fungi Beasts","floor":11.0,"turns":2.0},{"damage":0.0,"enemies":"Gremlin Gang","floor":14.0,"turns":1.0},{"damage":5.0,"enemies":"Hexaghost","floor":16.0,"turns":9.0},{"damage":0.0,"enemies":"Spheric Guardian","floor":18.0,"turns":4.0},{"damage":7.0,"enemies":"3 Byrds","floor":22.0,"turns":3.0},{"damage":17.0,"enemies":"Book of Stabbing","floor":23.0,"turns":6.0},{"damage":18.0,"enemies":"Gremlin Leader","floor":29.0,"turns":5.0},{"damage":4,"enemies":"Centurion and Healer","floor":30,"turns":4},{"damage":0,"enemies":"Snecko","floor":31,"turns":3},{"damage":83,"enemies":"Automaton","floor":33,"turns":6}],"seed_played":"-889538057094967141","potions_obtained":[{"floor":1.0,"key":"PowerPotion"},{"floor":6.0,"key":"SkillPotion"},{"floor":10.0,"key":"PowerPotion"},{"floor":11.0,"key":"BlessingOfTheForge"},{"floor":30,"key":"Regen Potion"},{"floor":31,"key":"Poison Potion"}],"is_trial":false,"path_per_floor":["M","?","M","M","?","E","R","E","T","M","M","R","?","M","R","B",null,"M","?","?","$","M","E","?","R","T","?","R","E","M","M","R","B"],"character_chosen":"THE_SILENT","items_purchased":["Bag of Marbles","TwistedFunnel","Ginger"],"campfire_rested":2,"item_purchase_floors":[0,0,21],"current_hp_per_floor":[26,26,26,26,26,15,36,22,22,22,22,22,22,22,22,17,70,70,70,70,70,68,56,56,70,70,70,70,57,58,63,63,0,0],"gold":202,"neow_bonus":"","is_daily":false,"chose_seed":false,"campfire_upgraded":3,"win_rate":0.0,"timestamp":1607667506,"path_taken":["M","?","M","M","?","E","R","E","T","M","?","R","?","M","R","BOSS","M","?","?","$","M","E","?","R","T","?","R","E","M","M","R","BOSS"],"items_purchased_type":["Relic","Relic","Relic"],"build_version":"2020-11-30","purchased_purges":1,"victory":false,"max_hp_per_floor":[70,70,70,70,70,70,70,70,70,70,70,70,70,70,70,70,70,70,70,70,70,70,70,70,70,70,70,70,70,70,70,70,70,70],"card_choices":[{"not_picked":["Dagger Throw","Prepared","Deflect"],"picked":"SKIP","floor":1.0},{"not_picked":["Choke","Endless Agony","Quick Slash"],"picked":"SKIP","floor":3.0},{"not_picked":["Slice","Accuracy","Acrobatics"],"picked":"SKIP","floor":4.0},{"not_picked":["Outmaneuver","Flying Knee","Acrobatics"],"picked":"SKIP","floor":6.0},{"not_picked":["Masterful Stab","Poisoned Stab"],"picked":"Deadly Poison","floor":8.0},{"not_picked":["Tactician","Footwork","Outmaneuver"],"picked":"SKIP","floor":10.0},{"not_picked":["Choke","Slice"],"picked":"Dagger Spray","floor":11.0},{"not_picked":["Riddle With Holes","Flying Knee"],"picked":"Poisoned Stab","floor":14.0},{"not_picked":["Wraith Form v2","Adrenaline"],"picked":"Burst","floor":16.0},{"not_picked":["Backflip","Dagger Spray"],"picked":"Distraction+1","floor":18.0},{"not_picked":["Accuracy","Dagger Spray"],"picked":"Crippling Poison","floor":22.0},{"not_picked":["Outmaneuver","A Thousand Cuts"],"picked":"Bullet Time","floor":23.0},{"not_picked":["Calculated Gamble","Malaise","Reflex"],"picked":"SKIP","floor":29},{"not_picked":["Reflex","Calculated Gamble"],"picked":"Endless Agony","floor":30},{"not_picked":["Cloak And Dagger","Slice","Outmaneuver"],"picked":"SKIP","floor":31}],"player_experience":57571,"relics_obtained":[{"floor":6.0,"key":"Vajra"},{"floor":8.0,"key":"Mercury Hourglass"},{"floor":23.0,"key":"StoneCalendar"},{"floor":26.0,"key":"Boot"},{"floor":29,"key":"Toy Ornithopter"}],"event_choices":[{"damage_healed":0.0,"max_hp_gain":0.0,"max_hp_loss":0.0,"gold_gain":0.0,"event_name":"betterThird:BetterSerpent","player_choice":"Ignored","floor":2.0,"gold_loss":0.0,"damage_taken":117.0},{"damage_healed":0.0,"max_hp_gain":0.0,"max_hp_loss":0.0,"gold_gain":100.0,"event_name":"Golden Shrine","player_choice":"Pray","floor":5.0,"gold_loss":0.0,"damage_taken":0.0},{"cards_removed":["Strike_G"],"damage_healed":0.0,"max_hp_gain":0.0,"max_hp_loss":0.0,"gold_gain":0.0,"event_name":"The Cleric","player_choice":"Card Removal","floor":13.0,"gold_loss":50.0,"damage_taken":0.0},{"cards_removed":["Strike_G"],"damage_healed":0.0,"max_hp_gain":0.0,"max_hp_loss":0.0,"gold_gain":0.0,"event_name":"betterThird:BetterWriting","player_choice":"Elegance","floor":19.0,"gold_loss":0.0,"damage_taken":0.0},{"damage_healed":0.0,"max_hp_gain":0.0,"max_hp_loss":0.0,"gold_gain":0.0,"event_name":"Forgotten Altar","player_choice":"Gave Idol","floor":20.0,"relics_lost":["Golden Idol"],"gold_loss":0.0,"damage_taken":0.0,"relics_obtained":["Bloody Idol"]},{"cards_removed":["Defend_G"],"damage_healed":0.0,"max_hp_gain":0.0,"max_hp_loss":0.0,"gold_gain":0.0,"event_name":"Beggar","player_choice":"Gave Gold","floor":24.0,"gold_loss":75.0,"damage_taken":0.0},{"damage_healed":0.0,"max_hp_gain":0.0,"max_hp_loss":0.0,"gold_gain":0.0,"event_name":"The Library","player_choice":"Read","floor":27.0,"gold_loss":0.0,"damage_taken":0.0,"cards_obtained":["Skewer"]}],"is_beta":false,"boss_relics":[{"not_picked":["Velvet Choker","Ectoplasm"],"picked":"Empty Cage"}],"items_purged_floors":[0],"is_endless":false,"potions_floor_spawned":[1,6,10,11,23,30,31],"killed_by":"Automaton","ascension_level":2}}