{"host":"1bqbj1s4pyvm9utn","time":1607659494,"event":{"mods":["AchievementEnabler","Aspiration","Bard","BaseMod","Beaked The Cultist","Better Altar","Better Match","Better Note","Better Sensory Stone","Better Skull","Better Third Choice","BetterRewards","CCEM","Clawfect","Colored Map","Conspire","Downfall","GifTheSpireLib","Halation","Hermit","Highlight Path","Hubris","Humility","Infinite Spire","Jedi Mod","Jorbs\u0027s Wanderer Trilogy","Mad Scientist","Marisa????????","Mimic Mod","Minty Spire (QoL Compilation)","Permanent Neow","Replay The Spire","Shade Mod","Shop Mod","Spicy Shops","StSLib","Stuff the Spire","The Bug Knight","The Construct","The Cursed","The Disciple","The Gatherer","The Hierophant","The Jungle","The Mystic","The Necromancer","The Runesmith","The Servant 0.9.4","The Spell Scribe","The Witch","Unceasing Turn Reminder","everything is the same but u backflip on backflip","slay the spire mod where everything is the same but ironclad has a cowboy hat","vexMod"],"gold_per_floor":[119,134,144,144,144,144,178,178,178,197,220,220,29,43,59,78,78,173,173,140,140,140,141,157,157,188,188,220,220,222,221,234,171,171,276,276,293,293,306,318,336,336,336],"floor_reached":42,"playtime":4527,"items_purged":["Strike_G"],"score":464,"play_id":"4ec1d172-1a45-4962-bc6b-4a06997036bd","local_time":"20201210200454","is_ascension_mode":true,"campfire_choices":[{"floor":6,"key":"REST"},{"floor":12,"key":"REST"},{"floor":17,"key":"REST"},{"floor":25,"key":"REST"},{"floor":29,"key":"REST"},{"data":"Fluid Movement","floor":34,"key":"SMITH"}],"circlet_count":0,"master_deck":["Strike_G","Strike_G","Strike_G","Strike_G","Defend_G","Defend_G","Defend_G","Defend_G","Defend_G","Survivor","Neutralize","jedi:LeechingStrike","StuffTheSpire:Incursion","Blade Dance","Deadly Poison","Acrobatics","Underhanded Strike","Flying Knee","Fluid Movement+1","Caltrops","PiercingWail","Footwork","hubris:Counter","jedi:brewingpoison","jedi:collectorvenom","infinitespire:Oblivion","infinitespire:Starlight","ReplayTheSpireMod:??????????????????????","infinitespire:SevenWalls","Noxious Fumes","Caltrops+1","Noxious Fumes","Blade Dance"],"relics":["Ring of the Snake","Strawberry","Dream Catcher","Tingsha","vexMod:DeviousBotling","jedi:HeartOfTheCards","WristBlade","Prayer Wheel","HollowMod:LifeEnderRelic","infinitespire:CheckeredPen","hubris:HollowSoul","halation:PapillonHeart"],"acts_visited":["Exordium","TheCity","TheBeyond"],"potions_floor_usage":[7,14,15,18,24,32,35,40,40,40,41,42],"damage_taken":[{"damage":1,"enemies":"Cultist","floor":1,"turns":4},{"damage":0,"enemies":"Small Slimes","floor":2,"turns":4},{"damage":4,"enemies":"Jaw Worm","floor":3,"turns":5},{"damage":31,"enemies":"Lagavulin","floor":7,"turns":7},{"damage":24,"enemies":"3 Louse","floor":10,"turns":4},{"damage":4,"enemies":"Red Slaver","floor":14,"turns":5},{"damage":4,"enemies":"Looter","floor":15,"turns":3},{"damage":37,"enemies":"Gremlin Gang","floor":16,"turns":6},{"damage":46,"enemies":"Hexaghost","floor":18,"turns":12},{"damage":22,"enemies":"2 Thieves","floor":20,"turns":4},{"damage":0,"enemies":"Chosen","floor":23,"turns":4},{"damage":57,"enemies":"Sentry and Sphere","floor":24,"turns":6},{"damage":41,"enemies":"conspire:SneckoGhost","floor":26,"turns":6},{"damage":0,"enemies":"conspire:HollyBat","floor":28,"turns":7},{"damage":3,"enemies":"conspire:HollyBat","floor":30,"turns":8},{"damage":17,"enemies":"Snake Plant","floor":31,"turns":4},{"damage":26,"enemies":"Replay:Snechameleon","floor":32,"turns":5},{"damage":56,"enemies":"hubris:MusketHawk","floor":35,"turns":7},{"damage":39,"enemies":"3 Darklings","floor":37,"turns":5},{"damage":31,"enemies":"Orb Walker","floor":39,"turns":4},{"damage":11,"enemies":"Jaw Worm Horde","floor":40,"turns":3},{"damage":28,"enemies":"Transient","floor":41,"turns":6},{"damage":17,"enemies":"Reptomancer","floor":42,"turns":2}],"seed_played":"5237654328905162510","potions_obtained":[{"floor":1,"key":"LiquidBronze"},{"floor":7,"key":"Weak Potion"},{"floor":14,"key":"AttackPotion"},{"floor":16,"key":"conspire:TimeTravelPotion"},{"floor":23,"key":"hexamod:EctoCoolerPotion"},{"floor":31,"key":"Toxic Potion"},{"floor":32,"key":"Weak Potion"},{"floor":39,"key":"EntropicBrew"},{"floor":40,"key":"Dexterity Potion"},{"floor":41,"key":"Flashbang"}],"is_trial":false,"path_per_floor":["M","M","M","?","?","R","E","PTL","PTL","M","T","R","$","M","M","M","R","B",null,"M","AVR","?","M","M","R","E","?","MIM","R","M","M","E","?","R","B",null,"M","?","M","M","M","E"],"character_chosen":"THE_SILENT","items_purchased":["Fluid Movement","Tingsha"],"campfire_rested":5,"item_purchase_floors":[13,13],"current_hp_per_floor":[54,60,56,30,37,60,35,35,35,17,17,40,40,42,44,13,36,6,77,55,55,55,71,24,47,17,17,34,57,64,57,47,67,67,24,77,51,51,36,29,21,0,0],"gold":336,"neow_bonus":"RANDOM_COLORLESS_2","is_daily":false,"chose_seed":false,"campfire_upgraded":1,"win_rate":0.0,"timestamp":1607659494,"path_taken":["M","M","?","?","?","R","E","PTL","PTL","M","T","R","$","M","?","M","R","BOSS","M","AVR","?","M","M","R","E","?","MIM","R","M","M","E","?","R","BOSS","M","?","M","M","M","E"],"items_purchased_type":["Card","Relic"],"build_version":"2020-11-30","purchased_purges":1,"victory":false,"max_hp_per_floor":[70,70,70,77,77,77,77,77,77,77,77,77,77,77,77,77,77,77,77,77,77,77,77,77,77,77,77,77,77,77,77,77,77,77,77,77,77,73,73,73,73,73,73],"card_choices":[{"not_picked":["Poisoned Strike","Secret Weapon"],"picked":"jedi:LeechingStrike","floor":0},{"not_picked":["StuffTheSpire:ClusterCrunch","Dagger Throw"],"picked":"StuffTheSpire:Incursion","floor":1},{"not_picked":["Hidden Blade","Quick Slash"],"picked":"Blade Dance","floor":2},{"not_picked":["Choke","Dagger Throw"],"picked":"Deadly Poison","floor":3},{"not_picked":["hubris:SlightOfHand","jedi:acidrain"],"picked":"Acrobatics","floor":7},{"not_picked":["StuffTheSpire:ClusterCrunch","Tactician"],"picked":"Underhanded Strike","floor":10},{"not_picked":["Tools of the Trade","PiercingWail"],"picked":"Flying Knee","floor":12},{"not_picked":["Backflip","StuffTheSpire:Python"],"picked":"Caltrops","floor":14},{"not_picked":["Underhanded Strike","Tactician"],"picked":"PiercingWail","floor":15},{"not_picked":["Distraction","Poisoned Stab"],"picked":"Footwork","floor":16},{"not_picked":["PiercingWail","Hidden Blade"],"picked":"hubris:Counter","floor":17},{"not_picked":["Corpse Explosion","Glass Knife"],"picked":"jedi:brewingpoison","floor":18},{"not_picked":["Cloak And Dagger","hubris:Sniper+1"],"picked":"jedi:collectorvenom","floor":20},{"not_picked":["StuffTheSpire:ClusterCrunch","Dodge and Roll"],"picked":"Noxious Fumes","floor":23},{"not_picked":["Escape Plan","ReplayTheSpireMod:Speed Training"],"picked":"Caltrops+1","floor":24},{"not_picked":["Prepared","ReplayTheSpireMod:Exploit Weakness"],"picked":"jedi:collectorvenom","floor":26},{"not_picked":["StuffTheSpire:ClusterCrunch","Quick Slash"],"picked":"Blade Dance","floor":28},{"not_picked":["StuffTheSpire:MirrorStance","Reflex"],"picked":"jedi:collectorvenom","floor":29},{"not_picked":["Prepared","Backstab"],"picked":"jedi:collectorvenom","floor":30},{"not_picked":["Malaise","StuffTheSpire:BumpUp","StuffTheSpire:DoubleShiv+1"],"picked":"SKIP","floor":30},{"not_picked":["Flying Knee+1","Noxious Fumes"],"picked":"jedi:collectorvenom","floor":31},{"not_picked":["PiercingWail","Blade Dance"],"picked":"jedi:collectorvenom","floor":31},{"not_picked":["hubris:Sniper","Deadly Poison","Poison Darts"],"picked":"SKIP","floor":32},{"not_picked":["aspiration:Lunge","infinitespire:Neurotoxin"],"picked":"jedi:collectorvenom","floor":35},{"not_picked":["jedi:pocketpoison+1","Flying Knee+1"],"picked":"jedi:collectorvenom","floor":37},{"not_picked":["hubris:SlightOfHand","hubris:TrickCloak"],"picked":"jedi:collectorvenom","floor":37},{"not_picked":["Poisoned Stab","ReplayTheSpireMod:Exploit Weakness"],"picked":"jedi:collectorvenom","floor":39},{"not_picked":["Poisoned Stab","StuffTheSpire:Injection"],"picked":"jedi:collectorvenom","floor":39},{"not_picked":["Blur+1","Outmaneuver+1"],"picked":"jedi:collectorvenom","floor":40},{"not_picked":["Slice+1","Choke","Sucker Punch"],"picked":"SKIP","floor":40},{"not_picked":["StuffTheSpire:ReptileScales+1","jedi:unstablefumes+1"],"picked":"jedi:collectorvenom","floor":41},{"not_picked":["Sucker Punch","Blade Dance+1"],"picked":"jedi:collectorvenom","floor":41}],"player_experience":770143,"relics_obtained":[{"floor":7,"key":"Dream Catcher"},{"floor":26,"key":"Prayer Wheel"},{"floor":28,"key":"HollowMod:LifeEnderRelic"},{"floor":32,"key":"infinitespire:CheckeredPen"}],"event_choices":[{"damage_healed":0,"gold_gain":0,"player_choice":"Relic ","damage_taken":33,"max_hp_gain":0,"max_hp_loss":0,"event_name":"betterThird:BetterScrap","floor":4,"gold_loss":0,"cards_obtained":["Clawfect:ClawAndTear"]},{"cards_removed":["infinitespire:SevenWalls"],"damage_healed":0,"gold_gain":0,"player_choice":"Give","damage_taken":0,"max_hp_gain":0,"max_hp_loss":0,"event_name":"betterNote:BetterNote","floor":22,"gold_loss":0,"cards_obtained":["Gatherer:Strike_Gatherer"]},{"damage_healed":0,"gold_gain":0,"player_choice":"Copied","damage_taken":0,"max_hp_gain":0,"max_hp_loss":0,"event_name":"Duplicator","floor":27,"gold_loss":0,"cards_obtained":["Noxious Fumes"]}],"is_beta":false,"boss_relics":[{"not_picked":["vexMod:FluxCapacitor","CCEMRelics:TransientCore"],"picked":"vexMod:DeviousBotling"},{"not_picked":["ReplayTheSpireMod:DimensionalGlitch","conspire:SeveredTorchhead"],"picked":"hubris:HollowSoul"}],"items_purged_floors":[21],"is_endless":false,"potions_floor_spawned":[1,7,14,16,23,31,32,39,40,41],"killed_by":"Reptomancer","ascension_level":1}}