{"host":"j36qkj20jqndbw01","time":1607687106,"event":{"mods":["AchievementEnabler","BaseMod","Colored Map","DeckTracker","Highlight Path","Keyboard Shortcuts","Minty Spire (QoL Compilation)","Quick Restart","Relic Stats","StSLib","SuperFastMode","everything is the same but u backflip on backflip"],"gold_per_floor":[13,13,32,44,44,54,89,89,89,89,120,149,149,162,162,236,236,246,263,278,288,303,303,303,303],"floor_reached":24,"playtime":757,"items_purged":[],"score":494,"play_id":"4b97c371-db3a-4a5a-aed1-840c015f5b12","local_time":"20201211204506","is_ascension_mode":true,"campfire_choices":[{"data":"Zap","floor":8.0,"key":"SMITH"},{"data":"Recycle","floor":10.0,"key":"SMITH"},{"data":"FTL","floor":13.0,"key":"SMITH"},{"data":"Electrodynamics","floor":15.0,"key":"SMITH"},{"data":"Creative AI","floor":23,"key":"SMITH"}],"circlet_count":0,"master_deck":["AscendersBane","Strike_B","Defend_B","Defend_B","Defend_B","Defend_B","Zap+1","Dualcast","FTL+1","Recycle+1","Compile Driver","Cold Snap","Ball Lightning","Electrodynamics+1","Thunder Strike","Ball Lightning","Gash","Beam Cell","Creative AI+1","Cold Snap","Turbo","Storm"],"relics":["Cracked Core","Dream Catcher","Meat on the Bone","Unceasing Top","Odd Mushroom","Busted Crown"],"acts_visited":["Exordium","TheCity"],"potions_floor_usage":[22],"damage_taken":[{"damage":1.0,"enemies":"Cultist","floor":1.0,"turns":3.0},{"damage":2.0,"enemies":"Jaw Worm","floor":3.0,"turns":4.0},{"damage":5.0,"enemies":"Small Slimes","floor":4.0,"turns":3.0},{"damage":0.0,"enemies":"Exordium Wildlife","floor":6.0,"turns":2.0},{"damage":32.0,"enemies":"Gremlin Nob","floor":7.0,"turns":4.0},{"damage":21.0,"enemies":"Lagavulin","floor":11.0,"turns":5.0},{"damage":6.0,"enemies":"The Mushroom Lair","floor":12.0,"turns":2.0},{"damage":0.0,"enemies":"Large Slime","floor":14.0,"turns":3.0},{"damage":0.0,"enemies":"Slime Boss","floor":16.0,"turns":5.0},{"damage":12.0,"enemies":"Chosen","floor":18.0,"turns":3.0},{"damage":1.0,"enemies":"3 Byrds","floor":19.0,"turns":2.0},{"damage":47.0,"enemies":"3 Cultists","floor":20.0,"turns":5.0},{"damage":11.0,"enemies":"Centurion and Healer","floor":21.0,"turns":6.0},{"damage":4,"enemies":"Snecko","floor":22,"turns":3},{"damage":27,"enemies":"Gremlin Leader","floor":24,"turns":2}],"seed_played":"-8250902986472971769","potions_obtained":[{"floor":7.0,"key":"PowerPotion"},{"floor":11.0,"key":"FearPotion"},{"floor":12.0,"key":"SkillPotion"},{"floor":19.0,"key":"ColorlessPotion"},{"floor":20.0,"key":"PowerPotion"}],"is_trial":false,"path_per_floor":["M","?","M","M","?","M","E","R","T","R","E","?","R","M","R","B",null,"M","M","M","M","M","R","E"],"character_chosen":"DEFECT","items_purchased":[],"campfire_rested":0,"item_purchase_floors":[],"current_hp_per_floor":[63,63,61,56,56,56,24,24,24,24,15,21,21,33,33,45,65,53,52,17,18,26,26,0,0],"gold":303,"neow_bonus":"TRANSFORM_TWO_CARDS","is_daily":false,"chose_seed":false,"campfire_upgraded":5,"win_rate":0.0,"timestamp":1607687106,"path_taken":["M","?","M","M","?","?","E","R","T","R","E","?","R","M","R","BOSS","M","M","M","M","M","R","E"],"items_purchased_type":[],"build_version":"2020-11-30","purchased_purges":0,"victory":false,"max_hp_per_floor":[71,71,71,71,71,71,71,71,71,71,71,71,71,71,71,71,71,71,71,71,71,71,71,71,71],"relic_stats":{"Dream Catcher":0,"Busted Crown":10,"counters":[15,52],"obtain_stats":[{"Dream Catcher":7,"Busted Crown":17,"Odd Mushroom":12,"Cracked Core":0,"Unceasing Top":11,"Meat on the Bone":9},{"Dream Catcher":5,"Busted Crown":9,"Odd Mushroom":7,"Cracked Core":0,"Unceasing Top":6,"Meat on the Bone":5},{"Dream Catcher":16,"Busted Crown":31,"Odd Mushroom":23,"Cracked Core":0,"Unceasing Top":21,"Meat on the Bone":16}],"Unceasing Top":[0],"Meat on the Bone":84},"card_choices":[{"not_picked":["Sweeping Beam","Doom and Gloom"],"picked":"Compile Driver","floor":1.0},{"not_picked":["Beam Cell","Streamline"],"picked":"Cold Snap","floor":3.0},{"not_picked":["Gash","Turbo"],"picked":"Ball Lightning","floor":4.0},{"not_picked":["Chill","Static Discharge"],"picked":"Thunder Strike","floor":6.0},{"not_picked":["Blizzard","Fusion"],"picked":"Ball Lightning","floor":7.0},{"not_picked":["Redo","Ball Lightning"],"picked":"Gash","floor":11.0},{"not_picked":["Hyperbeam","Turbo"],"picked":"Beam Cell","floor":14.0},{"not_picked":["Multi-Cast","Rainbow"],"picked":"Creative AI","floor":16.0},{"not_picked":[],"picked":"Cold Snap","floor":18.0},{"not_picked":["Skim"],"picked":"SKIP","floor":19.0},{"not_picked":[],"picked":"Turbo","floor":20.0},{"not_picked":[],"picked":"Storm","floor":21.0},{"not_picked":["Rebound"],"picked":"SKIP","floor":22}],"player_experience":1730278,"relics_obtained":[{"floor":7.0,"key":"Dream Catcher"},{"floor":9.0,"key":"Meat on the Bone"},{"floor":11.0,"key":"Unceasing Top"},{"floor":12.0,"key":"Odd Mushroom"}],"event_choices":[{"cards_removed":["Strike_B"],"damage_healed":0.0,"max_hp_gain":0.0,"max_hp_loss":0.0,"gold_gain":0.0,"event_name":"Living Wall","player_choice":"Forget","floor":2.0,"gold_loss":0.0,"damage_taken":0.0},{"damage_healed":0.0,"max_hp_gain":0.0,"max_hp_loss":0.0,"gold_gain":0.0,"event_name":"Match and Keep!","player_choice":"1 cards matched","floor":5.0,"gold_loss":0.0,"damage_taken":0.0,"cards_obtained":["Electrodynamics"]},{"damage_healed":0.0,"max_hp_gain":0.0,"max_hp_loss":0.0,"gold_gain":0.0,"event_name":"Mushrooms","player_choice":"Fought Mushrooms","floor":12.0,"gold_loss":0.0,"damage_taken":0.0}],"is_beta":false,"boss_relics":[{"not_picked":["Fusion Hammer","Sozu"],"picked":"Busted Crown"}],"items_purged_floors":[],"is_endless":false,"potions_floor_spawned":[7,11,12,16,19,20],"killed_by":"Gremlin Leader","ascension_level":18}}