{"host":"w7o06k3e8uel8euj","time":1607648069,"event":{"mods":["AchievementEnabler","BaseMod","Colored Powertips","Custom Start","DeckTracker","Keyboard Shortcuts","Minty Spire (QoL Compilation)","Quick Restart","Relic Stats","StSLib","SuperFastMode","everything is the same but u backflip on backflip"],"gold_per_floor":[115,127,127,142,159,159,192,192,192,29,48,48,122,102,102,197,197,221,221,221,231,265,265,190,206,206,206,206,206,206,206],"floor_reached":30,"playtime":921,"items_purged":["Strike_R"],"score":652,"play_id":"141ef19c-4811-46b3-9eff-132f4f630a0b","local_time":"20201211095429","is_ascension_mode":true,"campfire_choices":[{"data":"Wild Strike","floor":6.0,"key":"SMITH"},{"data":"Searing Blow","floor":12.0,"key":"SMITH"},{"data":"Searing Blow+1","floor":15.0,"key":"SMITH"},{"data":"Searing Blow+2","floor":23,"key":"SMITH"},{"data":"Searing Blow+3","floor":28,"key":"SMITH"}],"circlet_count":0,"master_deck":["AscendersBane","Strike_R","Defend_R","Defend_R","Defend_R","Bash","Burning Pact","Wild Strike+1","Inflame","Cleave","Searing Blow+4","Double Tap","Seeing Red","Seeing Red","Shrug It Off"],"relics":["Burning Blood","MealTicket","Bloody Idol","Bronze Scales","Pantograph","Empty Cage","Red Mask","Matryoshka","Lantern","Singing Bowl"],"acts_visited":["Exordium","TheCity"],"potions_floor_usage":[16,25],"damage_taken":[{"damage":4.0,"enemies":"Small Slimes","floor":1.0,"turns":3.0},{"damage":1.0,"enemies":"2 Louse","floor":2.0,"turns":3.0},{"damage":1.0,"enemies":"Cultist","floor":4.0,"turns":3.0},{"damage":17.0,"enemies":"Looter","floor":5.0,"turns":3.0},{"damage":50.0,"enemies":"Lagavulin","floor":7.0,"turns":8.0},{"damage":6.0,"enemies":"3 Louse","floor":11.0,"turns":3.0},{"damage":32.0,"enemies":"Gremlin Nob","floor":13.0,"turns":4.0},{"damage":50,"enemies":"The Guardian","floor":16,"turns":9},{"damage":28,"enemies":"2 Thieves","floor":18,"turns":3},{"damage":30,"enemies":"Spheric Guardian","floor":21,"turns":5},{"damage":0,"enemies":"Masked Bandits","floor":22,"turns":2},{"damage":45,"enemies":"Snake Plant","floor":25,"turns":4},{"damage":42,"enemies":"3 Cultists","floor":30,"turns":4}],"seed_played":"2197719708943259223","potions_obtained":[{"floor":2.0,"key":"BlessingOfTheForge"},{"floor":4.0,"key":"Energy Potion"},{"floor":5.0,"key":"CultistPotion"},{"floor":13.0,"key":"Regen Potion"},{"floor":14.0,"key":"BloodPotion"},{"floor":25,"key":"BloodPotion"}],"is_trial":true,"path_per_floor":["M","M","?","M","M","R","E","?","T","$","M","R","?","?","R","B",null,"M","?","?","M","?","R","?","M","T","T","R","?","M"],"character_chosen":"IRONCLAD","items_purchased":["Searing Blow"],"campfire_rested":0,"item_purchase_floors":[10],"current_hp_per_floor":[70,75,68,73,62,62,18,18,18,33,33,33,7,20,20,16,55,33,33,33,14,25,25,25,36,36,36,36,36,0,0],"gold":206,"neow_bonus":"","is_daily":false,"chose_seed":false,"campfire_upgraded":5,"win_rate":0.0,"timestamp":1607648069,"path_taken":["M","M","?","M","M","R","E","?","T","$","M","R","?","?","R","BOSS","M","?","?","M","?","R","?","M","T","?","R","?","M"],"items_purchased_type":["Card"],"build_version":"2020-11-30","purchased_purges":1,"victory":false,"max_hp_per_floor":[75,75,75,75,75,75,75,68,68,68,68,68,68,68,68,68,68,68,68,68,68,68,68,68,68,68,68,68,68,68,68],"relic_stats":{"Singing Bowl":0,"counters":[13,54],"Bloody Idol":15,"Bronze Scales":[84],"Pantograph":25,"MealTicket":15,"obtain_stats":[{"Lantern":27,"Matryoshka":26,"Singing Bowl":27,"Golden Idol":8,"Bronze Scales":9,"Pantograph":13,"Bloody Idol":19,"MealTicket":7,"Red Mask":22,"Empty Cage":17,"Burning Blood":0},{"Lantern":12,"Matryoshka":12,"Singing Bowl":12,"Golden Idol":5,"Bronze Scales":5,"Pantograph":7,"Bloody Idol":9,"MealTicket":5,"Red Mask":11,"Empty Cage":8,"Burning Blood":0},{"Lantern":50,"Matryoshka":50,"Singing Bowl":50,"Golden Idol":20,"Bronze Scales":20,"Pantograph":27,"Bloody Idol":39,"MealTicket":20,"Red Mask":46,"Empty Cage":36,"Burning Blood":0}],"Burning Blood":72},"card_choices":[{"not_picked":["Sword Boomerang","Ghostly Armor"],"picked":"Burning Pact","floor":1.0},{"not_picked":["Heavy Blade","Warcry"],"picked":"Wild Strike","floor":2.0},{"not_picked":["True Grit","Rage"],"picked":"Inflame","floor":4.0},{"not_picked":["Anger","Wild Strike"],"picked":"Cleave","floor":5.0},{"not_picked":["Cleave","Wild Strike","Flex"],"picked":"SKIP","floor":7.0},{"not_picked":["Thunderclap","Twin Strike","Perfected Strike"],"picked":"SKIP","floor":11.0},{"not_picked":["Feed","Juggernaut"],"picked":"Double Tap","floor":16},{"not_picked":["Cleave","Iron Wave"],"picked":"Seeing Red","floor":18},{"not_picked":["Reckless Charge","Infernal Blade","Intimidate"],"picked":"SKIP","floor":21},{"not_picked":["Inflame","Cleave"],"picked":"Seeing Red","floor":22},{"not_picked":["Feel No Pain","Twin Strike+1"],"picked":"Shrug It Off","floor":25}],"player_experience":541025,"relics_obtained":[{"floor":7.0,"key":"MealTicket"},{"floor":9.0,"key":"Bronze Scales"},{"floor":13.0,"key":"Pantograph"},{"floor":22,"key":"Red Mask"},{"floor":26,"key":"Matryoshka"},{"floor":27,"key":"Lantern"},{"floor":27,"key":"Singing Bowl"}],"event_choices":[{"cards_removed":["Strike_R"],"damage_healed":0.0,"max_hp_gain":0.0,"max_hp_loss":0.0,"gold_gain":0.0,"event_name":"Golden Wing","player_choice":"Card Removal","floor":3.0,"gold_loss":0.0,"damage_taken":7.0},{"damage_healed":0.0,"max_hp_gain":0.0,"max_hp_loss":7.0,"gold_gain":0.0,"event_name":"Golden Idol","player_choice":"Lose Max HP","floor":8.0,"gold_loss":0.0,"damage_taken":0.0,"relics_obtained":["Golden Idol"]},{"damage_healed":0.0,"max_hp_gain":0.0,"max_hp_loss":0.0,"gold_gain":0.0,"event_name":"Dead Adventurer","player_choice":"Searched \u00271\u0027 times","floor":13.0,"gold_loss":0.0,"damage_taken":0.0},{"damage_healed":0.0,"max_hp_gain":0.0,"max_hp_loss":0.0,"gold_gain":0.0,"event_name":"The Woman in Blue","player_choice":"Bought 1 Potion","floor":14.0,"gold_loss":0.0,"damage_taken":0.0},{"damage_healed":0,"gold_gain":0,"player_choice":"Gave Idol","damage_taken":0,"relics_obtained":["Bloody Idol"],"max_hp_gain":0,"max_hp_loss":0,"event_name":"Forgotten Altar","floor":19,"relics_lost":["Golden Idol"],"gold_loss":0},{"damage_healed":0,"gold_gain":0,"player_choice":"Ignored","damage_taken":0,"max_hp_gain":0,"max_hp_loss":0,"event_name":"Ghosts","floor":20,"gold_loss":0},{"damage_healed":0,"gold_gain":0,"player_choice":"Fought Bandits","damage_taken":0,"max_hp_gain":0,"max_hp_loss":0,"event_name":"Masked Bandits","floor":22,"gold_loss":0},{"cards_removed":["Strike_R"],"damage_healed":0,"gold_gain":0,"player_choice":"Gave Gold","damage_taken":0,"max_hp_gain":0,"max_hp_loss":0,"event_name":"Beggar","floor":24,"gold_loss":75},{"damage_healed":0,"gold_gain":0,"player_choice":"0 cards matched","damage_taken":0,"max_hp_gain":0,"max_hp_loss":0,"event_name":"Match and Keep!","floor":29,"gold_loss":0,"cards_obtained":[]}],"is_beta":false,"boss_relics":[{"not_picked":["Fusion Hammer","SlaversCollar"],"picked":"Empty Cage"}],"items_purged_floors":[10],"is_endless":true,"potions_floor_spawned":[2,4,5,13,25],"killed_by":"3 Cultists","ascension_level":20}}