{"host":"1lcvmslm5dvu1wk7","time":1607691525,"event":{"mods":["BaseMod","Colored Powertips","Minty Spire (QoL Compilation)","Remilia£®¿Ÿ√◊¿Ú—«£©","Replay The Spire","Shop Mod","StSLib"],"gold_per_floor":[117,130,140,154,174,205,205,240,240,240,240,274,287,317,317,417,417,429,448,465,157,157,192,206,225,225,225,225,257,274,308,308,410,410,427,237,255,266,283,318,318,329,410,439,439,451,478,492,492,492],"floor_reached":51,"playtime":4845,"items_purged":["Defend_RM","Defend_RM"],"score":1102,"play_id":"8a96f600-1649-4bf4-93c1-ebcdfdf222a6","local_time":"20201211205845","is_ascension_mode":true,"campfire_choices":[{"data":"DiffusionOfMisfortune","floor":7.0,"key":"SMITH"},{"data":"ScarletShoot","floor":10.0,"key":"SMITH"},{"data":"ScarletDevil","floor":15.0,"key":"SMITH"},{"data":"TransientEternity","floor":27.0,"key":"SMITH"},{"floor":32.0,"key":"DIG"},{"data":"CharismaGuard","floor":41.0,"key":"SMITH"},{"data":"RedMoon","floor":45.0,"key":"SMITH"},{"data":"Pot Of Greed","floor":49.0,"key":"SMITH"}],"circlet_count":0,"master_deck":["Strike_RM","Strike_RM","Strike_RM","Strike_RM+1","Defend_RM","Defend_RM+1","RedMoon+1","ScarletShoot+1","Pot Of Greed+1","MillenniumVampire","DiffusionOfMisfortune+1","Pot Of Greed","CharismaGuard+1","EndlessAdversity","ScarletDevil+1","TransientEternity+1","BombardNight+1","DiffusionOfMisfortune+1","CharismaGuard+1","HunterOfTheNight+1","UnderTheZenith","MillenniumVampire","UnderTheZenith+1","RedMagic+1","Pot Of Greed","GlobalNightmare+1"],"relics":["ScarletHat","Grinning Jar","Replay:Wax Seal","Tiny Chest","ReplayTheSpireMod:Shallot","Ice Cream","Busted Crown","Akabeko","MerchantsRug","Replay:Bottled Steam","ReplayTheSpireMod:Ninjato","HornCleat","Replay:Bottled Snecko","Centennial Puzzle","Iron Hammer","Runic Pyramid","BargainBundle","Replay:Rubber Ducky","RedBat","Question Card","Garlic"],"acts_visited":["TheCity","TheBeyond"],"potions_floor_usage":[50,50,50],"damage_taken":[{"damage":0.0,"enemies":"Cultist","floor":1.0,"turns":3.0},{"damage":0.0,"enemies":"Small Slimes","floor":2.0,"turns":3.0},{"damage":0.0,"enemies":"2 Louse","floor":3.0,"turns":4.0},{"damage":0.0,"enemies":"Blue Slaver","floor":4.0,"turns":6.0},{"damage":7.0,"enemies":"Lots of Slimes","floor":5.0,"turns":5.0},{"damage":0.0,"enemies":"Lagavulin","floor":6.0,"turns":10.0},{"damage":6.0,"enemies":"Replay:BlueRogue","floor":8.0,"turns":3.0},{"damage":1.0,"enemies":"Lagavulin","floor":12.0,"turns":7.0},{"damage":1.0,"enemies":"Exordium Thugs","floor":13.0,"turns":4.0},{"damage":18.0,"enemies":"The Guardian","floor":16.0,"turns":11.0},{"damage":0.0,"enemies":"3 Byrds","floor":18.0,"turns":6.0},{"damage":3.0,"enemies":"Shell Parasite","floor":19.0,"turns":2.0},{"damage":0.0,"enemies":"Centurion and Healer","floor":20.0,"turns":6.0},{"damage":0.0,"enemies":"Slavers","floor":23.0,"turns":2.0},{"damage":13.0,"enemies":"Shelled Parasite and Fungi","floor":24.0,"turns":3.0},{"damage":7.0,"enemies":"Snake Plant","floor":25.0,"turns":4.0},{"damage":0.0,"enemies":"Gremlin Leader","floor":29.0,"turns":4.0},{"damage":0.0,"enemies":"Centurion and Healer","floor":30.0,"turns":4.0},{"damage":0.0,"enemies":"Book of Stabbing","floor":31.0,"turns":5.0},{"damage":0.0,"enemies":"Collector","floor":33.0,"turns":7.0},{"damage":0.0,"enemies":"3 Darklings","floor":35.0,"turns":3.0},{"damage":8.0,"enemies":"3 Shapes","floor":37.0,"turns":1.0},{"damage":0.0,"enemies":"Transient","floor":38.0,"turns":5.0},{"damage":19.0,"enemies":"4 Shapes","floor":39.0,"turns":3.0},{"damage":0.0,"enemies":"R_Hoarder","floor":40.0,"turns":3.0},{"damage":0.0,"enemies":"Jaw Worm Horde","floor":42.0,"turns":4.0},{"damage":38.0,"enemies":"Reptomancer","floor":44.0,"turns":4.0},{"damage":0.0,"enemies":"Spire Growth","floor":46.0,"turns":2.0},{"damage":0.0,"enemies":"Giant Head","floor":47.0,"turns":4.0},{"damage":0.0,"enemies":"Transient","floor":48.0,"turns":2.0},{"damage":12,"enemies":"Replay:Hell Engine","floor":50,"turns":4}],"seed_played":"-4354847041165222181","potions_obtained":[{"floor":3.0,"key":"Weak Potion"},{"floor":6.0,"key":"SkillPotion"},{"floor":12.0,"key":"SkillPotion"},{"floor":16.0,"key":"Elixir"},{"floor":18.0,"key":"Dexterity Potion"},{"floor":20.0,"key":"SneckoOil"},{"floor":25.0,"key":"Elixir"},{"floor":29.0,"key":"FearPotion"},{"floor":33.0,"key":"SkillPotion"},{"floor":37.0,"key":"Flashbang"},{"floor":39.0,"key":"SneckoOil"}],"is_trial":false,"path_per_floor":["M","M","M","M","M","E","R","E","T","R","?","E","M","?","R","B",null,"M","M","M","$","?","E","M","M","T","R","T","E","M","E","R","B",null,"M","$","M","M","M","E","R","M","T","E","R","M","E","M","R","B",null],"character_chosen":"REMILIA","items_purchased":["Akabeko","MerchantsRug","BargainBundle","Fruit Juice","UnderTheZenith","Dexterity Potion","FearPotion"],"campfire_rested":0,"item_purchase_floors":[21,21,36,36,36,36,36],"current_hp_per_floor":[68,68,68,70,63,63,63,62,62,62,47,46,45,45,45,38,66,66,65,65,65,65,65,54,50,50,50,50,54,57,59,59,66,73,73,78,70,78,59,72,72,72,72,56,56,74,80,80,80,69],"gold":492,"neow_bonus":"RANDOM_COMMON_RELIC","is_daily":false,"chose_seed":false,"campfire_upgraded":7,"win_rate":0.0,"timestamp":1607691525,"path_taken":["M","M","?","M","M","E","R","E","T","R","?","E","M","?","R","BOSS","M","M","M","$","?","E","M","M","T","R","?","E","?","E","R","BOSS","M","$","M","?","M","E","R","M","T","E","R","M","E","M","R","BOSS"],"items_purchased_type":["Relic","Relic","Relic","Potion","Card","Potion","Potion"],"build_version":"2020-11-30","purchased_purges":2,"victory":true,"max_hp_per_floor":[75,75,75,75,75,75,75,75,75,75,75,75,75,75,75,75,75,75,75,75,75,75,75,75,75,75,75,75,75,75,75,75,75,75,75,80,80,80,80,80,80,80,80,80,80,80,80,80,80,80],"card_choices":[{"not_picked":["BlasphemousPunishment","ChainGang"],"picked":"MillenniumVampire","floor":1.0},{"not_picked":["ScarletDevilSign","VampireFantasy"],"picked":"DiffusionOfMisfortune","floor":2.0},{"not_picked":["Septette","UnstableMagic"],"picked":"CharismaGuard","floor":3.0},{"not_picked":["CharismaGuard","Stigmanizer"],"picked":"EndlessAdversity","floor":4.0},{"not_picked":["EternalNight","FavorOfDestiny","ScarletSymphony"],"picked":"SKIP","floor":5.0},{"not_picked":["FavorOfDestiny","RedRainbow","BloodAndWine"],"picked":"SKIP","floor":6.0},{"not_picked":["HellCatastrophe","VampireKiss","SuperhumanBloodyKnife"],"picked":"SKIP","floor":8.0},{"not_picked":["Ultimatum","MiserableFate","ChainGang"],"picked":"SKIP","floor":12.0},{"not_picked":["EndlessAdversity","RedRainbow"],"picked":"ScarletDevil","floor":13.0},{"not_picked":["EquivalentExchange","BloodyCatastrophe"],"picked":"TransientEternity","floor":16.0},{"not_picked":[],"picked":"BombardNight+1","floor":18.0},{"not_picked":["RedRainbow"],"picked":"SKIP","floor":19.0},{"not_picked":[],"picked":"DiffusionOfMisfortune+1","floor":20.0},{"not_picked":["ScarletCoffin"],"picked":"SKIP","floor":23.0},{"not_picked":["MiserableFate"],"picked":"SKIP","floor":24.0},{"not_picked":["SuperhumanBloodyKnife"],"picked":"SKIP","floor":25.0},{"not_picked":[],"picked":"CharismaGuard+1","floor":29.0},{"not_picked":["BloodHunter"],"picked":"SKIP","floor":30.0},{"not_picked":["Stigmanizer"],"picked":"SKIP","floor":31.0},{"not_picked":[],"picked":"HunterOfTheNight+1","floor":35.0},{"not_picked":["RedRainbow"],"picked":"SKIP","floor":37.0},{"not_picked":["VampireKiss"],"picked":"SKIP","floor":38.0},{"not_picked":[],"picked":"MillenniumVampire","floor":39.0},{"not_picked":["DevilSight"],"picked":"SKIP","floor":40.0},{"not_picked":["BadLadyScramble"],"picked":"SKIP","floor":42.0},{"not_picked":[],"picked":"UnderTheZenith+1","floor":44.0},{"not_picked":["FavorOfDestiny+1"],"picked":"RedMagic+1","floor":46.0},{"not_picked":["ScarletNetherworld+1","BlasphemousPunishment+1"],"picked":"SKIP","floor":47.0},{"not_picked":["CharismaGuard"],"picked":"GlobalNightmare+1","floor":48.0}],"player_experience":155348,"relics_obtained":[{"floor":6.0,"key":"Replay:Wax Seal"},{"floor":8.0,"key":"Tiny Chest"},{"floor":9.0,"key":"ReplayTheSpireMod:Shallot"},{"floor":12.0,"key":"Potion Belt"},{"floor":23.0,"key":"Replay:Bottled Steam"},{"floor":26.0,"key":"ReplayTheSpireMod:Ninjato"},{"floor":28.0,"key":"HornCleat"},{"floor":29.0,"key":"Replay:Bottled Snecko"},{"floor":31.0,"key":"Centennial Puzzle"},{"floor":32.0,"key":"Iron Hammer"},{"floor":40.0,"key":"Replay:Rubber Ducky"},{"floor":43.0,"key":"RedBat"},{"floor":44.0,"key":"Question Card"},{"floor":47.0,"key":"Garlic"}],"event_choices":[{"damage_healed":0.0,"max_hp_gain":0.0,"max_hp_loss":0.0,"gold_gain":0.0,"event_name":"Shining Light","player_choice":"Entered Light","floor":11.0,"gold_loss":0.0,"damage_taken":15.0,"cards_upgraded":["Strike_RM","Defend_RM"]},{"damage_healed":0.0,"max_hp_gain":0.0,"max_hp_loss":0.0,"gold_gain":30.0,"event_name":"Dead Adventurer","player_choice":"Searched \u00273\u0027 times","floor":14.0,"gold_loss":0.0,"damage_taken":0.0,"relics_obtained":["Ice Cream"]},{"damage_healed":0.0,"max_hp_gain":0.0,"max_hp_loss":0.0,"gold_gain":0.0,"event_name":"The Woman in Blue","player_choice":"Bought 0 Potions","floor":22.0,"gold_loss":0.0,"damage_taken":0.0}],"is_beta":false,"boss_relics":[{"not_picked":["Astrolabe","Ring of Chaos"],"picked":"Busted Crown"},{"not_picked":["Runic Dome","Replay:Drink Me"],"picked":"Runic Pyramid"}],"items_purged_floors":[21,36],"is_endless":false,"potions_floor_spawned":[3,6,12,16,18,20,25,29,33,37,39,40,42],"ascension_level":6}}