{"host":"fmlos4kykh1e3uqe","time":1607710889,"event":{"mods":["AchievementEnabler","Aspiration","Bard","BaseMod","Beaked The Cultist","Better Altar","Better Match","Better Note","Better Sensory Stone","Better Skull","Better Third Choice","BetterRewards","CCEM","Colored Map","Conspire","GifTheSpireLib","Googly Eyes","Halation","Hermit","Highlight Path","HornydragonMod","Hubris","Hunter ??","Infinite Spire","Jorbs\u0027s Wanderer Trilogy","Mad Scientist","Marisa????????","Mimic Mod","Minty Spire (QoL Compilation)","Permanent Neow","Replay The Spire","Shade Mod","Shop Mod","Spicy Shops","StSLib","Stuff the Spire","The Administrix","The Blackbeard","The Bug Knight","The Construct","The Cursed","The Disciple","The Gatherer","The Hierophant","The IronCluck","The Jungle","The Mystic","The Necromancer","The Problem Sleuth","The Runesmith","The Servant 0.9.4","The Spell Scribe","The Valiant","The Witch","Unceasing Turn Reminder","everything is the same but u backflip on backflip","slay the spire mod where everything is the same but ironclad has a cowboy hat"],"gold_per_floor":[80,80,80,100,115,140,140,140,140,110,110,110,138,150,150,249,249,264,264,274,373,373,399,399,423,463,475,489,521,552,566,566,671,671,684,684,684],"floor_reached":36,"playtime":2751,"items_purged":[],"score":435,"play_id":"d925b1d0-8eeb-4deb-a90f-d8360c95c1c5","local_time":"20201211132129","is_ascension_mode":false,"campfire_choices":[{"floor":11,"key":"REST"},{"floor":15,"key":"REST"},{"floor":32,"key":"RECALL"}],"circlet_count":0,"master_deck":["Strike_HD","Strike_HD","Strike_HD","DrunkenFist","Defend_HD","Defend_HD","AlcoholBarrier","BreakDrink","DrumStick","Caffeine","Wtf","Scp500","Ahahah","Well Laid Plans","Beer","GasterBlaster","DoNotDrink+1","Wraith Form v2+1","Metabolism+1","ShrimpCocktail","PowerGlove","ReplayTheSpireMod:Splinters","DrunkardWalk+1","BloodyMary+1","Weed+1","BloodyMary","BloodyMary","construct:SaveState+1","HandsUpC","GetToilet+1","Panache+1","stsjorbsmod:PollutedStrike","Vomiting","blackbeard:Cutlass","Impatience","ReplayTheSpireMod:Black Plague"],"relics":["WineBottle","aspiration:Nostalgia","Replay:M_StaffOfTheSnake","Dream Catcher","Happy Flower","White Beast Statue","halation:EternalFortune","Mercury Hourglass","Astrolabe","theSleuth:SaltedMelon","theSleuth:SaltedMelon","Tiny Chest","PrismaticShard","infinitespire:BottledMercury","Frozen Egg 2","Replay:Kaleidoscope","ReplayTheSpireMod:SealedPack"],"acts_visited":["Exordium","TheCity","TheBeyond"],"potions_floor_usage":[7,14,16,16,23,30,30,33,36,36,36],"damage_taken":[{"damage":0,"enemies":"Small Slimes","floor":1,"turns":4},{"damage":3,"enemies":"2 Louse","floor":4,"turns":2},{"damage":0,"enemies":"Cultist","floor":5,"turns":3},{"damage":82,"enemies":"Lagavulin","floor":6,"turns":10},{"damage":0,"enemies":"The Mushroom Lair","floor":7,"turns":1},{"damage":10,"enemies":"Looter","floor":10,"turns":4},{"damage":36,"enemies":"3 Sentries","floor":13,"turns":9},{"damage":14,"enemies":"Large Slime","floor":14,"turns":7},{"damage":28,"enemies":"Fading Forest","floor":16,"turns":11},{"damage":23,"enemies":"3 Byrds","floor":18,"turns":5},{"damage":8,"enemies":"2 Thieves","floor":20,"turns":2},{"damage":25,"enemies":"conspire:SneckoGhost","floor":23,"turns":7},{"damage":7,"enemies":"Centurion and Healer","floor":26,"turns":8},{"damage":15,"enemies":"Centurion and Healer","floor":27,"turns":8},{"damage":17,"enemies":"Snecko","floor":28,"turns":8},{"damage":27,"enemies":"Snake Plant","floor":29,"turns":10},{"damage":38,"enemies":"Book of Stabbing","floor":30,"turns":8},{"damage":10,"enemies":"Snake Plant","floor":31,"turns":6},{"damage":72,"enemies":"Automaton","floor":33,"turns":13},{"damage":12,"enemies":"3 Shapes","floor":35,"turns":3},{"damage":10,"enemies":"infinitespire:Three Voidlings","floor":36,"turns":3},{"damage":130,"enemies":"Nightmare_Alpha","floor":36,"turns":9}],"seed_played":"4674903362493961062","potions_obtained":[{"floor":1,"key":"SmokeBomb"},{"floor":5,"key":"Languid Potion"},{"floor":6,"key":"FearPotion"},{"floor":10,"key":"ColorlessPotion"},{"floor":13,"key":"Explosive Potion"},{"floor":14,"key":"CultistPotion"},{"floor":16,"key":"FearPotion"},{"floor":18,"key":"Regen Potion"},{"floor":23,"key":"SpeedPotion"},{"floor":26,"key":"SteroidPotion"},{"floor":29,"key":"ColorlessPotion"},{"floor":30,"key":"BlessingOfTheForge"},{"floor":31,"key":"infinitespire:BlackPotion"},{"floor":33,"key":"SpeedPotion"}],"is_trial":false,"path_per_floor":["M","?","?","M","M","E","?","$","T","M","R","?","E","M","R","B",null,"M","?","M","?","?","E","?","T","MIM","M","M","MIM","E","M","R","B",null,"M","?"],"character_chosen":"HORNYDRAGON","items_purchased":[],"campfire_rested":2,"item_purchase_floors":[],"current_hp_per_floor":[87,87,87,84,84,2,2,2,2,4,30,33,9,7,34,32,90,67,67,71,71,71,83,75,75,90,90,90,68,64,90,92,72,92,92,0,0],"gold":684,"neow_bonus":"NOSTALGIA","is_daily":false,"chose_seed":false,"campfire_upgraded":0,"win_rate":0.0,"timestamp":1607710889,"path_taken":["M","?","?","M","?","E","?","$","T","M","R","?","E","M","R","BOSS","M","?","M","?","?","E","?","?","MIM","?","M","?","E","?","R","BOSS","M","?"],"items_purchased_type":[],"build_version":"2020-11-30","purchased_purges":0,"victory":false,"max_hp_per_floor":[87,87,87,87,87,87,87,87,87,87,87,90,90,90,90,90,90,90,90,90,90,90,90,90,90,90,90,90,90,90,90,92,92,92,92,92,92],"card_choices":[{"not_picked":["Dagger Throw","BreakDrink"],"picked":"DrumStick","floor":1},{"not_picked":["BunnyJump","SashWhip"],"picked":"Caffeine","floor":4},{"not_picked":["ThrowBottle","ThirdEye"],"picked":"Wtf","floor":5},{"not_picked":["BirdAttack","BunnyJump"],"picked":"Scp500","floor":6},{"not_picked":["Crescendo","Dagger Throw"],"picked":"Ahahah","floor":10},{"not_picked":["SashWhip","Fly"],"picked":"Well Laid Plans","floor":13},{"not_picked":["Scp500","Distracted"],"picked":"Beer","floor":14},{"not_picked":["GetAlcoholism","Die Die Die"],"picked":"GasterBlaster","floor":16},{"not_picked":["BirdAttack","Pigeon","Guppy"],"picked":"SKIP","floor":18},{"not_picked":["BottleAttack","Scp261"],"picked":"PowerGlove","floor":20},{"not_picked":["Trumpet","Fbi"],"picked":"DrunkardWalk+1","floor":21},{"not_picked":["Wtf","Conch"],"picked":"BloodyMary+1","floor":21},{"not_picked":["Beer","HeadDefend+1"],"picked":"Weed+1","floor":21},{"not_picked":["Fury","Noodle"],"picked":"BloodyMary","floor":23},{"not_picked":["Sadman570","CrazyDrinking+1"],"picked":"BloodyMary","floor":24},{"not_picked":["Negative_Energy_Javelin","HollowMod:DescendingDark+1","mysticmod:Riposte"],"picked":"SKIP","floor":27},{"not_picked":["beaked:CursingBlood+1","HollowMod:ChannelNail","beaked:WarriorSpirit"],"picked":"SKIP","floor":28},{"not_picked":["beaked:Brace","Shade:BoneShards+1"],"picked":"construct:SaveState+1","floor":29},{"not_picked":["hermit:Vantage","AdministrixMod:Untouchable"],"picked":"HandsUpC","floor":30},{"not_picked":["Conserve Battery","stsjorbsmod:WeightOfMemory"],"picked":"GetToilet+1","floor":31},{"not_picked":["HollowMod:AwokenDreamNail","beaked:DarkPact"],"picked":"Panache+1","floor":33},{"not_picked":["Ie6","GetWldd"],"picked":"Vomiting","floor":34},{"not_picked":["blackbeard:IntimidatingStrike","stsjorbsmod:CoupDeGrace"],"picked":"blackbeard:Cutlass","floor":34},{"not_picked":["ReplayTheSpireMod:Uncanny Aura","Survey Options"],"picked":"Impatience","floor":34},{"not_picked":["infinitespire:SevenWalls","infinitespire:Starlight"],"picked":"ReplayTheSpireMod:Black Plague","floor":34},{"not_picked":["HandsUpC","Death Explode+1","DireShriek"],"picked":"SKIP","floor":35}],"player_experience":197289,"relics_obtained":[{"floor":2,"key":"Dream Catcher"},{"floor":6,"key":"Happy Flower"},{"floor":9,"key":"White Beast Statue"},{"floor":13,"key":"Mercury Hourglass"},{"floor":23,"key":"Tiny Chest"},{"floor":24,"key":"PrismaticShard"},{"floor":26,"key":"infinitespire:BottledMercury"},{"floor":29,"key":"Frozen Egg 2"},{"floor":30,"key":"Replay:Kaleidoscope"}],"event_choices":[{"damage_healed":0,"gold_gain":0,"player_choice":"Ignored","damage_taken":0,"max_hp_gain":0,"max_hp_loss":0,"event_name":"betterNote:BetterNote","floor":3,"gold_loss":0,"cards_obtained":["Armaments"]},{"damage_healed":0,"gold_gain":0,"player_choice":"Fought Mushrooms","damage_taken":0,"max_hp_gain":0,"max_hp_loss":0,"event_name":"Mushrooms","floor":7,"gold_loss":0}],"is_beta":false,"boss_relics":[{"not_picked":["conspire:RunicOctahedron","CCEMRelics:TransientCore"],"picked":"Astrolabe"},{"not_picked":["Replay:Drink Me","conspire:SeveredTorchhead"],"picked":"ReplayTheSpireMod:SealedPack"}],"items_purged_floors":[],"is_endless":false,"potions_floor_spawned":[1,5,6,10,13,14,16,18,20,23,26,27,28,29,30,31,33,35,36],"killed_by":"Nightmare_Alpha","ascension_level":0}}