{"host":"j9kxs091fhjybap3","time":1607688118,"event":{"mods":["Act Like it!","BaseMod","Hallownest","Hermit","Jorbs\u0027s Wanderer Trilogy","Lobotomy","Minty Spire (QoL Compilation)","Replay The Spire","StSLib","The Bug Knight","The Cursed","The Hierophant"],"gold_per_floor":[112,112,125,141,158,158,173,173,173,173,185,196,196,209,209,306,306,306],"floor_reached":17,"playtime":1487,"items_purged":[],"score":151,"play_id":"5fde0f22-b0c4-4761-8e74-cb86730772d0","local_time":"20201211070158","is_ascension_mode":false,"campfire_choices":[{"floor":6,"key":"REST"},{"data":"hermit:Snapshot","floor":10,"key":"SMITH"},{"floor":13,"key":"REST"},{"floor":15,"key":"REST"}],"circlet_count":0,"master_deck":["hermit:Strike_Hermit","hermit:Strike_Hermit","hermit:Strike_Hermit","hermit:Strike_Hermit","hermit:Defend_Hermit","hermit:Defend_Hermit","hermit:Defend_Hermit","hermit:Defend_Hermit","hermit:Snapshot+1","hermit:Covet","hermit:FatalDesire","hermit:Coalescence","hermit:ShadowCloak","hermit:Combo+1","hermit:Deadeye","hermit:Misfire","hermit:Glare","hermit:ShadowCloak","hermit:RoundhouseKick"],"relics":["hermit:Momento","Hallownest:DreamNailRelic","Vajra","Honey Jar"],"acts_visited":["Hallownest:Greenpath","Hallownest:CityofTears"],"potions_floor_usage":[12,12,16,16],"damage_taken":[{"damage":9,"enemies":"Hallownest:2_Tiktiks_and_1_Crawlid","floor":1,"turns":6},{"damage":5,"enemies":"Hallownest:2_MossCreeps","floor":3,"turns":8},{"damage":0,"enemies":"Hallownest:monsterHuskWarrior","floor":4,"turns":5},{"damage":23,"enemies":"Hallownest:MossCreep_and_Mosskin","floor":5,"turns":7},{"damage":7,"enemies":"Hallownest:monsterAspidMother","floor":7,"turns":8},{"damage":6,"enemies":"Hallownest:Wandering_and_Horned","floor":11,"turns":6},{"damage":4,"enemies":"Hallownest:1_Baldur_1_Crawlid_1_Warrior","floor":12,"turns":4},{"damage":28,"enemies":"Hallownest:2_Tiktiks_1_Baldur_1_Crawlid","floor":14,"turns":6},{"damage":33,"enemies":"Hallownest:BossBrokenVessel","floor":16,"turns":12}],"seed_played":"1912931476518053915","potions_obtained":[{"floor":4,"key":"Reflective Coating"},{"floor":5,"key":"Toxic Potion"},{"floor":7,"key":"BlessingOfTheForge"},{"floor":14,"key":"SkillPotion"},{"floor":16,"key":"Fire Potion"}],"is_trial":false,"path_per_floor":["M","?","M","M","M","R","M","?","T","R","M","M","R","M","R","B",null],"character_chosen":"HERMIT","items_purchased":[],"campfire_rested":3,"item_purchase_floors":[],"current_hp_per_floor":[66,66,61,61,38,60,53,53,53,53,47,43,65,37,59,26,75,75],"gold":306,"neow_bonus":"ONE_RANDOM_RARE_CARD","is_daily":false,"chose_seed":false,"campfire_upgraded":1,"win_rate":0.0,"timestamp":1607688118,"path_taken":["M","?","?","M","M","R","M","?","T","R","M","M","R","M","R","BOSS"],"items_purchased_type":[],"build_version":"2020-11-30","purchased_purges":0,"victory":false,"max_hp_per_floor":[75,75,75,75,75,75,75,75,75,75,75,75,75,75,75,75,75,75],"card_choices":[{"not_picked":["hermit:Virtue","hermit:Midnight"],"picked":"hermit:Coalescence","floor":1},{"not_picked":["hermit:Ricochet","hermit:DeadMansHand"],"picked":"hermit:ShadowCloak","floor":3},{"not_picked":["hermit:Feint","hermit:WideOpen"],"picked":"hermit:Combo","floor":4},{"not_picked":["hermit:PistolWhip","hermit:Roulette"],"picked":"hermit:Deadeye","floor":5},{"not_picked":["hermit:TakeCover","hermit:BodyArmor"],"picked":"hermit:Misfire","floor":7},{"not_picked":["hermit:FromBeyond","hermit:TrackingShot"],"picked":"hermit:Glare","floor":11},{"not_picked":["hermit:FullyLoaded","hermit:WideOpen","hermit:Ricochet"],"picked":"SKIP","floor":12},{"not_picked":["hermit:Quickdraw","hermit:Purgatory"],"picked":"hermit:ShadowCloak","floor":14},{"not_picked":["hermit:FromBeyond","hermit:Dissolve"],"picked":"hermit:RoundhouseKick","floor":16}],"player_experience":854174,"relics_obtained":[{"floor":9,"key":"Vajra"}],"event_choices":[],"is_beta":false,"boss_relics":[{"not_picked":["Coffee Dripper","ReplayTheSpireMod:DimensionalGlitch"],"picked":"Honey Jar"}],"items_purged_floors":[],"is_endless":false,"potions_floor_spawned":[4,5,7,11,14,16],"ascension_level":0}}