{"host":"sq65xgedotq5nei3","time":1607658944,"event":{"mods":["AchievementEnabler","BaseMod","Colored Powertips","Minty Spire (QoL Compilation)","Permanent Neow","Rare Cards Sparkle","StSLib","SuperFastMode"],"gold_per_floor":[109,34,34,54,54,54,68,103,103,103,103,123,143,168,168,168,168],"floor_reached":16,"playtime":546,"items_purged":["Defend_R"],"score":187,"play_id":"e25ce8ba-4090-47d1-bb72-d2f2bbe2351f","local_time":"20201211145544","is_ascension_mode":true,"campfire_choices":[{"data":"Shrug It Off","floor":6,"key":"SMITH"},{"data":"Dropkick","floor":11,"key":"SMITH"},{"data":"Ghostly Armor","floor":15,"key":"SMITH"}],"circlet_count":0,"master_deck":["AscendersBane","Strike_R","Strike_R","Strike_R","Strike_R","Strike_R","Defend_R","Defend_R","Defend_R","Bash","Limit Break","Shrug It Off+1","Flame Barrier+1","Dropkick+1","Ghostly Armor+1"],"relics":["Burning Blood","Red Skull","Bottled Flame","Ornamental Fan"],"acts_visited":["Exordium"],"potions_floor_usage":[12,13,14,16],"damage_taken":[{"damage":3,"enemies":"Jaw Worm","floor":1,"turns":5},{"damage":4,"enemies":"Small Slimes","floor":4,"turns":4},{"damage":6,"enemies":"Cultist","floor":7,"turns":5},{"damage":19,"enemies":"3 Sentries","floor":8,"turns":12},{"damage":4,"enemies":"Exordium Thugs","floor":12,"turns":8},{"damage":9,"enemies":"Exordium Wildlife","floor":13,"turns":6},{"damage":6,"enemies":"Lagavulin","floor":14,"turns":8},{"damage":64,"enemies":"Slime Boss","floor":16,"turns":9}],"seed_played":"-6468344799406740488","potions_obtained":[{"floor":1,"key":"Block Potion"},{"floor":7,"key":"BlessingOfTheForge"},{"floor":12,"key":"BlessingOfTheForge"},{"floor":14,"key":"ColorlessPotion"}],"is_trial":false,"path_per_floor":["M","$","?","M","?","R","M","E","T","?","R","M","M","E","R","B"],"character_chosen":"IRONCLAD","items_purchased":[],"campfire_rested":0,"item_purchase_floors":[],"current_hp_per_floor":[68,68,73,73,73,73,73,60,60,60,60,62,59,59,59,0,0],"gold":168,"neow_bonus":"THREE_RARE_CARDS","is_daily":false,"chose_seed":false,"campfire_upgraded":3,"win_rate":0.0,"timestamp":1607658944,"path_taken":["M","$","?","M","?","R","M","E","T","?","R","M","M","E","R","BOSS"],"items_purchased_type":[],"build_version":"2020-11-30","purchased_purges":1,"victory":false,"max_hp_per_floor":[68,68,73,73,73,73,73,73,73,73,73,73,73,73,73,73,73],"card_choices":[{"not_picked":["Brutality","Demon Form"],"picked":"Limit Break","floor":0},{"not_picked":["Uppercut","Heavy Blade"],"picked":"Shrug It Off","floor":1},{"not_picked":["Cleave","Disarm"],"picked":"Flame Barrier","floor":4},{"not_picked":["Blood for Blood","Havoc","Clothesline"],"picked":"SKIP","floor":7},{"not_picked":["Twin Strike","Bloodletting"],"picked":"Dropkick","floor":8},{"not_picked":["Inflame","Armaments"],"picked":"Ghostly Armor","floor":12},{"not_picked":["Shrug It Off","Iron Wave","Havoc"],"picked":"SKIP","floor":13},{"not_picked":["Sentinel","Pummel","Armaments"],"picked":"SKIP","floor":14}],"player_experience":746409,"relics_obtained":[{"floor":8,"key":"Red Skull"},{"floor":9,"key":"Bottled Flame"},{"floor":14,"key":"Ornamental Fan"}],"event_choices":[{"damage_healed":0,"gold_gain":0,"player_choice":"Donut","damage_taken":0,"max_hp_gain":5,"max_hp_loss":0,"event_name":"Big Fish","floor":3,"gold_loss":0},{"damage_healed":0,"gold_gain":0,"player_choice":"Grow","damage_taken":0,"max_hp_gain":0,"max_hp_loss":0,"event_name":"Living Wall","floor":5,"gold_loss":0,"cards_upgraded":["Flame Barrier"]},{"damage_healed":0,"gold_gain":0,"player_choice":"0 cards matched","damage_taken":0,"max_hp_gain":0,"max_hp_loss":0,"event_name":"Match and Keep!","floor":10,"gold_loss":0,"cards_obtained":[]}],"is_beta":false,"boss_relics":[],"items_purged_floors":[2],"is_endless":false,"potions_floor_spawned":[1,7,12,14],"killed_by":"Slime Boss","ascension_level":14}}