{"host":"sabve5zmqufxyc5o","time":1607670121,"event":{"mods":["2.2 Compatiblity","AchievementEnabler","Act Like it!","BaseMod","Block Reminder","Colored Map","Colored Powertips","DeckTracker","KOR Keyword Fix","Keyboard Shortcuts","Minty Spire (QoL Compilation)","Quick Restart","Rare Cards Sparkle","Relic Stats","StSLib","SuperFastMode"],"gold_per_floor":[112,128,141,66,66,66,16,49,49,65,78,94,94,94,94,94,94],"floor_reached":16,"playtime":203,"items_purged":[],"score":194,"play_id":"8cd01a6e-301b-4a9b-9852-aef56649e9e0","local_time":"20201211160201","is_ascension_mode":true,"campfire_choices":[{"data":"Dualcast","floor":6.0,"key":"SMITH"},{"floor":13,"key":"REST"},{"data":"Blizzard","floor":15,"key":"SMITH"}],"circlet_count":0,"master_deck":["AscendersBane","Strike_B","Strike_B","Defend_B","Defend_B","Defend_B","Defend_B","Zap","Dualcast+1","Beam Cell","Cold Snap","Self Repair","Go for the Eyes","Biased Cognition","Loop+1","Blizzard+1","Gash"],"relics":["Cracked Core","NeowsBlessing","Ice Cream","Blue Candle"],"acts_visited":["Exordium"],"potions_floor_usage":[12,12,16],"damage_taken":[{"damage":0.0,"enemies":"Cultist","floor":1.0,"turns":1.0},{"damage":0.0,"enemies":"Jaw Worm","floor":2.0,"turns":1.0},{"damage":0.0,"enemies":"Small Slimes","floor":3.0,"turns":1.0},{"damage":54.0,"enemies":"Gremlin Nob","floor":8.0,"turns":5.0},{"damage":0,"enemies":"3 Louse","floor":10,"turns":3},{"damage":7,"enemies":"Blue Slaver","floor":11,"turns":3},{"damage":0,"enemies":"Gremlin Gang","floor":12,"turns":2},{"damage":40,"enemies":"Slime Boss","floor":16,"turns":8}],"seed_played":"-1883773831541845946","potions_obtained":[{"floor":10,"key":"AttackPotion"},{"floor":11,"key":"Explosive Potion"},{"floor":12,"key":"SkillPotion"}],"is_trial":false,"path_per_floor":["M","M","M","?","?","R","$","E","T","M","M","M","R","?","R","B"],"character_chosen":"DEFECT","items_purchased":["Go for the Eyes"],"campfire_rested":1,"item_purchase_floors":[7],"current_hp_per_floor":[64,64,64,64,57,57,57,10,10,10,10,17,38,38,38,0,0],"gold":94,"neow_bonus":"THREE_ENEMY_KILL","is_daily":false,"chose_seed":false,"campfire_upgraded":2,"win_rate":0.0,"timestamp":1607670121,"path_taken":["M","?","M","?","?","R","$","E","T","M","M","M","R","?","R","BOSS"],"items_purchased_type":["Card"],"build_version":"2020-11-30","purchased_purges":0,"victory":false,"max_hp_per_floor":[71,71,71,71,71,71,71,71,71,71,71,71,71,71,71,71,71],"relic_stats":{"counters":[8,24],"Blue Candle":[0],"obtain_stats":[{"Ice Cream":8,"NeowsBlessing":0,"Blue Candle":9,"Cracked Core":0},{"Ice Cream":4,"NeowsBlessing":0,"Blue Candle":4,"Cracked Core":0},{"Ice Cream":8,"NeowsBlessing":0,"Blue Candle":8,"Cracked Core":0}]},"card_choices":[{"not_picked":["Go for the Eyes","Turbo"],"picked":"Beam Cell","floor":1.0},{"not_picked":["Streamline","Melter"],"picked":"Cold Snap","floor":2.0},{"not_picked":["Beam Cell","Barrage"],"picked":"Self Repair","floor":3.0},{"not_picked":["Leap","Skim"],"picked":"Biased Cognition","floor":8.0},{"not_picked":["Beam Cell","Skim"],"picked":"Loop","floor":10},{"not_picked":["Hello World","Barrage"],"picked":"Blizzard","floor":11},{"not_picked":["Recycle","Auto Shields"],"picked":"Gash","floor":12}],"player_experience":752332,"relics_obtained":[{"floor":8.0,"key":"Ice Cream"},{"floor":9.0,"key":"Blue Candle"}],"event_choices":[{"cards_removed":["Strike_B"],"damage_healed":0.0,"max_hp_gain":0.0,"max_hp_loss":0.0,"gold_gain":0.0,"event_name":"The Cleric","player_choice":"Card Removal","floor":4.0,"gold_loss":75.0,"damage_taken":0.0},{"cards_removed":["Strike_B"],"damage_healed":0.0,"max_hp_gain":0.0,"max_hp_loss":0.0,"gold_gain":0.0,"event_name":"Golden Wing","player_choice":"Card Removal","floor":5.0,"gold_loss":0.0,"damage_taken":7.0},{"damage_healed":0,"gold_gain":0,"player_choice":"Grow","damage_taken":0,"max_hp_gain":0,"max_hp_loss":0,"event_name":"Living Wall","floor":14,"gold_loss":0,"cards_upgraded":["Loop"]}],"is_beta":false,"boss_relics":[],"items_purged_floors":[],"is_endless":false,"potions_floor_spawned":[10,11,12],"killed_by":"Slime Boss","ascension_level":18}}