{"host":"i2z4n8754xwu57nm","time":1607679029,"event":{"mods":["BaseMod","Minty Spire (QoL Compilation)"],"gold_per_floor":[117,117,132,143,23,23,55,68,68,88,88,88],"floor_reached":11,"playtime":543,"items_purged":[],"score":146,"play_id":"846ce4a1-0f85-45af-9695-a4726ddb0a0c","local_time":"20201211183029","is_ascension_mode":true,"campfire_choices":[{"data":"Defragment","floor":6.0,"key":"SMITH"}],"circlet_count":0,"master_deck":["AscendersBane","Strike_B","Strike_B","Strike_B","Strike_B","Defend_B","Defend_B","Defend_B","Defend_B","Zap","Dualcast","Darkness","Defragment+1","Reboot","Sweeping Beam","Coolheaded","Defragment","Skim","Redo","Steam","Chaos"],"relics":["Cracked Core","Happy Flower","Darkstone Periapt"],"acts_visited":["Exordium"],"potions_floor_usage":[10],"damage_taken":[{"damage":0.0,"enemies":"Small Slimes","floor":1.0,"turns":2.0},{"damage":1.0,"enemies":"Cultist","floor":3.0,"turns":3.0},{"damage":1.0,"enemies":"2 Louse","floor":4.0,"turns":4.0},{"damage":3.0,"enemies":"Gremlin Nob","floor":7.0,"turns":3.0},{"damage":17.0,"enemies":"Exordium Wildlife","floor":8.0,"turns":4.0},{"damage":36,"enemies":"Exordium Thugs","floor":10,"turns":5},{"damage":15,"enemies":"Lagavulin","floor":11,"turns":4}],"seed_played":"1324195399026155669","potions_obtained":[{"floor":1.0,"key":"AttackPotion"},{"floor":4.0,"key":"Weak Potion"},{"floor":8.0,"key":"CultistPotion"}],"is_trial":false,"path_per_floor":["M","?","M","M","$","R","E","M","T","M","E"],"character_chosen":"DEFECT","items_purchased":["Defragment","Skim"],"campfire_rested":0,"item_purchase_floors":[5,5],"current_hp_per_floor":[71,71,70,69,69,69,66,49,49,13,0,0],"gold":88,"neow_bonus":"TEN_PERCENT_HP_BONUS","is_daily":false,"chose_seed":false,"campfire_upgraded":1,"win_rate":0.0,"timestamp":1607679029,"path_taken":["M","?","?","M","$","R","E","?","T","M","E"],"items_purchased_type":["Card","Card"],"build_version":"2020-11-30","purchased_purges":0,"victory":false,"max_hp_per_floor":[78,78,78,78,78,78,78,78,78,78,78,78],"card_choices":[{"not_picked":["Conserve Battery","Doom and Gloom"],"picked":"Darkness","floor":1.0},{"not_picked":["Streamline","Go for the Eyes"],"picked":"Sweeping Beam","floor":3.0},{"not_picked":["Redo","Stack"],"picked":"Coolheaded","floor":4.0},{"not_picked":["Reinforced Body","Tempest"],"picked":"Redo","floor":7.0},{"not_picked":["Steam","Heatsinks","Rip and Tear"],"picked":"SKIP","floor":8.0},{"not_picked":["Heatsinks","Rip and Tear"],"picked":"Steam","floor":8.0},{"not_picked":["Conserve Battery","Static Discharge"],"picked":"Chaos","floor":10}],"player_experience":922101,"relics_obtained":[{"floor":7.0,"key":"Happy Flower"},{"floor":9.0,"key":"Darkstone Periapt"}],"event_choices":[{"damage_healed":0.0,"max_hp_gain":0.0,"max_hp_loss":0.0,"gold_gain":0.0,"event_name":"Match and Keep!","player_choice":"2 cards matched","floor":2.0,"gold_loss":0.0,"damage_taken":0.0,"cards_obtained":["Defragment","Reboot"]}],"is_beta":false,"boss_relics":[],"items_purged_floors":[],"is_endless":false,"potions_floor_spawned":[1,4,8],"killed_by":"Lagavulin","ascension_level":19}}