{"host":"agela5aetnmltfvm","time":1607702660,"event":{"mods":["BaseMod","Colored Map","Jorbs\u0027s Wanderer Trilogy","Lobotomy","Minty Spire (QoL Compilation)","Replay The Spire","StSLib","The Hierophant","The Jungle","The Runesmith"],"gold_per_floor":[112,33,52,70,245,280,280,280,280],"floor_reached":8,"playtime":256,"items_purged":[],"score":56,"play_id":"f0f31e5a-ecfd-4f87-bfa7-8ba7a7d830c2","local_time":"20201212000420","is_ascension_mode":false,"campfire_choices":[],"circlet_count":0,"master_deck":["Runesmith:Strike_RS","Runesmith:Strike_RS","Runesmith:Strike_RS","Runesmith:Strike_RS","Runesmith:Defend_RS","Runesmith:Defend_RS","Runesmith:Defend_RS","Runesmith:Defend_RS","Runesmith:CraftFirestone","Runesmith:Fortify","Runesmith:HeatedChisel","Runesmith:Retool","Runesmith:RuneHurl","Runesmith:CraftSpiculum","Doubt","Runesmith:OneForEveryone+1"],"relics":["Runesmith:BrokenRuby","Boot","ReplayFunnel"],"acts_visited":["Exordium"],"potions_floor_usage":[],"damage_taken":[{"damage":0,"enemies":"Cultist","floor":1,"turns":4},{"damage":0,"enemies":"Small Slimes","floor":3,"turns":2},{"damage":0,"enemies":"Jaw Worm","floor":4,"turns":3},{"damage":45,"enemies":"Gremlin Nob","floor":6,"turns":5},{"damage":26,"enemies":"3 Sentries","floor":8,"turns":5}],"seed_played":"-2464953025081039855","potions_obtained":[{"floor":3,"key":"LiquidMemories"}],"is_trial":false,"path_per_floor":["M","$","M","M","?","E","?","E"],"character_chosen":"RUNESMITH_CLASS","items_purchased":["Runesmith:Retool"],"campfire_rested":0,"item_purchase_floors":[2],"current_hp_per_floor":[70,70,70,70,70,25,25,0,0],"gold":280,"neow_bonus":"RANDOM_COMMON_RELIC","is_daily":false,"chose_seed":false,"campfire_upgraded":0,"win_rate":0.0,"timestamp":1607702660,"path_taken":["M","?","M","?","?","E","?","E"],"items_purchased_type":["Card"],"build_version":"2020-11-30","purchased_purges":0,"victory":false,"max_hp_per_floor":[70,70,70,70,70,70,70,70,70],"card_choices":[{"not_picked":["Runesmith:EnergizedChisel","Runesmith:Repurpose"],"picked":"Runesmith:HeatedChisel","floor":1},{"not_picked":["Runesmith:Empowerment","Runesmith:Repurpose"],"picked":"Runesmith:RuneHurl","floor":3},{"not_picked":["Runesmith:ChargedHammer","Runesmith:ShiftingStrike"],"picked":"Runesmith:CraftSpiculum","floor":4},{"not_picked":["Runesmith:CraftProtectio","Runesmith:CraftReservo"],"picked":"Runesmith:OneForEveryone","floor":6}],"player_experience":508973,"relics_obtained":[{"floor":6,"key":"ReplayFunnel"}],"event_choices":[{"damage_healed":0,"gold_gain":175,"player_choice":"AGREE","damage_taken":0,"max_hp_gain":0,"max_hp_loss":0,"event_name":"Liars Game","floor":5,"gold_loss":0,"cards_obtained":["Doubt"]},{"damage_healed":0,"gold_gain":0,"player_choice":"Grow","damage_taken":0,"max_hp_gain":0,"max_hp_loss":0,"event_name":"Living Wall","floor":7,"gold_loss":0,"cards_upgraded":["Runesmith:OneForEveryone"]}],"is_beta":false,"boss_relics":[],"items_purged_floors":[],"is_endless":false,"potions_floor_spawned":[3],"killed_by":"3 Sentries","ascension_level":0}}