{"host":"wnbfov91sqg45vrw","time":1607658764,"event":{"mods":["BaseMod","Duelist Mod","GifTheSpireLib","Marisa????????","Minty Spire (QoL Compilation)","READ ME - Guardian Mod","Shop Mod","StSLib","The Cursed","The Jungle","The Servant 0.9.4"],"gold_per_floor":[115,115,115,133,149,149,149,149,149,149,1,33,33,47,47,149,149,167,182,62,72,72,97,97,125,125,141,141,141,20,55,55,158,158,170,181,195,209,259,289,300,333,357,357,0,0,0,19,19,19,19,19,19,45,45],"floor_reached":56,"playtime":4157,"items_purged":[],"score":1463,"play_id":"5229f5b1-da57-429f-bfa9-458b6649439c","local_time":"20201210215244","is_ascension_mode":false,"campfire_choices":[{"data":"TheCursedMod:StingEye","floor":6,"key":"SMITH"},{"data":"TheCursedMod:CleanUpWorkshop","floor":8,"key":"SMITH"},{"data":"TheCursedMod:CursedMace","floor":10,"key":"SMITH"},{"data":"TheCursedMod:OutForBlood","floor":15,"key":"SMITH"},{"data":"TheCursedMod:CollectTribute","floor":24,"key":"SMITH"},{"data":"TheCursedMod:ManaCirculation","floor":29,"key":"SMITH"},{"data":"Bandage Up","floor":32,"key":"SMITH"},{"floor":44,"key":"RECALL"},{"data":"TheCursedMod:NeowsMight","floor":47,"key":"SMITH"},{"data":"TheCursedMod:CursedWand","floor":49,"key":"SMITH"},{"data":"TheCursedMod:SmokeScreen","floor":52,"key":"SMITH"}],"circlet_count":0,"master_deck":["TheCursedMod:Strike_TheCursed","TheCursedMod:Strike_TheCursed","TheCursedMod:Strike_TheCursed","TheCursedMod:Strike_TheCursed","TheCursedMod:Defend_TheCursed+1","TheCursedMod:Defend_TheCursed","TheCursedMod:Defend_TheCursed","TheCursedMod:Defend_TheCursed","TheCursedMod:CursedWand+1","TheCursedMod:CleanUpWorkshop+1","TheCursedMod:Dregs","TheCursedMod:CursedMace+1","TheCursedMod:StingEye+1","TheCursedMod:HellfireBreathing+1","TheCursedMod:OutForBlood+1","TheCursedMod:RapidMovement","TheCursedMod:CollectTribute+1","CurseOfTheBell","TheCursedMod:SmokeScreen+1","TheCursedMod:ReleasedKnowledge","Bandage Up+1","TheCursedMod:CircleOfFlame","Shame","TheCursedMod:CircleOfAmplification","TheCursedMod:ManaCirculation+1","TheCursedMod:SpitefulPlan","TheCursedMod:FleshFromBone+1","TheCursedMod:CursedStaff","TheCursedMod:DemonicPact","TheCursedMod:CircleOfBlood+1","TheCursedMod:SpitefulPray+1","TheCursedMod:CircleOfWindfury+1","TheCursedMod:NeowsMight+1","TheCursedMod:SpreadPlague+1"],"relics":["TheCursedMod:BlackMagic101","NeowsBlessing","Kunai","FaceOfCleric","Centennial Puzzle","Nunchaku","Art of War","Calling Bell","Dead Branch","Mummified Hand","Lantern","Torii","Singing Bowl","Potion Belt","Akabeko","Ancient Tea Set","Cursed Key","FossilizedHelix","War Paint","Omamori","Red Mask","Pear"],"acts_visited":["Exordium","TheCity","TheBeyond","TheEnding"],"potions_floor_usage":[12,18,21,27,35,38,42,55],"damage_taken":[{"damage":0,"enemies":"Small Slimes","floor":1,"turns":1},{"damage":0,"enemies":"2 Louse","floor":4,"turns":1},{"damage":0,"enemies":"Cultist","floor":5,"turns":1},{"damage":1,"enemies":"Lagavulin","floor":12,"turns":5},{"damage":0,"enemies":"Large Slime","floor":14,"turns":5},{"damage":45,"enemies":"Hexaghost","floor":16,"turns":7},{"damage":15,"enemies":"Chosen","floor":18,"turns":5},{"damage":1,"enemies":"Shell Parasite","floor":19,"turns":4},{"damage":6,"enemies":"Snake Plant","floor":21,"turns":2},{"damage":11,"enemies":"Slavers","floor":23,"turns":4},{"damage":4,"enemies":"theDuelist:KaibaA2","floor":25,"turns":3},{"damage":1,"enemies":"Centurion and Healer","floor":27,"turns":4},{"damage":15,"enemies":"Slavers","floor":31,"turns":3},{"damage":18,"enemies":"Champ","floor":33,"turns":8},{"damage":2,"enemies":"3 Darklings","floor":35,"turns":5},{"damage":31,"enemies":"3 Shapes","floor":36,"turns":5},{"damage":48,"enemies":"Spire Growth","floor":37,"turns":4},{"damage":0,"enemies":"Sphere and 2 Shapes","floor":38,"turns":3},{"damage":9,"enemies":"Mind Bloom Boss Battle","floor":39,"turns":5},{"damage":0,"enemies":"Reptomancer","floor":40,"turns":5},{"damage":0,"enemies":"Writhing Mass","floor":41,"turns":2},{"damage":27,"enemies":"Nemesis","floor":42,"turns":6},{"damage":0,"enemies":"4 Shapes","floor":48,"turns":2},{"damage":0,"enemies":"Donu and Deca","floor":50,"turns":5},{"damage":1,"enemies":"Shield and Spear","floor":54,"turns":3},{"damage":56,"enemies":"The Heart","floor":55,"turns":5}],"seed_played":"1203616733668420032","potions_obtained":[{"floor":1,"key":"SkillPotion"},{"floor":16,"key":"ColorlessPotion"},{"floor":19,"key":"SkillPotion"},{"floor":23,"key":"Swift Potion"},{"floor":33,"key":"SkillPotion"},{"floor":36,"key":"Ancient Potion"},{"floor":37,"key":"SneckoOil"},{"floor":40,"key":"Weak Potion"},{"floor":54,"key":"SneckoOil"}],"is_trial":false,"path_per_floor":["M","?","?","M","M","R","?","R","T","R","$","E","$","M","R","B",null,"M","M","$","M","?","E","R","E","T","M","?","R","$","E","R","B",null,"M","M","M","M","?","E","M","E","T","R","?","$","R","M","R","B",null,"R","$","E","B",null],"character_chosen":"THE_CURSED","items_purchased":["Nunchaku","TheCursedMod:ReleasedKnowledge","Bandage Up","TheCursedMod:SpitefulPlan","TheCursedMod:FleshFromBone"],"campfire_rested":0,"item_purchase_floors":[11,20,20,30,30],"current_hp_per_floor":[75,72,72,73,74,74,74,74,74,74,74,74,74,75,75,31,80,66,66,66,65,65,59,59,62,62,66,66,66,66,56,56,45,90,89,69,36,69,75,94,103,77,77,77,77,77,77,80,80,99,108,108,108,120,75],"gold":45,"neow_bonus":"THREE_ENEMY_KILL","is_daily":false,"chose_seed":false,"campfire_upgraded":10,"win_rate":0.0,"timestamp":1607658764,"path_taken":["M","?","?","?","M","R","?","R","T","R","$","E","?","?","R","BOSS","M","M","?","M","?","E","R","E","T","M","?","R","$","E","R","BOSS","M","?","?","M","?","E","M","E","T","R","?","?","R","M","R","BOSS","R","$","E","BOSS"],"items_purchased_type":["Relic","Card","Card","Card","Card"],"build_version":"2020-11-30","purchased_purges":0,"victory":true,"max_hp_per_floor":[75,75,75,76,77,77,77,77,77,77,77,78,78,79,79,80,80,81,82,82,83,83,84,84,87,87,88,88,88,88,89,89,90,90,91,94,95,98,99,100,103,104,104,104,104,104,104,107,107,108,108,108,108,121,122],"card_choices":[{"not_picked":["TheCursedMod:Mangle","TheCursedMod:SmokeScreen"],"picked":"TheCursedMod:CursedMace","floor":1},{"not_picked":["TheCursedMod:RapidMovement","TheCursedMod:RavingStaff"],"picked":"TheCursedMod:StingEye","floor":4},{"not_picked":["TheCursedMod:Obscuration","TheCursedMod:CircleOfFlame"],"picked":"TheCursedMod:HellfireBreathing","floor":5},{"not_picked":["TheCursedMod:ReleasedKnowledge","TheCursedMod:CircleOfFlame"],"picked":"TheCursedMod:OutForBlood","floor":12},{"not_picked":["TheCursedMod:CircleOfAmplification","TheCursedMod:CursedBlade"],"picked":"TheCursedMod:RapidMovement","floor":14},{"not_picked":["TheCursedMod:ManaCirculation","TheCursedMod:DemonicPact"],"picked":"TheCursedMod:CollectTribute","floor":16},{"not_picked":["TheCursedMod:CursedShiv","TheCursedMod:CursedMace","TheCursedMod:CircleOfCorruption"],"picked":"SKIP","floor":18},{"not_picked":["TheCursedMod:Stretching","TheCursedMod:CursedSpellbook"],"picked":"TheCursedMod:SmokeScreen","floor":19},{"not_picked":["TheCursedMod:CircleOfFocus","TheCursedMod:CursedBlade"],"picked":"TheCursedMod:CircleOfFlame","floor":21},{"not_picked":["TheCursedMod:BlessingInDisguise","TheCursedMod:FuryStrike"],"picked":"TheCursedMod:CircleOfAmplification","floor":23},{"not_picked":["TheCursedMod:SpreadPlague","TheCursedMod:SoulCrush","TheCursedMod:CircleOfCorruption+1"],"picked":"Singing Bowl","floor":25},{"not_picked":["TheCursedMod:TacticalStrike","TheCursedMod:DoubleShield"],"picked":"TheCursedMod:ManaCirculation","floor":27},{"not_picked":["TheCursedMod:RapidMovement+1","TheCursedMod:Grudge"],"picked":"TheCursedMod:CursedStaff","floor":31},{"not_picked":["TheCursedMod:AntiAging","TheCursedMod:CollectTribute"],"picked":"TheCursedMod:DemonicPact","floor":33},{"not_picked":["TheCursedMod:SmokeScreen","TheCursedMod:CursedMace+1"],"picked":"TheCursedMod:CircleOfBlood+1","floor":35},{"not_picked":["TheCursedMod:CircleOfBlood+1","TheCursedMod:CircleOfFlame+1","TheCursedMod:Torture"],"picked":"Singing Bowl","floor":36},{"not_picked":["TheCursedMod:Stretching","TheCursedMod:AshesToAshes+1"],"picked":"TheCursedMod:SpitefulPray+1","floor":37},{"not_picked":["TheCursedMod:Grudge+1","TheCursedMod:SmokeScreen+1","TheCursedMod:CircleOfFlame+1"],"picked":"Singing Bowl","floor":38},{"not_picked":["TheCursedMod:ReleasedKnowledge","TheCursedMod:CircleOfCorruption"],"picked":"TheCursedMod:CircleOfWindfury+1","floor":39},{"not_picked":["TheCursedMod:ReleasedStrength+1","TheCursedMod:CursedArmor+1"],"picked":"TheCursedMod:NeowsMight","floor":40},{"not_picked":["TheCursedMod:FleshFromBone","TheCursedMod:CircleOfBlood","TheCursedMod:SurpriseAttack+1"],"picked":"Singing Bowl","floor":41},{"not_picked":["TheCursedMod:RapidMovement+1","TheCursedMod:Torture"],"picked":"TheCursedMod:SpreadPlague+1","floor":42},{"not_picked":["TheCursedMod:Stigma+1","TheCursedMod:Obscuration","TheCursedMod:SpitefulPlan+1"],"picked":"Singing Bowl","floor":48},{"not_picked":["TheCursedMod:CursedAmulet+1","TheCursedMod:Stretching+1","TheCursedMod:StingEye+1"],"picked":"Singing Bowl","floor":54}],"player_experience":1721748,"relics_obtained":[{"floor":9,"key":"Centennial Puzzle"},{"floor":12,"key":"Art of War"},{"floor":17,"key":"Dead Branch"},{"floor":17,"key":"Mummified Hand"},{"floor":17,"key":"Lantern"},{"floor":23,"key":"Singing Bowl"},{"floor":25,"key":"Potion Belt"},{"floor":26,"key":"Akabeko"},{"floor":31,"key":"Ancient Tea Set"},{"floor":39,"key":"FossilizedHelix"},{"floor":40,"key":"War Paint"},{"floor":42,"key":"Omamori"},{"floor":54,"key":"Pear"}],"event_choices":[{"damage_healed":0,"gold_gain":0,"player_choice":"Success","damage_taken":3,"relics_obtained":["Kunai"],"max_hp_gain":0,"max_hp_loss":0,"event_name":"Scrap Ooze","floor":2,"gold_loss":0},{"damage_healed":0,"gold_gain":0,"player_choice":"Trade","damage_taken":0,"relics_obtained":["FaceOfCleric"],"max_hp_gain":0,"max_hp_loss":0,"event_name":"FaceTrader","floor":3,"gold_loss":0},{"damage_healed":0,"gold_gain":0,"player_choice":"Upgraded","damage_taken":0,"max_hp_gain":0,"max_hp_loss":0,"event_name":"Upgrade Shrine","floor":7,"gold_loss":0,"cards_upgraded":["TheCursedMod:HellfireBreathing"]},{"damage_healed":0,"gold_gain":0,"player_choice":"Stole Relic","damage_taken":0,"relics_obtained":["Torii"],"max_hp_gain":0,"max_hp_loss":0,"event_name":"Addict","floor":22,"gold_loss":0,"cards_obtained":["Shame"]},{"damage_healed":0,"gold_gain":0,"player_choice":"Ignored","damage_taken":0,"max_hp_gain":0,"max_hp_loss":0,"event_name":"NoteForYourself","floor":28,"gold_loss":0},{"damage_healed":0,"gold_gain":0,"player_choice":"Fight","damage_taken":0,"max_hp_gain":0,"max_hp_loss":0,"event_name":"MindBloom","floor":39,"gold_loss":0},{"damage_healed":0,"gold_gain":0,"player_choice":"Paid","damage_taken":0,"relics_obtained":["Red Mask"],"max_hp_gain":0,"max_hp_loss":0,"event_name":"Tomb of Lord Red Mask","floor":45,"gold_loss":357}],"is_beta":false,"boss_relics":[{"not_picked":["Velvet Choker","Busted Crown"],"picked":"Calling Bell"},{"not_picked":["Empty Cage","Snecko Eye"],"picked":"Cursed Key"}],"items_purged_floors":[],"is_endless":false,"potions_floor_spawned":[1,16,19,23,33,36,37,40,54],"ascension_level":0}}