{"host":"agga6lej02o7kt08","time":1607701928,"event":{"mods":["Arknights The Spire","Aspiration","BaseMod","Better Third Choice","Colored Map","Colored Powertips","Hermit","Hubris","Infinite Spire","Koishi","Marisa£¨Ùöéë¡¡Øª×âÞÞ£©","Minty Spire (QoL Compilation)","Reimu£¨ÚÏ???£©","Replay The Spire","Spicy Shops","StSLib","¡¼?Úª?ø«¡½REMEMod"],"gold_per_floor":[115,33,51,67,84,84,115,115,187,187,199,217,231,261,261,359,359,377,152,422,439,452,484,497,530,554,587,587,598,611,611,611,707,707,726,777,777,777,777,806,806,831,831,831,842,842,842,867,867,867,867,867,237,270,270],"floor_reached":56,"playtime":3568,"items_purged":["ats:Defend Up","ats:Defend Up","ats:Powerful Strike","Parasite"],"score":2370,"play_id":"6a93e221-d7a5-471e-9f07-dba40314e8a8","local_time":"20201212005208","is_ascension_mode":true,"campfire_choices":[{"data":"ats:Emotion Absorption","floor":6,"key":"SMITH"},{"data":"ats:Emotion Absorption","floor":8,"key":"SMITH"},{"data":"ats:Hook Shot","floor":15,"key":"SMITH"},{"data":"ats:Soul Absorption","floor":28,"key":"SMITH"},{"data":"1","floor":32,"key":"LIFT"},{"data":"2","floor":44,"key":"LIFT"},{"floor":49,"key":"RECALL"},{"data":"3","floor":52,"key":"LIFT"}],"circlet_count":0,"master_deck":["AscendersBane","ats:Powerful Strike","ats:Armor Crushing Shot","ats:Defend Up","ats:Emotion Absorption+1","ats:Emotion Absorption+1","ats:Automatic Cover","ats:Hook Shot+1","ats:Soul Absorption+1","ats:Thorns","ats:Wolf Pack","ats:Neurotoxin","ats:Charging Defense","ats:Overload","infinitespire:Collect","ats:Poison Spread+1","Madness","Madness","ats:Thorns+1","ReplayTheSpireMod:Brewmster","Replay:BasicMightCard","REME_FirmDetermination"],"relics":["ats:Sanity","REME_ComplimentaryCards","Girya","Centennial Puzzle","Mercury Hourglass","aspiration:FrozenJewel","Runic Dome","ats:Arts","Potion Belt","PreservedInsect","hubris:ToyBattleship","Art of War","Vajra","Empty Cage","TungstenRod","Counterbalance","Blood Vial","hubris:Towel","Replay:Rubber Ducky","Incense Burner","Oddly Smooth Stone","ReplayTheSpireMod:ShopPack","aspiration:VileToxins","infinitespire:Bottled Soul"],"acts_visited":["Exordium","TheCity","TheBeyond","TheEnding"],"potions_floor_usage":[7,7,23,23,25,35,54,55,55,55,55,55,55,55,55,55,55,55,55,55],"damage_taken":[{"damage":0,"enemies":"Cultist","floor":1,"turns":4},{"damage":0,"enemies":"Small Slimes","floor":3,"turns":4},{"damage":2,"enemies":"Jaw Worm","floor":4,"turns":5},{"damage":0,"enemies":"2 Fungi Beasts","floor":5,"turns":3},{"damage":12,"enemies":"Lagavulin","floor":7,"turns":16},{"damage":0,"enemies":"3 Louse","floor":11,"turns":3},{"damage":0,"enemies":"Exordium Wildlife","floor":12,"turns":3},{"damage":0,"enemies":"Large Slime","floor":13,"turns":6},{"damage":0,"enemies":"3 Sentries","floor":14,"turns":7},{"damage":21,"enemies":"Fading Forest","floor":16,"turns":11},{"damage":2,"enemies":"Spheric Guardian","floor":18,"turns":4},{"damage":0,"enemies":"Chosen","floor":21,"turns":5},{"damage":6,"enemies":"Centurion and Healer","floor":22,"turns":5},{"damage":0,"enemies":"Gremlin Leader","floor":23,"turns":9},{"damage":4,"enemies":"Chosen and Byrds","floor":24,"turns":5},{"damage":0,"enemies":"Book of Stabbing","floor":25,"turns":5},{"damage":4,"enemies":"Nightmare","floor":27,"turns":7},{"damage":0,"enemies":"Snake Plant","floor":29,"turns":5},{"damage":0,"enemies":"Cultist and Chosen","floor":30,"turns":6},{"damage":0,"enemies":"Champ","floor":33,"turns":7},{"damage":0,"enemies":"3 Darklings","floor":35,"turns":4},{"damage":0,"enemies":"2 Orb Walkers","floor":36,"turns":3},{"damage":0,"enemies":"R_Hoarder","floor":40,"turns":5},{"damage":0,"enemies":"Reptomancer","floor":42,"turns":5},{"damage":0,"enemies":"Orb Walker","floor":45,"turns":3},{"damage":0,"enemies":"Nightmare","floor":48,"turns":4},{"damage":0,"enemies":"hubris:GrandSnecko","floor":50,"turns":1},{"damage":12,"enemies":"Shield and Spear","floor":54,"turns":4},{"damage":0,"enemies":"The Heart","floor":55,"turns":9}],"seed_played":"-6022830887510743307","potions_obtained":[{"floor":1,"key":"Dexterity Potion"},{"floor":3,"key":"SkillPotion"},{"floor":11,"key":"Venom Potion"},{"floor":21,"key":"SteroidPotion"},{"floor":22,"key":"Dexterity Potion"},{"floor":24,"key":"GrandPatriotsElixir:ReiMu"},{"floor":25,"key":"Explosive Potion"},{"floor":29,"key":"Reflective Coating"},{"floor":40,"key":"GrandPatriotsElixir:ReiMu"},{"floor":42,"key":"SpeedPotion"},{"floor":54,"key":"PowerPotion"}],"is_trial":false,"path_per_floor":["M","$","M","M","M","R","E","R","T","?","M","M","M","E","R","B",null,"M","$","?","M","M","E","M","E","T","NM","R","M","M","AVR","R","B",null,"M","?","?","?","AVR","E","?","E","T","R","M","?","?","NM","R","B",null,"R","$","E","B",null],"character_chosen":"DOCTOR_CLASS","items_purchased":["Girya","ats:Arts","ReplayTheSpireMod:Brewmster","Oddly Smooth Stone","ReplayTheSpireMod:ShopPack","aspiration:VileToxins"],"campfire_rested":0,"item_purchase_floors":[2,19,53,53,53,53],"current_hp_per_floor":[72,72,72,70,70,70,58,58,58,58,58,58,58,58,58,45,71,69,69,42,42,36,36,32,32,32,28,28,28,28,28,28,28,66,66,66,66,66,66,72,72,74,74,74,76,67,75,77,77,79,79,79,76,64,66],"gold":270,"neow_bonus":"TEN_PERCENT_HP_BONUS","is_daily":false,"chose_seed":false,"campfire_upgraded":4,"win_rate":0.0,"timestamp":1607701928,"path_taken":["M","?","M","?","M","R","E","R","T","?","?","M","M","E","R","BOSS","M","$","?","M","?","E","M","E","T","NM","R","M","M","AVR","R","BOSS","M","?","?","?","AVR","E","?","E","T","R","?","?","?","NM","R","BOSS","R","$","E","BOSS"],"items_purchased_type":["Relic","Relic","Card","Relic","Relic","Relic"],"build_version":"2020-11-30","purchased_purges":4,"victory":true,"max_hp_per_floor":[79,79,79,79,79,79,79,79,79,79,79,79,79,79,79,79,79,79,79,79,79,79,79,79,79,79,79,79,79,79,79,79,79,79,79,79,79,79,79,79,79,79,79,79,79,79,79,79,79,79,79,79,76,76,76],"card_choices":[{"not_picked":["ats:Cat Scratch","ats:Attack Strengthen","ats:Sunburst"],"picked":"SKIP","floor":1},{"not_picked":["ats:Revitalization","ats:Flexible Camouflage","ats:Attack Strengthen"],"picked":"SKIP","floor":3},{"not_picked":["ats:Counter Healing Mode","ats:Sunburst","ats:Just Like an Apocalypse"],"picked":"SKIP","floor":4},{"not_picked":["ats:Assault Order","ats:Spore Proliferation"],"picked":"ats:Automatic Cover","floor":5},{"not_picked":["ats:Curse Doll","ats:Chain Hook","ats:Shell Defense"],"picked":"SKIP","floor":7},{"not_picked":["ats:Curse Doll","ats:Chain Hook","ats:Shell Defense"],"picked":"SKIP","floor":7},{"not_picked":["ats:Magnetic Hammer","ats:Cat Scratch"],"picked":"ats:Hook Shot","floor":11},{"not_picked":["ats:Consecutive Shot: Auto","ats:Cat Scratch","ats:Very Hot Blade"],"picked":"SKIP","floor":12},{"not_picked":["ats:Very Hot Blade","ats:Poison Spread"],"picked":"ats:Soul Absorption","floor":13},{"not_picked":["ats:Defend Order","ats:Nebulous Foxfire"],"picked":"ats:Thorns","floor":14},{"not_picked":["ats:Dogmatic Field","ats:Nebulous Foxfire"],"picked":"ats:Wolf Pack","floor":16},{"not_picked":["ats:Curse Doll+1","ats:Mental Burst"],"picked":"ats:Neurotoxin","floor":18},{"not_picked":["ats:Curse Doll+1","ats:Explosion Area Strengthen"],"picked":"ats:Rapid Magazine+1","floor":21},{"not_picked":["ats:Charging Defense","ats:Magnetic Hammer+1","ats:Consecutive Shot: Auto"],"picked":"SKIP","floor":22},{"not_picked":["ats:Magnetic Hammer+1","ats:Consecutive Shot: Auto"],"picked":"ats:Charging Defense","floor":22},{"not_picked":["ats:Charging Defense+1","ats:Shell Defense","ats:Soul Absorption+1"],"picked":"SKIP","floor":23},{"not_picked":["ats:Assault Order","ats:Chain Hook+1"],"picked":"ats:Overload","floor":24},{"not_picked":["ats:Attack Strengthen","ats:Spore Proliferation","ats:Shell Defense"],"picked":"SKIP","floor":25},{"not_picked":["ats:Soul Absorption+1","ats:Explosion Area Strengthen","ats:Cat Scratch+1"],"picked":"SKIP","floor":27},{"not_picked":["ats:Revitalization+1","ats:Soul Absorption","ats:Attack Strengthen+1"],"picked":"SKIP","floor":29},{"not_picked":["ats:Consecutive Shot: Auto","ats:Shadow Raid+1","ats:Just Like an Apocalypse"],"picked":"SKIP","floor":30},{"not_picked":["ats:Assault Order+1","ats:Curse Doll","ats:Flexible Camouflage"],"picked":"SKIP","floor":35},{"not_picked":["ats:Attack Strengthen","ats:Revitalization+1"],"picked":"ats:Poison Spread+1","floor":36},{"not_picked":["ats:Chain Hook+1","ats:Cat Scratch+1","ats:Consecutive Shot: Auto+1"],"picked":"SKIP","floor":40},{"not_picked":["ats:Curse Doll","ats:Chain Hook","ats:Volcano"],"picked":"SKIP","floor":42},{"not_picked":["ats:Assault Order+1","ats:Thorns","ats:Revitalization+1"],"picked":"SKIP","floor":45},{"not_picked":["ats:Attack Strengthen+1","ats:Ignite+1"],"picked":"ats:Thorns+1","floor":48},{"not_picked":["hubris:Ssssneak","The Bomb"],"picked":"Replay:BasicMightCard","floor":53},{"not_picked":["Impatience","PanicButton"],"picked":"REME_FirmDetermination","floor":53},{"not_picked":["ats:Beaten Up","ats:Counter Healing Mode","ats:Shadow Raid"],"picked":"SKIP","floor":54}],"player_experience":1304278,"relics_obtained":[{"floor":7,"key":"Centennial Puzzle"},{"floor":9,"key":"Mercury Hourglass"},{"floor":14,"key":"aspiration:FrozenJewel"},{"floor":23,"key":"Potion Belt"},{"floor":25,"key":"PreservedInsect"},{"floor":26,"key":"hubris:ToyBattleship"},{"floor":27,"key":"Art of War"},{"floor":36,"key":"TungstenRod"},{"floor":40,"key":"Blood Vial"},{"floor":42,"key":"Replay:Rubber Ducky"},{"floor":48,"key":"Incense Burner"},{"floor":54,"key":"infinitespire:Bottled Soul"}],"event_choices":[{"damage_healed":0,"gold_gain":0,"player_choice":"Bought 0 Potions","damage_taken":0,"max_hp_gain":0,"max_hp_loss":0,"event_name":"The Woman in Blue","floor":10,"gold_loss":0},{"damage_healed":0,"gold_gain":270,"player_choice":"GOLD GOLD GOLD ","damage_taken":27,"max_hp_gain":0,"max_hp_loss":0,"event_name":"Knowing Skull","floor":20,"potions_obtained":[],"gold_loss":0,"cards_obtained":[]},{"damage_healed":0,"gold_gain":0,"player_choice":"Fight","damage_taken":0,"max_hp_gain":0,"max_hp_loss":0,"event_name":"Mysterious Sphere","floor":36,"gold_loss":0},{"cards_removed":["ats:Rapid Magazine"],"damage_healed":0,"gold_gain":0,"player_choice":"Removed Power","damage_taken":0,"max_hp_gain":0,"max_hp_loss":0,"event_name":"Falling","floor":37,"gold_loss":0},{"damage_healed":0,"gold_gain":0,"player_choice":"Embrace Madness","damage_taken":10,"max_hp_gain":0,"max_hp_loss":0,"event_name":"Winding Halls","floor":46,"gold_loss":0,"cards_obtained":["Madness","Madness"]}],"is_beta":false,"boss_relics":[{"not_picked":["Calling Bell","Replay:Drink Me"],"picked":"Runic Dome"},{"not_picked":["infinitespire:Cupcake","Replay:Bronze Core"],"picked":"Empty Cage"}],"items_purged_floors":[19,31,39,53],"is_endless":false,"potions_floor_spawned":[1,3,5,11,21,22,24,25,29,40,42,54],"ascension_level":10}}