{"host":"diimjn7l8zzl9nqr","time":1607658410,"event":{"mods":["BaseMod","DeckTracker","Keyboard Shortcuts","Minty Spire (QoL Compilation)","Permanent Neow","Quick Restart","StSLib","SuperFastMode"],"gold_per_floor":[113,113,127,141,74,74,100,100,126,142,155,155,189,202,202,306,306,317,194,194,213,54,87,87,87],"floor_reached":24,"playtime":1059,"items_purged":["Defend_G+1"],"score":249,"play_id":"13940131-4b80-4083-ba32-41001a2fbddc","local_time":"20201211124650","is_ascension_mode":true,"campfire_choices":[{"data":"Neutralize","floor":6,"key":"SMITH"},{"data":"Dagger Spray","floor":8,"key":"SMITH"},{"floor":12,"key":"REST"},{"floor":15,"key":"REST"}],"circlet_count":0,"master_deck":["Strike_G","Strike_G","Strike_G","Strike_G","Defend_G","Defend_G","Defend_G","Survivor","Neutralize+1","Deflect","Deflect","Acrobatics","Dagger Spray+1","Blur+1","Reflex","Crippling Poison","Calculated Gamble","Outmaneuver","Poisoned Stab","Bullet Time","CurseOfTheBell","Quick Slash","Blur+1","Deadly Poison","Unload","Tactician+1"],"relics":["Ring of the Snake","Anchor","Art of War","Pantograph","Calling Bell","War Paint","Singing Bowl","Tough Bandages","Pen Nib"],"acts_visited":["Exordium","TheCity"],"potions_floor_usage":[13,16,21],"damage_taken":[{"damage":0,"enemies":"Jaw Worm","floor":1,"turns":4},{"damage":1,"enemies":"Cultist","floor":3,"turns":4},{"damage":4,"enemies":"Small Slimes","floor":4,"turns":4},{"damage":24,"enemies":"3 Sentries","floor":7,"turns":11},{"damage":5,"enemies":"Gremlin Gang","floor":10,"turns":6},{"damage":0,"enemies":"Large Slime","floor":11,"turns":7},{"damage":35,"enemies":"Gremlin Nob","floor":13,"turns":7},{"damage":9,"enemies":"Exordium Wildlife","floor":14,"turns":4},{"damage":58,"enemies":"The Guardian","floor":16,"turns":17},{"damage":5,"enemies":"Shell Parasite","floor":18,"turns":14},{"damage":5,"enemies":"2 Thieves","floor":21,"turns":5},{"damage":49,"enemies":"Slavers","floor":23,"turns":8},{"damage":23,"enemies":"Shelled Parasite and Fungi","floor":24,"turns":3}],"seed_played":"-7673189927865086521","potions_obtained":[{"floor":1,"key":"Dexterity Potion"},{"floor":4,"key":"Block Potion"},{"floor":7,"key":"Explosive Potion"},{"floor":16,"key":"FearPotion"},{"floor":18,"key":"Poison Potion"},{"floor":21,"key":"Energy Potion"},{"floor":23,"key":"Poison Potion"}],"is_trial":false,"path_per_floor":["M","?","M","M","$","R","E","R","T","M","M","R","E","M","R","B",null,"M","$","?","M","$","E","M"],"character_chosen":"THE_SILENT","items_purchased":["Blur","Quick Slash","Unload"],"campfire_rested":2,"item_purchase_floors":[5,19,22],"current_hp_per_floor":[49,70,69,65,65,65,41,41,41,36,36,57,22,13,34,1,70,67,67,67,62,62,13,0,0],"gold":87,"neow_bonus":"TRANSFORM_TWO_CARDS","is_daily":false,"chose_seed":false,"campfire_upgraded":2,"win_rate":0.0,"timestamp":1607658410,"path_taken":["M","?","M","M","$","R","E","R","T","M","?","R","E","M","R","BOSS","M","$","?","M","$","E","M"],"items_purchased_type":["Card","Card","Card"],"build_version":"2020-11-30","purchased_purges":1,"victory":false,"max_hp_per_floor":[70,70,70,70,70,70,70,70,70,70,70,70,70,70,70,70,70,72,72,72,72,72,72,72,72],"card_choices":[{"not_picked":["All Out Attack","Flechettes"],"picked":"Deflect","floor":1},{"not_picked":["Prepared","Riddle With Holes"],"picked":"Acrobatics","floor":3},{"not_picked":["Poisoned Stab","Leg Sweep"],"picked":"Dagger Spray","floor":4},{"not_picked":["Endless Agony","Skewer"],"picked":"Reflex","floor":7},{"not_picked":["Catalyst","Endless Agony"],"picked":"Crippling Poison","floor":10},{"not_picked":["Escape Plan","Finisher"],"picked":"Calculated Gamble","floor":11},{"not_picked":["Skewer","Acrobatics"],"picked":"Outmaneuver","floor":13},{"not_picked":["Outmaneuver","Deadly Poison"],"picked":"Poisoned Stab","floor":14},{"not_picked":["Unload","Venomology"],"picked":"Bullet Time","floor":16},{"not_picked":["Slice+1","Sucker Punch","Dagger Spray"],"picked":"Singing Bowl","floor":18},{"not_picked":["Sucker Punch+1","Distraction"],"picked":"Deadly Poison","floor":21},{"not_picked":["Deadly Poison","Prepared"],"picked":"Tactician+1","floor":23}],"player_experience":71997,"relics_obtained":[{"floor":7,"key":"Anchor"},{"floor":9,"key":"Art of War"},{"floor":13,"key":"Pantograph"},{"floor":17,"key":"War Paint"},{"floor":17,"key":"Singing Bowl"},{"floor":17,"key":"Tough Bandages"},{"floor":23,"key":"Pen Nib"}],"event_choices":[{"cards_removed":["Finisher"],"damage_healed":21,"gold_gain":0,"player_choice":"Offered Uncommon","damage_taken":0,"max_hp_gain":0,"max_hp_loss":0,"event_name":"Bonfire Elementals","floor":2,"gold_loss":0},{"damage_healed":0,"gold_gain":0,"player_choice":"Copied","damage_taken":0,"max_hp_gain":0,"max_hp_loss":0,"event_name":"Duplicator","floor":20,"gold_loss":0,"cards_obtained":["Blur"]}],"is_beta":false,"boss_relics":[{"not_picked":["Black Star","SlaversCollar"],"picked":"Calling Bell"}],"items_purged_floors":[19],"is_endless":false,"potions_floor_spawned":[1,4,7,16,18,21,23],"killed_by":"Shelled Parasite and Fungi","ascension_level":2}}