{"host":"vfg9szunmpjwj08o","time":1607703900,"event":{"mods":["Act Like it!","BaseMod","Challenge The Spire","Colored Map","Colored Powertips","Minty Spire (QoL Compilation)","StSLib","Waifu the Spire"],"gold_per_floor":[113,124,136,19,19,19,45,45,71,36,62,80,30,46,46,124,124,134,184,184,204,15,40,40,40,40],"floor_reached":25,"playtime":779,"items_purged":["Strike_B","Defend_B"],"score":416,"play_id":"760115af-21ee-4dbc-b0c7-4b016bd4c6f2","local_time":"20201211172500","is_ascension_mode":true,"campfire_choices":[{"data":"Zap","floor":6.0,"key":"SMITH"},{"data":"Dualcast","floor":8.0,"key":"SMITH"},{"data":"Chaos","floor":15.0,"key":"SMITH"},{"data":"Defragment","floor":24.0,"key":"SMITH"}],"circlet_count":0,"master_deck":["AscendersBane","Strike_B","Defend_B","Defend_B","Defend_B","Zap+1","Dualcast+1","All For One","Melter","Reinforced Body","Go for the Eyes","Self Repair","Chaos+1","FTL","Defragment+1","Echo Form","Gash","Glacier","Coolheaded","Recycle+1"],"relics":["Cracked Core","Bag of Marbles","Bottled Lightning","Centennial Puzzle","Smiling Mask","Empty Cage","Oddly Smooth Stone","Anchor"],"acts_visited":["Exordium","TheCity"],"potions_floor_usage":[25],"damage_taken":[{"damage":1.0,"enemies":"Cultist","floor":1.0,"turns":3.0},{"damage":3.0,"enemies":"2 Louse","floor":2.0,"turns":2.0},{"damage":7.0,"enemies":"Jaw Worm","floor":3.0,"turns":3.0},{"damage":19.0,"enemies":"Lagavulin","floor":7.0,"turns":8.0},{"damage":8.0,"enemies":"Blue Slaver","floor":12.0,"turns":3.0},{"damage":14.0,"enemies":"Red Slaver","floor":14.0,"turns":2.0},{"damage":16.0,"enemies":"Hexaghost","floor":16.0,"turns":7.0},{"damage":0.0,"enemies":"Spheric Guardian","floor":18.0,"turns":2.0},{"damage":30.0,"enemies":"2 Thieves","floor":21.0,"turns":3.0},{"damage":20.0,"enemies":"Gremlin Leader","floor":23.0,"turns":9.0},{"damage":17,"enemies":"Cultist and Chosen","floor":25,"turns":5}],"seed_played":"-3055944639069289875","potions_obtained":[{"floor":1.0,"key":"SkillPotion"},{"floor":2.0,"key":"Dexterity Potion"},{"floor":12.0,"key":"SneckoOil"},{"floor":14.0,"key":"FearPotion"},{"floor":18.0,"key":"EssenceOfSteel"},{"floor":23.0,"key":"Ancient Potion"}],"is_trial":false,"path_per_floor":["M","M","M","$","?","R","E","R","T","?","T","M","$","M","R","B",null,"M","T","?","M","$","E","R","M"],"character_chosen":"DEFECT","items_purchased":["Self Repair","Chaos","Glacier","Coolheaded"],"campfire_rested":0,"item_purchase_floors":[4,4,22,22],"current_hp_per_floor":[63,60,53,53,35,35,23,23,23,40,40,39,39,32,32,23,59,59,59,59,29,29,16,16,0,0],"gold":40,"neow_bonus":"ONE_RANDOM_RARE_CARD","is_daily":false,"chose_seed":false,"campfire_upgraded":4,"win_rate":0.0,"timestamp":1607703900,"path_taken":["M","M","?","$","?","R","E","R","T","?","?","M","$","M","R","BOSS","M","?","?","M","$","E","R","M"],"items_purchased_type":["Card","Card","Card","Card"],"build_version":"2020-11-30","purchased_purges":2,"victory":false,"max_hp_per_floor":[71,71,71,71,71,71,71,71,71,71,71,71,71,71,71,71,71,71,71,71,71,71,71,71,71,71],"card_choices":[{"not_picked":["Auto Shields","Conserve Battery"],"picked":"Melter","floor":1.0},{"not_picked":["Stack","Compile Driver"],"picked":"Reinforced Body","floor":2.0},{"not_picked":["Streamline","Compile Driver"],"picked":"Go for the Eyes","floor":3.0},{"not_picked":["Turbo","Thunder Strike"],"picked":"FTL","floor":7.0},{"not_picked":["Conserve Battery","Beam Cell"],"picked":"Defragment","floor":12.0},{"not_picked":["Tempest","Melter","Turbo"],"picked":"SKIP","floor":14.0},{"not_picked":["Reboot","Core Surge"],"picked":"Echo Form","floor":16.0},{"not_picked":["Aggregate+1","Cold Snap","Streamline+1"],"picked":"SKIP","floor":18.0},{"not_picked":["Ball Lightning","Streamline+1","Darkness"],"picked":"SKIP","floor":21.0},{"not_picked":["Aggregate","Cold Snap"],"picked":"Recycle+1","floor":23.0}],"player_experience":974792,"relics_obtained":[{"floor":7.0,"key":"Bottled Lightning"},{"floor":9.0,"key":"Centennial Puzzle"},{"floor":11.0,"key":"Smiling Mask"},{"floor":19.0,"key":"Oddly Smooth Stone"},{"floor":23.0,"key":"Anchor"}],"event_choices":[{"damage_healed":0.0,"max_hp_gain":0.0,"max_hp_loss":0.0,"gold_gain":0.0,"event_name":"Scrap Ooze","player_choice":"Success","floor":5.0,"gold_loss":0.0,"damage_taken":18.0,"relics_obtained":["Bag of Marbles"]},{"damage_healed":17.0,"max_hp_gain":0.0,"max_hp_loss":0.0,"gold_gain":0.0,"event_name":"The Cleric","player_choice":"Healed","floor":10.0,"gold_loss":35.0,"damage_taken":0.0},{"damage_healed":0.0,"max_hp_gain":0.0,"max_hp_loss":0.0,"gold_gain":0.0,"event_name":"The Library","player_choice":"Read","floor":20.0,"gold_loss":0.0,"damage_taken":0.0,"cards_obtained":["Gash"]}],"is_beta":false,"boss_relics":[{"not_picked":["Snecko Eye","Black Star"],"picked":"Empty Cage"}],"items_purged_floors":[13,22],"is_endless":false,"potions_floor_spawned":[1,2,12,14,18,23],"killed_by":"Cultist and Chosen","ascension_level":18}}