{"host":"tsmyusoyd9msvbjb","time":1607665963,"event":{"mods":["2.2 Compatiblity","BaseMod","BetterRewards","DeckTracker","Friendly Minions","Minty Spire (QoL Compilation)","Replay The Spire","StSLib","The Animator","The Fake Hero","The Poker Player","The Servant 0.9.4","Trackpad","Yohane!"],"gold_per_floor":[514,525,540,603,224,239,239,253,301,321,321,321],"floor_reached":11,"playtime":504,"items_purged":["luka_mod:Surrender"],"score":67,"play_id":"7f097472-b0c2-4f2a-bfff-169f8e6dc17d","local_time":"20201210235243","is_ascension_mode":false,"campfire_choices":[{"data":"luka_mod:Edging","floor":7,"key":"SMITH"}],"circlet_count":0,"master_deck":["luka_mod:StrikeLukaOne","luka_mod:StrikeLukaTwo","luka_mod:StrikeLukaThree","luka_mod:StrikeLukaFour","luka_mod:StrikeLukaFive","luka_mod:StrikeLukaSix","luka_mod:Salt","luka_mod:Guard","luka_mod:Wait","luka_mod:Edging+1","luka_mod:FlailWildly","luka_mod:Meditation","luka_mod:DemonSkullBeheading","luka_mod:Calm","luka_mod:WaterSlash","luka_mod:AngryLuka","luka_mod:Alice"],"relics":["luka_mod:KeepsakeRing","ReplayTheSpireMod:Lightbulb","Simple Rune","TheAbacus","Replay:Wax Seal"],"acts_visited":["Exordium"],"potions_floor_usage":[],"damage_taken":[{"damage":12,"enemies":"2 Louse","floor":1,"turns":3},{"damage":6,"enemies":"Cultist","floor":2,"turns":4},{"damage":0,"enemies":"Small Slimes","floor":3,"turns":3},{"damage":9,"enemies":"Blue Slaver","floor":6,"turns":2},{"damage":26,"enemies":"Red Slaver","floor":8,"turns":5},{"damage":0,"enemies":"Exordium Wildlife","floor":10,"turns":3},{"damage":6,"enemies":"3 Sentries","floor":11,"turns":1}],"seed_played":"-7670848482287227040","potions_obtained":[{"floor":4,"key":"Fire Potion"},{"floor":6,"key":"Elixir"},{"floor":10,"key":"GamblersBrew"}],"is_trial":false,"path_per_floor":["M","M","M","?","$","M","R","M","T","M","E"],"character_chosen":"LUKA_CLASS","items_purchased":["Simple Rune","TheAbacus"],"campfire_rested":0,"item_purchase_floors":[5,5],"current_hp_per_floor":[44,38,38,27,27,18,18,3,3,3,0,0],"gold":321,"neow_bonus":"TEN_PERCENT_HP_BONUS","is_daily":false,"chose_seed":false,"campfire_upgraded":1,"win_rate":0.0,"timestamp":1607665963,"path_taken":["M","M","M","?","$","M","R","M","T","M","E"],"items_purchased_type":["Relic","Relic"],"build_version":"2020-11-30","purchased_purges":1,"victory":false,"max_hp_per_floor":[44,44,44,44,44,44,44,46,46,48,48,48],"card_choices":[{"not_picked":["luka_mod:DemonDecapitation","luka_mod:IliasesJudgement"],"picked":"luka_mod:DemonSkullBeheading","floor":1},{"not_picked":["luka_mod:EarthSlash","luka_mod:WaterSlash"],"picked":"luka_mod:Calm","floor":2},{"not_picked":["luka_mod:Calm","luka_mod:Struggle"],"picked":"luka_mod:WaterSlash","floor":3},{"not_picked":["luka_mod:FlashKill","luka_mod:LightningSwordFlash"],"picked":"luka_mod:AngryLuka","floor":4},{"not_picked":["luka_mod:StrikeLuka","luka_mod:DemonDecapitation"],"picked":"luka_mod:Alice","floor":6},{"not_picked":["luka_mod:Struggle","luka_mod:WaterSlash","luka_mod:IliasesJudgement"],"picked":"SKIP","floor":8},{"not_picked":["luka_mod:DemonDecapitation","luka_mod:WaterSlash","luka_mod:ThunderThrust"],"picked":"SKIP","floor":10}],"player_experience":225004,"relics_obtained":[{"floor":4,"key":"ReplayTheSpireMod:Lightbulb"},{"floor":9,"key":"Replay:Wax Seal"}],"event_choices":[],"is_beta":false,"boss_relics":[],"items_purged_floors":[5],"is_endless":false,"potions_floor_spawned":[6,10],"killed_by":"3 Sentries","ascension_level":0}}