{"host":"2se5dq1do2gp0x9k","time":1607664745,"event":{"mods":["AchievementEnabler","BaseMod","Block Reminder","Colored Map","Colored Powertips","Minty Spire (QoL Compilation)","Relic Stats","StSLib","SuperFastMode"],"gold_per_floor":[113,113,131,147,36,36,64,64,114,114,114,133,171,195,195,291,291,307,322,237,250,250,250,275,275,275],"floor_reached":25,"playtime":989,"items_purged":[],"score":426,"play_id":"441af96f-f683-4141-88fd-c3ca0ebc75c0","local_time":"20201210213225","is_ascension_mode":true,"campfire_choices":[{"data":"Barrage","floor":6,"key":"SMITH"},{"data":"Reinforced Body","floor":8,"key":"SMITH"},{"data":"Coolheaded","floor":11,"key":"SMITH"},{"floor":15,"key":"REST"},{"floor":23,"key":"REST"}],"circlet_count":0,"master_deck":["AscendersBane","Strike_B","Strike_B","Strike_B","Strike_B","Defend_B","Defend_B","Defend_B","Defend_B","Zap","Dualcast","Echo Form","Coolheaded+1","Conserve Battery","Compile Driver","Reinforced Body+1","Barrage+1","Core Surge","Turbo","Seek","Rainbow+1","Undo+1","Coolheaded"],"relics":["Cracked Core","Strawberry","Golden Idol","Bronze Scales","Snecko Eye","Question Card"],"acts_visited":["Exordium","TheCity"],"potions_floor_usage":[16,25,25],"damage_taken":[{"damage":8.0,"enemies":"2 Louse","floor":1.0,"turns":3.0},{"damage":0,"enemies":"Cultist","floor":3,"turns":4},{"damage":0,"enemies":"Jaw Worm","floor":4,"turns":5},{"damage":6,"enemies":"Lagavulin","floor":7,"turns":6},{"damage":11,"enemies":"Blue Slaver","floor":12,"turns":4},{"damage":25,"enemies":"3 Sentries","floor":13,"turns":8},{"damage":4,"enemies":"Looter","floor":14,"turns":3},{"damage":27,"enemies":"Slime Boss","floor":16,"turns":13},{"damage":11,"enemies":"Shell Parasite","floor":18,"turns":3},{"damage":15,"enemies":"Spheric Guardian","floor":19,"turns":4},{"damage":19,"enemies":"Snake Plant","floor":21,"turns":5},{"damage":1,"enemies":"Snecko","floor":24,"turns":6},{"damage":31,"enemies":"Gremlin Leader","floor":25,"turns":2}],"seed_played":"-7498096104040134951","potions_obtained":[{"floor":1.0,"key":"Block Potion"},{"floor":4,"key":"SteroidPotion"},{"floor":19,"key":"Energy Potion"},{"floor":24,"key":"AttackPotion"}],"is_trial":false,"path_per_floor":["M","?","M","M","$","R","E","R","T","?","R","M","E","M","R","B",null,"M","M","?","M","?","R","M","E"],"character_chosen":"DEFECT","items_purchased":["Reinforced Body","Barrage"],"campfire_rested":2,"item_purchase_floors":[5,5],"current_hp_per_floor":[56,56,56,56,56,56,57,57,57,57,57,46,21,17,38,11,56,45,30,30,11,11,32,31,0,0],"gold":275,"neow_bonus":"ONE_RANDOM_RARE_CARD","is_daily":false,"chose_seed":false,"campfire_upgraded":3,"win_rate":0.0,"timestamp":1607664745,"path_taken":["M","?","M","M","$","R","E","R","T","?","R","M","E","M","R","BOSS","M","M","?","M","?","R","M","E"],"items_purchased_type":["Card","Card"],"build_version":"2020-11-30","purchased_purges":0,"victory":false,"max_hp_per_floor":[71,71,71,71,71,71,78,78,78,71,71,71,71,71,71,71,71,71,71,71,71,71,71,71,71,71],"relic_stats":{"counters":[13,66],"Golden Idol":50,"Bronze Scales":[82],"Snecko Eye":[28,29,31,41],"Question Card":2,"obtain_stats":[{"Golden Idol":10,"Strawberry":7,"Bronze Scales":13,"Snecko Eye":17,"Cracked Core":0,"Question Card":20},{"Golden Idol":4,"Strawberry":4,"Bronze Scales":6,"Snecko Eye":8,"Cracked Core":0,"Question Card":10},{"Golden Idol":18,"Strawberry":18,"Bronze Scales":30,"Snecko Eye":46,"Cracked Core":0,"Question Card":53}]},"card_choices":[{"not_picked":["Force Field","Storm"],"picked":"Coolheaded","floor":1.0},{"not_picked":["Coolheaded","Hologram"],"picked":"Conserve Battery","floor":3},{"not_picked":["Redo","Conserve Battery"],"picked":"Compile Driver","floor":4},{"not_picked":["Redo","Go for the Eyes"],"picked":"Core Surge","floor":7},{"not_picked":["Ball Lightning","Gash"],"picked":"Turbo","floor":12},{"not_picked":["Stack","Self Repair"],"picked":"Seek","floor":13},{"not_picked":["Barrage","Rebound","Sweeping Beam"],"picked":"SKIP","floor":14},{"not_picked":["All For One","Amplify"],"picked":"Rainbow","floor":16},{"not_picked":["Rip and Tear","Beam Cell","Sweeping Beam"],"picked":"SKIP","floor":18},{"not_picked":["Barrage+1","Cold Snap"],"picked":"Undo+1","floor":19},{"not_picked":["Cold Snap","Turbo","Streamline"],"picked":"Coolheaded","floor":21},{"not_picked":["Redo","Streamline","Steam","Blizzard"],"picked":"SKIP","floor":24}],"player_experience":3597913,"relics_obtained":[{"floor":7,"key":"Strawberry"},{"floor":13,"key":"Bronze Scales"}],"event_choices":[{"damage_healed":0,"gold_gain":0,"player_choice":"Leave","damage_taken":0,"max_hp_gain":0,"max_hp_loss":0,"event_name":"The Cleric","floor":2,"gold_loss":0},{"damage_healed":0,"gold_gain":0,"player_choice":"Lose Max HP","damage_taken":0,"relics_obtained":["Golden Idol"],"max_hp_gain":0,"max_hp_loss":7,"event_name":"Golden Idol","floor":10,"gold_loss":0},{"damage_healed":0,"gold_gain":0,"player_choice":"Obtained Relic","damage_taken":0,"relics_obtained":["Question Card"],"max_hp_gain":0,"max_hp_loss":0,"event_name":"Addict","floor":20,"gold_loss":85},{"damage_healed":0,"gold_gain":0,"player_choice":"Upgraded","damage_taken":0,"max_hp_gain":0,"max_hp_loss":0,"event_name":"Upgrade Shrine","floor":22,"gold_loss":0,"cards_upgraded":["Rainbow"]}],"is_beta":false,"boss_relics":[{"not_picked":["Cursed Key","Calling Bell"],"picked":"Snecko Eye"}],"items_purged_floors":[],"is_endless":false,"potions_floor_spawned":[1,4,7,19,24],"killed_by":"Gremlin Leader","ascension_level":20}}