{"host":"utqe55yv0jihe4d6","time":1607662990,"event":{"mods":["2.2 Compatiblity","AchievementEnabler","BaseMod","Block Reminder","Colored Map","Colored Powertips","Minty Spire (QoL Compilation)","Quick Restart","Rare Cards Sparkle","Relic Stats","SuperFastMode"],"gold_per_floor":[118,118,268,342,5,5,5,44,67,105,124,145,145,188,188,277,277,292,46,60,18,31,31,67,67,67,192,192,192],"floor_reached":28,"playtime":597,"items_purged":["Doubt"],"score":604,"play_id":"b7b816a9-9463-4b1d-93e8-34f6a234f082","local_time":"20201211000310","is_ascension_mode":true,"campfire_choices":[{"data":"Loop","floor":6,"key":"SMITH"},{"data":"Genetic Algorithm","floor":13,"key":"SMITH"},{"data":"Echo Form","floor":15,"key":"SMITH"},{"data":"Capacitor","floor":23,"key":"SMITH"},{"floor":25,"key":"REST"}],"circlet_count":0,"master_deck":["AscendersBane","Strike_B","Strike_B","Strike_B","Strike_B","Defend_B","Defend_B","Defend_B","Defend_B","Zap","Dualcast","Loop+1","Sweeping Beam+1","Ball Lightning+1","Barrage+1","Genetic Algorithm+1","Echo Form+1","Echo Form","Force Field","Capacitor+1","Echo Form","Consume","Machine Learning"],"relics":["Cracked Core","NeowsBlessing","Golden Idol","Symbiotic Virus","Membership Card","Molten Egg 2","Oddly Smooth Stone","Ancient Tea Set","Orichalcum","Regal Pillow","Snecko Eye","Singing Bowl","ClockworkSouvenir","The Courier","Toxic Egg 2","Torii","Ornamental Fan"],"acts_visited":["Exordium","TheCity"],"potions_floor_usage":[14,27],"damage_taken":[{"damage":0,"enemies":"Jaw Worm","floor":1,"turns":1},{"damage":0,"enemies":"3 Sentries","floor":8,"turns":1},{"damage":0,"enemies":"Lagavulin","floor":10,"turns":1},{"damage":2,"enemies":"Small Slimes","floor":11,"turns":2},{"damage":0,"enemies":"Cultist","floor":12,"turns":2},{"damage":5,"enemies":"Gremlin Nob","floor":14,"turns":3},{"damage":24,"enemies":"The Guardian","floor":16,"turns":8},{"damage":13,"enemies":"3 Byrds","floor":18,"turns":3},{"damage":0,"enemies":"Spheric Guardian","floor":20,"turns":4},{"damage":11,"enemies":"Centurion and Healer","floor":22,"turns":5},{"damage":21,"enemies":"Gremlin Leader","floor":24,"turns":6},{"damage":16,"enemies":"Colosseum Slavers","floor":27,"turns":5},{"damage":3,"enemies":"Colosseum Nobs","floor":27,"turns":3},{"damage":50,"enemies":"Masked Bandits","floor":28,"turns":3}],"seed_played":"-4948180506148137390","potions_obtained":[{"floor":8,"key":"FearPotion"},{"floor":14,"key":"EssenceOfDarkness"},{"floor":16,"key":"SpeedPotion"},{"floor":20,"key":"Strength Potion"}],"is_trial":false,"path_per_floor":["M","?","?","T","$","R","$","E","T","E","M","M","R","E","R","B",null,"M","$","M","$","M","R","E","R","T","?","?"],"character_chosen":"DEFECT","items_purchased":["Membership Card","Molten Egg 2","Capacitor","Singing Bowl","ClockworkSouvenir","Echo Form"],"campfire_rested":1,"item_purchase_floors":[5,5,19,19,19,21],"current_hp_per_floor":[64,64,64,64,64,64,64,64,64,64,62,62,62,57,57,33,56,43,43,45,45,36,36,15,50,50,31,0,0],"gold":192,"neow_bonus":"THREE_ENEMY_KILL","is_daily":false,"chose_seed":false,"campfire_upgraded":4,"win_rate":0.0,"timestamp":1607662990,"path_taken":["M","?","?","?","?","R","$","E","T","E","M","M","R","E","R","BOSS","M","$","M","$","M","R","E","R","T","?","?"],"items_purchased_type":["Relic","Relic","Card","Relic","Relic","Card"],"build_version":"2020-11-30","purchased_purges":1,"victory":false,"max_hp_per_floor":[71,64,64,64,64,64,64,64,64,64,64,64,64,64,64,64,64,64,64,66,66,68,68,68,68,68,68,68,68],"relic_stats":{"Regal Pillow":15,"Singing Bowl":4,"Torii":1,"counters":[14,47],"Golden Idol":99,"Ornamental Fan":[4],"Snecko Eye":[41,65,58,44],"Orichalcum":[96],"obtain_stats":[{"Regal Pillow":14,"NeowsBlessing":0,"Singing Bowl":19,"Torii":27,"Golden Idol":2,"Oddly Smooth Stone":8,"The Courier":24,"Orichalcum":10,"Ancient Tea Set":9,"ClockworkSouvenir":19,"Ornamental Fan":27,"Snecko Eye":17,"Molten Egg 2":5,"Membership Card":5,"Toxic Egg 2":26,"Cracked Core":0,"Symbiotic Virus":4},{"Regal Pillow":6,"NeowsBlessing":0,"Singing Bowl":8,"Torii":13,"Golden Idol":1,"Oddly Smooth Stone":2,"The Courier":11,"Orichalcum":3,"Ancient Tea Set":2,"ClockworkSouvenir":8,"Ornamental Fan":13,"Snecko Eye":7,"Molten Egg 2":1,"Membership Card":1,"Toxic Egg 2":11,"Cracked Core":0,"Symbiotic Virus":1},{"Regal Pillow":10,"NeowsBlessing":0,"Singing Bowl":21,"Torii":44,"Golden Idol":1,"Oddly Smooth Stone":2,"The Courier":36,"Orichalcum":3,"Ancient Tea Set":2,"ClockworkSouvenir":21,"Ornamental Fan":44,"Snecko Eye":18,"Molten Egg 2":1,"Membership Card":1,"Toxic Egg 2":36,"Cracked Core":0,"Symbiotic Virus":1}]},"card_choices":[{"not_picked":["Turbo","Force Field"],"picked":"Loop","floor":1},{"not_picked":["Leap","Gash+1"],"picked":"Sweeping Beam+1","floor":8},{"not_picked":["Scrape+1","Redo"],"picked":"Ball Lightning+1","floor":10},{"not_picked":["Tempest","Rebound+1"],"picked":"Barrage+1","floor":11},{"not_picked":["BootSequence","Gash+1"],"picked":"Genetic Algorithm","floor":12},{"not_picked":["Loop","Melter+1"],"picked":"Echo Form","floor":14},{"not_picked":["Reboot","All For One+1"],"picked":"Echo Form","floor":16},{"not_picked":["Gash+1","Streamline+1"],"picked":"Force Field","floor":18},{"not_picked":["Auto Shields","Chaos","Streamline+1"],"picked":"Singing Bowl","floor":20},{"not_picked":["Leap","Streamline+1","Hologram"],"picked":"Singing Bowl","floor":22},{"not_picked":["Ball Lightning+1","Leap"],"picked":"Consume","floor":24},{"not_picked":["Ball Lightning+1","Cold Snap+1"],"picked":"Machine Learning","floor":27}],"player_experience":2737312,"relics_obtained":[{"floor":4,"key":"Symbiotic Virus"},{"floor":8,"key":"Oddly Smooth Stone"},{"floor":9,"key":"Ancient Tea Set"},{"floor":10,"key":"Orichalcum"},{"floor":14,"key":"Regal Pillow"},{"floor":24,"key":"The Courier"},{"floor":26,"key":"Toxic Egg 2"},{"floor":27,"key":"Torii"},{"floor":27,"key":"Ornamental Fan"}],"event_choices":[{"damage_healed":0,"gold_gain":0,"player_choice":"Lose Max HP","damage_taken":0,"relics_obtained":["Golden Idol"],"max_hp_gain":0,"max_hp_loss":7,"event_name":"Golden Idol","floor":2,"gold_loss":0},{"damage_healed":0,"gold_gain":150,"player_choice":"AGREE","damage_taken":0,"max_hp_gain":0,"max_hp_loss":0,"event_name":"Liars Game","floor":3,"gold_loss":0,"cards_obtained":["Doubt"]},{"damage_healed":0,"gold_gain":0,"player_choice":"Fight","damage_taken":0,"max_hp_gain":0,"max_hp_loss":0,"event_name":"Colosseum","floor":27,"gold_loss":0},{"damage_healed":0,"gold_gain":0,"player_choice":"Fought Nobs","damage_taken":0,"max_hp_gain":0,"max_hp_loss":0,"event_name":"Colosseum","floor":27,"gold_loss":0},{"damage_healed":0,"gold_gain":0,"player_choice":"Fought Bandits","damage_taken":0,"max_hp_gain":0,"max_hp_loss":0,"event_name":"Masked Bandits","floor":28,"gold_loss":0}],"is_beta":false,"boss_relics":[{"not_picked":["SacredBark","Cursed Key"],"picked":"Snecko Eye"}],"items_purged_floors":[5],"is_endless":false,"potions_floor_spawned":[8,14,16,18,20,27],"killed_by":"Masked Bandits","ascension_level":20}}