{"host":"7pe9xwx78c6nlay8","time":1607700343,"event":{"mods":["BaseMod","Minty Spire (QoL Compilation)"],"gold_per_floor":[15,27,37,7,7,40,40,40,40],"floor_reached":8,"playtime":262,"items_purged":[],"score":76,"play_id":"a55384bb-fbfe-4985-b577-6a4fb38c4490","local_time":"20201211232543","is_ascension_mode":true,"campfire_choices":[],"circlet_count":0,"master_deck":["Strike_P","Strike_P","Strike_P+1","Strike_P","Defend_P","Defend_P","Defend_P+1","Defend_P","Eruption+1","Vigilance","LessonLearned","JustLucky+1","Prostrate+1","CutThroughFate+1","ThirdEye"],"relics":["PureWater","Molten Egg 2","The Courier"],"acts_visited":["Exordium"],"potions_floor_usage":[3],"damage_taken":[{"damage":0,"enemies":"Cultist","floor":1,"turns":4},{"damage":0,"enemies":"2 Louse","floor":2,"turns":2},{"damage":8,"enemies":"Jaw Worm","floor":3,"turns":4},{"damage":0,"enemies":"Looter","floor":4,"turns":4},{"damage":37,"enemies":"3 Sentries","floor":6,"turns":8},{"damage":16,"enemies":"Gremlin Nob","floor":8,"turns":2}],"seed_played":"2095450950220159472","potions_obtained":[{"floor":2,"key":"SteroidPotion"}],"is_trial":false,"path_per_floor":["M","M","M","M","?","E","T","E"],"character_chosen":"WATCHER","items_purchased":[],"campfire_rested":0,"item_purchase_floors":[],"current_hp_per_floor":[65,65,57,57,43,6,6,0,0],"gold":40,"neow_bonus":"THREE_RARE_CARDS","is_daily":false,"chose_seed":false,"campfire_upgraded":0,"win_rate":0.0,"timestamp":1607700343,"path_taken":["M","?","M","M","?","E","?","E"],"items_purchased_type":[],"build_version":"2020-11-30","purchased_purges":0,"victory":false,"max_hp_per_floor":[72,72,72,72,72,72,72,72,72],"card_choices":[{"not_picked":["Ragnarok","Blasphemy"],"picked":"LessonLearned","floor":0},{"not_picked":["CrushJoints","Indignation"],"picked":"JustLucky","floor":1},{"not_picked":["Crescendo","EmptyMind","Halt"],"picked":"SKIP","floor":2},{"not_picked":["SignatureMove","Protect"],"picked":"Prostrate","floor":3},{"not_picked":["PathToVictory","Vengeance"],"picked":"CutThroughFate","floor":4},{"not_picked":["Crescendo","WindmillStrike+1"],"picked":"ThirdEye","floor":6}],"player_experience":1499694,"relics_obtained":[{"floor":6,"key":"Molten Egg 2"},{"floor":7,"key":"The Courier"}],"event_choices":[{"damage_healed":0,"gold_gain":0,"player_choice":"Entered Light","damage_taken":14,"max_hp_gain":0,"max_hp_loss":0,"event_name":"Shining Light","floor":5,"gold_loss":0,"cards_upgraded":["Prostrate","CutThroughFate"]}],"is_beta":false,"boss_relics":[],"items_purged_floors":[],"is_endless":false,"potions_floor_spawned":[2],"killed_by":"Gremlin Nob","ascension_level":7}}