{"host":"p7j7o00jacnw7qzt","time":1607652537,"event":{"mods":["BaseMod","Colored Map","Colored Powertips","DeckTracker","Highlight Path","Minty Spire (QoL Compilation)","Relic Stats"],"gold_per_floor":[116,41,41,15,30,64,64,77,103,103,113,113,129,204,204,279,279,279,279],"floor_reached":18,"playtime":657,"items_purged":[],"score":370,"play_id":"ca29c73f-cfbb-4d8e-9da6-e3e8b47e3b71","local_time":"20201210210857","is_ascension_mode":true,"campfire_choices":[{"data":"Inflame","floor":7.0,"key":"SMITH"},{"data":"Pommel Strike","floor":10.0,"key":"SMITH"},{"data":"Burning Pact","floor":12.0,"key":"SMITH"},{"data":"Heavy Blade","floor":15.0,"key":"SMITH"}],"circlet_count":0,"master_deck":["AscendersBane","Strike_R","Strike_R","Defend_R","Defend_R","Defend_R","Defend_R","Bash","Spot Weakness","Shrug It Off","Inflame+1","Pommel Strike+1","Warcry","Burning Pact+1","Heavy Blade+1","Offering"],"relics":["Burning Blood","NeowsBlessing","Pen Nib","Empty Cage"],"acts_visited":["Exordium","TheCity"],"potions_floor_usage":[],"damage_taken":[{"damage":0.0,"enemies":"Small Slimes","floor":1.0,"turns":1.0},{"damage":0.0,"enemies":"Jaw Worm","floor":5.0,"turns":1.0},{"damage":0.0,"enemies":"3 Sentries","floor":6.0,"turns":1.0},{"damage":6.0,"enemies":"Cultist","floor":8.0,"turns":3.0},{"damage":6.0,"enemies":"Large Slime","floor":11.0,"turns":5.0},{"damage":7.0,"enemies":"2 Fungi Beasts","floor":13.0,"turns":3.0},{"damage":49,"enemies":"Hexaghost","floor":16,"turns":7},{"damage":0,"enemies":"2 Thieves","floor":18,"turns":1}],"seed_played":"-4062610217818245130","potions_obtained":[{"floor":6.0,"key":"Explosive Potion"},{"floor":8.0,"key":"SneckoOil"}],"is_trial":false,"path_per_floor":["M","?","?","$","M","E","R","M","T","R","M","R","M","?","R","B",null,"M"],"character_chosen":"IRONCLAD","items_purchased":["Shrug It Off"],"campfire_rested":0,"item_purchase_floors":[4],"current_hp_per_floor":[74,74,79,79,80,80,80,80,80,80,80,80,79,68,68,25,66,66,66],"gold":279,"neow_bonus":"THREE_ENEMY_KILL","is_daily":false,"chose_seed":false,"campfire_upgraded":4,"win_rate":0.0,"timestamp":1607652537,"path_taken":["M","?","?","?","?","E","R","?","T","R","M","R","M","?","R","BOSS","M"],"items_purchased_type":["Card"],"build_version":"2020-11-30","purchased_purges":0,"victory":false,"max_hp_per_floor":[75,75,80,80,80,80,80,80,80,80,80,80,80,80,80,80,80,80,80],"relic_stats":{"counters":[8,22],"Pen Nib":[2],"obtain_stats":[{"NeowsBlessing":0,"Pen Nib":6,"Empty Cage":17,"Burning Blood":0},{"NeowsBlessing":0,"Pen Nib":3,"Empty Cage":7,"Burning Blood":0},{"NeowsBlessing":0,"Pen Nib":3,"Empty Cage":21,"Burning Blood":0}],"Burning Blood":31},"card_choices":[{"not_picked":["Cleave","Thunderclap"],"picked":"Spot Weakness","floor":1.0},{"not_picked":["Dark Embrace","Power Through"],"picked":"Inflame","floor":5.0},{"not_picked":["Headbutt","Body Slam"],"picked":"Pommel Strike","floor":6.0},{"not_picked":["Body Slam","Clash"],"picked":"Warcry","floor":8.0},{"not_picked":["Cleave","Heavy Blade"],"picked":"Burning Pact","floor":11.0},{"not_picked":["Twin Strike","True Grit"],"picked":"Heavy Blade","floor":13.0},{"not_picked":["Brutality","Corruption"],"picked":"Offering","floor":16}],"player_experience":754474,"relics_obtained":[{"floor":6.0,"key":"Pen Nib"}],"event_choices":[{"cards_removed":["Strike_R"],"damage_healed":0.0,"max_hp_gain":0.0,"max_hp_loss":0.0,"gold_gain":0.0,"event_name":"The Cleric","player_choice":"Card Removal","floor":2.0,"gold_loss":75.0,"damage_taken":0.0},{"damage_healed":0.0,"max_hp_gain":5.0,"max_hp_loss":0.0,"gold_gain":0.0,"event_name":"Big Fish","player_choice":"Donut","floor":3.0,"gold_loss":0.0,"damage_taken":0.0},{"damage_healed":0.0,"max_hp_gain":0.0,"max_hp_loss":0.0,"gold_gain":75.0,"event_name":"World of Goop","player_choice":"Gather Gold","floor":14.0,"gold_loss":0.0,"damage_taken":11.0}],"is_beta":false,"boss_relics":[{"not_picked":["Black Blood","Cursed Key"],"picked":"Empty Cage"}],"items_purged_floors":[],"is_endless":false,"potions_floor_spawned":[6,8,13,16],"killed_by":"2 Thieves","ascension_level":20}}