{"host":"8a3g9edf69u3epoz","time":1607669743,"event":{"mods":["BaseMod","Minty Spire (QoL Compilation)","Relic Stats","Remilia（蕾米莉亚）","StSLib","TestMod","UnlockEverythingMod","WarShipGirlsR/战舰少女R mod"],"gold_per_floor":[118,134,147,147,79,90,120,137,137,151,176,176,187,206,206,206,206],"floor_reached":16,"playtime":1451,"items_purged":[],"score":168,"play_id":"f483e63f-60fb-4dd4-9425-a009f330a03c","local_time":"20201211145543","is_ascension_mode":false,"campfire_choices":[{"data":"EquivalentExchange","floor":12,"key":"SMITH"},{"data":"ScarletMeister","floor":15,"key":"SMITH"}],"circlet_count":0,"master_deck":["Strike_RM","Strike_RM","Strike_RM","Strike_RM","Defend_RM","Defend_RM","Defend_RM","Defend_RM","RedMoon","ScarletShoot","Ultimatum","EmergencyRegeneration","Maim","LeisurelyOfLord","ScarletMeister+1","MiserableFate","BombardNight","FitfulNightmare","UnstableMagic","EquivalentExchange+1","BombardNight","ScarletSymphony","MastersStateliness"],"relics":["ScarletHat","testmod-TestBox","testmod-BatchProcessingSystem","Potion Belt","Mango","Akabeko"],"acts_visited":["Exordium"],"potions_floor_usage":[16],"damage_taken":[{"damage":0.0,"enemies":"Cultist","floor":1.0,"turns":3.0},{"damage":0,"enemies":"Small Slimes","floor":2,"turns":6},{"damage":4,"enemies":"Jaw Worm","floor":3,"turns":6},{"damage":0,"enemies":"3 Louse","floor":4,"turns":3},{"damage":40,"enemies":"Gremlin Gang","floor":6,"turns":6},{"damage":5,"enemies":"3 Sentries","floor":7,"turns":10},{"damage":14,"enemies":"Large Slime","floor":8,"turns":6},{"damage":0,"enemies":"2 Fungi Beasts","floor":10,"turns":4},{"damage":46,"enemies":"Gremlin Nob","floor":11,"turns":4},{"damage":55,"enemies":"3 Louse","floor":13,"turns":4},{"damage":1,"enemies":"Red Slaver","floor":14,"turns":4},{"damage":39,"enemies":"Slime Boss","floor":16,"turns":7}],"seed_played":"-2218067832128164775","potions_obtained":[{"floor":1.0,"key":"SmokeBomb"},{"floor":3,"key":"Swift Potion"},{"floor":6,"key":"Explosive Potion"},{"floor":7,"key":"Explosive Potion"},{"floor":10,"key":"SpeedPotion"},{"floor":13,"key":"Regen Potion"}],"is_trial":false,"path_per_floor":["M","M","M","M","$","M","E","M","T","M","E","R","M","M","R","B"],"character_chosen":"REMILIA","items_purchased":["FitfulNightmare"],"campfire_rested":0,"item_purchase_floors":[5],"current_hp_per_floor":[82,82,78,78,78,49,49,35,49,50,51,51,46,46,46,17,17],"gold":206,"neow_bonus":"TEN_PERCENT_HP_BONUS","is_daily":false,"chose_seed":false,"campfire_upgraded":2,"win_rate":0.0,"timestamp":1607669743,"path_taken":["M","M","M","M","$","?","E","M","T","M","E","R","M","M","R","BOSS"],"items_purchased_type":["Card"],"build_version":"2020-11-30","purchased_purges":0,"victory":false,"max_hp_per_floor":[82,82,82,82,82,82,82,82,96,96,96,96,96,96,96,96,96],"relic_stats":{"counters":[12,63],"obtain_stats":[{"Potion Belt":7,"testmod-TestBox":0,"testmod-BatchProcessingSystem":0,"Mango":9,"ScarletHat":0,"Akabeko":11},{"Potion Belt":6,"testmod-TestBox":0,"testmod-BatchProcessingSystem":0,"Mango":7,"ScarletHat":0,"Akabeko":9},{"Potion Belt":34,"testmod-TestBox":0,"testmod-BatchProcessingSystem":0,"Mango":40,"ScarletHat":0,"Akabeko":48}]},"card_choices":[{"not_picked":["BlasphemousPunishment","BadLadyScramble"],"picked":"Ultimatum","floor":1.0},{"not_picked":["Stigmanizer","Ultimatum"],"picked":"EmergencyRegeneration","floor":2},{"not_picked":["BloodHunter","UnstableMagic"],"picked":"Maim","floor":2},{"not_picked":["ScarletSymphony","EternalNight"],"picked":"LeisurelyOfLord","floor":3},{"not_picked":["UnderTheZenith","VampireKiss"],"picked":"ScarletMeister","floor":3},{"not_picked":["VampireKiss","ScarletDevil"],"picked":"MiserableFate","floor":4},{"not_picked":["BlasphemousPunishment","VampireKiss"],"picked":"BombardNight","floor":4},{"not_picked":["UnderTheZenith","RedMagic"],"picked":"UnstableMagic","floor":6},{"not_picked":["NightDance","ScarletNetherworld"],"picked":"EquivalentExchange","floor":7},{"not_picked":["BombardNight","BlasphemousPunishment","ScarletDevil"],"picked":"SKIP","floor":7},{"not_picked":["UnstableMagic","NightDance"],"picked":"BombardNight","floor":8},{"not_picked":["EmergencyRegeneration","Stigmanizer","ScarletGensokyo"],"picked":"SKIP","floor":8},{"not_picked":["UnderTheZenith","UnstableMagic"],"picked":"ScarletSymphony","floor":10},{"not_picked":["ScarletDevil","MiserableFate","BadLadyScramble"],"picked":"SKIP","floor":11},{"not_picked":["BlasphemousPunishment","ScarletDevil"],"picked":"MastersStateliness","floor":13},{"not_picked":["ScarletImprint","VampireSweep","ScarletDevil"],"picked":"SKIP","floor":13},{"not_picked":["DiffusionOfMisfortune","RedRainbow","Stigmanizer"],"picked":"SKIP","floor":14}],"player_experience":21854,"relics_obtained":[{"floor":7,"key":"Potion Belt"},{"floor":9,"key":"Mango"},{"floor":11,"key":"Akabeko"}],"event_choices":[],"is_beta":false,"boss_relics":[],"items_purged_floors":[],"is_endless":false,"potions_floor_spawned":[1,3,6,7,10,11,13],"killed_by":"Slime Boss","ascension_level":0}}