{"host":"1bqbj1s4pyvm9utn","time":1607647181,"event":{"mods":["AchievementEnabler","Aspiration","Bard","BaseMod","Beaked The Cultist","Better Altar","Better Match","Better Note","Better Sensory Stone","Better Skull","Better Third Choice","BetterRewards","CCEM","Clawfect","Colored Map","Conspire","Downfall","GifTheSpireLib","Halation","Hermit","Highlight Path","Hubris","Humility","Infinite Spire","Jedi Mod","Jorbs\u0027s Wanderer Trilogy","Mad Scientist","Marisa????????","Mimic Mod","Minty Spire (QoL Compilation)","Permanent Neow","Replay The Spire","Shade Mod","Shop Mod","Spicy Shops","StSLib","Stuff the Spire","The Bug Knight","The Construct","The Cursed","The Disciple","The Gatherer","The Hierophant","The Jungle","The Mystic","The Necromancer","The Runesmith","The Servant 0.9.4","The Spell Scribe","The Witch","Unceasing Turn Reminder","everything is the same but u backflip on backflip","slay the spire mod where everything is the same but ironclad has a cowboy hat","vexMod"],"gold_per_floor":[20,20,20,32,52,79,95,95,95],"floor_reached":8,"playtime":1510,"items_purged":[],"score":64,"play_id":"5b2edbea-4211-4bb1-8b1e-19dfa920621f","local_time":"20201210163941","is_ascension_mode":true,"campfire_choices":[],"circlet_count":0,"master_deck":["Strike_G","Strike_G","Strike_G","Strike_G","Strike_G","Defend_G","Defend_G","Defend_G","Defend_G","Survivor","Neutralize","Adrenaline","Poisoned Stab","Dagger Spray","hubris:Counter","Poison Darts","hubris:SlightOfHand"],"relics":["Ring of the Snake","Strawberry"],"acts_visited":["Exordium"],"potions_floor_usage":[6,8],"damage_taken":[{"damage":1,"enemies":"Small Slimes","floor":1,"turns":5},{"damage":2,"enemies":"Jaw Worm","floor":4,"turns":3},{"damage":1,"enemies":"Cultist","floor":5,"turns":3},{"damage":58,"enemies":"Gremlin Nob","floor":6,"turns":5},{"damage":12,"enemies":"Lots of Slimes","floor":7,"turns":2},{"damage":8,"enemies":"Lagavulin","floor":8,"turns":2}],"seed_played":"3787212060213160359","potions_obtained":[{"floor":1,"key":"Block Potion"},{"floor":4,"key":"Ancient Potion"}],"is_trial":false,"path_per_floor":["M","?","T","M","M","E","M","E"],"character_chosen":"THE_SILENT","items_purchased":[],"campfire_rested":0,"item_purchase_floors":[],"current_hp_per_floor":[69,69,69,67,66,15,3,0,0],"gold":95,"neow_bonus":"THREE_RARE_CARDS","is_daily":false,"chose_seed":false,"campfire_upgraded":0,"win_rate":0.0,"timestamp":1607647181,"path_taken":["M","?","?","M","M","E","M","E"],"items_purchased_type":[],"build_version":"2020-11-30","purchased_purges":0,"victory":false,"max_hp_per_floor":[70,70,70,70,70,77,77,77,77],"card_choices":[{"not_picked":["Die Die Die","StuffTheSpire:FinalStruggle"],"picked":"Adrenaline","floor":0},{"not_picked":["Dodge and Roll","StuffTheSpire:Shiver"],"picked":"Poisoned Stab","floor":1},{"not_picked":["StuffTheSpire:Python","ReplayTheSpireMod:Shiv Toss"],"picked":"Dagger Spray","floor":4},{"not_picked":["Sneak Up","ReplayTheSpireMod:The Works"],"picked":"hubris:Counter","floor":5},{"not_picked":["hubris:Sniper","Choke"],"picked":"Poison Darts","floor":6},{"not_picked":["Hidden Blade","StuffTheSpire:Python"],"picked":"hubris:SlightOfHand","floor":7}],"player_experience":761071,"relics_obtained":[{"floor":6,"key":"Strawberry"}],"event_choices":[],"is_beta":false,"boss_relics":[],"items_purged_floors":[],"is_endless":false,"potions_floor_spawned":[1,4],"killed_by":"Lagavulin","ascension_level":2}}