{"host":"q8o6l8eqnoevndy4","time":1607663957,"event":{"mods":["AchievementEnabler","Act Like it!","AlwaysNeverKeys","Bard","BaseMod","Bestiary","Better Altar","Better Match","Better Note","Better Sensory Stone","Better Skull","Better Third Choice","Better Vampires","Better-Laid Plans","Booster Modes","Colored Map","Colored Powertips","Custom Start","Disable Question Mark Monsters","Displayed Cursed Tome","Friendly Minions","GifTheSpireLib","Hermit","Highlight Path","Infinite Spire","Keyboard Shortcuts","Minty Spire (QoL Compilation)","Permanent Neow","Quick Restart","Random Character Button","Random Character Mod","Rare Cards Sparkle","Relic Sorter","Relic Stats","Reorder Act Four","Spicy Shops","StSLib","The Blackbeard","The Gatherer","Transform Curses","Virulent Crown"],"gold_per_floor":[109,120,133,83,83,83,97,97,115,115,132,10,10,10,22,22,22,119,119,139,13,33,33,84,84,96,96,178,178,197,197,209,223,223,223,326,326,338,338,338,349,349,349,349,363,363,38,38,58,58,58,58],"floor_reached":51,"playtime":1933,"items_purged":["Strike_R","Strike_R","Strike_R"],"score":441,"play_id":"4e5cd0d2-b872-49ad-996f-5f1a86737fb7","local_time":"20201211001917","is_ascension_mode":false,"campfire_choices":[{"data":"Sword Boomerang","floor":6.0,"key":"SMITH"},{"data":"Flame Barrier","floor":8.0,"key":"SMITH"},{"data":"Sword Boomerang","floor":13.0,"key":"SMITH"},{"floor":16.0,"key":"REST"},{"data":"Spot Weakness","floor":17.0,"key":"SMITH"},{"data":"Limit Break","floor":25.0,"key":"SMITH"},{"data":"Shrug It Off","floor":27.0,"key":"SMITH"},{"floor":29.0,"key":"REST"},{"floor":34.0,"key":"REST"},{"data":"Pummel","floor":35.0,"key":"SMITH"},{"floor":43.0,"key":"REST"},{"floor":48,"key":"REST"}],"circlet_count":0,"master_deck":["Defend_R","Defend_R","Defend_R","Bash","Spot Weakness+1","Sword Boomerang+1","Flame Barrier+1","Headbutt","Sword Boomerang+1","Shrug It Off","Flex","Limit Break+1","Shrug It Off+1","Twin Strike","Cleave","Disarm+1","Pummel+1","Reaper","infinitespire:Menacing","Disarm+1"],"relics":["Burning Blood"],"acts_visited":["Exordium","TheCity","TheBeyond"],"potions_floor_usage":[49,51,51],"damage_taken":[{"damage":13.0,"enemies":"Jaw Worm","floor":1.0,"turns":3.0},{"damage":0.0,"enemies":"2 Louse","floor":2.0,"turns":3.0},{"damage":6.0,"enemies":"Cultist","floor":3.0,"turns":3.0},{"damage":11.0,"enemies":"Blue Slaver","floor":7.0,"turns":4.0},{"damage":10.0,"enemies":"Gremlin Gang","floor":9.0,"turns":3.0},{"damage":10.0,"enemies":"Exordium Wildlife","floor":11.0,"turns":4.0},{"damage":16.0,"enemies":"Exordium Thugs","floor":15.0,"turns":3.0},{"damage":27.0,"enemies":"Slime Boss","floor":18.0,"turns":5.0},{"damage":12.0,"enemies":"Shell Parasite","floor":20.0,"turns":2.0},{"damage":23.0,"enemies":"2 Thieves","floor":22.0,"turns":4.0},{"damage":19.0,"enemies":"Chosen and Byrds","floor":26.0,"turns":5.0},{"damage":8.0,"enemies":"Snecko","floor":30.0,"turns":4.0},{"damage":18.0,"enemies":"Snake Plant","floor":32.0,"turns":3.0},{"damage":15.0,"enemies":"Sentry and Sphere","floor":33.0,"turns":5.0},{"damage":64.0,"enemies":"Automaton","floor":36.0,"turns":8.0},{"damage":18.0,"enemies":"Orb Walker","floor":38.0,"turns":4.0},{"damage":36.0,"enemies":"3 Shapes","floor":41.0,"turns":6.0},{"damage":8.0,"enemies":"Spire Growth","floor":44.0,"turns":4.0},{"damage":31,"enemies":"Maw","floor":45,"turns":11},{"damage":43,"enemies":"Writhing Mass","floor":49,"turns":7},{"damage":46,"enemies":"4 Shapes","floor":51,"turns":8}],"seed_played":"6349307161868762285","potions_obtained":[{"floor":0.0,"key":"FearPotion"},{"floor":0.0,"key":"ColorlessPotion"},{"floor":0.0,"key":"PowerPotion"},{"floor":49,"key":"FearPotion"}],"is_trial":false,"path_per_floor":["M","M","M","?","?","R","M","R","M","T","M","$","R","$","M","R","R","B",null,"M","$","M","?","T","R","M","R","T","R","M","?","M","M","R","R","B",null,"M","?","AVR","M","?","R","M","M","T","$","R","M","?","M"],"character_chosen":"IRONCLAD","items_purchased":["SmokeBomb","Flex","Shrug It Off","DistilledChaos","Block Potion","GamblersBrew"],"campfire_rested":5,"item_purchase_floors":[12,12,21,47,47,47],"current_hp_per_floor":[73,79,79,79,72,72,67,67,63,63,59,59,59,59,49,73,73,52,80,74,74,57,57,57,57,44,44,44,68,66,66,54,45,69,69,11,80,68,68,68,38,38,62,60,35,35,35,59,22,22,0,0],"gold":58,"neow_bonus":"THREE_SMALL_POTIONS","is_daily":false,"chose_seed":false,"campfire_upgraded":7,"win_rate":0.0,"timestamp":1607663957,"path_taken":["M","M","M","?","?","R","M","R","M","T","M","?","R","$","M","R","R","BOSS","M","$","?","?","?","R","?","R","T","R","M","?","M","M","R","R","BOSS","M","?","AVR","M","?","R","?","M","T","$","R","?","?","M"],"items_purchased_type":["Potion","Card","Card","Potion","Potion","Potion"],"build_version":"2020-11-30","purchased_purges":3,"victory":false,"max_hp_per_floor":[80,80,80,80,80,80,80,80,80,80,80,80,80,80,80,80,80,80,80,80,80,80,80,80,80,80,80,80,80,80,80,80,80,80,80,80,80,80,80,80,80,80,80,80,80,80,80,80,80,80,80,80],"relic_stats":{"counters":[21,99],"obtain_stats":[{"Burning Blood":0},{"Burning Blood":0},{"Burning Blood":0}],"Burning Blood":120},"card_choices":[{"not_picked":["Seeing Red","Battle Trance","Spot Weakness"],"picked":"SKIP","floor":1.0},{"not_picked":["Seeing Red","Battle Trance"],"picked":"Spot Weakness","floor":1.0},{"not_picked":["Uppercut","Sentinel"],"picked":"Sword Boomerang","floor":2.0},{"not_picked":["Iron Wave","Body Slam"],"picked":"Flame Barrier","floor":3.0},{"not_picked":["Perfected Strike","Double Tap"],"picked":"Headbutt","floor":7.0},{"not_picked":["Clothesline","Anger"],"picked":"Sword Boomerang","floor":9.0},{"not_picked":["True Grit","Body Slam"],"picked":"Shrug It Off","floor":11.0},{"not_picked":["Second Wind","Sword Boomerang"],"picked":"Inflame","floor":15.0},{"not_picked":["Berserk","Corruption"],"picked":"Limit Break","floor":18.0},{"not_picked":["Cleave","Flame Barrier+1","Armaments"],"picked":"SKIP","floor":20.0},{"not_picked":["Perfected Strike","Flex"],"picked":"Twin Strike","floor":22.0},{"not_picked":["Iron Wave","Warcry"],"picked":"Cleave","floor":26.0},{"not_picked":["Combust","Twin Strike+1"],"picked":"Disarm+1","floor":30.0},{"not_picked":["Headbutt","Rampage","Evolve+1"],"picked":"SKIP","floor":32.0},{"not_picked":["Spot Weakness","Anger","Cleave"],"picked":"SKIP","floor":33.0},{"not_picked":["Immolate","Double Tap"],"picked":"Reaper","floor":36.0},{"not_picked":["Thunderclap","Wild Strike+1","Heavy Blade"],"picked":"SKIP","floor":38.0},{"not_picked":["Power Through","Flex"],"picked":"Disarm+1","floor":41.0},{"not_picked":["Headbutt+1","Havoc+1","Perfected Strike"],"picked":"SKIP","floor":45},{"not_picked":["Headbutt+1","Cleave+1","True Grit"],"picked":"SKIP","floor":49}],"player_experience":1136489,"relics_obtained":[],"event_choices":[{"cards_removed":["Defend_R"],"damage_healed":0.0,"max_hp_gain":0.0,"max_hp_loss":0.0,"gold_gain":0.0,"event_name":"The Cleric","player_choice":"Card Removal","floor":4.0,"gold_loss":50.0,"damage_taken":0.0},{"cards_removed":["Strike_R"],"damage_healed":0.0,"max_hp_gain":0.0,"max_hp_loss":0.0,"gold_gain":0.0,"event_name":"Golden Wing","player_choice":"Card Removal","floor":5.0,"gold_loss":0.0,"damage_taken":7.0},{"damage_healed":0.0,"max_hp_gain":0.0,"max_hp_loss":0.0,"gold_gain":0.0,"event_name":"betterNote:BetterNote","player_choice":"Ignored","floor":23.0,"gold_loss":0.0,"damage_taken":0.0,"cards_obtained":["Jack Of All Trades"]},{"damage_healed":0.0,"max_hp_gain":0.0,"max_hp_loss":0.0,"gold_gain":0.0,"event_name":"The Library","player_choice":"Read","floor":31.0,"gold_loss":0.0,"damage_taken":0.0,"cards_obtained":["Pummel"]},{"cards_removed":["Inflame"],"damage_healed":0.0,"max_hp_gain":0.0,"max_hp_loss":0.0,"gold_gain":0.0,"event_name":"Falling","player_choice":"Removed Power","floor":39.0,"gold_loss":0.0,"damage_taken":0.0},{"cards_removed":["Strike_R"],"damage_healed":0.0,"max_hp_gain":0.0,"max_hp_loss":0.0,"gold_gain":0.0,"event_name":"Purifier","player_choice":"Purged","floor":42.0,"gold_loss":0.0,"damage_taken":0.0},{"damage_healed":0,"gold_gain":0,"player_choice":"Relic","damage_taken":0,"max_hp_gain":0,"max_hp_loss":0,"event_name":"Wheel of Change","floor":50,"gold_loss":0}],"is_beta":false,"boss_relics":[{"not_picked":["SacredBark","Mark of Pain","Astrolabe"]},{"not_picked":["Sozu","Calling Bell","Velvet Choker"]}],"items_purged_floors":[21,40,47],"is_endless":false,"potions_floor_spawned":[9,11,18,20,22,30,33,44,49],"killed_by":"4 Shapes","ascension_level":0}}