{"host":"mi0eibewekhugwl1","time":1607657788,"event":{"mods":["AchievementEnabler","BaseMod","Colored Map","Colored Powertips","DeckTracker","Keyboard Shortcuts","Minty Spire (QoL Compilation)","Quick Restart","Rare Cards Sparkle","Relic Stats","StSLib","SuperFastMode","everything is the same but u backflip on backflip"],"gold_per_floor":[212,225,235,235,123,152,162,177,202,216,216,216,232,232,232,232,232],"floor_reached":16,"playtime":303,"items_purged":["Strike_B"],"score":208,"play_id":"75854306-bcac-4709-b39e-f8911fc7f4f0","local_time":"20201211123628","is_ascension_mode":true,"campfire_choices":[{"data":"Zap","floor":12,"key":"SMITH"},{"data":"Go for the Eyes","floor":15,"key":"SMITH"}],"circlet_count":0,"master_deck":["AscendersBane","Strike_B","Strike_B","Strike_B","Defend_B","Defend_B","Defend_B","Zap+1","Dualcast","Go for the Eyes+1","Ball Lightning","Gash","Static Discharge","FTL","Buffer","Capacitor","Cold Snap","Undo","Decay"],"relics":["Cracked Core","PreservedInsect","Tiny Chest"],"acts_visited":["Exordium"],"potions_floor_usage":[10,16],"damage_taken":[{"damage":1,"enemies":"Cultist","floor":1,"turns":3},{"damage":1,"enemies":"Small Slimes","floor":2,"turns":4},{"damage":2,"enemies":"Jaw Worm","floor":3,"turns":4},{"damage":35,"enemies":"3 Sentries","floor":6,"turns":6},{"damage":0,"enemies":"Red Slaver","floor":7,"turns":4},{"damage":7,"enemies":"2 Fungi Beasts","floor":8,"turns":3},{"damage":7,"enemies":"Exordium Wildlife","floor":10,"turns":4},{"damage":9,"enemies":"Looter","floor":13,"turns":3},{"damage":25,"enemies":"Hexaghost","floor":16,"turns":9}],"seed_played":"7055240423436468037","potions_obtained":[{"floor":2,"key":"LiquidMemories"},{"floor":3,"key":"BlessingOfTheForge"}],"is_trial":false,"path_per_floor":["M","M","M","?","$","E","M","M","T","M","?","R","M","?","R","B"],"character_chosen":"DEFECT","items_purchased":["Static Discharge"],"campfire_rested":0,"item_purchase_floors":[5],"current_hp_per_floor":[63,62,60,60,60,25,25,18,18,11,34,34,25,25,25,0,0],"gold":232,"neow_bonus":"HUNDRED_GOLD","is_daily":false,"chose_seed":false,"campfire_upgraded":2,"win_rate":0.0,"timestamp":1607657788,"path_taken":["M","M","M","?","$","E","?","M","T","M","?","R","M","?","R","BOSS"],"items_purchased_type":["Card"],"build_version":"2020-11-30","purchased_purges":1,"victory":false,"max_hp_per_floor":[71,71,71,71,71,71,71,71,71,71,71,71,71,71,71,71,71],"relic_stats":{"counters":[9,40],"Tiny Chest":0,"PreservedInsect":0,"obtain_stats":[{"Tiny Chest":9,"PreservedInsect":6,"Cracked Core":0},{"Tiny Chest":6,"PreservedInsect":4,"Cracked Core":0},{"Tiny Chest":24,"PreservedInsect":17,"Cracked Core":0}]},"card_choices":[{"not_picked":["Barrage","BootSequence"],"picked":"Go for the Eyes","floor":1},{"not_picked":["Beam Cell","Redo"],"picked":"Ball Lightning","floor":2},{"not_picked":["Rebound","Hologram"],"picked":"Gash","floor":3},{"not_picked":["Double Energy","Cold Snap"],"picked":"FTL","floor":6},{"not_picked":["Melter","Rebound"],"picked":"Buffer","floor":7},{"not_picked":["Heatsinks","Steam"],"picked":"Capacitor","floor":8},{"not_picked":["Rebound","Barrage"],"picked":"Cold Snap","floor":10},{"not_picked":["Compile Driver","Leap"],"picked":"Undo","floor":13}],"player_experience":1659191,"relics_obtained":[{"floor":6,"key":"PreservedInsect"},{"floor":9,"key":"Tiny Chest"}],"event_choices":[{"cards_removed":["Defend_B"],"damage_healed":0,"gold_gain":0,"player_choice":"Offered Basic","damage_taken":0,"max_hp_gain":0,"max_hp_loss":0,"event_name":"Bonfire Elementals","floor":4,"gold_loss":0},{"damage_healed":23,"gold_gain":0,"player_choice":"Banana","damage_taken":0,"max_hp_gain":0,"max_hp_loss":0,"event_name":"Big Fish","floor":11,"gold_loss":0},{"damage_healed":0,"gold_gain":0,"player_choice":"Cursed","damage_taken":0,"max_hp_gain":0,"max_hp_loss":0,"event_name":"Wheel of Change","floor":14,"gold_loss":0,"cards_obtained":["Decay"]}],"is_beta":false,"boss_relics":[],"items_purged_floors":[5],"is_endless":false,"potions_floor_spawned":[2,3],"killed_by":"Hexaghost","ascension_level":20}}