{"host":"jm9833yuloeli2yd","time":1607650869,"event":{"mods":["BaseMod","StSLib","AchievementEnabler","Colored Map","Minty Spire (QoL Compilation)","Permanent Neow","SuperFastMode","Better Note","Better Altar","Better Match","Better Sensory Stone","Better Skull","DeckTracker","Better Vampires","Colored Powertips","Quick Restart"],"gold_per_floor":[117,8,158,170,32,64,64,92,166,180,194,194,194,194,194,287,287,302,192,212,5,26,65,65,65,65],"floor_reached":25,"playtime":1015,"items_purged":["Injury","Doubt"],"score":401,"play_id":"1ab2df7f-6ef1-45f3-9b69-16901a93001b","local_time":"20201210204109","is_ascension_mode":true,"campfire_choices":[{"data":"Venomology","floor":7.0,"key":"SMITH"},{"data":"Footwork","floor":12.0,"key":"SMITH"},{"floor":15.0,"key":"REST"},{"floor":24.0,"key":"REST"}],"circlet_count":0,"master_deck":["AscendersBane","Strike_G","Strike_G","Strike_G","Strike_G","Defend_G","Defend_G","Defend_G","Defend_G","Defend_G+1","Survivor","Neutralize","Venomology+1","Dagger Spray","Infinite Blades","Choke","Footwork+1","Endless Agony+1","Die Die Die","Backflip+1","Dodge and Roll","Wraith Form v2","PiercingWail","Deflect","Dodge and Roll","Escape Plan","Blade Dance"],"special_seed":0,"relics":["Ring of the Snake","Bag of Marbles","Eternal Feather","Bottled Lightning","Golden Idol","SacredBark","Medical Kit","Dream Catcher"],"acts_visited":["Exordium","TheCity"],"potions_floor_usage":[25,25],"damage_taken":[{"damage":0.0,"enemies":"2 Louse","floor":1.0,"turns":3.0},{"damage":8.0,"enemies":"Jaw Worm","floor":4.0,"turns":6.0},{"damage":10.0,"enemies":"Lagavulin","floor":6.0,"turns":6.0},{"damage":33.0,"enemies":"Gremlin Nob","floor":8.0,"turns":5.0},{"damage":0.0,"enemies":"Cultist","floor":10.0,"turns":1.0},{"damage":0.0,"enemies":"Red Slaver","floor":11.0,"turns":4.0},{"damage":25.0,"enemies":"Hexaghost","floor":16.0,"turns":17.0},{"damage":11.0,"enemies":"3 Byrds","floor":18.0,"turns":7.0},{"damage":6.0,"enemies":"Shell Parasite","floor":20.0,"turns":8.0},{"damage":13.0,"enemies":"Cultist and Chosen","floor":22.0,"turns":6.0},{"damage":13.0,"enemies":"Slavers","floor":23.0,"turns":9.0},{"damage":43,"enemies":"Gremlin Leader","floor":25,"turns":10}],"seed_played":"-4554210437813060519","potions_obtained":[{"floor":6.0,"key":"Fire Potion"},{"floor":11.0,"key":"EntropicBrew"},{"floor":16.0,"key":"FearPotion"},{"floor":20.0,"key":"Strength Potion"},{"floor":23.0,"key":"SpeedPotion"}],"is_trial":false,"path_per_floor":["M","$","?","M","$","E","R","E","T","M","M","R","?","?","R","B",null,"M","?","M","$","M","E","R","E"],"character_chosen":"THE_SILENT","items_purchased":["Infinite Blades","Footwork","Medical Kit","Dodge and Roll"],"campfire_rested":2,"item_purchase_floors":[2,5,21,21],"current_hp_per_floor":[59,59,59,51,51,41,41,8,8,8,8,20,20,2,32,7,47,36,36,30,30,17,4,37,0,0],"gold":65,"neow_bonus":"THREE_RARE_CARDS","is_daily":false,"chose_seed":false,"campfire_upgraded":2,"win_rate":0,"timestamp":1607650869,"path_taken":["M","$","?","M","$","E","R","E","T","M","M","R","?","?","R","BOSS","M","?","?","?","M","E","R","E"],"build_version":"2020-11-30","purchased_purges":2,"victory":false,"max_hp_per_floor":[66,66,66,66,66,66,66,66,66,66,66,66,60,60,60,60,60,60,60,60,60,60,60,60,60,60],"card_choices":[{"not_picked":["After Image","Tools of the Trade"],"picked":"Venomology","floor":0.0},{"not_picked":["Blur","Flying Knee"],"picked":"Dagger Spray","floor":1.0},{"not_picked":["Dagger Spray","Bane"],"picked":"Choke","floor":4.0},{"not_picked":["Underhanded Strike","Calculated Gamble"],"picked":"Endless Agony","floor":6.0},{"not_picked":["Acrobatics","Tools of the Trade"],"picked":"Die Die Die","floor":8.0},{"not_picked":["Poisoned Stab","Caltrops"],"picked":"Backflip","floor":10.0},{"not_picked":["Dagger Throw","Slice"],"picked":"Dodge and Roll","floor":11.0},{"not_picked":["Glass Knife","Burst"],"picked":"Wraith Form v2","floor":16.0},{"not_picked":["Poisoned Stab+1","Deadly Poison"],"picked":"PiercingWail","floor":18.0},{"not_picked":["Calculated Gamble","Dagger Throw"],"picked":"Deflect","floor":20.0},{"not_picked":["Poisoned Stab","Finisher","Setup"],"picked":"SKIP","floor":22.0},{"not_picked":["Distraction","Masterful Stab"],"picked":"Escape Plan","floor":23.0},{"not_picked":["Quick Slash","Infinite Blades"],"picked":"Blade Dance","floor":24.0}],"player_experience":1018187,"relics_obtained":[{"floor":6.0,"key":"Bag of Marbles"},{"floor":8.0,"key":"Eternal Feather"},{"floor":9.0,"key":"Bottled Lightning"},{"floor":23.0,"key":"Dream Catcher"}],"event_choices":[{"damage_healed":0.0,"max_hp_gain":0.0,"max_hp_loss":0.0,"gold_gain":150.0,"event_name":"Liars Game","player_choice":"AGREE","floor":3.0,"gold_loss":0.0,"damage_taken":0.0,"cards_obtained":["Doubt"]},{"damage_healed":0.0,"max_hp_gain":0.0,"max_hp_loss":6.0,"gold_gain":0.0,"event_name":"Golden Idol","player_choice":"Lose Max HP","floor":13.0,"gold_loss":0.0,"damage_taken":0.0,"relics_obtained":["Golden Idol"]},{"damage_healed":0.0,"max_hp_gain":0.0,"max_hp_loss":0.0,"gold_gain":0.0,"event_name":"Shining Light","player_choice":"Entered Light","floor":14.0,"gold_loss":0.0,"damage_taken":18.0,"cards_upgraded":["Backflip","Endless Agony"]},{"cards_removed":["Strike_G"],"damage_healed":0.0,"max_hp_gain":0.0,"max_hp_loss":0.0,"gold_gain":0.0,"event_name":"Designer","player_choice":"Upgrade and Remove","floor":19.0,"gold_loss":110.0,"damage_taken":0.0,"cards_upgraded":["Defend_G"]}],"is_beta":false,"boss_relics":[{"not_picked":["Black Star","WristBlade"],"picked":"SacredBark"}],"items_purged_floors":[2,5],"is_endless":false,"potions_floor_spawned":[6,11,16,20,23],"killed_by":"Gremlin Leader","ascension_level":15}}