{"host":"u0f5uy314yz7olfc","time":1607711363,"event":{"mods":["AchievementEnabler","Aspiration","BaseMod","Bestiary","Better Altar","Better Match","Better Note","Better Sensory Stone","Better Skull","Better Synergies","Better Third Choice","Better Vampires","BetterRewards","Block Reminder","Colored Map","Colored Powertips","Dota2Spire","Emptier Cage","Energized Spire","Friendly Minions","GifTheSpireLib","Gold Saver","Highlight Path","Hubris","Infinite Spire","Ironclad Rager","Marked Mod","Minty Spire (QoL Compilation)","Permanent Neow","Quick Restart","Rare Cards Sparkle","Relic Stats","Replay The Spire","Retaliation","Shop Mod","StSLib","The Bladedancer","Watcher Patcher"],"gold_per_floor":[117,117,45,62,78,78,111,3,3,3,3,29,29,40,40,40,40],"floor_reached":16,"playtime":1011,"items_purged":[],"score":108,"play_id":"ffee2aa8-f43d-48ad-bdec-63737b6e02a5","local_time":"20201212012923","is_ascension_mode":false,"campfire_choices":[{"floor":10.0,"key":"REST"},{"data":"Parasite","floor":15.0,"key":"PURGE"}],"circlet_count":0,"master_deck":["Strike_P","Strike_P","Strike_P","Defend_P","Defend_P+1","Defend_P","Defend_P","Eruption","Vigilance","ReplayTheSpireMod:Brewmster","MentalFortress","LikeWater","MentalFortress","Worship","Adaptation","Stack","FollowUp","Sadistic Nature+1","MarkedMod:GentlePulse","ReachHeaven","Warcry","Panache","MarkedMod:PinPointDefense"],"relics":["PureWater","hubris:Spice","hubris:SphereOfDissonance"],"acts_visited":["Exordium"],"potions_floor_usage":[16,16],"damage_taken":[{"damage":23.0,"enemies":"Cultist","floor":1.0,"turns":8.0},{"damage":1.0,"enemies":"2 Louse","floor":4.0,"turns":5.0},{"damage":5.0,"enemies":"Small Slimes","floor":5.0,"turns":6.0},{"damage":1.0,"enemies":"Lagavulin","floor":7.0,"turns":7.0},{"damage":27.0,"enemies":"Gremlin Nob","floor":12.0,"turns":4.0},{"damage":44.0,"enemies":"3 Louse","floor":14.0,"turns":6.0},{"damage":0,"enemies":"Slime Boss","floor":16,"turns":3}],"seed_played":"-2876138653926465842","potions_obtained":[{"floor":4.0,"key":"LiquidMemories"},{"floor":14.0,"key":"Dota2Spire:HealingSalve"}],"is_trial":false,"path_per_floor":["M","?","$","M","M","?","E","$","T","R","?","E","?","M","R_BF","B"],"character_chosen":"WATCHER","items_purchased":["hubris:Spice","ReplayTheSpireMod:Brewmster","MentalFortress","LikeWater","MentalFortress","Adaptation","ReachHeaven","Warcry"],"campfire_rested":1,"item_purchase_floors":[0,0,0,0,0,3,8,8],"current_hp_per_floor":[25,25,25,24,19,19,18,18,18,42,42,23,45,1,1,7,7],"gold":40,"neow_bonus":"","is_daily":false,"chose_seed":false,"campfire_upgraded":0,"win_rate":0.0,"timestamp":1607711363,"path_taken":["M","?","$","M","M","?","E","$","T","R","?","E","?","M","R_BF","BOSS"],"items_purchased_type":["Relic","Card","Card","Card","Card","Card","Card","Card"],"build_version":"2020-11-30","purchased_purges":0,"victory":false,"max_hp_per_floor":[80,80,80,80,80,80,80,80,80,80,80,88,88,88,85,85,85],"relic_stats":{"counters":[7,39],"obtain_stats":[{"hubris:Spice":0,"hubris:SphereOfDissonance":7,"PureWater":0},{"hubris:Spice":0,"hubris:SphereOfDissonance":4,"PureWater":0},{"hubris:Spice":0,"hubris:SphereOfDissonance":26,"PureWater":0}]},"card_choices":[{"not_picked":["ClearTheMind","Halt"],"picked":"Worship","floor":1.0},{"not_picked":["Clash","CutThroughFate"],"picked":"Stack","floor":4.0},{"not_picked":["Prostrate","MarkedMod:Acupuncture"],"picked":"FollowUp","floor":5.0},{"not_picked":["Tactician","SashWhip"],"picked":"MarkedMod:GentlePulse","floor":7.0},{"not_picked":["Clash","Replay:DivineShield"],"picked":"Panache","floor":12.0},{"not_picked":["EmptyFist","Underhanded Strike"],"picked":"MarkedMod:PinPointDefense","floor":14.0}],"player_experience":291702,"relics_obtained":[{"floor":7.0,"key":"hubris:SphereOfDissonance"},{"floor":12.0,"key":"hubris:Spice"}],"event_choices":[{"damage_healed":22.0,"max_hp_gain":0.0,"max_hp_loss":0.0,"gold_gain":0.0,"event_name":"Mushrooms","player_choice":"Healed and dodged fight","floor":13.0,"gold_loss":0.0,"damage_taken":0.0,"cards_obtained":["Parasite"]}],"is_beta":false,"boss_relics":[],"items_purged_floors":[],"is_endless":false,"potions_floor_spawned":[4,14],"killed_by":"Slime Boss","ascension_level":0}}