{"host":"ctlqibkg0sskiu65","time":1607687294,"event":{"mods":["2.2 Compatiblity","AchievementEnabler","Aspiration","BaseMod","BetterRewards","Colored Map","Colored Powertips","Conspire","Fiend Mod","Minty Spire (QoL Compilation)","Quick Restart","Shop Mod","StSLib","The Bladedancer","The Cursed","The Hierophant","The Jungle","The Kombatant","The Servant 0.9.4","TheBandit"],"gold_per_floor":[110,52,72,72,82,82,92,125,125,4,4,33,53,378,378,480,480,494,513,28,110,59,59,79,113,137,137,137],"floor_reached":27,"playtime":1424,"items_purged":["Strike_G","Strike_G"],"score":276,"play_id":"3abb8756-8e68-4b5f-a1e9-cf7ba33e90b6","local_time":"20201211054814","is_ascension_mode":true,"campfire_choices":[{"data":"Bandage Up","floor":6,"key":"SMITH"},{"floor":11,"key":"REST"},{"floor":15,"key":"REST"},{"data":"Envenom","floor":23,"key":"SMITH"}],"circlet_count":0,"master_deck":["Strike_G","Strike_G","Strike_G","Defend_G","Defend_G","Defend_G","Defend_G","Defend_G","Survivor","Neutralize","Envenom+1","Bane","Endless Agony","Bandage Up+1","Prepared","Crippling Poison","Deadly Poison","Catalyst","Poisoned Stab","Prepared","Adrenaline","Deadly Poison+1","Poisoned Stab","PiercingWail","Deflect"],"relics":["Ring of the Snake","Juzu Bracelet","aspiration:Lifesprig","Pantograph","Tough Bandages","Old Coin","Philosopher\u0027s Stone","Pear","HandDrill","White Beast Statue","conspire:GiftBox","Regal Pillow"],"acts_visited":["Exordium","TheCity"],"potions_floor_usage":[8,8,8,27],"damage_taken":[{"damage":1,"enemies":"2 Louse","floor":1,"turns":6},{"damage":1,"enemies":"Cultist","floor":3,"turns":5},{"damage":0,"enemies":"Small Slimes","floor":5,"turns":6},{"damage":12,"enemies":"Looter","floor":7,"turns":4},{"damage":22,"enemies":"3 Sentries","floor":8,"turns":8},{"damage":25,"enemies":"Lagavulin","floor":12,"turns":7},{"damage":0,"enemies":"Blue Slaver","floor":13,"turns":3},{"damage":25,"enemies":"3 Sentries","floor":14,"turns":11},{"damage":32,"enemies":"Hexaghost","floor":16,"turns":12},{"damage":13,"enemies":"3 Byrds","floor":18,"turns":4},{"damage":4,"enemies":"Spheric Guardian","floor":19,"turns":3},{"damage":38,"enemies":"Snecko","floor":24,"turns":6},{"damage":42,"enemies":"Slavers","floor":25,"turns":7},{"damage":8,"enemies":"Sentry and Sphere","floor":27,"turns":2}],"seed_played":"4790134990418344039","potions_obtained":[{"floor":1,"key":"BlessingOfTheForge"},{"floor":3,"key":"SteroidPotion"},{"floor":5,"key":"SkillPotion"},{"floor":24,"key":"Energy Potion"},{"floor":25,"key":"SteroidPotion"}],"is_trial":false,"path_per_floor":["M","?","M","?","M","R","M","E","T","$","R","E","M","E","R","B",null,"M","M","$","T","$","R","M","E","T","M"],"character_chosen":"THE_SILENT","items_purchased":["Deadly Poison","Pear","HandDrill","Poisoned Stab"],"campfire_rested":2,"item_purchase_floors":[10,20,20,22],"current_hp_per_floor":[48,48,47,47,51,51,45,29,29,29,50,31,31,12,33,32,70,57,59,69,69,69,69,37,1,1,0,0],"gold":137,"neow_bonus":"THREE_RARE_CARDS","is_daily":false,"chose_seed":false,"campfire_upgraded":2,"win_rate":0.0,"timestamp":1607687294,"path_taken":["M","?","M","?","M","R","M","E","T","?","R","E","M","E","R","BOSS","M","M","$","?","$","R","M","E","T","M"],"items_purchased_type":["Card","Relic","Relic","Card"],"build_version":"2020-11-30","purchased_purges":2,"victory":false,"max_hp_per_floor":[70,70,70,70,70,70,70,70,70,70,70,70,70,70,70,70,70,70,70,80,80,80,80,80,80,80,80,80],"card_choices":[{"not_picked":["Doppelganger","Venomology"],"picked":"Envenom","floor":0},{"not_picked":["conspire:DoublingDagger","Flying Knee"],"picked":"Bane","floor":1},{"not_picked":["Escape Plan","Sucker Punch"],"picked":"Endless Agony","floor":3},{"not_picked":["Riddle With Holes","Dodge and Roll"],"picked":"Prepared","floor":5},{"not_picked":["Deflect","Masterful Stab","Blur"],"picked":"SKIP","floor":7},{"not_picked":["All Out Attack","Acrobatics"],"picked":"Crippling Poison","floor":8},{"not_picked":["All Out Attack","After Image"],"picked":"Catalyst","floor":12},{"not_picked":["Endless Agony","Cloak And Dagger"],"picked":"Poisoned Stab","floor":13},{"not_picked":["Underhanded Strike","Acrobatics"],"picked":"Prepared","floor":14},{"not_picked":["Die Die Die","Storm of Steel"],"picked":"Adrenaline","floor":16},{"not_picked":["Dagger Throw+1","Backflip"],"picked":"Deadly Poison+1","floor":18},{"not_picked":["Quick Slash","Leg Sweep","All Out Attack+1"],"picked":"SKIP","floor":19},{"not_picked":["Infinite Blades","PiercingWail","Riddle With Holes"],"picked":"SKIP","floor":24},{"not_picked":["Infinite Blades","Riddle With Holes"],"picked":"PiercingWail","floor":24},{"not_picked":["Dodge and Roll","Prepared"],"picked":"Deflect","floor":25}],"player_experience":106779,"relics_obtained":[{"floor":8,"key":"aspiration:Lifesprig"},{"floor":9,"key":"Pantograph"},{"floor":12,"key":"Tough Bandages"},{"floor":14,"key":"Old Coin"},{"floor":21,"key":"White Beast Statue"},{"floor":25,"key":"conspire:GiftBox"},{"floor":26,"key":"Regal Pillow"}],"event_choices":[{"damage_healed":0,"gold_gain":0,"player_choice":"Paid Gold","damage_taken":0,"relics_obtained":["Juzu Bracelet"],"max_hp_gain":0,"max_hp_loss":0,"event_name":"WeMeetAgain","floor":2,"gold_loss":58},{"damage_healed":0,"gold_gain":0,"player_choice":"1 cards matched","damage_taken":0,"max_hp_gain":0,"max_hp_loss":0,"event_name":"Match and Keep!","floor":4,"gold_loss":0,"cards_obtained":["Bandage Up"]}],"is_beta":false,"boss_relics":[{"not_picked":["Runic Pyramid","Black Star"],"picked":"Philosopher\u0027s Stone"}],"items_purged_floors":[10,20],"is_endless":false,"potions_floor_spawned":[1,3,5,24,25],"killed_by":"Sentry and Sphere","ascension_level":2}}