{"host":"pcbz64t4k17ey4z1","time":1607721378,"event":{"mods":["2.2 Compatiblity","AchievementEnabler","Act Like it!","Aspiration","BaseMod","Beaked The Cultist","Better Match","BetterRewards","Card Forge","Colored Map","Colored Powertips","Conspire","Disable Question Mark Monsters","Fireblade Mod","Friendly Minions","GifTheSpireLib","Glutton Mod","Googly Eyes","Hermit","Hubris","Infinite Spire","Koishi","Marisa????????","Minty Spire (QoL Compilation)","Permanent Neow","Potionbrewer","Quick Restart","Random Character Button","Rare Cards Sparkle","Relic Filter","Replay The Spire","Shade Mod","Shop Mod","Small Relic Pack","StSLib","Stuff the Spire","SuperFastMode","The Animator","The Cursed","The Druid","The Gatherer","The Hierophant","The IronCluck","The Runesmith","Waifu the Spire","Wandering Minibosses","vexMod"],"gold_per_floor":[111,121,133,284,297,297,312,331,358,390,407,19,48,48,48,119,119,138,148,159,364,384,419,433,433,433],"floor_reached":25,"playtime":1316,"items_purged":[],"score":481,"play_id":"c16e7f61-dd4f-4de4-aecd-62e74920740f","local_time":"20201211211618","is_ascension_mode":true,"campfire_choices":[{"data":"SandsOfTime","floor":6,"key":"SMITH"},{"data":"MentalFortress","floor":15,"key":"SMITH"}],"circlet_count":0,"master_deck":["AscendersBane","Strike_P+1","Strike_P+1","Strike_P+1","Strike_P+1","Defend_P+1","Defend_P+1","Defend_P+1","Defend_P+1","Eruption+1","Vigilance+1","DeceiveReality","Halt","Study","Replay:DivineShield","SandsOfTime+1","Tantrum","MasterReality","MasterReality","MentalFortress+1","Replay:AllIn","AbeCurse","TalkToTheHand+1","FlurryOfBlows","JustLucky+1","CarveReality"],"relics":["Hammer of Thor","Seething Fire","Anvil of the Gods","hubris:VirtuousBlindfold","Toy Ornithopter","infinitespire:ShieldingShard","Yang","Abe\u0027s Treasure","aspiration:EmptySkull"],"acts_visited":["Exordium","TheCity"],"potions_floor_usage":[4,5,13,16,19,21,23],"damage_taken":[{"damage":0,"enemies":"infinitespire:Voidling","floor":1,"turns":3},{"damage":0,"enemies":"conspire:RoseBush","floor":2,"turns":2},{"damage":0,"enemies":"Jaw Worm","floor":3,"turns":3},{"damage":0,"enemies":"Gremlin Gang","floor":4,"turns":7},{"damage":0,"enemies":"Large Slime","floor":5,"turns":8},{"damage":0,"enemies":"2 Fungi Beasts","floor":7,"turns":3},{"damage":0,"enemies":"Exordium Thugs","floor":8,"turns":3},{"damage":0,"enemies":"Blue Slaver","floor":10,"turns":3},{"damage":0,"enemies":"2 Fungi Beasts","floor":11,"turns":4},{"damage":4,"enemies":"3 Sentries","floor":13,"turns":6},{"damage":29,"enemies":"The Guardian","floor":16,"turns":6},{"damage":0,"enemies":"Spheric Guardian","floor":18,"turns":4},{"damage":20,"enemies":"Chosen","floor":19,"turns":5},{"damage":5,"enemies":"conspire:HollyBat","floor":20,"turns":5},{"damage":6,"enemies":"Snake Plant","floor":21,"turns":8},{"damage":32,"enemies":"Sentry and Sphere","floor":22,"turns":5},{"damage":0,"enemies":"Book of Stabbing","floor":23,"turns":2},{"damage":0,"enemies":"conspire:HollyBat","floor":24,"turns":6},{"damage":16,"enemies":"Replay:Snechameleon","floor":25,"turns":2}],"seed_played":"8726984461051498033","potions_obtained":[{"floor":2,"key":"Weak Potion"},{"floor":3,"key":"DistilledChaos"},{"floor":7,"key":"BlessingOfTheForge"},{"floor":13,"key":"Strength Potion"},{"floor":16,"key":"potionbrewer:InfectionPotion"},{"floor":19,"key":"potionbrewer:ToxicPotion"},{"floor":21,"key":"PowerPotion"}],"is_trial":false,"path_per_floor":["M","M","M","M","M","R","M","M","T","M","M","$","E","$","R","B",null,"M","M","M","M","M","E","M","E"],"character_chosen":"WATCHER","items_purchased":["infinitespire:ShieldingShard","MasterReality"],"campfire_rested":0,"item_purchase_floors":[12,12],"current_hp_per_floor":[61,61,61,61,61,61,61,61,61,61,61,61,62,62,62,38,61,61,46,41,40,8,13,13,0,0],"gold":433,"neow_bonus":"BOSS_RELIC","is_daily":false,"chose_seed":false,"campfire_upgraded":2,"win_rate":0.0,"timestamp":1607721378,"path_taken":["M","?","M","M","M","R","M","?","T","M","M","$","E","$","R","BOSS","M","M","M","M","M","E","M","E"],"items_purchased_type":["Relic","Card"],"build_version":"2020-11-30","purchased_purges":0,"victory":false,"max_hp_per_floor":[68,68,68,68,68,68,68,68,68,68,68,68,68,68,68,68,68,68,68,68,68,68,68,68,68,68],"card_choices":[{"not_picked":["ThirdEye","EmptyBody"],"picked":"DeceiveReality","floor":1},{"not_picked":["Worship","ClearTheMind"],"picked":"Halt","floor":2},{"not_picked":["FearNoEvil","CutThroughFate"],"picked":"Study","floor":3},{"not_picked":["WindmillStrike","Replay:AtTheReady"],"picked":"Replay:DivineShield","floor":4},{"not_picked":["Replay:BluntJabs","FlyingSleeves"],"picked":"SandsOfTime","floor":5},{"not_picked":["Collect","Halt"],"picked":"Tantrum","floor":7},{"not_picked":["Consecrate","Worship","PathToVictory"],"picked":"SKIP","floor":8},{"not_picked":["Conclude","Prostrate","Protect"],"picked":"SKIP","floor":10},{"not_picked":["CrushJoints","ThirdEye","PathToVictory"],"picked":"SKIP","floor":11},{"not_picked":["ThirdEye","WindmillStrike"],"picked":"MentalFortress","floor":13},{"not_picked":["Vault","Wish"],"picked":"Replay:AllIn","floor":16},{"not_picked":["Indignation","Prostrate"],"picked":"TalkToTheHand+1","floor":18},{"not_picked":["Adaptation","ForeignInfluence+1"],"picked":"FlurryOfBlows","floor":19},{"not_picked":["Replay:BluntJabs","Consecrate","SashWhip"],"picked":"SKIP","floor":20},{"not_picked":["ThirdEye","FlyingSleeves","ClearTheMind"],"picked":"SKIP","floor":21},{"not_picked":["DeceiveReality","Prostrate+1"],"picked":"JustLucky+1","floor":22},{"not_picked":["WreathOfFlame","EmptyFist"],"picked":"CarveReality","floor":23},{"not_picked":["Crescendo","Tantrum","LessonLearned"],"picked":"SKIP","floor":24},{"not_picked":["Crescendo","Tantrum","LessonLearned"],"picked":"SKIP","floor":24},{"not_picked":["Crescendo","Tantrum","LessonLearned"],"picked":"SKIP","floor":24}],"player_experience":3712758,"relics_obtained":[{"floor":9,"key":"Toy Ornithopter"},{"floor":13,"key":"Yang"},{"floor":23,"key":"aspiration:EmptySkull"}],"event_choices":[],"is_beta":false,"boss_relics":[{"not_picked":["Honey Jar","Runesmith:UraniumAnvil"],"picked":"Abe\u0027s Treasure"}],"items_purged_floors":[],"is_endless":false,"potions_floor_spawned":[2,3,7,13,16,19,21],"killed_by":"Replay:Snechameleon","ascension_level":17}}