{"host":"aeidq2c3auzxo1yh","time":1607705488,"event":{"mods":["AchievementEnabler","BaseMod","Colored Map","Colored Powertips","Minty Spire (QoL Compilation)","Relic Stats","StSLib"],"gold_per_floor":[115,115,131,148,13,13,46,46,69,86,100,100,100,114,114,191,191,144,59,70,70,70],"floor_reached":21,"playtime":1247,"items_purged":[],"score":362,"play_id":"210dc26a-3f48-41b1-845d-e96dbdb82db5","local_time":"20201211215128","is_ascension_mode":true,"campfire_choices":[{"data":"Whirlwind","floor":6,"key":"SMITH"},{"data":"True Grit","floor":8,"key":"SMITH"},{"data":"Inflame","floor":12,"key":"SMITH"},{"data":"Heavy Blade","floor":15,"key":"SMITH"}],"circlet_count":0,"master_deck":["AscendersBane","Strike_R","Strike_R","Strike_R","Strike_R","Strike_R","Defend_R","Defend_R","Defend_R","Defend_R","Bash","Anger","Dropkick","Shrug It Off","True Grit+1","Whirlwind+1","Inflame+1","Heavy Blade+1","Pummel","Impervious","Iron Wave+1","Inflame"],"relics":["Burning Blood","GremlinMask","Potion Belt","Anchor","SlaversCollar"],"acts_visited":["Exordium","TheCity"],"potions_floor_usage":[7,16],"damage_taken":[{"damage":7,"enemies":"Cultist","floor":1,"turns":4},{"damage":7,"enemies":"Jaw Worm","floor":3,"turns":3},{"damage":7,"enemies":"2 Louse","floor":4,"turns":4},{"damage":11,"enemies":"Lagavulin","floor":7,"turns":6},{"damage":4,"enemies":"Large Slime","floor":10,"turns":4},{"damage":10,"enemies":"3 Louse","floor":11,"turns":3},{"damage":16,"enemies":"Exordium Thugs","floor":14,"turns":3},{"damage":67,"enemies":"Slime Boss","floor":16,"turns":11},{"damage":23,"enemies":"2 Thieves","floor":18,"turns":5},{"damage":44,"enemies":"3 Byrds","floor":20,"turns":8},{"damage":23,"enemies":"Snake Plant","floor":21,"turns":5}],"seed_played":"-6534577386519768878","potions_obtained":[{"floor":3,"key":"FairyPotion"},{"floor":4,"key":"ColorlessPotion"},{"floor":10,"key":"LiquidBronze"},{"floor":20,"key":"Strength Potion"}],"is_trial":false,"path_per_floor":["M","?","M","M","$","R","E","R","T","M","M","R","?","M","R","B",null,"M","$","M","M"],"character_chosen":"IRONCLAD","items_purchased":["True Grit","Whirlwind","Inflame"],"campfire_rested":0,"item_purchase_floors":[5,5,19],"current_hp_per_floor":[74,74,73,72,72,72,67,67,67,69,65,65,70,60,60,28,72,55,55,17,0,0],"gold":70,"neow_bonus":"TEN_PERCENT_HP_BONUS","is_daily":false,"chose_seed":false,"campfire_upgraded":4,"win_rate":0.0,"timestamp":1607705488,"path_taken":["M","?","M","M","$","R","E","R","T","M","?","R","?","M","R","BOSS","M","$","M","M"],"items_purchased_type":["Card","Card","Card"],"build_version":"2020-11-30","purchased_purges":0,"victory":false,"max_hp_per_floor":[82,82,82,82,82,82,82,82,82,82,82,82,87,87,87,87,87,87,87,87,87,87],"relic_stats":{"counters":[11,56],"obtain_stats":[{"Potion Belt":7,"SlaversCollar":17,"Anchor":9,"GremlinMask":2,"Burning Blood":0},{"Potion Belt":4,"SlaversCollar":8,"Anchor":4,"GremlinMask":1,"Burning Blood":0},{"Potion Belt":17,"SlaversCollar":38,"Anchor":17,"GremlinMask":4,"Burning Blood":0}],"Burning Blood":60},"card_choices":[{"not_picked":["Warcry","Rupture"],"picked":"Anger","floor":1},{"not_picked":["Flex","Headbutt"],"picked":"Dropkick","floor":3},{"not_picked":["Rupture","Wild Strike"],"picked":"Shrug It Off","floor":4},{"not_picked":["Twin Strike","Second Wind","Reckless Charge"],"picked":"SKIP","floor":7},{"not_picked":["Sentinel","Disarm"],"picked":"Inflame","floor":10},{"not_picked":["Thunderclap","Disarm"],"picked":"Heavy Blade","floor":11},{"not_picked":["Second Wind","Bloodletting"],"picked":"Pummel","floor":14},{"not_picked":["Corruption","Juggernaut"],"picked":"Impervious","floor":16},{"not_picked":["Body Slam","Armaments"],"picked":"Iron Wave+1","floor":18},{"not_picked":["Perfected Strike","Reckless Charge","Flex"],"picked":"SKIP","floor":20}],"player_experience":837909,"relics_obtained":[{"floor":7,"key":"Potion Belt"},{"floor":9,"key":"Anchor"}],"event_choices":[{"damage_healed":0,"gold_gain":0,"player_choice":"Trade","damage_taken":0,"relics_obtained":["GremlinMask"],"max_hp_gain":0,"max_hp_loss":0,"event_name":"FaceTrader","floor":2,"gold_loss":0},{"damage_healed":0,"gold_gain":0,"player_choice":"Donut","damage_taken":0,"max_hp_gain":5,"max_hp_loss":0,"event_name":"Big Fish","floor":13,"gold_loss":0}],"is_beta":false,"boss_relics":[{"not_picked":["Philosopher\u0027s Stone","Tiny House"],"picked":"SlaversCollar"}],"items_purged_floors":[],"is_endless":false,"potions_floor_spawned":[3,4,10,20],"killed_by":"Snake Plant","ascension_level":20}}