{"host":"tf8owpcxhp2xn1j6","time":1607692048,"event":{"mods":["AchievementEnabler","BaseMod","Colored Map","Colored Powertips","Custom Start","DeckTracker","Minty Spire (QoL Compilation)","Permanent Neow","Quick Restart","StSLib","SuperFastMode"],"gold_per_floor":[119,134,150,169,94,123,139,139,162,178,178,191,191,191],"floor_reached":13,"playtime":703,"items_purged":["Defend_R"],"score":98,"play_id":"2fa9aadf-7b6b-43aa-be07-022474446428","local_time":"20201211220728","is_ascension_mode":true,"campfire_choices":[{"floor":8,"key":"REST"}],"circlet_count":0,"master_deck":["Strike_R","Strike_R","Strike_R","Strike_R","Strike_R","Defend_R","Defend_R","Defend_R","Bash","Secret Weapon","Twin Strike","Heavy Blade","Perfected Strike","Brutality","Perfected Strike","Seeing Red","Anger"],"relics":["Burning Blood","InkBottle"],"acts_visited":["Exordium"],"potions_floor_usage":[4,12],"damage_taken":[{"damage":4,"enemies":"2 Louse","floor":1,"turns":3},{"damage":4,"enemies":"Jaw Worm","floor":2,"turns":5},{"damage":1,"enemies":"Cultist","floor":3,"turns":3},{"damage":10,"enemies":"Large Slime","floor":4,"turns":4},{"damage":47,"enemies":"3 Sentries","floor":6,"turns":9},{"damage":17,"enemies":"Blue Slaver","floor":7,"turns":4},{"damage":12,"enemies":"2 Fungi Beasts","floor":10,"turns":3},{"damage":12,"enemies":"Lots of Slimes","floor":12,"turns":4},{"damage":37,"enemies":"Lagavulin","floor":13,"turns":3}],"seed_played":"4285795985923982846","potions_obtained":[{"floor":1,"key":"Explosive Potion"},{"floor":6,"key":"Fire Potion"}],"is_trial":false,"path_per_floor":["M","M","M","M","$","E","M","R","T","M","?","M","E"],"character_chosen":"IRONCLAD","items_purchased":[],"campfire_rested":1,"item_purchase_floors":[],"current_hp_per_floor":[58,60,65,61,61,20,9,33,33,27,27,21,0,0],"gold":191,"neow_bonus":"RANDOM_COLORLESS_2","is_daily":false,"chose_seed":false,"campfire_upgraded":0,"win_rate":0.0,"timestamp":1607692048,"path_taken":["M","M","M","M","$","E","M","R","T","M","?","M","E"],"items_purchased_type":[],"build_version":"2020-11-30","purchased_purges":1,"victory":false,"max_hp_per_floor":[80,80,80,80,80,80,80,80,80,80,80,80,80,80],"card_choices":[{"not_picked":["Mayhem","Thinking Ahead"],"picked":"Secret Weapon","floor":0},{"not_picked":["Thunderclap","Body Slam"],"picked":"Twin Strike","floor":1},{"not_picked":["Pummel","Havoc"],"picked":"Heavy Blade","floor":2},{"not_picked":["Feel No Pain","Flex"],"picked":"Perfected Strike","floor":3},{"not_picked":["Blood for Blood","Clothesline","Whirlwind"],"picked":"SKIP","floor":4},{"not_picked":["Uppercut","Sword Boomerang"],"picked":"Brutality","floor":6},{"not_picked":["Clothesline","Burning Pact"],"picked":"Perfected Strike","floor":7},{"not_picked":["Wild Strike","Inflame"],"picked":"Seeing Red","floor":10},{"not_picked":["Evolve","Infernal Blade"],"picked":"Anger","floor":12}],"player_experience":250148,"relics_obtained":[{"floor":6,"key":"InkBottle"}],"event_choices":[{"damage_healed":0,"gold_gain":0,"player_choice":"Ignored","damage_taken":0,"max_hp_gain":0,"max_hp_loss":0,"event_name":"Liars Game","floor":11,"gold_loss":0}],"is_beta":false,"boss_relics":[],"items_purged_floors":[5],"is_endless":false,"potions_floor_spawned":[1,6],"killed_by":"Lagavulin","ascension_level":2}}