{"host":"agela5aetnmltfvm","time":1607708332,"event":{"mods":["BaseMod","Colored Map","Jorbs\u0027s Wanderer Trilogy","Lobotomy","Minty Spire (QoL Compilation)","Replay The Spire","StSLib","The Hierophant","The Jungle","The Runesmith"],"gold_per_floor":[117,132,58,76,76,76,87,97,120,143,143,68,68,86,86,193,193,221,136,136,179,104,104,113,156,179,222,35,68,105,105,105,127,127],"floor_reached":33,"playtime":1641,"items_purged":["stsjorbsmod:Strike_Wanderer"],"score":259,"play_id":"f1f40764-3dcd-4db4-9413-8ec85221511c","local_time":"20201212013852","is_ascension_mode":false,"campfire_choices":[{"data":"stsjorbsmod:IvoryTower","floor":6,"key":"SMITH"},{"data":"stsjorbsmod:Mania","floor":11,"key":"SMITH"},{"data":"stsjorbsmod:DoubleCheck","floor":13,"key":"SMITH"},{"data":"stsjorbsmod:EyeOfTheStorm","floor":15,"key":"SMITH"},{"data":"stsjorbsmod:GatherPower","floor":23,"key":"SMITH"},{"floor":32,"key":"REST"}],"circlet_count":0,"master_deck":["stsjorbsmod:ForbiddenGrimoire+1","stsjorbsmod:Strike_Wanderer","stsjorbsmod:Strike_Wanderer","stsjorbsmod:Strike_Wanderer","stsjorbsmod:Defend_Wanderer+1","stsjorbsmod:Defend_Wanderer","stsjorbsmod:Defend_Wanderer+1","stsjorbsmod:FreshAdventure+1","stsjorbsmod:EyeOfTheStorm+1","stsjorbsmod:IvoryTower+1","stsjorbsmod:Prepare","stsjorbsmod:FlameWard","stsjorbsmod:BookOfTongues+1","stsjorbsmod:Mania+1","stsjorbsmod:DoubleCheck+1","stsjorbsmod:Withdraw","stsjorbsmod:ChainLightning","stsjorbsmod:GatherPower+1","stsjorbsmod:ArcaneWeapon","stsjorbsmod:ColorSpray","Discovery","stsjorbsmod:Message+1","stsjorbsmod:Trauma","stsjorbsmod:Prestidigitation","stsjorbsmod:Channel","stsjorbsmod:Materialize"],"relics":["stsjorbsmod:GrimoireRelic","CeramicFish","Honey Jar","Replay:Bandana","Happy Flower","Nunchaku","HandDrill"],"acts_visited":["Exordium","TheCity"],"potions_floor_usage":[29],"damage_taken":[{"damage":12,"enemies":"Cultist","floor":1,"turns":4},{"damage":3,"enemies":"Jaw Worm","floor":2,"turns":3},{"damage":1,"enemies":"Small Slimes","floor":4,"turns":4},{"damage":1,"enemies":"3 Louse","floor":7,"turns":2},{"damage":2,"enemies":"Gremlin Gang","floor":8,"turns":3},{"damage":0,"enemies":"2 Fungi Beasts","floor":10,"turns":4},{"damage":0,"enemies":"Exordium Thugs","floor":14,"turns":4},{"damage":17,"enemies":"The Guardian","floor":16,"turns":10},{"damage":15,"enemies":"2 Thieves","floor":18,"turns":3},{"damage":10,"enemies":"3 Byrds","floor":21,"turns":4},{"damage":17,"enemies":"Book of Stabbing","floor":25,"turns":6},{"damage":0,"enemies":"Snecko","floor":27,"turns":3},{"damage":0,"enemies":"Snake Plant","floor":29,"turns":4},{"damage":15,"enemies":"Shelled Parasite and Fungi","floor":30,"turns":4},{"damage":41,"enemies":"Automaton","floor":33,"turns":6}],"seed_played":"5128791347405803453","potions_obtained":[{"floor":1,"key":"SteroidPotion"},{"floor":4,"key":"Energy Potion"},{"floor":14,"key":"SteroidPotion"},{"floor":16,"key":"Ancient Potion"},{"floor":21,"key":"SteroidPotion"},{"floor":25,"key":"Energy Potion"},{"floor":29,"key":"Fruit Juice"}],"is_trial":false,"path_per_floor":["M","M","$","M","?","R","M","M","T","M","R","$","R","M","R","B",null,"M","?","?","M","?","R","?","E","T","M","$","M","M","?","R","B"],"character_chosen":"WANDERER","items_purchased":["stsjorbsmod:BookOfTongues","stsjorbsmod:Prestidigitation","HandDrill"],"campfire_rested":1,"item_purchase_floors":[3,28,28],"current_hp_per_floor":[58,56,56,56,56,56,56,55,55,57,57,57,57,59,59,42,68,55,55,55,47,47,47,47,31,31,32,32,38,24,11,34,0,0],"gold":127,"neow_bonus":"ONE_RANDOM_RARE_CARD","is_daily":false,"chose_seed":false,"campfire_upgraded":5,"win_rate":0.0,"timestamp":1607708332,"path_taken":["M","?","$","M","?","R","M","M","T","M","R","?","R","M","R","BOSS","M","?","?","M","?","R","?","E","T","?","$","M","?","?","R","BOSS"],"items_purchased_type":["Card","Card","Relic"],"build_version":"2020-11-30","purchased_purges":1,"victory":false,"max_hp_per_floor":[68,68,68,68,68,68,68,68,68,68,68,68,68,68,68,68,68,68,68,68,68,68,68,68,68,68,68,68,73,73,78,78,78,78],"card_choices":[{"not_picked":["stsjorbsmod:Introspection","stsjorbsmod:ArcaneWeapon"],"picked":"stsjorbsmod:Prepare","floor":1},{"not_picked":["stsjorbsmod:UnseenServant","stsjorbsmod:Materialize"],"picked":"stsjorbsmod:FlameWard","floor":2},{"not_picked":["stsjorbsmod:OldPocket","stsjorbsmod:FracturedMind"],"picked":"stsjorbsmod:Mania","floor":4},{"not_picked":["stsjorbsmod:Materialize","stsjorbsmod:Aid"],"picked":"stsjorbsmod:Withdraw","floor":7},{"not_picked":["stsjorbsmod:Hibernate","stsjorbsmod:RayOfFrost","stsjorbsmod:UnseenServant"],"picked":"SKIP","floor":8},{"not_picked":["stsjorbsmod:FindFamiliar","stsjorbsmod:TrueStrike"],"picked":"stsjorbsmod:ChainLightning","floor":10},{"not_picked":["stsjorbsmod:ParryingBlow","stsjorbsmod:Hibernate","stsjorbsmod:DisguiseSelf"],"picked":"SKIP","floor":14},{"not_picked":["stsjorbsmod:Fireball","stsjorbsmod:Banish"],"picked":"stsjorbsmod:GatherPower","floor":16},{"not_picked":["stsjorbsmod:Hurt+1","stsjorbsmod:Channel","stsjorbsmod:Aid"],"picked":"stsjorbsmod:ArcaneWeapon","floor":18},{"not_picked":["stsjorbsmod:LoseGrip","stsjorbsmod:Hibernate+1","stsjorbsmod:DoubleCheck"],"picked":"stsjorbsmod:ColorSpray","floor":21},{"not_picked":["stsjorbsmod:Hurt","stsjorbsmod:BlackTentacles+1","stsjorbsmod:Thorns"],"picked":"stsjorbsmod:Message+1","floor":25},{"not_picked":["stsjorbsmod:LoseGrip+1","stsjorbsmod:HedgeWizard","stsjorbsmod:Prepare"],"picked":"stsjorbsmod:Trauma","floor":27},{"not_picked":["stsjorbsmod:WeightOfMemory","stsjorbsmod:Rest+1","stsjorbsmod:DisguiseSelf+1"],"picked":"stsjorbsmod:Channel","floor":29},{"not_picked":["stsjorbsmod:TollTheDead+1","stsjorbsmod:ChainLightning","stsjorbsmod:Hibernate"],"picked":"stsjorbsmod:Materialize","floor":30}],"player_experience":513151,"relics_obtained":[{"floor":9,"key":"CeramicFish"},{"floor":25,"key":"Happy Flower"},{"floor":26,"key":"Nunchaku"}],"event_choices":[{"damage_healed":0,"gold_gain":0,"player_choice":"2 cards matched","damage_taken":0,"max_hp_gain":0,"max_hp_loss":0,"event_name":"Match and Keep!","floor":5,"gold_loss":0,"cards_obtained":["stsjorbsmod:DoubleCheck","stsjorbsmod:Patron"]},{"damage_healed":0,"gold_gain":0,"player_choice":"Obtained Relic","damage_taken":0,"relics_obtained":["Replay:Bandana"],"max_hp_gain":0,"max_hp_loss":0,"event_name":"Addict","floor":19,"gold_loss":85},{"damage_healed":0,"gold_gain":0,"player_choice":"Ignored","damage_taken":0,"max_hp_gain":0,"max_hp_loss":0,"event_name":"Ghosts","floor":20,"gold_loss":0},{"cards_removed":["stsjorbsmod:Defend_Wanderer"],"damage_healed":0,"gold_gain":0,"player_choice":"Gave Gold","damage_taken":0,"max_hp_gain":0,"max_hp_loss":0,"event_name":"Beggar","floor":22,"gold_loss":75},{"damage_healed":0,"gold_gain":0,"player_choice":"1 cards matched","damage_taken":0,"max_hp_gain":0,"max_hp_loss":0,"event_name":"Match and Keep!","floor":24,"gold_loss":0,"cards_obtained":["Discovery"]},{"damage_healed":0,"gold_gain":0,"player_choice":"Shed Blood","damage_taken":18,"max_hp_gain":5,"max_hp_loss":0,"event_name":"Forgotten Altar","floor":31,"gold_loss":0}],"is_beta":false,"boss_relics":[{"not_picked":["Sozu","Cursed Key"],"picked":"Honey Jar"}],"items_purged_floors":[12],"is_endless":false,"potions_floor_spawned":[1,4,14,16,21,25,29],"killed_by":"Automaton","ascension_level":0}}