{"host":"pdblcivshj41hlsq","time":1607692765,"event":{"mods":["BaseMod","Hermit","Minty Spire (QoL Compilation)","StSLib","The Cursed","The Runesmith"],"gold_per_floor":[109,284,284,304,314,314,347,347,347,368,368,393,74,93,93,205,205,229,34,34,58,78,78,28,53,53,95,95,120,144,144,144],"floor_reached":31,"playtime":1099,"items_purged":["hermit:Strike_Hermit","hermit:Defend_Hermit"],"score":340,"play_id":"e0edfc81-5283-4d63-a9e4-efb9f5e30a23","local_time":"20201211221925","is_ascension_mode":true,"campfire_choices":[{"data":"hermit:Scavenge","floor":6,"key":"SMITH"},{"data":"hermit:Snapshot","floor":8,"key":"SMITH"},{"data":"hermit:Brawl","floor":11,"key":"SMITH"},{"data":"hermit:Headshot","floor":15,"key":"SMITH"},{"data":"hermit:ShadowCloak","floor":23,"key":"SMITH"},{"data":"hermit:FatalDesire","floor":28,"key":"SMITH"}],"circlet_count":0,"master_deck":["hermit:Strike_Hermit","hermit:Strike_Hermit","hermit:Strike_Hermit","hermit:Defend_Hermit","hermit:Defend_Hermit","hermit:Defend_Hermit","hermit:Snapshot+1","hermit:Covet","hermit:Coalescence","hermit:Scavenge+1","hermit:Headshot+1","hermit:Brawl+1","hermit:ShadowCloak+1","hermit:FatalDesire+1","hermit:FlashPowder+1","hermit:FatalDesire"],"relics":["hermit:Momento","NeowsBlessing","Mercury Hourglass","Eternal Feather","Gremlin Horn","Sozu","Membership Card","MutagenicStrength","Mummified Hand","Bag of Preparation"],"acts_visited":["Exordium","TheCity"],"potions_floor_usage":[14,18],"damage_taken":[{"damage":0,"enemies":"Jaw Worm","floor":1,"turns":1},{"damage":0,"enemies":"2 Louse","floor":4,"turns":1},{"damage":0,"enemies":"Cultist","floor":5,"turns":1},{"damage":25,"enemies":"Gremlin Nob","floor":7,"turns":5},{"damage":0,"enemies":"Large Slime","floor":10,"turns":4},{"damage":3,"enemies":"Blue Slaver","floor":12,"turns":3},{"damage":14,"enemies":"Exordium Wildlife","floor":14,"turns":4},{"damage":0,"enemies":"Slime Boss","floor":16,"turns":7},{"damage":13,"enemies":"Chosen","floor":18,"turns":5},{"damage":9,"enemies":"3 Byrds","floor":21,"turns":4},{"damage":4,"enemies":"Centurion and Healer","floor":22,"turns":4},{"damage":8,"enemies":"Snecko","floor":25,"turns":4},{"damage":22,"enemies":"Book of Stabbing","floor":27,"turns":6},{"damage":0,"enemies":"Chosen and Byrds","floor":29,"turns":5},{"damage":18,"enemies":"Centurion and Healer","floor":30,"turns":5}],"seed_played":"-2150902386429927341","potions_obtained":[{"floor":5,"key":"SkillPotion"},{"floor":10,"key":"Energy Potion"},{"floor":12,"key":"SpeedPotion"},{"floor":16,"key":"EssenceOfSteel"}],"is_trial":false,"path_per_floor":["M","?","?","M","M","R","E","R","T","M","R","M","$","M","R","B",null,"M","$","?","M","M","R","$","M","T","E","R","M","M","?"],"character_chosen":"HERMIT","items_purchased":["Gremlin Horn","hermit:ShadowCloak","Membership Card"],"campfire_rested":0,"item_purchase_floors":[13,13,19],"current_hp_per_floor":[75,75,75,75,75,75,50,50,50,50,56,53,53,39,48,48,75,62,62,62,53,49,58,58,50,50,28,34,34,16,0,0],"gold":144,"neow_bonus":"THREE_ENEMY_KILL","is_daily":false,"chose_seed":false,"campfire_upgraded":6,"win_rate":0.0,"timestamp":1607692765,"path_taken":["M","?","?","M","M","R","E","R","T","M","R","M","$","?","R","BOSS","M","$","?","M","M","R","$","M","T","E","R","M","M","?"],"items_purchased_type":["Relic","Card","Relic"],"build_version":"2020-11-30","purchased_purges":2,"victory":false,"max_hp_per_floor":[75,75,75,75,75,75,75,75,75,75,75,75,75,75,75,75,75,75,75,75,75,75,75,75,75,75,75,75,75,75,75,75],"card_choices":[{"not_picked":["hermit:WideOpen","hermit:LowProfile"],"picked":"hermit:Coalescence","floor":1},{"not_picked":["hermit:CalledShot","hermit:Glare","hermit:TrackingShot"],"picked":"SKIP","floor":4},{"not_picked":["hermit:Roulette","hermit:HighCaliber"],"picked":"hermit:Scavenge","floor":5},{"not_picked":["hermit:Grudge","hermit:Midnight"],"picked":"hermit:Headshot","floor":7},{"not_picked":["hermit:Glare","hermit:Showdown"],"picked":"hermit:Brawl","floor":10},{"not_picked":["hermit:BodyArmor","hermit:Midnight","hermit:Glare"],"picked":"SKIP","floor":12},{"not_picked":["hermit:Snipe","hermit:Desperado","hermit:DeadOrAlive"],"picked":"SKIP","floor":14},{"not_picked":["hermit:HeroicBravado","hermit:OverwhelmingPower"],"picked":"hermit:FatalDesire","floor":16},{"not_picked":["hermit:Glare+1","hermit:BodyArmor","hermit:Misfire"],"picked":"SKIP","floor":18},{"not_picked":["hermit:Combo","hermit:Showdown","hermit:CalledShot"],"picked":"SKIP","floor":21},{"not_picked":["hermit:Ricochet+1","hermit:HoleUp","hermit:Showdown"],"picked":"SKIP","floor":22},{"not_picked":["hermit:Roulette","hermit:Midnight","hermit:Feint"],"picked":"SKIP","floor":25},{"not_picked":["hermit:Misfire","hermit:WideOpen","hermit:Desperado"],"picked":"SKIP","floor":27},{"not_picked":["hermit:Feint","hermit:Glare"],"picked":"hermit:FlashPowder+1","floor":29},{"not_picked":["hermit:Headshot","hermit:Quickdraw"],"picked":"hermit:FatalDesire","floor":30}],"player_experience":492373,"relics_obtained":[{"floor":7,"key":"Mercury Hourglass"},{"floor":9,"key":"Eternal Feather"},{"floor":26,"key":"Mummified Hand"},{"floor":27,"key":"Bag of Preparation"}],"event_choices":[{"damage_healed":0,"gold_gain":175,"player_choice":"AGREE","damage_taken":0,"max_hp_gain":0,"max_hp_loss":0,"event_name":"Liars Game","floor":2,"gold_loss":0,"cards_obtained":["Doubt"]},{"cards_removed":["Doubt"],"damage_healed":0,"gold_gain":0,"player_choice":"Removed Curses","damage_taken":0,"max_hp_gain":0,"max_hp_loss":0,"event_name":"Fountain of Cleansing","floor":3,"gold_loss":0},{"damage_healed":0,"gold_gain":0,"player_choice":"Inject Mutagens","damage_taken":0,"relics_obtained":["MutagenicStrength"],"max_hp_gain":0,"max_hp_loss":0,"event_name":"Drug Dealer","floor":20,"gold_loss":0}],"is_beta":false,"boss_relics":[{"not_picked":["SacredBark","Fusion Hammer"],"picked":"Sozu"}],"items_purged_floors":[19,24],"is_endless":false,"potions_floor_spawned":[5,10,12,16,21,22,29],"ascension_level":2}}