{"host":"1bqbj1s4pyvm9utn","time":1607650186,"event":{"mods":["AchievementEnabler","Aspiration","Bard","BaseMod","Beaked The Cultist","Better Altar","Better Match","Better Note","Better Sensory Stone","Better Skull","Better Third Choice","BetterRewards","CCEM","Clawfect","Colored Map","Conspire","Downfall","GifTheSpireLib","Halation","Hermit","Highlight Path","Hubris","Humility","Infinite Spire","Jedi Mod","Jorbs\u0027s Wanderer Trilogy","Mad Scientist","Marisa????????","Mimic Mod","Minty Spire (QoL Compilation)","Permanent Neow","Replay The Spire","Shade Mod","Shop Mod","Spicy Shops","StSLib","Stuff the Spire","The Bug Knight","The Construct","The Cursed","The Disciple","The Gatherer","The Hierophant","The Jungle","The Mystic","The Necromancer","The Runesmith","The Servant 0.9.4","The Spell Scribe","The Witch","Unceasing Turn Reminder","everything is the same but u backflip on backflip","slay the spire mod where everything is the same but ironclad has a cowboy hat","vexMod"],"gold_per_floor":[116,132,151,166,166,197,214,239,239,256,256,256],"floor_reached":11,"playtime":972,"items_purged":[],"score":91,"play_id":"cf32f0e5-87ae-4e0e-9fec-89a2f6b47388","local_time":"20201210172946","is_ascension_mode":true,"campfire_choices":[],"circlet_count":0,"master_deck":["Strike_G","Strike_G","Strike_G","Strike_G","Strike_G","Defend_G","Defend_G","Defend_G","Defend_G","Defend_G","Survivor","Neutralize","Riddle With Holes","Blade Dance","Scorching Beam","Outmaneuver","Hidden Blade","WeaponsOverheat","Cold Snap"],"relics":["Ring of the Snake","aspiration:Nostalgia","Iron Core","jedi:shrinkray","White Beast Statue"],"acts_visited":["Exordium"],"potions_floor_usage":[6,6,11],"damage_taken":[{"damage":1,"enemies":"Cultist","floor":1,"turns":4},{"damage":14,"enemies":"Jaw Worm","floor":2,"turns":4},{"damage":2,"enemies":"Small Slimes","floor":3,"turns":3},{"damage":0,"enemies":"2 Fungi Beasts","floor":4,"turns":2},{"damage":18,"enemies":"3 Sentries","floor":6,"turns":5},{"damage":0,"enemies":"Blue Slaver","floor":7,"turns":3},{"damage":16,"enemies":"Lagavulin","floor":8,"turns":5},{"damage":0,"enemies":"Large Slime","floor":10,"turns":6},{"damage":41,"enemies":"Gremlin Nob","floor":11,"turns":3}],"seed_played":"4204189411308550353","potions_obtained":[{"floor":3,"key":"AttackPotion"},{"floor":4,"key":"Explosive Potion"},{"floor":8,"key":"SpeedPotion"},{"floor":10,"key":"jedi:hoardpotion"}],"is_trial":false,"path_per_floor":["M","M","M","M","?","E","M","E","T","M","E"],"character_chosen":"THE_SILENT","items_purchased":[],"campfire_rested":0,"item_purchase_floors":[],"current_hp_per_floor":[69,55,53,53,70,52,52,36,36,36,0,0],"gold":256,"neow_bonus":"NOSTALGIA","is_daily":false,"chose_seed":false,"campfire_upgraded":0,"win_rate":0.0,"timestamp":1607650186,"path_taken":["M","?","?","M","?","E","M","E","T","M","E"],"items_purchased_type":[],"build_version":"2020-11-30","purchased_purges":0,"victory":false,"max_hp_per_floor":[70,70,70,70,70,70,70,70,70,70,70,70],"card_choices":[{"not_picked":["Capacitor","Seeing Red"],"picked":"Riddle With Holes","floor":1},{"not_picked":["Deadly Poison","Quick Slash"],"picked":"Distraction","floor":2},{"not_picked":["StuffTheSpire:Incantation","Warcry"],"picked":"Blade Dance","floor":3},{"not_picked":["StuffTheSpire:Fury","ReplayTheSpireMod:Tripwire"],"picked":"Scorching Beam","floor":4},{"not_picked":["ReplayTheSpireMod:System Scan","Wraith Form v2"],"picked":"Outmaneuver","floor":6},{"not_picked":["Clash","Dagger Throw"],"picked":"Hidden Blade","floor":7},{"not_picked":["Dagger Throw","Hologram"],"picked":"WeaponsOverheat","floor":8},{"not_picked":["Dodge and Roll","PiercingWail"],"picked":"Cold Snap","floor":10}],"player_experience":764540,"relics_obtained":[{"floor":6,"key":"jedi:shrinkray"},{"floor":8,"key":"White Beast Statue"}],"event_choices":[{"cards_removed":["Distraction"],"damage_healed":17,"gold_gain":0,"player_choice":"Offered Uncommon","damage_taken":0,"max_hp_gain":0,"max_hp_loss":0,"event_name":"Bonfire Elementals","floor":5,"gold_loss":0}],"is_beta":false,"boss_relics":[],"items_purged_floors":[],"is_endless":false,"potions_floor_spawned":[3,4,8,10],"killed_by":"Gremlin Nob","ascension_level":1}}