{"host":"hjw1ay65n7jm40lc","time":1607653038,"event":{"mods":["BaseMod","AchievementEnabler","Colored Map","Colored Powertips","Googly Eyes","Highlight Path","Minty Spire (QoL Compilation)","Quick Restart","Relic Stats"],"gold_per_floor":[117,117,127,139,151,151,162,191,238,266,366,377,377,394,394,489,489,502,518,518,252,266,293,293,321,370,404,422,337,337,437,437,540,540,552,567,567,615,627,627,657,657,657,668,681,716,735,762,762,762,762,762,114,143,143],"floor_reached":56,"playtime":8783,"items_purged":["Strike_G"],"score":1773,"play_id":"05f0a112-6c93-4f40-a4fa-49b182ab93bd","local_time":"20201210211718","is_ascension_mode":true,"campfire_choices":[{"data":"Footwork","floor":6.0,"key":"SMITH"},{"floor":13.0,"key":"REST"},{"data":"Infinite Blades","floor":15.0,"key":"SMITH"},{"data":"Storm of Steel","floor":24.0,"key":"SMITH"},{"data":"Wraith Form v2","floor":32.0,"key":"SMITH"},{"data":"Adrenaline","floor":40.0,"key":"SMITH"},{"data":"Backstab","floor":42.0,"key":"SMITH"},{"floor":49.0,"key":"RECALL"},{"data":"Backstab","floor":52.0,"key":"SMITH"}],"circlet_count":0,"master_deck":["Strike_G","Strike_G","Strike_G","Strike_G","Defend_G","Defend_G","Defend_G","Defend_G+1","Defend_G","Survivor+1","Neutralize","Predator+1","Sucker Punch","Footwork+1","Backstab+1","Infinite Blades+1","Malaise","Storm of Steel+1","PiercingWail","Dodge and Roll+1","Backflip","Acrobatics+1","Wraith Form v2+1","Backstab+1","Blade Dance+1","Adrenaline+1","Cloak And Dagger+1","Distraction+1","Backstab+1"],"special_seed":0,"relics":["Ring of the Snake","Dead Branch","Ginger","Toy Ornithopter","White Beast Statue","Coffee Dripper","Juzu Bracelet","OrangePellets","CaptainsWheel","Bag of Preparation","Boot","Eternal Feather","War Paint","Black Star","Incense Burner","Ornamental Fan","The Courier","Paper Crane","Tough Bandages","Meat on the Bone","InkBottle","Tingsha","Kunai","Ninja Scroll","Orichalcum","Oddly Smooth Stone"],"acts_visited":["Exordium","TheCity","TheBeyond","TheEnding"],"potions_floor_usage":[55],"damage_taken":[{"damage":2.0,"enemies":"2 Louse","floor":1.0,"turns":4.0},{"damage":0.0,"enemies":"Cultist","floor":3.0,"turns":3.0},{"damage":0.0,"enemies":"Jaw Worm","floor":4.0,"turns":4.0},{"damage":18.0,"enemies":"Lots of Slimes","floor":5.0,"turns":5.0},{"damage":1.0,"enemies":"Blue Slaver","floor":7.0,"turns":5.0},{"damage":11.0,"enemies":"3 Sentries","floor":8.0,"turns":8.0},{"damage":7.0,"enemies":"Lagavulin","floor":10.0,"turns":6.0},{"damage":7.0,"enemies":"Large Slime","floor":12.0,"turns":5.0},{"damage":9.0,"enemies":"Exordium Thugs","floor":14.0,"turns":4.0},{"damage":4.0,"enemies":"The Guardian","floor":16.0,"turns":11.0},{"damage":3.0,"enemies":"Spheric Guardian","floor":18.0,"turns":4.0},{"damage":0.0,"enemies":"3 Byrds","floor":19.0,"turns":4.0},{"damage":0.0,"enemies":"Cultist and Chosen","floor":22.0,"turns":4.0},{"damage":14.0,"enemies":"Gremlin Leader","floor":23.0,"turns":3.0},{"damage":7.0,"enemies":"Slavers","floor":25.0,"turns":3.0},{"damage":0.0,"enemies":"Book of Stabbing","floor":27.0,"turns":2.0},{"damage":3.0,"enemies":"Snake Plant","floor":28.0,"turns":3.0},{"damage":0.0,"enemies":"Collector","floor":33.0,"turns":9.0},{"damage":0.0,"enemies":"3 Darklings","floor":35.0,"turns":2.0},{"damage":0.0,"enemies":"Orb Walker","floor":36.0,"turns":1.0},{"damage":21.0,"enemies":"2 Orb Walkers","floor":38.0,"turns":3.0},{"damage":0.0,"enemies":"Transient","floor":39.0,"turns":5.0},{"damage":0.0,"enemies":"Reptomancer","floor":41.0,"turns":6.0},{"damage":2.0,"enemies":"Jaw Worm Horde","floor":44.0,"turns":3.0},{"damage":0.0,"enemies":"4 Shapes","floor":45.0,"turns":3.0},{"damage":0.0,"enemies":"Giant Head","floor":46.0,"turns":5.0},{"damage":0.0,"enemies":"Transient","floor":47.0,"turns":5.0},{"damage":0.0,"enemies":"Reptomancer","floor":48.0,"turns":3.0},{"damage":0.0,"enemies":"Donu and Deca","floor":50.0,"turns":8.0},{"damage":0.0,"enemies":"Shield and Spear","floor":54.0,"turns":3.0},{"damage":4,"enemies":"The Heart","floor":55,"turns":6}],"seed_played":"2437415991476953912","potions_obtained":[{"floor":3.0,"key":"ColorlessPotion"},{"floor":5.0,"key":"Fruit Juice"},{"floor":12.0,"key":"Swift Potion"},{"floor":14.0,"key":"CultistPotion"},{"floor":16.0,"key":"EssenceOfSteel"},{"floor":18.0,"key":"SmokeBomb"},{"floor":19.0,"key":"PowerPotion"},{"floor":22.0,"key":"SteroidPotion"},{"floor":23.0,"key":"Dexterity Potion"},{"floor":25.0,"key":"SmokeBomb"},{"floor":27.0,"key":"Explosive Potion"},{"floor":28.0,"key":"SpeedPotion"},{"floor":33.0,"key":"CunningPotion"},{"floor":35.0,"key":"LiquidMemories"},{"floor":36.0,"key":"PowerPotion"},{"floor":38.0,"key":"DuplicationPotion"},{"floor":39.0,"key":"Weak Potion"},{"floor":46.0,"key":"DuplicationPotion"}],"is_trial":false,"path_per_floor":["M","?","M","M","M","R","M","E","T","E","?","M","R","M","R","B",null,"M","M","?","$","M","E","R","E","T","E","M","?","?","?","R","B",null,"M","M","?","?","M","R","E","R","T","M","M","E","M","E","R","B",null,"R","$","E","B",null],"character_chosen":"THE_SILENT","items_purchased":["OrangePellets","Backflip","Tingsha","Kunai","Ninja Scroll"],"campfire_rested":1,"item_purchase_floors":[21,21,53,53,53],"current_hp_per_floor":[61,61,61,61,43,43,42,36,36,34,34,27,47,38,38,39,68,65,65,65,65,68,59,59,57,57,57,59,59,59,59,68,68,68,68,68,65,49,54,65,65,65,65,63,63,63,63,63,65,65,65,65,65,65,62],"gold":143,"neow_bonus":"ONE_RARE_RELIC","is_daily":false,"chose_seed":false,"campfire_upgraded":7,"win_rate":0,"timestamp":1607653038,"path_taken":["M","?","M","M","?","R","M","E","T","E","?","?","R","M","R","BOSS","M","M","?","$","M","E","R","E","T","E","M","?","?","?","R","BOSS","M","M","?","?","M","R","E","R","T","M","M","E","M","E","R","BOSS","R","$","E","BOSS"],"build_version":"2020-11-30","purchased_purges":1,"victory":true,"max_hp_per_floor":[63,63,63,63,63,63,63,68,68,68,68,68,68,68,68,68,68,68,68,68,68,68,68,68,68,68,68,68,68,68,68,68,68,68,68,68,65,65,65,65,65,65,65,65,65,65,65,65,65,65,65,65,65,65,65],"relic_stats":{"counters":[31,140],"Dead Branch":[534],"Eternal Feather":22,"Tingsha":[179],"Juzu Bracelet":1,"Bag of Preparation":[28],"Ginger":[12],"War Paint":["Defend_G","Survivor"],"Orichalcum":[0],"Boot":[178],"OrangePellets":[21],"Tough Bandages":[318],"Ornamental Fan":[284],"Black Star":4,"Kunai":[23],"obtain_stats":[{"Juzu Bracelet":20,"Bag of Preparation":25,"Incense Burner":38,"Ginger":8,"Boot":26,"Tough Bandages":46,"Ninja Scroll":53,"Kunai":53,"InkBottle":48,"Ring of the Snake":0,"Dead Branch":0,"Oddly Smooth Stone":54,"Eternal Feather":27,"Tingsha":53,"The Courier":41,"War Paint":29,"Paper Crane":46,"Orichalcum":54,"White Beast Statue":10,"OrangePellets":21,"CaptainsWheel":23,"Ornamental Fan":41,"Coffee Dripper":17,"Black Star":34,"Toy Ornithopter":9,"Meat on the Bone":48},{"Juzu Bracelet":12,"Bag of Preparation":15,"Incense Burner":21,"Ginger":6,"Boot":15,"Tough Bandages":26,"Ninja Scroll":29,"Kunai":29,"InkBottle":28,"Ring of the Snake":0,"Dead Branch":0,"Oddly Smooth Stone":30,"Eternal Feather":16,"Tingsha":29,"The Courier":23,"War Paint":17,"Paper Crane":26,"Orichalcum":30,"White Beast Statue":7,"OrangePellets":12,"CaptainsWheel":14,"Ornamental Fan":23,"Coffee Dripper":10,"Black Star":18,"Toy Ornithopter":6,"Meat on the Bone":28},{"Juzu Bracelet":63,"Bag of Preparation":73,"Incense Burner":93,"Ginger":29,"Boot":73,"Tough Bandages":115,"Ninja Scroll":131,"Kunai":131,"InkBottle":123,"Ring of the Snake":0,"Dead Branch":0,"Oddly Smooth Stone":134,"Eternal Feather":75,"Tingsha":131,"The Courier":104,"War Paint":78,"Paper Crane":115,"Orichalcum":134,"White Beast Statue":35,"OrangePellets":63,"CaptainsWheel":70,"Ornamental Fan":104,"Coffee Dripper":55,"Black Star":87,"Toy Ornithopter":29,"Meat on the Bone":123}],"Toy Ornithopter":39,"InkBottle":[23],"Ring of the Snake":[62],"Meat on the Bone":0},"card_choices":[{"not_picked":["Dagger Spray","Outmaneuver"],"picked":"Predator","floor":1.0},{"not_picked":["Tactician","Slice"],"picked":"Sucker Punch","floor":3.0},{"not_picked":["Well Laid Plans","Dagger Throw"],"picked":"Footwork","floor":4.0},{"not_picked":["Underhanded Strike","Masterful Stab","Skewer"],"picked":"SKIP","floor":5.0},{"not_picked":["Escape Plan","Masterful Stab","Dodge and Roll"],"picked":"SKIP","floor":7.0},{"not_picked":["Flying Knee","Underhanded Strike"],"picked":"Backstab","floor":8.0},{"not_picked":["Poisoned Stab","Slice"],"picked":"Infinite Blades","floor":10.0},{"not_picked":["PiercingWail","Prepared"],"picked":"Malaise","floor":12.0},{"not_picked":["Prepared","Finisher","Flying Knee"],"picked":"SKIP","floor":14.0},{"not_picked":["A Thousand Cuts","Corpse Explosion"],"picked":"Storm of Steel","floor":16.0},{"not_picked":["Deadly Poison+1","Flying Knee+1"],"picked":"PiercingWail","floor":18.0},{"not_picked":["Prepared+1","Accuracy"],"picked":"Dodge and Roll+1","floor":19.0},{"not_picked":["Acrobatics","Escape Plan","Endless Agony"],"picked":"SKIP","floor":22.0},{"not_picked":["Crippling Poison","Choke"],"picked":"Acrobatics+1","floor":23.0},{"not_picked":["Underhanded Strike","Bullet Time"],"picked":"Wraith Form v2","floor":25.0},{"not_picked":["Flying Knee","Slice"],"picked":"Backstab","floor":27.0},{"not_picked":["Expertise","Deflect+1"],"picked":"Blade Dance","floor":28.0},{"not_picked":["Tools of the Trade","Corpse Explosion"],"picked":"Adrenaline","floor":33.0},{"not_picked":["Well Laid Plans+1","Flying Knee","Dodge and Roll+1"],"picked":"SKIP","floor":35.0},{"not_picked":["Underhanded Strike+1","Quick Slash+1","Catalyst+1"],"picked":"SKIP","floor":36.0},{"not_picked":["Dagger Throw+1","Skewer","Infinite Blades+1"],"picked":"SKIP","floor":39.0},{"not_picked":["Flying Knee","Deadly Poison+1","Underhanded Strike"],"picked":"SKIP","floor":41.0},{"not_picked":["PiercingWail","Well Laid Plans","Flechettes"],"picked":"SKIP","floor":44.0},{"not_picked":["Night Terror","Slice"],"picked":"Cloak And Dagger+1","floor":45.0},{"not_picked":["Sucker Punch","Deflect+1"],"picked":"Distraction+1","floor":46.0},{"not_picked":["Slice+1","Predator","Sucker Punch+1"],"picked":"SKIP","floor":47.0},{"not_picked":["Blur+1","PiercingWail+1"],"picked":"Backstab+1","floor":48.0},{"not_picked":["Deflect+1","Noxious Fumes+1","Well Laid Plans+1"],"picked":"SKIP","floor":54.0}],"player_experience":110610,"relics_obtained":[{"floor":8.0,"key":"Ginger"},{"floor":9.0,"key":"Toy Ornithopter"},{"floor":10.0,"key":"White Beast Statue"},{"floor":23.0,"key":"CaptainsWheel"},{"floor":25.0,"key":"Bag of Preparation"},{"floor":26.0,"key":"Boot"},{"floor":27.0,"key":"Eternal Feather"},{"floor":38.0,"key":"Incense Burner"},{"floor":41.0,"key":"Ornamental Fan"},{"floor":41.0,"key":"The Courier"},{"floor":46.0,"key":"Paper Crane"},{"floor":46.0,"key":"Tough Bandages"},{"floor":48.0,"key":"Meat on the Bone"},{"floor":48.0,"key":"InkBottle"},{"floor":54.0,"key":"Orichalcum"},{"floor":54.0,"key":"Oddly Smooth Stone"}],"event_choices":[{"damage_healed":0.0,"max_hp_gain":0.0,"max_hp_loss":0.0,"gold_gain":0.0,"event_name":"Upgrade Shrine","player_choice":"Upgraded","floor":2.0,"gold_loss":0.0,"damage_taken":0.0,"cards_upgraded":["Predator"]},{"damage_healed":0.0,"max_hp_gain":0.0,"max_hp_loss":0.0,"gold_gain":100.0,"event_name":"Golden Shrine","player_choice":"Pray","floor":11.0,"gold_loss":0.0,"damage_taken":0.0},{"damage_healed":0.0,"max_hp_gain":0.0,"max_hp_loss":0.0,"gold_gain":0.0,"event_name":"The Mausoleum","player_choice":"Opened","floor":20.0,"gold_loss":0.0,"damage_taken":0.0,"relics_obtained":["Juzu Bracelet"]},{"damage_healed":0.0,"max_hp_gain":0.0,"max_hp_loss":0.0,"gold_gain":0.0,"event_name":"Addict","player_choice":"Obtained Relic","floor":29.0,"gold_loss":85.0,"damage_taken":0.0,"relics_obtained":["War Paint"]},{"damage_healed":0.0,"max_hp_gain":0.0,"max_hp_loss":0.0,"gold_gain":0.0,"event_name":"Upgrade Shrine","player_choice":"Upgraded","floor":30.0,"gold_loss":0.0,"damage_taken":0.0,"cards_upgraded":["Blade Dance"]},{"damage_healed":0.0,"max_hp_gain":0.0,"max_hp_loss":0.0,"gold_gain":100.0,"event_name":"Golden Shrine","player_choice":"Pray","floor":31.0,"gold_loss":0.0,"damage_taken":0.0},{"damage_healed":0.0,"max_hp_gain":0.0,"max_hp_loss":3.0,"gold_gain":0.0,"event_name":"Winding Halls","player_choice":"Max HP","floor":37.0,"gold_loss":0.0,"damage_taken":0.0},{"damage_healed":0.0,"max_hp_gain":0.0,"max_hp_loss":0.0,"gold_gain":0.0,"event_name":"Mysterious Sphere","player_choice":"Fight","floor":38.0,"gold_loss":0.0,"damage_taken":0.0}],"is_beta":false,"boss_relics":[{"not_picked":["Sozu","Pandora\u0027s Box"],"picked":"Coffee Dripper"},{"not_picked":["Tiny House","SlaversCollar"],"picked":"Black Star"}],"items_purged_floors":[21],"is_endless":false,"potions_floor_spawned":[3,5,12,14,16,18,19,22,23,25,27,28,33,35,36,38,39,44,45,46,47,48,54],"ascension_level":3}}