{"host":"9xye55gy2im9zffl","time":1607646501,"event":{"mods":["2.2 Compatiblity","Astrologer","BaseMod","Beaked The Cultist","Better Altar","Better Match","Better Note","Better Sensory Stone","Better Skull","Better Third Choice","Dio Mod","Downfall","Friendly Minions","Hermit","Hero for Fun","Minty Spire (QoL Compilation)","Shop Mod","Small Relic Pack","StSLib","The Animator","The Bladedancer","The Cursed","The Disciple","The Exalted","The Hierophant","The Poker Player","The Runesmith","The Valiant","The Wild Card","TheArtist","Wandering Minibosses"],"gold_per_floor":[113,125,200,475,486,486,262,291,343,363,363,374,374,374,374,474,474,409,409,409,421,421,421,436,436,436],"floor_reached":25,"playtime":10365,"items_purged":[],"score":237,"play_id":"fcafc0bd-93bd-4786-a0d0-05a8fab0f5a5","local_time":"20201210182821","is_ascension_mode":true,"campfire_choices":[{"floor":6.0,"key":"REST"},{"data":"TheCursedMod:Torture","floor":11.0,"key":"SMITH"},{"floor":15.0,"key":"REST"},{"floor":23,"key":"REST"}],"circlet_count":0,"master_deck":["TheCursedMod:Strike_TheCursed","TheCursedMod:Strike_TheCursed","TheCursedMod:Strike_TheCursed","TheCursedMod:Strike_TheCursed","TheCursedMod:Defend_TheCursed","TheCursedMod:Defend_TheCursed","TheCursedMod:Defend_TheCursed","TheCursedMod:Defend_TheCursed","TheCursedMod:CursedWand+1","TheCursedMod:CleanUpWorkshop","TheCursedMod:Dregs","TheCursedMod:CursedShiv","TheCursedMod:LuckyCharm","TheCursedMod:SpitefulStrike","TheCursedMod:AntiAging","TheCursedMod:HellfireBreathing+1","TheCursedMod:Mangle","TheCursedMod:CursedBlade","TheCursedMod:Torture+1","TheCursedMod:CursedShiv","TheCursedMod:OutForBlood","TheCursedMod:Stigma+1","Madness+1","TheCursedMod:Stretching","TheCursedMod:CircleOfFlame"],"relics":["TheCursedMod:BlackMagic101","Vajra","Black Star","Spirit Poop"],"acts_visited":["TheCity"],"potions_floor_usage":[22,22,24,25],"damage_taken":[{"damage":0.0,"enemies":"Small Slimes","floor":1.0,"turns":4.0},{"damage":4.0,"enemies":"Jaw Worm","floor":2.0,"turns":4.0},{"damage":11.0,"enemies":"Cultist","floor":5.0,"turns":4.0},{"damage":12.0,"enemies":"Lagavulin","floor":8.0,"turns":9.0},{"damage":8.0,"enemies":"Gremlin Gang","floor":10.0,"turns":3.0},{"damage":15.0,"enemies":"2 Fungi Beasts","floor":12.0,"turns":3.0},{"damage":54.0,"enemies":"The Guardian","floor":16.0,"turns":9.0},{"damage":24,"enemies":"2 Thieves","floor":18,"turns":6},{"damage":33,"enemies":"Spheric Guardian","floor":21,"turns":6},{"damage":15,"enemies":"Snecko","floor":22,"turns":4},{"damage":24,"enemies":"Snake Plant","floor":24,"turns":4},{"damage":23,"enemies":"Book of Stabbing","floor":25,"turns":3}],"seed_played":"1280580582985113304","potions_obtained":[{"floor":1.0,"key":"Fire Potion"},{"floor":8.0,"key":"Fruit Juice"},{"floor":12.0,"key":"SpeedPotion"},{"floor":16.0,"key":"SmokeBomb"},{"floor":18,"key":"TheCursedMod:DregsPotion"},{"floor":24,"key":"Regen Potion"}],"is_trial":false,"path_per_floor":["M","M","?","?","M","R","$","E","T","M","R","M","?","?","R","B",null,"M","?","?","M","M","R","M","E"],"character_chosen":"THE_CURSED","items_purchased":["TheCursedMod:AntiAging","TheCursedMod:HellfireBreathing","TheCursedMod:Mangle"],"campfire_rested":3,"item_purchase_floors":[7,7,7],"current_hp_per_floor":[75,71,60,60,49,71,71,61,61,53,53,40,40,40,70,18,86,64,47,47,16,1,28,6,0,0],"gold":436,"neow_bonus":"UPGRADE_CARD","is_daily":false,"chose_seed":false,"campfire_upgraded":1,"win_rate":0.0,"timestamp":1607646501,"path_taken":["M","M","?","?","?","R","$","E","T","M","R","?","?","?","R","BOSS","M","?","?","M","M","R","?","E"],"items_purchased_type":["Card","Card","Card"],"build_version":"2020-11-30","purchased_purges":0,"victory":false,"max_hp_per_floor":[75,75,75,75,75,75,75,77,77,77,77,79,79,79,84,86,86,88,88,88,90,90,90,92,92,92],"card_choices":[{"not_picked":["TheCursedMod:CircleOfFocus","TheCursedMod:CursedAmulet"],"picked":"TheCursedMod:CursedShiv","floor":1.0},{"not_picked":["TheCursedMod:Stretching","TheCursedMod:Obscuration"],"picked":"TheCursedMod:LuckyCharm","floor":2.0},{"not_picked":["TheCursedMod:WearCloak","TheCursedMod:SpitefulPlan"],"picked":"TheCursedMod:SpitefulStrike","floor":5.0},{"not_picked":["TheCursedMod:ShockAndAwe","TheCursedMod:SmokeScreen"],"picked":"TheCursedMod:CursedBlade","floor":8.0},{"not_picked":["TheCursedMod:SurpriseAttack","TheCursedMod:CursedMace"],"picked":"TheCursedMod:Torture","floor":10.0},{"not_picked":["TheCursedMod:CursedBlade","TheCursedMod:Wield"],"picked":"TheCursedMod:CursedShiv","floor":12.0},{"not_picked":["TheCursedMod:ForbiddenAlchemy","TheCursedMod:NeowsMight"],"picked":"TheCursedMod:OutForBlood","floor":16.0},{"not_picked":["TheCursedMod:FuryStrike","TheCursedMod:SurpriseAttack"],"picked":"TheCursedMod:Stigma+1","floor":18},{"not_picked":["TheCursedMod:RavingStaff","TheCursedMod:Obscuration"],"picked":"TheCursedMod:Stretching","floor":21},{"not_picked":["TheCursedMod:RavingStaff","TheCursedMod:SpitefulPlan"],"picked":"TheCursedMod:CircleOfFlame","floor":24}],"player_experience":305763,"relics_obtained":[{"floor":8.0,"key":"Pen Nib"},{"floor":9.0,"key":"Vajra"}],"event_choices":[{"damage_healed":0.0,"max_hp_gain":0.0,"max_hp_loss":0.0,"gold_gain":75.0,"event_name":"betterThird:BetterGoop","player_choice":"Gold","floor":3.0,"gold_loss":0.0,"damage_taken":11.0},{"damage_healed":0.0,"max_hp_gain":0.0,"max_hp_loss":0.0,"gold_gain":275.0,"event_name":"Golden Shrine","player_choice":"Desecrate","floor":4.0,"gold_loss":0.0,"damage_taken":0.0,"cards_obtained":["Regret"]},{"damage_healed":0.0,"max_hp_gain":0.0,"max_hp_loss":0.0,"gold_gain":0.0,"event_name":"Living Wall","player_choice":"Grow","floor":14.0,"gold_loss":0.0,"damage_taken":0.0,"cards_upgraded":["TheCursedMod:HellfireBreathing"]},{"damage_healed":0,"gold_gain":2,"player_choice":"2","damage_taken":0,"max_hp_gain":0,"max_hp_loss":17,"event_name":"betterStone:BetterStone","floor":19,"gold_loss":0},{"cards_removed":["Regret"],"damage_healed":0,"gold_gain":0,"player_choice":"Offered Curse","damage_taken":0,"relics_obtained":["Spirit Poop"],"max_hp_gain":0,"max_hp_loss":0,"event_name":"Bonfire Elementals","floor":20,"gold_loss":0}],"is_beta":false,"boss_relics":[{"not_picked":["Velvet Choker","Philosopher\u0027s Stone"],"picked":"Black Star"}],"items_purged_floors":[],"is_endless":false,"potions_floor_spawned":[1,8,12,16,18,24],"killed_by":"Book of Stabbing","ascension_level":1}}