{"host":"9anmc1688xy4jiyg","time":1607699906,"event":{"mods":["AchievementEnabler","BaseMod","Highlight Path","Minty Spire (QoL Compilation)","Relic Stats","StSLib","ojb\u0027s Info Mod"],"gold_per_floor":[219,219,219,115,126,126,159,172,172,11,36,63,63,82,82,153,153,166,181,197,211,224,254,254,285,285,285,285,285,296,323,323,394,394,410,425,26,43,43,43,60,60,113,143,153,153,206,241,241,241],"floor_reached":51,"playtime":3901,"items_purged":["Regret","Strike_R"],"score":1765,"play_id":"da2cdac4-9366-442f-8af0-04fa6cb19c33","local_time":"20201211161826","is_ascension_mode":true,"campfire_choices":[{"data":"Uppercut","floor":6.0,"key":"SMITH"},{"data":"Berserk","floor":13.0,"key":"SMITH"},{"floor":15.0,"key":"REST"},{"data":"Armaments","floor":24.0,"key":"SMITH"},{"data":"Demon Form","floor":27.0,"key":"SMITH"},{"data":"Armaments","floor":29.0,"key":"SMITH"},{"data":"Battle Trance","floor":32.0,"key":"SMITH"},{"data":"Flame Barrier","floor":40,"key":"SMITH"},{"data":"Armaments","floor":42,"key":"SMITH"},{"data":"Fiend Fire","floor":46,"key":"SMITH"},{"data":"Shrug It Off","floor":49,"key":"SMITH"}],"circlet_count":0,"master_deck":["AscendersBane","Strike_R","Strike_R","Strike_R","Strike_R","Defend_R","Defend_R","Defend_R","Defend_R","Bash","Uppercut+1","Anger","Disarm","Spot Weakness","Berserk+1","Rage","Corruption","Iron Wave","Armaments+1","Shockwave","Double Tap","Heavy Blade","Dark Embrace","Double Tap","Heavy Blade","Shrug It Off","Perfected Strike","Heavy Blade","Armaments+1","Impervious","Demon Form+1","Body Slam","Disarm","Battle Trance+1","Exhume","Heavy Blade+1","Body Slam+1","Shrug It Off+1","Shrug It Off+1","Shrug It Off","Flame Barrier+1","Armaments+1","Fiend Fire+1","Shame","Ghostly Armor","Armaments+1","Feed"],"relics":["Burning Blood","Prayer Wheel","Oddly Smooth Stone","Torii","White Beast Statue","Potion Belt","Orichalcum","Odd Mushroom","Snecko Eye","FossilizedHelix","InkBottle","Calipers","MutagenicStrength","Unceasing Top","Cursed Key","Shuriken","Dead Branch","Nunchaku","Magic Flower","Incense Burner","Bronze Scales"],"acts_visited":["Exordium","TheCity","TheBeyond"],"potions_floor_usage":[38,50,50,50,50],"damage_taken":[{"damage":4.0,"enemies":"2 Louse","floor":1.0,"turns":4.0},{"damage":6.0,"enemies":"Jaw Worm","floor":5.0,"turns":2.0},{"damage":29.0,"enemies":"Gremlin Nob","floor":7.0,"turns":5.0},{"damage":1.0,"enemies":"Small Slimes","floor":8.0,"turns":4.0},{"damage":20.0,"enemies":"Lagavulin","floor":11.0,"turns":7.0},{"damage":23.0,"enemies":"The Mushroom Lair","floor":12.0,"turns":5.0},{"damage":8.0,"enemies":"Blue Slaver","floor":14.0,"turns":5.0},{"damage":13.0,"enemies":"The Guardian","floor":16.0,"turns":10.0},{"damage":13.0,"enemies":"Spheric Guardian","floor":18.0,"turns":5.0},{"damage":6.0,"enemies":"3 Byrds","floor":19.0,"turns":5.0},{"damage":29.0,"enemies":"Snake Plant","floor":20.0,"turns":4.0},{"damage":13.0,"enemies":"Sentry and Sphere","floor":21.0,"turns":5.0},{"damage":1.0,"enemies":"Centurion and Healer","floor":22.0,"turns":3.0},{"damage":17.0,"enemies":"Gremlin Leader","floor":23.0,"turns":6.0},{"damage":1.0,"enemies":"Book of Stabbing","floor":25.0,"turns":6.0},{"damage":0.0,"enemies":"Snecko","floor":30.0,"turns":4.0},{"damage":1.0,"enemies":"Slavers","floor":31.0,"turns":4.0},{"damage":0.0,"enemies":"Collector","floor":33.0,"turns":4.0},{"damage":0,"enemies":"3 Darklings","floor":35,"turns":3},{"damage":0,"enemies":"Orb Walker","floor":36,"turns":3},{"damage":0,"enemies":"Transient","floor":38,"turns":6},{"damage":1,"enemies":"Maw","floor":41,"turns":3},{"damage":0,"enemies":"Reptomancer","floor":44,"turns":2},{"damage":0,"enemies":"Sphere and 2 Shapes","floor":45,"turns":3},{"damage":23,"enemies":"2 Orb Walkers","floor":47,"turns":3},{"damage":0,"enemies":"Nemesis","floor":48,"turns":3},{"damage":2,"enemies":"Donu and Deca","floor":50,"turns":5}],"seed_played":"-5839369642799791591","potions_obtained":[{"floor":1.0,"key":"Regen Potion"},{"floor":11.0,"key":"FearPotion"},{"floor":12.0,"key":"Fire Potion"},{"floor":14.0,"key":"Explosive Potion"},{"floor":16.0,"key":"BloodPotion"},{"floor":18.0,"key":"BlessingOfTheForge"},{"floor":19.0,"key":"Fire Potion"},{"floor":20.0,"key":"Block Potion"},{"floor":21.0,"key":"Weak Potion"},{"floor":22.0,"key":"SteroidPotion"},{"floor":23.0,"key":"SpeedPotion"},{"floor":25.0,"key":"Energy Potion"},{"floor":30.0,"key":"PowerPotion"},{"floor":31.0,"key":"Explosive Potion"},{"floor":33.0,"key":"Energy Potion"},{"floor":35,"key":"Weak Potion"},{"floor":36,"key":"Weak Potion"},{"floor":38,"key":"ElixirPotion"},{"floor":41,"key":"Strength Potion"},{"floor":44,"key":"CultistPotion"},{"floor":45,"key":"Dexterity Potion"}],"is_trial":false,"path_per_floor":["M","?","?","$","M","R","E","M","T","$","E","?","R","M","R","B",null,"M","M","M","M","M","E","R","E","T","R","?","R","M","E","R","B",null,"M","M","$","M","?","R","M","R","T","E","M","R","?","E","R","B",null],"character_chosen":"IRONCLAD","items_purchased":["Anger","Potion Belt","Shuriken","Shrug It Off"],"campfire_rested":1,"item_purchase_floors":[4,10,37,37],"current_hp_per_floor":[70,65,65,65,65,65,56,61,61,61,47,30,30,28,50,43,67,60,60,37,30,35,39,39,44,44,44,44,44,50,55,55,61,72,75,75,75,75,75,75,75,75,75,75,75,75,61,70,70,78],"gold":241,"neow_bonus":"HUNDRED_GOLD","is_daily":false,"chose_seed":false,"campfire_upgraded":10,"win_rate":0.0,"timestamp":1607699906,"path_taken":["M","?","?","$","M","R","E","M","T","$","E","?","R","M","R","BOSS","M","M","M","M","M","E","R","E","T","R","?","R","M","E","R","BOSS","M","M","$","M","?","R","?","R","T","E","M","R","?","E","R","BOSS"],"items_purchased_type":["Card","Relic","Relic","Card"],"build_version":"2020-11-30","purchased_purges":2,"victory":true,"max_hp_per_floor":[75,75,75,75,75,75,75,75,75,75,75,75,75,75,75,75,75,75,75,75,75,75,75,75,75,75,75,75,75,75,75,75,75,75,75,75,75,75,75,75,75,75,75,75,75,75,75,75,75,78],"relic_stats":{"Torii":40,"counters":[27,119],"Dead Branch":[133],"Magic Flower":[8],"Orichalcum":[138],"Cursed Key":1,"Burning Blood":135,"Nunchaku":[4],"Shuriken":[14],"Bronze Scales":[12],"Snecko Eye":[170,152,152,176],"Prayer Wheel":15,"obtain_stats":[{"Potion Belt":10,"Calipers":26,"Torii":7,"Dead Branch":39,"Oddly Smooth Stone":3,"Magic Flower":44,"Incense Burner":47,"Orichalcum":11,"Odd Mushroom":12,"Cursed Key":34,"Burning Blood":0,"White Beast Statue":9,"Nunchaku":43,"Shuriken":37,"MutagenicStrength":28,"Bronze Scales":48,"Snecko Eye":17,"Prayer Wheel":2,"FossilizedHelix":23,"InkBottle":25,"Unceasing Top":31},{"Potion Belt":4,"Calipers":15,"Torii":3,"Dead Branch":21,"Oddly Smooth Stone":1,"Magic Flower":23,"Incense Burner":25,"Orichalcum":5,"Odd Mushroom":6,"Cursed Key":18,"Burning Blood":0,"White Beast Statue":4,"Nunchaku":22,"Shuriken":20,"MutagenicStrength":15,"Bronze Scales":26,"Snecko Eye":8,"Prayer Wheel":1,"FossilizedHelix":14,"InkBottle":15,"Unceasing Top":17},{"Potion Belt":15,"Calipers":76,"Torii":11,"Dead Branch":100,"Oddly Smooth Stone":4,"Magic Flower":105,"Incense Burner":111,"Orichalcum":22,"Odd Mushroom":27,"Cursed Key":88,"Burning Blood":0,"White Beast Statue":15,"Nunchaku":103,"Shuriken":94,"MutagenicStrength":76,"Bronze Scales":114,"Snecko Eye":42,"Prayer Wheel":4,"FossilizedHelix":70,"InkBottle":76,"Unceasing Top":84}],"InkBottle":[25],"Unceasing Top":[0]},"card_choices":[{"not_picked":["Infernal Blade","Flex"],"picked":"Uppercut","floor":1.0},{"not_picked":["Reckless Charge","Clothesline"],"picked":"Disarm","floor":5.0},{"not_picked":["Rampage","Clash"],"picked":"Spot Weakness","floor":5.0},{"not_picked":["Perfected Strike","True Grit"],"picked":"Berserk","floor":7.0},{"not_picked":["Clash","Sword Boomerang"],"picked":"Rage","floor":8.0},{"not_picked":["True Grit","Dual Wield","Carnage"],"picked":"SKIP","floor":8.0},{"not_picked":["Pummel","Pommel Strike"],"picked":"Corruption","floor":11.0},{"not_picked":["Sentinel","Wild Strike"],"picked":"Iron Wave","floor":12.0},{"not_picked":["Anger","Carnage"],"picked":"Armaments","floor":14.0},{"not_picked":["Intimidate","Thunderclap"],"picked":"Shockwave","floor":14.0},{"not_picked":["Bludgeon","Corruption"],"picked":"Double Tap","floor":16.0},{"not_picked":["Burning Pact+1","Headbutt"],"picked":"Heavy Blade","floor":18.0},{"not_picked":["Armaments","Anger","Warcry"],"picked":"SKIP","floor":18.0},{"not_picked":["Metallicize","Thunderclap"],"picked":"Dark Embrace","floor":19.0},{"not_picked":["Havoc+1","Rampage"],"picked":"Double Tap","floor":19.0},{"not_picked":["Wild Strike","Headbutt"],"picked":"Heavy Blade","floor":20.0},{"not_picked":["Body Slam","Pommel Strike"],"picked":"Shrug It Off","floor":20.0},{"not_picked":["Combust","Hemokinesis"],"picked":"Perfected Strike","floor":21.0},{"not_picked":["Dropkick","Havoc","Pummel"],"picked":"SKIP","floor":21.0},{"not_picked":["Sever Soul","Wild Strike"],"picked":"Heavy Blade","floor":22.0},{"not_picked":["Heavy Blade","Dark Embrace"],"picked":"Armaments","floor":22.0},{"not_picked":["Pommel Strike","Wild Strike"],"picked":"Impervious","floor":23.0},{"not_picked":["Headbutt","Shrug It Off"],"picked":"Demon Form","floor":25.0},{"not_picked":["Shockwave","Dark Embrace"],"picked":"Body Slam","floor":30.0},{"not_picked":["Perfected Strike","Infernal Blade"],"picked":"Disarm","floor":30.0},{"not_picked":["Cleave","Iron Wave"],"picked":"Battle Trance","floor":31.0},{"not_picked":["Double Tap","Brutality"],"picked":"Exhume","floor":33.0},{"not_picked":["Sentinel+1","Wild Strike"],"picked":"Heavy Blade+1","floor":35},{"not_picked":["True Grit","Perfected Strike"],"picked":"Body Slam+1","floor":35},{"not_picked":["True Grit","Sword Boomerang+1"],"picked":"Shrug It Off","floor":36},{"not_picked":["Body Slam","Warcry"],"picked":"Shrug It Off+1","floor":36},{"not_picked":["Pommel Strike","Seeing Red+1"],"picked":"Flame Barrier","floor":38},{"not_picked":["Body Slam","Anger"],"picked":"Armaments","floor":38},{"not_picked":["Flex","True Grit"],"picked":"Fiend Fire","floor":41},{"not_picked":["Thunderclap+1","True Grit","Flex"],"picked":"SKIP","floor":41},{"not_picked":["Inflame+1","Clash"],"picked":"Ghostly Armor","floor":44},{"not_picked":["Dropkick","Sword Boomerang"],"picked":"Armaments+1","floor":45},{"not_picked":["Thunderclap","Clash","Combust"],"picked":"SKIP","floor":45},{"not_picked":["Armaments","Headbutt+1"],"picked":"Feed","floor":48}],"player_experience":425806,"relics_obtained":[{"floor":7.0,"key":"Torii"},{"floor":9.0,"key":"White Beast Statue"},{"floor":11.0,"key":"Orichalcum"},{"floor":12.0,"key":"Odd Mushroom"},{"floor":23.0,"key":"FossilizedHelix"},{"floor":25.0,"key":"InkBottle"},{"floor":26.0,"key":"Calipers"},{"floor":31.0,"key":"Unceasing Top"},{"floor":43,"key":"Nunchaku"},{"floor":44,"key":"Magic Flower"},{"floor":47,"key":"Incense Burner"},{"floor":48,"key":"Bronze Scales"}],"event_choices":[{"damage_healed":0.0,"max_hp_gain":0.0,"max_hp_loss":0.0,"gold_gain":0.0,"event_name":"Scrap Ooze","player_choice":"Success","floor":2.0,"gold_loss":0.0,"damage_taken":5.0,"relics_obtained":["Prayer Wheel"]},{"damage_healed":0.0,"max_hp_gain":0.0,"max_hp_loss":0.0,"gold_gain":0.0,"event_name":"Big Fish","player_choice":"Box","floor":3.0,"gold_loss":0.0,"damage_taken":0.0,"relics_obtained":["Oddly Smooth Stone"],"cards_obtained":["Regret"]},{"damage_healed":0.0,"max_hp_gain":0.0,"max_hp_loss":0.0,"gold_gain":0.0,"event_name":"Mushrooms","player_choice":"Fought Mushrooms","floor":12.0,"gold_loss":0.0,"damage_taken":0.0},{"damage_healed":0.0,"max_hp_gain":0.0,"max_hp_loss":0.0,"gold_gain":0.0,"event_name":"Drug Dealer","player_choice":"Inject Mutagens","floor":28.0,"gold_loss":0.0,"damage_taken":0.0,"relics_obtained":["MutagenicStrength"]},{"damage_healed":0,"gold_gain":0,"player_choice":"Gave Potion","damage_taken":0,"relics_obtained":["Dead Branch"],"max_hp_gain":0,"max_hp_loss":0,"event_name":"WeMeetAgain","floor":39,"gold_loss":0},{"damage_healed":0,"gold_gain":0,"player_choice":"Fight","damage_taken":0,"max_hp_gain":0,"max_hp_loss":0,"event_name":"Mysterious Sphere","floor":47,"gold_loss":0}],"is_beta":false,"boss_relics":[{"not_picked":["Velvet Choker","Pandora\u0027s Box"],"picked":"Snecko Eye"},{"not_picked":["Busted Crown","Black Star"],"picked":"Cursed Key"}],"items_purged_floors":[4,37],"is_endless":false,"potions_floor_spawned":[1,11,12,14,16,18,19,20,21,22,23,25,30,31,33,35,36,38,41,44,45,47,48],"ascension_level":17}}