{"host":"sabve5zmqufxyc5o","time":1607674731,"event":{"mods":["2.2 Compatiblity","AchievementEnabler","Act Like it!","BaseMod","Block Reminder","Colored Map","Colored Powertips","DeckTracker","KOR Keyword Fix","Keyboard Shortcuts","Minty Spire (QoL Compilation)","Quick Restart","Rare Cards Sparkle","Relic Stats","StSLib","SuperFastMode"],"gold_per_floor":[116,116,136,155,169,197,197,235,259,71,101,123,23,23,23],"floor_reached":14,"playtime":261,"items_purged":["Strike_B","Strike_B"],"score":209,"play_id":"3080895e-8e99-4633-86f3-55dc7c6cd03f","local_time":"20201211171851","is_ascension_mode":true,"campfire_choices":[{"floor":7.0,"key":"REST"}],"circlet_count":0,"master_deck":["AscendersBane","Defend_B","Defend_B","Defend_B","Defend_B","Zap","Dualcast","All For One","Compile Driver","Conserve Battery","Sweeping Beam","Rebound","Gash","Coolheaded","BootSequence","Defragment","Gash","Turbo"],"relics":["Cracked Core","Regal Pillow","CeramicFish","Akabeko","Potion Belt"],"acts_visited":["Exordium"],"potions_floor_usage":[],"damage_taken":[{"damage":9.0,"enemies":"2 Louse","floor":1.0,"turns":2.0},{"damage":0.0,"enemies":"Jaw Worm","floor":3.0,"turns":4.0},{"damage":1.0,"enemies":"Cultist","floor":4.0,"turns":3.0},{"damage":10.0,"enemies":"Looter","floor":5.0,"turns":3.0},{"damage":23.0,"enemies":"3 Sentries","floor":6.0,"turns":6.0},{"damage":31.0,"enemies":"Lagavulin","floor":8.0,"turns":6.0},{"damage":8.0,"enemies":"3 Sentries","floor":11.0,"turns":5.0},{"damage":17.0,"enemies":"Exordium Thugs","floor":12.0,"turns":3.0},{"damage":30,"enemies":"Gremlin Nob","floor":14,"turns":3}],"seed_played":"-129998601668723235","potions_obtained":[{"floor":5.0,"key":"Dexterity Potion"},{"floor":6.0,"key":"AttackPotion"},{"floor":8.0,"key":"DistilledChaos"},{"floor":11.0,"key":"FairyPotion"}],"is_trial":false,"path_per_floor":["M","?","M","M","M","E","R","E","T","$","E","M","$","E"],"character_chosen":"DEFECT","items_purchased":["Defragment","Gash"],"campfire_rested":1,"item_purchase_floors":[10,10],"current_hp_per_floor":[55,55,55,54,44,21,57,26,26,26,18,1,1,0,0],"gold":23,"neow_bonus":"TRANSFORM_CARD","is_daily":false,"chose_seed":false,"campfire_upgraded":0,"win_rate":0.0,"timestamp":1607674731,"path_taken":["M","?","M","M","M","E","R","E","T","$","E","M","$","E"],"items_purchased_type":["Card","Card"],"build_version":"2020-11-30","purchased_purges":2,"victory":false,"max_hp_per_floor":[71,71,71,71,71,71,71,71,71,71,71,71,71,71,71],"relic_stats":{"Regal Pillow":15,"counters":[9,35],"CeramicFish":36,"obtain_stats":[{"Potion Belt":11,"Regal Pillow":6,"CeramicFish":8,"Cracked Core":0,"Akabeko":9},{"Potion Belt":7,"Regal Pillow":5,"CeramicFish":6,"Cracked Core":0,"Akabeko":6},{"Potion Belt":29,"Regal Pillow":18,"CeramicFish":24,"Cracked Core":0,"Akabeko":24}]},"card_choices":[{"not_picked":["Steam","Rebound"],"picked":"Compile Driver","floor":1.0},{"not_picked":["Auto Shields","Redo"],"picked":"Sweeping Beam","floor":3.0},{"not_picked":["Sweeping Beam","Steam"],"picked":"Rebound","floor":4.0},{"not_picked":["Steam","Redo"],"picked":"Gash","floor":5.0},{"not_picked":["White Noise","Rainbow"],"picked":"Coolheaded","floor":6.0},{"not_picked":["Compile Driver","Rainbow"],"picked":"BootSequence","floor":8.0},{"not_picked":["Conserve Battery","Stack","Rebound"],"picked":"SKIP","floor":11.0},{"not_picked":["Rebound","Heatsinks"],"picked":"Turbo","floor":12.0}],"player_experience":756897,"relics_obtained":[{"floor":6.0,"key":"Regal Pillow"},{"floor":8.0,"key":"CeramicFish"},{"floor":9.0,"key":"Akabeko"},{"floor":11.0,"key":"Potion Belt"}],"event_choices":[{"damage_healed":0.0,"max_hp_gain":0.0,"max_hp_loss":0.0,"gold_gain":0.0,"cards_transformed":["Strike_B"],"event_name":"Living Wall","player_choice":"Change","floor":2.0,"gold_loss":0.0,"damage_taken":0.0,"cards_obtained":["Conserve Battery"]}],"is_beta":false,"boss_relics":[],"items_purged_floors":[10,13],"is_endless":false,"potions_floor_spawned":[5,6,8,11],"killed_by":"Gremlin Nob","ascension_level":18}}