{"host":"vra53s4gynvpqhud","time":1607671381,"event":{"mods":["A Magickal Journey","AchievementEnabler","Aspiration","BaseMod","Better Match","Better Third Choice","BetterRewards","Conspire","Downfall","Energized Spire","Friendly Minions","GifTheSpireLib","Hermit","HexUI Lib","Highlight Path","Hubris","Infinite Spire","Jorbs\u0027s Wanderer Trilogy","Luminous","Magitek Elite","Minty Spire (QoL Compilation)","Permanent Neow","Rare Cards Sparkle","Remove Card Discount Mod","Replay The Spire","Shop Mod","Somnambulant","StSLib","The Cursed","The Dragon Tamer","The Gatherer","The Hierophant","The Jungle","The Necromancer","The Poker Player","The Runesmith","TheArtist","TheBandit","Trackpad","egg"],"gold_per_floor":[116,36,50,15,27,62,62,88,88,88,88,3,3,25,25,135,135,163,163,163,192,192,232,232,263,263,263,31,53,53,76,76,226,226,241,83,83,53,67,67,67,65,65,113,148,148,187,243,243,263],"floor_reached":51,"playtime":4632,"items_purged":["wariomod:Strike","wariomod:Defend","wariomod:Defend","wariomod:Strike","wariomod:Defend","wariomod:Strike","wariomod:Defend","wariomod:SmackSlam+1","wariomod:Leap","wariomod:AwfulLook","wariomod:Game"],"score":716,"play_id":"60281be7-fc87-4e0b-ac75-dbb22f486757","local_time":"20201211022301","is_ascension_mode":false,"campfire_choices":[{"data":"wariomod:RacingSpeed","floor":7,"key":"SMITH"},{"data":"wariomod:Step","floor":11,"key":"SMITH"},{"floor":15,"key":"REST"},{"floor":24,"key":"REST"},{"data":"ReplayTheSpireMod:Book of Names","floor":27,"key":"SMITH"},{"floor":30,"key":"REST"},{"data":"wariomod:BoomForm","floor":32,"key":"SMITH"},{"data":"wariomod:EnergizedBombs","floor":40,"key":"SMITH"},{"data":"wariomod:SilenceBombs","floor":46,"key":"SMITH"},{"floor":49,"key":"REST"}],"circlet_count":0,"master_deck":["wariomod:Step+1","wariomod:RacingSpeed+1","wariomod:ChargeForth","wariomod:Purify","wariomod:SilenceBombs+1","ReplayTheSpireMod:Book of Names+1","wariomod:ChargeForth","wariomod:BoomForm+1","infinitespire:Starlight","wariomod:Hopshield","Specialist","wariomod:Bombshield","wariomod:RacingSpeed","wariomod:PoisonBombs","wariomod:ChargeForth+1","wariomod:EnergizedBombs+1","Pot Of Greed","Pot Of Greed","wariomod:BoomBoom+1","wariomod:EmptyMind+1","wariomod:Purify+1"],"relics":["wariomod:SuperHat","Replay:Bandana","Vajra","aspiration:BabyByrd","aspiration:Legacy_Headhunter","trackpad:DisasterInABottle","aspiration:ChemicalBlood","infinitespire:Eraser","wariomod:SmileyHat","Golden_Hairpin","trackpad:AdjectivePendant","infinitespire:EvilPickle","Grinning Jar","trackpad:SappingStone"],"acts_visited":["Exordium","TheCity","TheBeyond"],"potions_floor_usage":[16,23,23,23,29,47,48,50,50],"damage_taken":[{"damage":1,"enemies":"conspire:RoseBush","floor":1,"turns":4},{"damage":9,"enemies":"Jaw Worm","floor":3,"turns":4},{"damage":1,"enemies":"Cultist","floor":5,"turns":4},{"damage":7,"enemies":"Replay:BlueRogue","floor":6,"turns":8},{"damage":2,"enemies":"Large Slime","floor":8,"turns":6},{"damage":9,"enemies":"Gremlin Gang","floor":14,"turns":3},{"damage":9,"enemies":"The Guardian","floor":16,"turns":6},{"damage":12,"enemies":"Chosen","floor":18,"turns":5},{"damage":4,"enemies":"Shell Parasite","floor":21,"turns":4},{"damage":35,"enemies":"Slavers","floor":23,"turns":4},{"damage":7,"enemies":"conspire:SneckoGhost","floor":25,"turns":4},{"damage":0,"enemies":"Sentry and Sphere","floor":29,"turns":3},{"damage":0,"enemies":"conspire:HollyBat","floor":31,"turns":4},{"damage":15,"enemies":"Pondfish","floor":33,"turns":4},{"damage":0,"enemies":"3 Shapes","floor":35,"turns":1},{"damage":6,"enemies":"Orb Walker","floor":39,"turns":1},{"damage":0,"enemies":"R_Hoarder","floor":44,"turns":2},{"damage":0,"enemies":"Sphere and 2 Shapes","floor":45,"turns":2},{"damage":0,"enemies":"Transient","floor":47,"turns":5},{"damage":40,"enemies":"Nightmare","floor":48,"turns":5},{"damage":92,"enemies":"conspire:OrnateMirror","floor":50,"turns":4}],"seed_played":"-6146247126543045004","potions_obtained":[{"floor":3,"key":"GamblersBrew"},{"floor":5,"key":"SteroidPotion"},{"floor":14,"key":"infinitespire:BlackPotion"},{"floor":16,"key":"Explosive Potion"},{"floor":21,"key":"Fire Potion"},{"floor":25,"key":"Explosive Potion"},{"floor":29,"key":"Swift Potion"},{"floor":38,"key":"SmokeBomb"},{"floor":38,"key":"Milkshake"},{"floor":44,"key":"BlessingOfTheForge"},{"floor":47,"key":"Swift Potion"},{"floor":50,"key":"EssenceOfSteel"}],"is_trial":false,"path_per_floor":["M","$","M","?","M","E","R","M","T","?","R","$","?","M","R","B",null,"M","AVR","?","M","?","E","R","E","T","R","$","M","R","M","R","B",null,"M","$","?","?","M","R","?","$","T","E","M","R","M","NM","R","B",null],"character_chosen":"THE_BANDIT","items_purchased":["wariomod:RacingSpeed","wariomod:SilenceBombs","wariomod:PoisonBombs","wariomod:SmileyHat","trackpad:AdjectivePendant"],"campfire_rested":4,"item_purchase_floors":[2,12,28,28,36],"current_hp_per_floor":[79,79,70,80,79,72,72,70,70,70,70,70,50,41,65,56,80,68,68,53,59,47,22,47,50,50,50,50,50,75,85,85,76,85,85,85,85,85,85,85,85,85,85,85,85,85,85,55,80,46],"gold":263,"neow_bonus":"REMOVE_CARD","is_daily":false,"chose_seed":false,"campfire_upgraded":6,"win_rate":0.0,"timestamp":1607671381,"path_taken":["M","$","M","?","M","E","R","M","T","?","R","$","?","M","R","BOSS","M","AVR","?","M","?","E","R","E","T","R","$","M","R","M","R","BOSS","M","$","?","?","?","R","?","$","T","E","?","R","M","NM","R","BOSS"],"items_purchased_type":["Card","Card","Card","Relic","Relic"],"build_version":"2020-11-30","purchased_purges":11,"victory":true,"max_hp_per_floor":[80,80,80,80,80,80,80,80,80,80,80,80,80,80,80,80,80,80,80,85,85,85,85,85,85,85,85,85,85,85,85,85,85,85,85,85,85,85,85,85,85,85,85,85,85,85,85,85,85,85],"card_choices":[{"not_picked":["wariomod:DanceDash","wariomod:f"],"picked":"wariomod:AwfulLook","floor":1},{"not_picked":["wariomod:DoubleDip","wariomod:CursedSpaces"],"picked":"wariomod:SmallSprint","floor":3},{"not_picked":["wariomod:EmptyMind","wariomod:DropBash"],"picked":"wariomod:ChargeForth","floor":5},{"not_picked":["wariomod:DoubleDip","wariomod:BoomAndDoom"],"picked":"wariomod:Game","floor":6},{"not_picked":["wariomod:Hopshield","wariomod:Bombshield"],"picked":"wariomod:Purify","floor":8},{"not_picked":["Replay:Fractal Strike","infinitespire:TheBestDefense"],"picked":"ReplayTheSpireMod:Book of Names","floor":13},{"not_picked":["wariomod:SpaceSwap","wariomod:BlastDash"],"picked":"wariomod:ChargeForth","floor":14},{"not_picked":["wariomod:DeadlyDash","wariomod:AbandonGame"],"picked":"wariomod:BoomForm","floor":16},{"not_picked":["wariomod:SimpleShield","wariomod:DanceDash+1"],"picked":"wariomod:SmackSlam+1","floor":18},{"not_picked":["wariomod:SimpleShield","wariomod:BlastDash"],"picked":"wariomod:Hopshield","floor":21},{"not_picked":["wariomod:BumRush+1","wariomod:Sidestep"],"picked":"wariomod:Bombshield","floor":23},{"not_picked":["wariomod:DiceyMove","wariomod:DisarmingMoves"],"picked":"wariomod:RacingSpeed","floor":25},{"not_picked":["wariomod:Game","wariomod:BodyBlock"],"picked":"wariomod:ChargeForth+1","floor":29},{"not_picked":["wariomod:Goblast","wariomod:AwfulLook","wariomod:BlastDash"],"picked":"SKIP","floor":31},{"not_picked":["wariomod:FabulousPrizes","wariomod:DeadlyDash"],"picked":"wariomod:EnergizedBombs","floor":33},{"not_picked":["wariomod:Hopshield","wariomod:SpaceSwap+1","wariomod:SpikeSlash+1"],"picked":"SKIP","floor":35},{"not_picked":["wariomod:SmallSprint+1","wariomod:SimpleShield+1","wariomod:TrekTime+1"],"picked":"SKIP","floor":39},{"not_picked":["wariomod:CursedSpaces+1","wariomod:SmallSprint+1","wariomod:DanceDash"],"picked":"SKIP","floor":44},{"not_picked":["wariomod:SimpleShield","wariomod:EndlessBlast"],"picked":"wariomod:BoomBoom+1","floor":45},{"not_picked":["wariomod:Bomblaster+1","wariomod:Leapslam+1"],"picked":"wariomod:EmptyMind+1","floor":47},{"not_picked":["wariomod:TempestBlasts","wariomod:ChargeForth+1"],"picked":"wariomod:Purify+1","floor":48}],"player_experience":102242,"relics_obtained":[{"floor":6,"key":"Replay:Bandana"},{"floor":9,"key":"Vajra"},{"floor":23,"key":"trackpad:DisasterInABottle"},{"floor":25,"key":"aspiration:ChemicalBlood"},{"floor":26,"key":"infinitespire:Eraser"},{"floor":43,"key":"Grinning Jar"},{"floor":48,"key":"trackpad:SappingStone"}],"event_choices":[{"damage_healed":20,"gold_gain":0,"player_choice":"Healed","damage_taken":0,"max_hp_gain":0,"max_hp_loss":0,"event_name":"The Cleric","floor":4,"gold_loss":35},{"damage_healed":0,"gold_gain":0,"player_choice":"Shed Blood","damage_taken":20,"max_hp_gain":5,"max_hp_loss":0,"event_name":"Forgotten Altar","floor":20,"gold_loss":0},{"damage_healed":0,"gold_gain":0,"player_choice":"CARD ","damage_taken":12,"max_hp_gain":0,"max_hp_loss":0,"event_name":"Knowing Skull","floor":22,"potions_obtained":[],"gold_loss":0,"cards_obtained":["Specialist"]},{"cards_removed":["wariomod:SmallSprint"],"damage_healed":0,"gold_gain":0,"player_choice":"Removed Attack","damage_taken":0,"max_hp_gain":0,"max_hp_loss":0,"event_name":"Falling","floor":37,"gold_loss":0},{"damage_healed":0,"gold_gain":0,"player_choice":"Bought 2 Potions","damage_taken":0,"max_hp_gain":0,"max_hp_loss":0,"event_name":"The Woman in Blue","floor":38,"gold_loss":0},{"damage_healed":0,"gold_gain":0,"player_choice":"Ignored","damage_taken":0,"max_hp_gain":0,"max_hp_loss":0,"event_name":"Purifier","floor":41,"gold_loss":0}],"is_beta":false,"boss_relics":[{"not_picked":["aspiration:RitualDagger","energizedSpire:HugeHouse"],"picked":"wariomod:SuperHat"},{"not_picked":["Busted Crown","Ring of Chaos"],"picked":"Golden_Hairpin"}],"items_purged_floors":[2,2,12,12,28,28,28,36,36,36,42],"is_endless":false,"potions_floor_spawned":[3,5,14,16,21,25,29,45,47],"ascension_level":0}}