{"host":"5aab5jn7oufujzzj","time":1607700034,"event":{"mods":["Act Like it!","BaseMod","CapriCore","Chen","Decade(â§è¨ñæ)","Friendly Minions","Gensokyo","HololiveMod","Koishi","KomeijiMod","LagranYue(ùfäiòNÅEåé)","Lobotomy","LobotomyExtend","Luminous","Mari Mod (Legacy)","Mari\u0027s V1 Patch","MarisaÅiñ∂âJÅ@ñÇóùçπÅj","Minty Spire (QoL Compilation)","MostiFishMod","Prisma Mod","ReimuÅiîé??öÎÅj","RemiliaÅiÂQïƒ‰ª?Åj","RumiaBox-òIïƒ?ìIê_îÈ·¥éq","StSLib","The Cursed","The Servant 0.9.4","WarShipGirlsR/??è≠èóR mod","Yohane!","YoumuÅiç∞ÈÆódöÎÅj","Yuri Mod","Yuyuko","Åy?ï˚ìÒéü?çÏÅzî™â]éámod"],"gold_per_floor":[111,128,139,154,165,196,215,215,263,281,281,306,306,321,321,417,417,436,351,361,374,374,400,400,400,700,731,750,779,779,791,791,890,890,890,538,538,556,574,602,622,632,632,651,651,671,685,720,720,720,720,720,347,374,374],"floor_reached":56,"playtime":2993,"items_purged":[],"score":1810,"play_id":"7ad3b82b-a132-485a-a59e-08b187d51c60","local_time":"20201211232034","is_ascension_mode":false,"campfire_choices":[{"data":"Ricochet","floor":11,"key":"SMITH"},{"data":"Rearm","floor":13,"key":"SMITH"},{"data":"BottledTime","floor":15,"key":"SMITH"},{"data":"KillingDoll","floor":25,"key":"SMITH"},{"data":"Rearm","floor":30,"key":"SMITH"},{"data":"ShiftingGears","floor":32,"key":"SMITH"},{"floor":45,"key":"RECALL"},{"data":"BottledTime","floor":49,"key":"SMITH"},{"data":"Luminosity","floor":52,"key":"SMITH"}],"circlet_count":0,"master_deck":["Strike_S","Strike_S","Strike_S","Strike_S+1","Defend_S","Defend_S","Defend_S","Defend_S","KidneyShot+1","Exchange","Desolation","Potential","Snipe","BottledTime+1","Rearm+1","Ricochet+1","Unruled+1","Rearm+1","Luminosity+1","InstantArmor","MurderousAura","WasteNot+1","Rewind","ShiftingGears+1","Starlight","KillingDoll+1","Ricochet+1","FanOfKnives+1","GearUp","SurpressingFire","SoulSculpture","BottledTime+1","Spin","Revamp+1","Unruled+1","Rewind+1","Gouge","Advance","Rearm+1","Rewind+1","Rewind","Revamp+1"],"relics":["Uniform","DaveBox","LagranYue:RandomDrawCardRelic","RhineSuit","ChaoDraw","LetterFromLob","RedMistMask","Matryoshka","CrazyTorch:ReiMu","GodSword1","ImportantClient","GuanYuAspect","Dream Catcher","GodSword5","Bottled Tornado","Blood Vial","Old Coin","Ccalipers","Civilization","OneHitWonderSystem","Ornamental Fan","Pen Nib","Strawberry","Potion Belt","Calipers","Whetstone","TheAbacus","Oddly Smooth Stone"],"acts_visited":["Exordium","TheCity","TheBeyond","TheEnding"],"potions_floor_usage":[16,18,21,23,31,31,55,55,55,55,55],"damage_taken":[{"damage":0,"enemies":"Small Slimes","floor":1,"turns":2},{"damage":0,"enemies":"Cultist","floor":2,"turns":2},{"damage":0,"enemies":"2 Louse","floor":3,"turns":2},{"damage":2,"enemies":"Looter","floor":4,"turns":2},{"damage":0,"enemies":"Exordium Wildlife","floor":5,"turns":1},{"damage":0,"enemies":"3 Sentries","floor":6,"turns":3},{"damage":0,"enemies":"3 Louse","floor":7,"turns":1},{"damage":0,"enemies":"2 Fungi Beasts","floor":10,"turns":2},{"damage":0,"enemies":"Gremlin Nob","floor":12,"turns":2},{"damage":0,"enemies":"Exordium Wildlife","floor":14,"turns":1},{"damage":19,"enemies":"Hexaghost","floor":16,"turns":4},{"damage":0,"enemies":"2 Thieves","floor":18,"turns":1},{"damage":0,"enemies":"3 Byrds","floor":20,"turns":2},{"damage":0,"enemies":"3 Cultists","floor":21,"turns":3},{"damage":0,"enemies":"Slavers","floor":23,"turns":2},{"damage":0,"enemies":"Gremlin Leader","floor":27,"turns":2},{"damage":0,"enemies":"Chosen and Byrds","floor":28,"turns":2},{"damage":0,"enemies":"Slavers","floor":29,"turns":2},{"damage":12,"enemies":"Centurion and Healer","floor":31,"turns":1},{"damage":0,"enemies":"Automaton","floor":33,"turns":5},{"damage":0,"enemies":"3 Darklings","floor":38,"turns":1},{"damage":0,"enemies":"3 Shapes","floor":39,"turns":2},{"damage":0,"enemies":"Giant Head","floor":40,"turns":2},{"damage":0,"enemies":"Writhing Mass","floor":41,"turns":1},{"damage":0,"enemies":"Transient","floor":42,"turns":4},{"damage":0,"enemies":"3 Darklings","floor":44,"turns":1},{"damage":0,"enemies":"Jaw Worm Horde","floor":46,"turns":2},{"damage":0,"enemies":"Transient","floor":47,"turns":4},{"damage":0,"enemies":"Nemesis","floor":48,"turns":1},{"damage":0,"enemies":"Awakened One","floor":50,"turns":4},{"damage":0,"enemies":"Shield and Spear","floor":54,"turns":1},{"damage":0,"enemies":"The Heart","floor":55,"turns":3}],"seed_played":"-5724593845961690057","potions_obtained":[{"floor":2,"key":"SpeedPotion"},{"floor":3,"key":"DuplicationPotion"},{"floor":7,"key":"LiquidBronze"},{"floor":14,"key":"Explosive Potion"},{"floor":16,"key":"PowerPotion"},{"floor":21,"key":"SkillPotion"},{"floor":27,"key":"LiquidBronze"},{"floor":29,"key":"ZuzhouPotion:ReiMu"},{"floor":39,"key":"SkillPotion"},{"floor":40,"key":"Regen Potion"},{"floor":41,"key":"PowerPotion"},{"floor":47,"key":"Strength Potion"},{"floor":54,"key":"DuplicationPotion"}],"is_trial":false,"path_per_floor":["M","M","M","M","M","E","M","?","T","M","R","E","R","M","R","B",null,"M","?","M","M","?","E","?","R","T","E","M","E","R","M","R","B",null,"M","$","?","M","M","E","M","M","T","M","R","M","M","E","R","B",null,"R","$","E","B",null],"character_chosen":"THE_SERVANT","items_purchased":["Ornamental Fan","Pen Nib","BottledTime","ColorlessPotion","DistilledChaos","Whetstone","TheAbacus","Rewind"],"campfire_rested":0,"item_purchase_floors":[36,36,36,53,53,53,53,53],"current_hp_per_floor":[47,47,47,45,45,45,45,45,45,45,45,45,45,45,45,26,33,33,33,33,33,33,33,33,33,33,33,33,33,33,23,23,38,1,1,1,1,8,9,16,11,12,1,16,1,17,18,18,1,22,1,1,1,23,23],"gold":374,"neow_bonus":"ONE_RARE_RELIC","is_daily":false,"chose_seed":false,"campfire_upgraded":8,"win_rate":0.0,"timestamp":1607700034,"path_taken":["M","M","M","M","M","E","M","?","T","M","R","E","R","?","R","BOSS","M","?","M","M","?","E","?","R","T","E","?","E","R","M","R","BOSS","M","$","?","M","M","E","M","M","T","M","R","M","M","E","R","BOSS","R","$","E","BOSS"],"items_purchased_type":["Relic","Relic","Card","Potion","Potion","Relic","Relic","Card"],"build_version":"2020-11-30","purchased_purges":0,"victory":true,"max_hp_per_floor":[65,65,65,65,65,65,65,65,65,65,65,65,65,65,65,65,33,33,33,33,33,33,33,33,33,33,33,33,33,33,35,35,40,1,1,1,1,12,15,23,17,18,1,24,1,27,28,29,1,34,1,1,1,36,37],"card_choices":[{"not_picked":["Rearm","SpecialFormula"],"picked":"Desolation","floor":1},{"not_picked":["ShatteredReality","Alleviate"],"picked":"Potential","floor":2},{"not_picked":["Rearm","FastForward"],"picked":"Snipe","floor":3},{"not_picked":["ShatteredReality","Spin"],"picked":"BottledTime","floor":4},{"not_picked":["Unruled","Rewind"],"picked":"Rearm","floor":5},{"not_picked":["SurpressingFire","Barrier"],"picked":"Ricochet","floor":6},{"not_picked":["Spin","ReturningBlade"],"picked":"Unruled","floor":7},{"not_picked":["SpecialFormula","ReturningBlade"],"picked":"Rearm","floor":10},{"not_picked":["Misdirection","StarChef"],"picked":"Luminosity","floor":12},{"not_picked":["FastForward","Replace"],"picked":"InstantArmor","floor":14},{"not_picked":["Dilation","LightFlow"],"picked":"MurderousAura","floor":16},{"not_picked":["InstantArmor","Collapse+1"],"picked":"WasteNot+1","floor":18},{"not_picked":["SpecialFormula","Alleviate"],"picked":"Rewind","floor":20},{"not_picked":["Rearm","SurpressingFire"],"picked":"ShiftingGears","floor":21},{"not_picked":["Potential","TimeWarp"],"picked":"Starlight","floor":23},{"not_picked":["Comet","StarChef"],"picked":"Ricochet+1","floor":27},{"not_picked":["Spin+1","Potential"],"picked":"FanOfKnives+1","floor":28},{"not_picked":["Sunlight","Collapse"],"picked":"GearUp","floor":29},{"not_picked":["Unruled+1","TimeWarp"],"picked":"SurpressingFire","floor":31},{"not_picked":["Dilation","Sunlight"],"picked":"SoulSculpture","floor":33},{"not_picked":["TimeWarp+1","Unruled+1","Alleviate+1"],"picked":"SKIP","floor":38},{"not_picked":["Shuttle+1","ShatteredReality+1"],"picked":"Spin","floor":39},{"not_picked":["Replace","SilverBlades"],"picked":"Revamp+1","floor":40},{"not_picked":["Alleviate","ShatteredReality"],"picked":"Unruled+1","floor":41},{"not_picked":["Duplication","MoonPhase+1"],"picked":"Rewind+1","floor":42},{"not_picked":["Defy","WasteNot"],"picked":"Gouge","floor":44},{"not_picked":["Spin","Defy"],"picked":"Advance","floor":46},{"not_picked":["Barrier+1","FastForward"],"picked":"Rearm+1","floor":47},{"not_picked":["Shuttle+1","Starlight+1"],"picked":"Rewind+1","floor":48},{"not_picked":["PendulumOfEternity","Rearm"],"picked":"Revamp+1","floor":54}],"player_experience":234517,"relics_obtained":[{"floor":2,"key":"LetterFromLob"},{"floor":4,"key":"RedMistMask"},{"floor":6,"key":"Matryoshka"},{"floor":9,"key":"CrazyTorch:ReiMu"},{"floor":12,"key":"GodSword1"},{"floor":16,"key":"ImportantClient"},{"floor":23,"key":"Bottled Tornado"},{"floor":26,"key":"Blood Vial"},{"floor":26,"key":"Old Coin"},{"floor":27,"key":"Ccalipers"},{"floor":29,"key":"Civilization"},{"floor":40,"key":"Strawberry"},{"floor":43,"key":"Potion Belt"},{"floor":48,"key":"Calipers"},{"floor":54,"key":"Oddly Smooth Stone"}],"event_choices":[{"damage_healed":0,"gold_gain":0,"player_choice":"Forge","damage_taken":0,"max_hp_gain":0,"max_hp_loss":0,"event_name":"Accursed Blacksmith","floor":8,"gold_loss":0,"cards_upgraded":["Unruled"]},{"damage_healed":0,"gold_gain":0,"player_choice":"Obtained Relic","damage_taken":0,"relics_obtained":["Dream Catcher"],"max_hp_gain":0,"max_hp_loss":0,"event_name":"Addict","floor":19,"gold_loss":85},{"damage_healed":0,"gold_gain":0,"player_choice":"Opened","damage_taken":0,"relics_obtained":["GodSword5"],"max_hp_gain":0,"max_hp_loss":0,"event_name":"The Mausoleum","floor":22,"gold_loss":0},{"damage_healed":0,"gold_gain":0,"player_choice":"Read","damage_taken":0,"max_hp_gain":0,"max_hp_loss":0,"event_name":"The Library","floor":24,"gold_loss":0,"cards_obtained":["KillingDoll"]},{"damage_healed":0,"gold_gain":0,"player_choice":"Max HP","damage_taken":0,"max_hp_gain":0,"max_hp_loss":0,"event_name":"Winding Halls","floor":37,"gold_loss":0}],"is_beta":false,"boss_relics":[{"not_picked":["Cursed Key","HereWithMe"],"picked":"GuanYuAspect"},{"not_picked":["Hololive_Finger","Pandora\u0027s Box"],"picked":"OneHitWonderSystem"}],"items_purged_floors":[],"is_endless":false,"potions_floor_spawned":[2,3,7,10,14,16,21,27,29,39,40,41,47,54],"ascension_level":0}}