{"host":"diimjn7l8zzl9nqr","time":1607655273,"event":{"mods":["BaseMod","DeckTracker","Keyboard Shortcuts","Minty Spire (QoL Compilation)","Permanent Neow","Quick Restart","StSLib","SuperFastMode"],"gold_per_floor":[118,135,147,33,47,47,60,71,95,107,124,124,138,156,156,251,251,265,279,298,347,363,397,18,28,28,48,48,62,62,77,77,77,77],"floor_reached":33,"playtime":1385,"items_purged":["Strike_R"],"score":285,"play_id":"05cfe59c-cc22-4f5c-af32-df1aaec14ff1","local_time":"20201211115433","is_ascension_mode":true,"campfire_choices":[{"data":"Armaments","floor":6,"key":"SMITH"},{"data":"Bash","floor":15,"key":"SMITH"},{"floor":30,"key":"REST"},{"data":"Body Slam","floor":32,"key":"SMITH"}],"circlet_count":0,"master_deck":["Strike_R","Strike_R","Strike_R","Defend_R+1","Defend_R","Defend_R","Defend_R","Bash+1","Battle Trance","Cleave","Headbutt","Spot Weakness","Heavy Blade","Armaments+1","Bloodletting","Sword Boomerang","Ghostly Armor","Power Through","Twin Strike","Immolate","True Grit+1","Body Slam+1","Juggernaut","True Grit","Dark Embrace","Warcry","Feed"],"relics":["Burning Blood","FossilizedHelix","Tiny Chest","Philosopher\u0027s Stone","Boot","Strawberry","Orrery","War Paint","Blood Vial"],"acts_visited":["Exordium","TheCity"],"potions_floor_usage":[10,23],"damage_taken":[{"damage":0,"enemies":"Cultist","floor":1,"turns":4},{"damage":0,"enemies":"Small Slimes","floor":2,"turns":5},{"damage":0,"enemies":"2 Louse","floor":3,"turns":2},{"damage":23,"enemies":"Exordium Thugs","floor":5,"turns":5},{"damage":16,"enemies":"Lots of Slimes","floor":7,"turns":4},{"damage":7,"enemies":"Looter","floor":8,"turns":4},{"damage":3,"enemies":"Exordium Thugs","floor":10,"turns":4},{"damage":16,"enemies":"Large Slime","floor":11,"turns":6},{"damage":0,"enemies":"3 Louse","floor":13,"turns":3},{"damage":0,"enemies":"2 Fungi Beasts","floor":14,"turns":3},{"damage":45,"enemies":"Hexaghost","floor":16,"turns":12},{"damage":9,"enemies":"Shell Parasite","floor":18,"turns":3},{"damage":4,"enemies":"Spheric Guardian","floor":19,"turns":4},{"damage":22,"enemies":"Centurion and Healer","floor":20,"turns":4},{"damage":1,"enemies":"Snecko","floor":22,"turns":4},{"damage":22,"enemies":"Book of Stabbing","floor":23,"turns":5},{"damage":13,"enemies":"3 Cultists","floor":25,"turns":6},{"damage":9,"enemies":"Chosen and Byrds","floor":27,"turns":5},{"damage":34,"enemies":"Sentry and Sphere","floor":29,"turns":6},{"damage":1,"enemies":"Snecko","floor":31,"turns":5},{"damage":91,"enemies":"Collector","floor":33,"turns":7}],"seed_played":"434323311642354705","potions_obtained":[{"floor":1,"key":"SkillPotion"},{"floor":2,"key":"Swift Potion"},{"floor":8,"key":"SpeedPotion"},{"floor":11,"key":"SteroidPotion"},{"floor":29,"key":"LiquidMemories"},{"floor":31,"key":"LiquidBronze"}],"is_trial":false,"path_per_floor":["M","M","M","$","M","R","M","M","T","M","M","?","M","M","R","B",null,"M","M","M","T","M","E","$","M","T","M","$","M","R","M","R","B"],"character_chosen":"IRONCLAD","items_purchased":["Spot Weakness","Heavy Blade","Orrery","War Paint"],"campfire_rested":1,"item_purchase_floors":[4,4,24,24],"current_hp_per_floor":[62,68,74,74,57,57,47,46,46,49,39,39,45,51,51,12,80,77,79,63,63,68,59,59,52,52,51,51,25,51,58,58,0,0],"gold":77,"neow_bonus":"ONE_RARE_RELIC","is_daily":false,"chose_seed":false,"campfire_upgraded":3,"win_rate":0.0,"timestamp":1607655273,"path_taken":["M","M","M","?","M","R","M","M","T","M","?","?","M","M","R","BOSS","M","?","M","?","?","E","?","M","T","M","?","M","R","M","R","BOSS"],"items_purchased_type":["Card","Card","Relic","Relic"],"build_version":"2020-11-30","purchased_purges":1,"victory":false,"max_hp_per_floor":[80,80,80,80,80,80,80,80,80,80,80,80,80,80,80,80,80,80,80,80,80,80,87,87,87,87,87,87,87,87,87,87,87,87],"card_choices":[{"not_picked":["Seeing Red","Anger"],"picked":"Battle Trance","floor":1},{"not_picked":["Thunderclap","Iron Wave"],"picked":"Cleave","floor":2},{"not_picked":["Metallicize","Hemokinesis"],"picked":"Headbutt","floor":3},{"not_picked":["Anger","Combust"],"picked":"Armaments","floor":5},{"not_picked":["Blood for Blood","Armaments"],"picked":"Bloodletting","floor":7},{"not_picked":["Berserk","Pommel Strike"],"picked":"Sword Boomerang","floor":8},{"not_picked":["Rage","Wild Strike"],"picked":"Ghostly Armor","floor":10},{"not_picked":["Anger","True Grit"],"picked":"Power Through","floor":11},{"not_picked":["Perfected Strike","Clothesline","Power Through"],"picked":"SKIP","floor":13},{"not_picked":["Havoc","Heavy Blade"],"picked":"Twin Strike","floor":14},{"not_picked":["Impervious","Exhume"],"picked":"Immolate","floor":16},{"not_picked":["Infernal Blade+1","Body Slam"],"picked":"True Grit","floor":18},{"not_picked":["Flame Barrier+1","Fire Breathing"],"picked":"Body Slam","floor":19},{"not_picked":["Wild Strike","Hemokinesis","Armaments"],"picked":"SKIP","floor":20},{"not_picked":["Clash","Havoc","Cleave"],"picked":"SKIP","floor":22},{"not_picked":["Body Slam","Pommel Strike","Blood for Blood+1"],"picked":"SKIP","floor":23},{"not_picked":["Heavy Blade+1","Entrench"],"picked":"Juggernaut","floor":24},{"not_picked":["Rage+1","Cleave"],"picked":"True Grit","floor":24},{"not_picked":["Body Slam","Twin Strike+1"],"picked":"Dark Embrace","floor":24},{"not_picked":["Perfected Strike","Pommel Strike"],"picked":"Warcry","floor":24},{"not_picked":["Flame Barrier","Armaments","Clothesline"],"picked":"SKIP","floor":25},{"not_picked":["Blood for Blood","Body Slam+1"],"picked":"Feed","floor":27},{"not_picked":["Havoc","Clothesline+1","Wild Strike"],"picked":"SKIP","floor":29},{"not_picked":["Pommel Strike","Reckless Charge","Twin Strike"],"picked":"SKIP","floor":31}],"player_experience":68580,"relics_obtained":[{"floor":9,"key":"Tiny Chest"},{"floor":21,"key":"Boot"},{"floor":23,"key":"Strawberry"},{"floor":26,"key":"Blood Vial"}],"event_choices":[{"cards_removed":["Strike_R"],"damage_healed":0,"gold_gain":0,"player_choice":"Purged","damage_taken":0,"max_hp_gain":0,"max_hp_loss":0,"event_name":"Purifier","floor":12,"gold_loss":0}],"is_beta":false,"boss_relics":[{"not_picked":["Snecko Eye","Astrolabe"],"picked":"Philosopher\u0027s Stone"}],"items_purged_floors":[24],"is_endless":false,"potions_floor_spawned":[1,2,8,11,14,16,18,19,20,29,31],"killed_by":"Collector","ascension_level":1}}