{"host":"usrgk25etjl0nf5i","time":1607665020,"event":{"mods":["2.2 Compatiblity","BaseMod","Downfall","Hermit","Hubris","Minty Spire (QoL Compilation)","StSLib","SuperFastMode","The Disciple","The Hierophant"],"gold_per_floor":[363,62,74,74,74,108,127,127,127,140,157,172,205,205,205,205,205],"floor_reached":16,"playtime":485,"items_purged":[],"score":162,"play_id":"7ef21997-a5f1-450f-9ef6-88a6705b1748","local_time":"20201210213700","is_ascension_mode":true,"campfire_choices":[{"floor":8,"key":"REST"},{"floor":15,"key":"REST"}],"circlet_count":0,"master_deck":["Strike_B","Strike_B","Strike_B","Defend_B","Defend_B","Defend_B","Defend_B","Zap+1","Dualcast","Defragment","Storm","FTL","Capacitor","Redo","Sunder","Tempest"],"relics":["Cracked Core","Chemical X","Lantern","Omamori","hubris:RGBLights","DataDisk"],"acts_visited":["Exordium"],"potions_floor_usage":[6,10,16],"damage_taken":[{"damage":9,"enemies":"Jaw Worm","floor":1,"turns":3},{"damage":0,"enemies":"2 Louse","floor":3,"turns":2},{"damage":15,"enemies":"Lagavulin","floor":6,"turns":6},{"damage":0,"enemies":"Cultist","floor":7,"turns":3},{"damage":5,"enemies":"Lots of Slimes","floor":10,"turns":3},{"damage":13,"enemies":"3 Louse","floor":11,"turns":3},{"damage":6,"enemies":"Gremlin Gang","floor":12,"turns":4},{"damage":20,"enemies":"3 Sentries","floor":13,"turns":5},{"damage":25,"enemies":"Hexaghost","floor":16,"turns":7}],"seed_played":"-1617659173437483749","potions_obtained":[{"floor":1,"key":"DuplicationPotion"},{"floor":7,"key":"Block Potion"},{"floor":10,"key":"FairyPotion"},{"floor":12,"key":"Energy Potion"}],"is_trial":false,"path_per_floor":["M","$","M","?","?","E","M","R","T","M","M","M","E","?","R","B"],"character_chosen":"DEFECT","items_purchased":["Chemical X","Storm","FTL"],"campfire_rested":2,"item_purchase_floors":[2,2,2],"current_hp_per_floor":[41,41,41,16,16,1,1,23,23,18,5,22,2,2,24,0,0],"gold":205,"neow_bonus":"TWO_FIFTY_GOLD","is_daily":false,"chose_seed":false,"campfire_upgraded":0,"win_rate":0.0,"timestamp":1607665020,"path_taken":["M","$","M","?","?","E","M","R","T","?","M","?","E","?","R","BOSS"],"items_purchased_type":["Relic","Card","Card"],"build_version":"2020-11-30","purchased_purges":0,"victory":false,"max_hp_per_floor":[75,75,75,75,75,75,75,75,75,75,75,75,75,75,75,75,75],"card_choices":[{"not_picked":["Tempest","Compile Driver"],"picked":"Defragment","floor":1},{"not_picked":["Gash","Rip and Tear","Scrape"],"picked":"SKIP","floor":3},{"not_picked":["Turbo","hubris:PowerSurge"],"picked":"Capacitor","floor":6},{"not_picked":["Compile Driver","Gash","Darkness"],"picked":"SKIP","floor":7},{"not_picked":["Rip and Tear","Skim"],"picked":"Redo","floor":10},{"not_picked":["Consume","Cold Snap"],"picked":"Sunder","floor":11},{"not_picked":["Double Energy","Streamline","Compile Driver"],"picked":"SKIP","floor":12},{"not_picked":["Undo","Beam Cell"],"picked":"Tempest","floor":13}],"player_experience":629901,"relics_obtained":[{"floor":6,"key":"Omamori"},{"floor":9,"key":"hubris:RGBLights"},{"floor":13,"key":"DataDisk"}],"event_choices":[{"damage_healed":0,"gold_gain":0,"player_choice":"Success","damage_taken":25,"relics_obtained":["Lantern"],"max_hp_gain":0,"max_hp_loss":0,"event_name":"Scrap Ooze","floor":4,"gold_loss":0},{"damage_healed":0,"gold_gain":0,"player_choice":"Upgraded","damage_taken":0,"max_hp_gain":0,"max_hp_loss":0,"event_name":"Upgrade Shrine","floor":5,"gold_loss":0,"cards_upgraded":["Zap"]},{"cards_removed":["Strike_B"],"damage_healed":0,"gold_gain":0,"player_choice":"Purged","damage_taken":0,"max_hp_gain":0,"max_hp_loss":0,"event_name":"Purifier","floor":14,"gold_loss":0}],"is_beta":false,"boss_relics":[],"items_purged_floors":[],"is_endless":false,"potions_floor_spawned":[1,7,10,12],"killed_by":"Hexaghost","ascension_level":9}}