{"host":"qqjv58wfhopf6ysa","time":1607709568,"event":{"mods":["AchievementEnabler","Aspiration","BaseMod","Conspire","Hubris","Infinite Spire","Minty Spire (QoL Compilation)","Quick Restart","Replay The Spire","StSLib","SuperFastMode","vexMod"],"gold_per_floor":[112,112,130,59,59,59,100,100,100,100,100,124,49,49,49,170,170,195,195,210,224,243,261,261,261,288,288,203,224,224,237,237,357,357,381,506,506,324,342,342,342],"floor_reached":40,"playtime":1418,"items_purged":["Strike_B","Defend_B","Strike_B"],"score":384,"play_id":"16646019-468e-4c53-b789-fb3b0afb6ab5","local_time":"20201212025928","is_ascension_mode":false,"campfire_choices":[{"data":"Defragment","floor":6,"key":"SMITH"},{"data":"Glacier","floor":10,"key":"SMITH"},{"floor":15,"key":"DIG"},{"data":"infinitespire:UltimateForm","floor":24,"key":"SMITH"},{"data":"Glacier","floor":27,"key":"SMITH"},{"data":"Zap","floor":32,"key":"SMITH"}],"circlet_count":0,"master_deck":["Strike_B","Strike_B","Defend_B","Defend_B+1","Defend_B+1","Zap+1","Dualcast","Glacier+1","Glacier+1","Defragment+1","Amplify","infinitespire:UltimateForm+1","FTL","Consume+1","Seek","Double Energy+1","infinitespire:Fortify","Creative AI","Madness","aspiration:Polymerization"],"relics":["Cracked Core","hubris:BallOfYels","vexMod:ScavengeHelm","Golden Idol","Pen Nib","Bronze Scales","Potion Belt","Ancient Tea Set","hubris:RunicObelisk","Calipers","Pet Ghost","Calipers","Sozu","conspire:GiftBox","hubris:Towel"],"acts_visited":["Exordium","TheCity","TheBeyond"],"potions_floor_usage":[36,40],"damage_taken":[{"damage":7,"enemies":"Jaw Worm","floor":1,"turns":3},{"damage":0,"enemies":"Cultist","floor":3,"turns":4},{"damage":7,"enemies":"3 Sentries","floor":7,"turns":13},{"damage":0,"enemies":"2 Louse","floor":12,"turns":3},{"damage":6,"enemies":"Hexaghost","floor":16,"turns":11},{"damage":0,"enemies":"Chosen","floor":18,"turns":5},{"damage":0,"enemies":"Spheric Guardian","floor":20,"turns":4},{"damage":15,"enemies":"Shelled Parasite and Fungi","floor":21,"turns":6},{"damage":6,"enemies":"Cultist and Chosen","floor":22,"turns":7},{"damage":2,"enemies":"Centurion and Healer","floor":23,"turns":13},{"damage":0,"enemies":"Shelled Parasite and Fungi","floor":29,"turns":8},{"damage":0,"enemies":"3 Cultists","floor":31,"turns":9},{"damage":29,"enemies":"Collector","floor":33,"turns":21},{"damage":15,"enemies":"Orb Walker","floor":35,"turns":3},{"damage":20,"enemies":"infinitespire:Three Voidlings","floor":36,"turns":5},{"damage":38,"enemies":"Nightmare_Alpha","floor":36,"turns":14},{"damage":0,"enemies":"3 Shapes","floor":39,"turns":5},{"damage":4,"enemies":"Transient","floor":40,"turns":2}],"seed_played":"-2761833874742819852","potions_obtained":[{"floor":1,"key":"infinitespire:BlackPotion"},{"floor":7,"key":"SkillPotion"},{"floor":22,"key":"FearPotion"},{"floor":31,"key":"GamblersBrew"},{"floor":33,"key":"LiquidBronze"}],"is_trial":false,"path_per_floor":["M","?","M","$","?","R","E","?","T","R","?","M","$","?","R","B",null,"M","AVR","M","M","M","M","R","?","T","R","?","M","?","M","R","B",null,"M","?","?","$","M","M"],"character_chosen":"DEFECT","items_purchased":["Defragment","Madness"],"campfire_rested":0,"item_purchase_floors":[4,38],"current_hp_per_floor":[68,68,68,68,68,68,61,61,61,61,47,47,47,47,47,41,69,69,69,69,54,48,46,46,46,46,46,46,46,53,53,53,24,69,54,3,3,3,3,0,0],"gold":342,"neow_bonus":"RANDOM_COMMON_RELIC","is_daily":false,"chose_seed":false,"campfire_upgraded":5,"win_rate":0.0,"timestamp":1607709568,"path_taken":["M","?","?","$","?","R","E","?","T","R","?","M","$","?","R","BOSS","M","AVR","M","M","M","M","R","?","T","R","?","M","?","M","R","BOSS","M","?","?","$","M","?"],"items_purchased_type":["Card","Card"],"build_version":"2020-11-30","purchased_purges":3,"victory":false,"max_hp_per_floor":[75,75,75,75,69,69,69,69,69,69,69,69,69,69,69,69,69,69,69,69,69,69,69,69,69,69,69,69,69,69,69,69,69,69,69,69,69,69,69,69,69],"card_choices":[{"not_picked":["Streamline","Coolheaded"],"picked":"Glacier","floor":1},{"not_picked":["Hologram","Stack"],"picked":"Glacier","floor":3},{"not_picked":["Redo","Hologram","Leap"],"picked":"SKIP","floor":7},{"not_picked":["Scrape","Redo","Sweeping Beam"],"picked":"SKIP","floor":12},{"not_picked":["Fission","Hyperbeam"],"picked":"Amplify","floor":16},{"not_picked":["Streamline","Beam Cell","BasicCrystalCard+1"],"picked":"SKIP","floor":18},{"not_picked":["Panic Button","Fusion+1"],"picked":"FTL","floor":20},{"not_picked":["Steam","Go for the Eyes+1","Gash"],"picked":"SKIP","floor":21},{"not_picked":["Streamline","Rainbow","Redo+1"],"picked":"SKIP","floor":22},{"not_picked":["ReplayTheSpireMod:GoodbyeWorld","Stack","Time Bomb"],"picked":"SKIP","floor":23},{"not_picked":["Beam Cell","conspire:SharedLibrary"],"picked":"Consume+1","floor":29},{"not_picked":["ReplaySort","Sunder","Steam"],"picked":"SKIP","floor":31},{"not_picked":["All For One","hubris:SpecializedCircuitry"],"picked":"Seek","floor":33},{"not_picked":["Rebound","Barrage+1"],"picked":"Double Energy+1","floor":35},{"not_picked":["hubris:InfiniteBlow+5","ReplayTheSpireMod:Haul"],"picked":"infinitespire:Fortify","floor":36},{"not_picked":["Meteor Strike","hubris:Prefetch"],"picked":"Creative AI","floor":36},{"not_picked":["Steam Power","Skim"],"picked":"aspiration:Polymerization","floor":39}],"player_experience":310726,"relics_obtained":[{"floor":2,"key":"vexMod:ScavengeHelm"},{"floor":7,"key":"Pen Nib"},{"floor":8,"key":"Bronze Scales"},{"floor":9,"key":"Potion Belt"},{"floor":15,"key":"Ancient Tea Set"},{"floor":26,"key":"Pet Ghost"},{"floor":36,"key":"conspire:GiftBox"}],"event_choices":[{"damage_healed":0,"gold_gain":0,"player_choice":"Relic","damage_taken":0,"max_hp_gain":0,"max_hp_loss":0,"event_name":"Wheel of Change","floor":2,"gold_loss":0},{"damage_healed":0,"gold_gain":0,"player_choice":"Lose Max HP","damage_taken":0,"relics_obtained":["Golden Idol"],"max_hp_gain":0,"max_hp_loss":6,"event_name":"Golden Idol","floor":5,"gold_loss":0},{"damage_healed":0,"gold_gain":0,"player_choice":"Entered Light","damage_taken":14,"max_hp_gain":0,"max_hp_loss":0,"event_name":"Shining Light","floor":11,"gold_loss":0,"cards_upgraded":["Defend_B","Defend_B"]},{"damage_healed":0,"gold_gain":0,"player_choice":"Ignored","damage_taken":0,"max_hp_gain":0,"max_hp_loss":0,"event_name":"Vampires","floor":25,"gold_loss":0},{"damage_healed":0,"gold_gain":0,"player_choice":"Obtained Relic","damage_taken":0,"relics_obtained":["Calipers"],"max_hp_gain":0,"max_hp_loss":0,"event_name":"Addict","floor":28,"gold_loss":85}],"is_beta":false,"boss_relics":[{"not_picked":["vexMod:BigBerry","vexMod:EndlessSickness"],"picked":"hubris:RunicObelisk"},{"not_picked":["aspiration:RitualDagger","Kintsugi"],"picked":"Sozu"}],"items_purged_floors":[13,19,38],"is_endless":false,"potions_floor_spawned":[1,7,22,31,33,39],"killed_by":"Transient","ascension_level":0}}