{"host":"acw864156wjp8gcv","time":1607710518,"event":{"mods":["2.2 Compatiblity","AchievementEnabler","Ascension Reborn","Aspiration","BaseMod","Beaked The Cultist","Better Altar","Better Match","Better Note","Better Sensory Stone","Better Silent Start","Better Skull","Better Third Choice","Better Vampires","Challenge The Spire","Colored Map","Colored Powertips","Conspire","Downfall","Energized Spire","Halation","Hubris","Infinite Spire","Ironclad Rager","Jedi Mod","Mimic Mod","Minty Spire (QoL Compilation)","Relic Sorter","Replay The Spire","Shade Mod","Shop Mod","Spicy Shops","Spikes Relics","StSLib","The Construct","The Jungle","UnlockEverythingMod","Wandering Minibosses","everything is the same but u backflip on backflip","vexMod"],"gold_per_floor":[115,215,228,53,69,69,19,44,44,55,69,69,89,102,102,200,200,214,227,241,256,256,288,288,288,288,288,303,303,213,213,213,313,313,333,333,352,352,352,368,368,387,460,460,360,376,392,403,403,403,403],"floor_reached":50,"playtime":2451,"items_purged":["Shade:Defend_Shade","Parasite"],"score":483,"play_id":"d818ae20-961e-465f-bfba-3e9e43fcee8b","local_time":"20201211121518","is_ascension_mode":true,"campfire_choices":[{"data":"Shade:SpectralStrikes","floor":6,"key":"SMITH"},{"data":"Shade:CommandSoldier","floor":15,"key":"SMITH"},{"data":"Shade:FreshBones","floor":24,"key":"SMITH"},{"data":"Shade:OfferingToTheBeyond","floor":29,"key":"SMITH"},{"data":"Shade:AnimateDead","floor":32,"key":"SMITH"},{"data":"Shade:BoneShards","floor":41,"key":"SMITH"},{"floor":49,"key":"RECALL"}],"circlet_count":0,"master_deck":["Shade:Strike_Shade+1","Shade:Strike_Shade+1","Shade:Strike_Shade+1","Shade:Defend_Shade+1","Shade:Defend_Shade+1","Shade:AnimateDead+1","Shade:CarefulCut+1","Shade:Bonestorm+1","Shade:SpectralStrikes+1","Shade:FuneraryJewels+1","Shade:CommandSoldier+1","Shade:Putrefaction+1","Shade:FreshBones+1","Shade:StitchTogether+1","Shade:OfferingToTheBeyond+1","Shade:GreaterAnimation+1","Shade:BoneShards+1","Shade:TouchOfTheGrave+1","Shade:GraveStillness+1"],"relics":["Shade:YorickSkull","NeowsBlessing","Odd Mushroom","Runic Dome","halation:HeavySnake","halation:OrihimeAndHikoboshiSamaAndTears","Nloth\u0027s Gift","Du-Vu Doll","CultistMask","hubris:RunicObelisk","hubris:Towel","ReplayTheSpireMod:Shallot"],"acts_visited":["Exordium","TheCity","TheBeyond"],"potions_floor_usage":[],"damage_taken":[{"damage":0,"enemies":"2 Louse","floor":1,"turns":1},{"damage":0,"enemies":"Cultist","floor":3,"turns":1},{"damage":0,"enemies":"conspire:RoseBush","floor":5,"turns":1},{"damage":10,"enemies":"The Mushroom Lair","floor":8,"turns":4},{"damage":7,"enemies":"Large Slime","floor":10,"turns":3},{"damage":3,"enemies":"2 Fungi Beasts","floor":11,"turns":3},{"damage":9,"enemies":"3 Louse","floor":13,"turns":2},{"damage":5,"enemies":"Blue Slaver","floor":14,"turns":3},{"damage":6,"enemies":"Hexaghost","floor":16,"turns":8},{"damage":18,"enemies":"conspire:FuzzyDice","floor":18,"turns":4},{"damage":6,"enemies":"Spheric Guardian","floor":19,"turns":3},{"damage":7,"enemies":"3 Cultists","floor":20,"turns":3},{"damage":14,"enemies":"conspire:HollyBat","floor":21,"turns":5},{"damage":59,"enemies":"Book of Stabbing","floor":23,"turns":5},{"damage":12,"enemies":"Centurion and Healer","floor":28,"turns":5},{"damage":1,"enemies":"Automaton","floor":33,"turns":6},{"damage":0,"enemies":"3 Shapes","floor":35,"turns":2},{"damage":11,"enemies":"Orb Walker","floor":37,"turns":3},{"damage":8,"enemies":"Maw","floor":40,"turns":5},{"damage":2,"enemies":"Writhing Mass","floor":42,"turns":4},{"damage":3,"enemies":"3 Darklings","floor":46,"turns":3},{"damage":20,"enemies":"Jaw Worm Horde","floor":47,"turns":4},{"damage":0,"enemies":"Maw","floor":48,"turns":5},{"damage":40,"enemies":"Donu and Deca","floor":50,"turns":5}],"seed_played":"6228621904268937130","potions_obtained":[{"floor":1,"key":"SkillPotion"},{"floor":10,"key":"FearPotion"},{"floor":35,"key":"DistilledChaos"},{"floor":47,"key":"Regen Potion"}],"is_trial":false,"path_per_floor":["M","?","M","$","M","R","?","?","T","M","M","$","M","M","R","B",null,"M","M","M","M","AVR","E","R","?","T","$","M","R","?","?","R","B",null,"M","HB","M","?","?","M","R","M","T","?","$","M","M","M","R","B"],"character_chosen":"SHADE","items_purchased":["Shade:Bonestorm","Shade:SpectralStrikes"],"campfire_rested":0,"item_purchase_floors":[4,4],"current_hp_per_floor":[65,65,65,65,65,65,65,55,55,48,45,45,36,31,31,25,65,47,41,34,20,20,21,21,21,21,21,16,16,16,16,16,15,65,65,33,22,22,22,24,24,32,32,32,30,30,20,30,30,0,0],"gold":403,"neow_bonus":"THREE_ENEMY_KILL","is_daily":false,"chose_seed":false,"campfire_upgraded":6,"win_rate":0.0,"timestamp":1607710518,"path_taken":["M","?","?","$","?","R","?","?","T","M","M","$","M","M","R","BOSS","M","M","M","M","AVR","E","R","?","T","$","M","R","?","?","R","BOSS","M","HB","M","?","?","M","R","?","T","?","$","M","M","?","R","BOSS"],"items_purchased_type":["Card","Card"],"build_version":"2020-11-30","purchased_purges":2,"victory":false,"max_hp_per_floor":[65,65,65,65,65,65,65,65,65,65,65,65,65,65,65,65,65,65,65,65,65,65,65,65,65,65,65,65,65,65,65,65,65,65,65,33,33,33,33,33,33,33,33,33,30,30,30,30,30,30,30],"card_choices":[{"not_picked":["Shade:SoulToxin","Shade:ClawBack","Shade:AblativeArmor"],"picked":"SKIP","floor":1},{"not_picked":["Shade:CoffinDance","Shade:SkeletonHug","Shade:RitualOffering"],"picked":"SKIP","floor":3},{"not_picked":["Shade:Premonition","Shade:FreshBones","Shade:Bonestorm"],"picked":"SKIP","floor":5},{"not_picked":["Shade:ScuttlingHand","Shade:ClawBack"],"picked":"Shade:FuneraryJewels","floor":10},{"not_picked":["Shade:Frenzy","Shade:Trample"],"picked":"Shade:CommandSoldier","floor":11},{"not_picked":["Shade:FreshBones","Shade:FingerOfDeath","Shade:SpectralStrikes"],"picked":"SKIP","floor":13},{"not_picked":["Shade:PotionOfRestlessness","Shade:CommandSoldier","Shade:SkeletonHug"],"picked":"SKIP","floor":14},{"not_picked":["Shade:SelfBurial","Shade:LoseControl"],"picked":"Shade:Putrefaction","floor":16},{"not_picked":["Shade:Brains","Shade:DangerousRitual","Shade:Premonition"],"picked":"SKIP","floor":18},{"not_picked":["Shade:RavenousHorde+1","Shade:GraveStillness"],"picked":"Shade:FreshBones","floor":19},{"not_picked":["Shade:ExtraLimbs","Shade:Premonition","Shade:Awaken"],"picked":"SKIP","floor":20},{"not_picked":["Shade:GreyBargain","Shade:CoffinDance","Shade:SpontaneousRitual+1"],"picked":"SKIP","floor":21},{"not_picked":["Shade:ScuttlingHand","Shade:FingerOfDeath+1"],"picked":"Shade:StitchTogether","floor":23},{"not_picked":["Shade:FuneraryArmor+1","Shade:CoffinDance"],"picked":"Shade:OfferingToTheBeyond","floor":28},{"not_picked":["Shade:LoseControl","Shade:OminousRitual"],"picked":"Shade:GreaterAnimation","floor":33},{"not_picked":["Shade:Doomsay+1","Shade:FeralStrike","Shade:Brains"],"picked":"SKIP","floor":35},{"not_picked":["Shade:LyeBath+1","Shade:OfferingToTheBeyond"],"picked":"Shade:BoneShards","floor":37},{"not_picked":["Shade:CoffinDance+1","Shade:SpectralStrikes","Shade:FleshToFlesh"],"picked":"SKIP","floor":40},{"not_picked":["Shade:Asphyxiate","Shade:FeralStrike","Shade:CallOfTheGrave"],"picked":"SKIP","floor":42},{"not_picked":["Shade:ExtraLimbs","Shade:DarkOfNight","Shade:FuneraryArmor"],"picked":"SKIP","floor":46},{"not_picked":["Shade:FleshLikeOak","Shade:FleshOffering+1"],"picked":"Shade:TouchOfTheGrave+1","floor":47},{"not_picked":["Shade:Premonition+1","Shade:FleshToFlesh"],"picked":"Shade:GraveStillness+1","floor":48}],"player_experience":90773,"relics_obtained":[{"floor":8,"key":"Odd Mushroom"},{"floor":9,"key":"Golden Egg"},{"floor":23,"key":"halation:OrihimeAndHikoboshiSamaAndTears"},{"floor":26,"key":"Du-Vu Doll"},{"floor":43,"key":"ReplayTheSpireMod:Shallot"}],"event_choices":[{"damage_healed":0,"gold_gain":100,"player_choice":"Pray","damage_taken":0,"max_hp_gain":0,"max_hp_loss":0,"event_name":"Golden Shrine","floor":2,"gold_loss":0},{"cards_removed":["Shade:Defend_Shade"],"damage_healed":0,"gold_gain":0,"player_choice":"Card Removal","damage_taken":0,"max_hp_gain":0,"max_hp_loss":0,"event_name":"The Cleric","floor":7,"gold_loss":50},{"damage_healed":0,"gold_gain":0,"player_choice":"Fought Mushrooms","damage_taken":0,"max_hp_gain":0,"max_hp_loss":0,"event_name":"Mushrooms","floor":8,"gold_loss":0},{"damage_healed":0,"gold_gain":0,"player_choice":"Traded Relic","damage_taken":0,"relics_obtained":["Nloth\u0027s Gift"],"max_hp_gain":0,"max_hp_loss":0,"event_name":"N\u0027loth","floor":25,"relics_lost":["Golden Egg"],"gold_loss":0},{"cards_removed":["Shade:Strike_Shade"],"damage_healed":0,"gold_gain":0,"player_choice":"Upgrade and Remove","damage_taken":0,"max_hp_gain":0,"max_hp_loss":0,"event_name":"Designer","floor":30,"gold_loss":90,"cards_upgraded":["Shade:CarefulCut"]},{"damage_healed":0,"gold_gain":0,"player_choice":"Trade","damage_taken":0,"relics_obtained":["CultistMask"],"max_hp_gain":0,"max_hp_loss":0,"event_name":"FaceTrader","floor":31,"gold_loss":0},{"damage_healed":0,"gold_gain":0,"player_choice":"Leave","damage_taken":0,"max_hp_gain":0,"max_hp_loss":0,"event_name":"conspire:Investor","floor":39,"gold_loss":0},{"damage_healed":0,"gold_gain":0,"player_choice":"Ignored","damage_taken":0,"max_hp_gain":0,"max_hp_loss":0,"event_name":"Duplicator","floor":44,"gold_loss":0}],"is_beta":false,"boss_relics":[{"not_picked":["hubris:Stopwatch","infinitespire:Cupcake"],"picked":"Runic Dome"},{"not_picked":["jedi:battlestandard","Philosopher\u0027s Stone"],"picked":"hubris:RunicObelisk"}],"items_purged_floors":[4,45],"is_endless":false,"potions_floor_spawned":[1,10,13,14,19,21,28,35,46,47],"killed_by":"Donu and Deca","ascension_level":0}}