{"host":"7r6bd5ce6zscnmwq","time":1607689114,"event":{"mods":["BaseMod","Better Altar","Better Match","Better Note","Better Sensory Stone","Better Skull","Better Third Choice","Better Vampires","Block Reminder","Colored Powertips","Displayed Cursed Tome","Minty Spire (QoL Compilation)","Permanent Neow","Quick Restart","Shop Mod","Spicy Shops","StSLib"],"gold_per_floor":[111,111,111,126,126,126,51,51,51,66,79,8,8,37,37,37,37],"floor_reached":16,"playtime":688,"items_purged":[],"score":142,"play_id":"a6517bb7-fb1f-45cf-b771-f865c3f43401","local_time":"20201211211834","is_ascension_mode":true,"campfire_choices":[{"data":"MentalFortress","floor":6.0,"key":"SMITH"},{"data":"FollowUp","floor":8.0,"key":"SMITH"},{"data":"Rage","floor":15,"key":"SMITH"}],"circlet_count":0,"master_deck":["Strike_P","Strike_P","Strike_P","Defend_P","Defend_P","Defend_P","Defend_P+1","Eruption+1","Vigilance+1","MentalFortress+1","FollowUp+1","Consecrate","Disarm","Rage+1"],"relics":["PureWater","PrismaticShard","MealTicket","Blood Vial","War Paint","Regal Pillow"],"acts_visited":["Exordium"],"potions_floor_usage":[14,14,14,16],"damage_taken":[{"damage":0.0,"enemies":"Small Slimes","floor":1.0,"turns":3.0},{"damage":5.0,"enemies":"Jaw Worm","floor":4.0,"turns":3.0},{"damage":0.0,"enemies":"Cultist","floor":10.0,"turns":3.0},{"damage":0.0,"enemies":"Looter","floor":11.0,"turns":2.0},{"damage":2,"enemies":"Gremlin Nob","floor":14,"turns":5},{"damage":85,"enemies":"Hexaghost","floor":16,"turns":12}],"seed_played":"4415402968326066347","potions_obtained":[{"floor":3.0,"key":"DuplicationPotion"},{"floor":3.0,"key":"Strength Potion"},{"floor":3.0,"key":"Dexterity Potion"},{"floor":14,"key":"LiquidMemories"}],"is_trial":false,"path_per_floor":["M","?","?","M","?","R","$","R","T","M","M","$","T","E","R","B"],"character_chosen":"WATCHER","items_purchased":["PrismaticShard","Blood Vial"],"campfire_rested":0,"item_purchase_floors":[7,12],"current_hp_per_floor":[65,70,70,65,65,65,65,65,65,65,65,77,77,75,75,0,0],"gold":37,"neow_bonus":"UPGRADE_CARD","is_daily":false,"chose_seed":false,"campfire_upgraded":3,"win_rate":0.0,"timestamp":1607689114,"path_taken":["M","?","?","?","?","R","?","R","T","?","M","$","?","E","R","BOSS"],"items_purchased_type":["Relic","Relic"],"build_version":"2020-11-30","purchased_purges":0,"victory":false,"max_hp_per_floor":[72,77,77,77,77,77,77,77,77,77,77,77,77,77,77,77,77],"card_choices":[{"not_picked":["ClearTheMind","SashWhip"],"picked":"MentalFortress","floor":1.0},{"not_picked":["CutThroughFate","DevaForm"],"picked":"FollowUp","floor":4.0},{"not_picked":["Redo","Escape Plan"],"picked":"Consecrate","floor":10.0},{"not_picked":["Leg Sweep","Hello World"],"picked":"Disarm","floor":11.0},{"not_picked":["Metallicize","Beam Cell"],"picked":"Rage","floor":14}],"player_experience":583655,"relics_obtained":[{"floor":9.0,"key":"MealTicket"},{"floor":13.0,"key":"War Paint"},{"floor":14,"key":"Regal Pillow"}],"event_choices":[{"damage_healed":0.0,"max_hp_gain":5.0,"max_hp_loss":0.0,"gold_gain":0.0,"event_name":"Big Fish","player_choice":"Donut","floor":2.0,"gold_loss":0.0,"damage_taken":0.0},{"damage_healed":0.0,"max_hp_gain":0.0,"max_hp_loss":0.0,"gold_gain":0.0,"event_name":"Lab","player_choice":"Got Potions","floor":3.0,"gold_loss":0.0,"damage_taken":0.0},{"cards_removed":["Strike_P"],"damage_healed":0.0,"max_hp_gain":0.0,"max_hp_loss":0.0,"gold_gain":0.0,"event_name":"Living Wall","player_choice":"Forget","floor":5.0,"gold_loss":0.0,"damage_taken":0.0}],"is_beta":false,"boss_relics":[],"items_purged_floors":[],"is_endless":false,"potions_floor_spawned":[11,14],"killed_by":"Hexaghost","ascension_level":9}}