{"host":"hahe3lxotqh08ugn","time":1607711324,"event":{"mods":["AchievementEnabler","BaseMod","Googly Eyes","Hermit","Minty Spire (QoL Compilation)","Quick Restart","StSLib","The Cursed","The Hierophant"],"gold_per_floor":[115,290,303,314,41,67,17,17,42,56,72,72,91,108,108,211,211,229,242,262,14,33,33,33],"floor_reached":23,"playtime":1754,"items_purged":["Doubt","hermit:Strike_Hermit+1"],"score":197,"play_id":"47888306-2301-4197-9435-e1cea6ebb4b3","local_time":"20201211132844","is_ascension_mode":false,"campfire_choices":[{"floor":12,"key":"REST"},{"floor":15,"key":"REST"}],"circlet_count":0,"master_deck":["hermit:Strike_Hermit","hermit:Strike_Hermit","hermit:Defend_Hermit","hermit:Defend_Hermit","hermit:Defend_Hermit","hermit:Defend_Hermit","hermit:Snapshot+1","hermit:Covet","hermit:Coalescence","hermit:CalledShot","hermit:BigShot","hermit:Dive","hermit:Gambit","hermit:Glare","hermit:GhostlyPresence","hermit:Feint","hermit:Malice","hermit:SprayPray","hermit:FinalCanter","CurseOfTheBell","hermit:Cheat","hermit:Glare","hermit:Combo","hermit:EyeOfTheStorm","hermit:Grudge"],"relics":["hermit:Momento","Dream Catcher","Toy Ornithopter","Whetstone","Tiny Chest","Calling Bell","Bag of Marbles","hermit:Horseshoe","hermit:CharredGlove"],"acts_visited":["TheCity"],"potions_floor_usage":[6,16,16,16,16,20,20,20,20,20],"damage_taken":[{"damage":6,"enemies":"Jaw Worm","floor":1,"turns":3},{"damage":0,"enemies":"Small Slimes","floor":3,"turns":3},{"damage":6,"enemies":"2 Louse","floor":4,"turns":4},{"damage":32,"enemies":"Gremlin Nob","floor":6,"turns":5},{"damage":20,"enemies":"Gremlin Gang","floor":10,"turns":6},{"damage":11,"enemies":"Large Slime","floor":11,"turns":6},{"damage":2,"enemies":"2 Fungi Beasts","floor":13,"turns":4},{"damage":0,"enemies":"Looter","floor":14,"turns":4},{"damage":61,"enemies":"Hexaghost","floor":16,"turns":15},{"damage":30,"enemies":"3 Byrds","floor":18,"turns":6},{"damage":19,"enemies":"Spheric Guardian","floor":19,"turns":5},{"damage":0,"enemies":"Snake Plant","floor":20,"turns":2},{"damage":50,"enemies":"Sentry and Sphere","floor":22,"turns":8},{"damage":0,"enemies":"Book of Stabbing","floor":23,"turns":1}],"seed_played":"4021934742496983682","potions_obtained":[{"floor":3,"key":"Ancient Potion"},{"floor":4,"key":"Fire Potion"},{"floor":13,"key":"EntropicBrew"},{"floor":16,"key":"EntropicBrew"},{"floor":20,"key":"SpeedPotion"}],"is_trial":false,"path_per_floor":["M","?","M","M","$","E","?","$","T","M","M","R","M","M","R","B",null,"M","M","M","$","M","E"],"character_chosen":"HERMIT","items_purchased":["hermit:Dive","Toy Ornithopter","hermit:EyeOfTheStorm","hermit:Grudge"],"campfire_rested":2,"item_purchase_floors":[5,5,21,21],"current_hp_per_floor":[69,69,69,63,63,36,36,36,36,16,5,27,25,25,47,6,75,45,26,51,51,1,1,1],"gold":33,"neow_bonus":"RANDOM_COMMON_RELIC","is_daily":false,"chose_seed":false,"campfire_upgraded":0,"win_rate":0.0,"timestamp":1607711324,"path_taken":["M","?","M","M","$","E","?","?","T","M","M","R","M","M","R","BOSS","M","M","M","$","M","E"],"items_purchased_type":["Card","Relic","Card","Card"],"build_version":"2020-11-30","purchased_purges":2,"victory":false,"max_hp_per_floor":[75,75,75,75,75,75,75,75,75,75,75,75,75,75,75,75,75,75,75,75,75,75,75,75],"card_choices":[{"not_picked":["hermit:LowProfile","hermit:PistolWhip"],"picked":"hermit:Coalescence","floor":1},{"not_picked":["hermit:Headshot","hermit:ItchyTrigger"],"picked":"hermit:CalledShot","floor":3},{"not_picked":["hermit:ItchyTrigger","hermit:TrackingShot"],"picked":"hermit:BigShot","floor":4},{"not_picked":["hermit:WideOpen","hermit:Quickdraw"],"picked":"hermit:Gambit","floor":6},{"not_picked":["hermit:CursedWeapon","hermit:Headshot","hermit:Vantage"],"picked":"SKIP","floor":10},{"not_picked":["hermit:GoldenBullet","hermit:LowProfile"],"picked":"hermit:Glare","floor":11},{"not_picked":["hermit:ItchyTrigger","hermit:EternalForm"],"picked":"hermit:GhostlyPresence","floor":12},{"not_picked":["hermit:BodyArmor","hermit:Ricochet"],"picked":"hermit:Feint","floor":13},{"not_picked":["hermit:BodyArmor","hermit:LuckOfTheDraw"],"picked":"hermit:Malice","floor":14},{"not_picked":["hermit:Desperado","hermit:HoleUp"],"picked":"hermit:SprayPray","floor":15},{"not_picked":["hermit:HeroicBravado","hermit:Magnum"],"picked":"hermit:FinalCanter","floor":16},{"not_picked":["hermit:Shortfuse","hermit:Glare"],"picked":"hermit:Cheat","floor":18},{"not_picked":["hermit:GhostlyPresence","hermit:Desperado"],"picked":"hermit:Glare","floor":19},{"not_picked":["hermit:Brawl+1","hermit:PistolWhip+1"],"picked":"hermit:Combo","floor":20},{"not_picked":["hermit:LuckOfTheDraw","hermit:Purgatory","hermit:Shortfuse"],"picked":"SKIP","floor":22}],"player_experience":275405,"relics_obtained":[{"floor":6,"key":"Whetstone"},{"floor":9,"key":"Tiny Chest"},{"floor":17,"key":"Bag of Marbles"},{"floor":17,"key":"hermit:Horseshoe"},{"floor":17,"key":"hermit:CharredGlove"}],"event_choices":[{"damage_healed":0,"gold_gain":175,"player_choice":"AGREE","damage_taken":0,"max_hp_gain":0,"max_hp_loss":0,"event_name":"Liars Game","floor":2,"gold_loss":0,"cards_obtained":["Doubt"]},{"cards_removed":["hermit:Strike_Hermit"],"damage_healed":0,"gold_gain":0,"player_choice":"Card Removal","damage_taken":0,"max_hp_gain":0,"max_hp_loss":0,"event_name":"The Cleric","floor":7,"gold_loss":50}],"is_beta":false,"boss_relics":[{"not_picked":["Velvet Choker","Ectoplasm"],"picked":"Calling Bell"}],"items_purged_floors":[5,21],"is_endless":false,"potions_floor_spawned":[3,4,13,16,20],"killed_by":"Book of Stabbing","ascension_level":0}}