{"host":"nn0usk9aafse27ii","time":1607710095,"event":{"mods":["BaseMod","Colored Map","Highlight Path","Minty Spire (QoL Compilation)","Shop Mod","StSLib","The Cursed"],"gold_per_floor":[118,118,118,135,85,85,102,102,102,102,122,122,146,157,157,255,255,268,193,204,222,235,264,264,3,26,26,26,125,138,151,151,151,151],"floor_reached":33,"playtime":2985,"items_purged":[],"score":257,"play_id":"46d9df6f-939c-48be-b60c-70b52c9f295b","local_time":"20201211100815","is_ascension_mode":false,"campfire_choices":[{"data":"TheCursedMod:CursedStaff","floor":6,"key":"SMITH"},{"data":"TheCursedMod:SpreadPlague","floor":8,"key":"SMITH"},{"data":"TheCursedMod:Grudge","floor":15,"key":"SMITH"},{"floor":24,"key":"REST"},{"floor":27,"key":"REST"},{"floor":32,"key":"REST"}],"circlet_count":0,"master_deck":["TheCursedMod:Defend_TheCursed","TheCursedMod:Defend_TheCursed","TheCursedMod:Defend_TheCursed","TheCursedMod:Defend_TheCursed","TheCursedMod:CursedWand","TheCursedMod:CleanUpWorkshop","TheCursedMod:Dregs","Finesse","TheCursedMod:CursedStaff+1","Regret","TheCursedMod:CircleOfCorruption","TheCursedMod:SpreadPlague+1","TheCursedMod:CursedRelics","TheCursedMod:OutForBlood","TheCursedMod:ManaBullet","TheCursedMod:Grudge+1","TheCursedMod:CircleOfAbyss","TheCursedMod:CircleOfFlame","TheCursedMod:RapidMovement","TheCursedMod:FleshFromBone","TheCursedMod:SmokeScreen+1","TheCursedMod:Evocation+1","TheCursedMod:BlessingInDisguise"],"relics":["TheCursedMod:BlackMagic101","Bag of Marbles","Sundial","Centennial Puzzle","Runic Pyramid","Potion Belt","Letter Opener","Pen Nib"],"acts_visited":["Exordium","TheCity"],"potions_floor_usage":[16,16,16,21,30,31],"damage_taken":[{"damage":5,"enemies":"Jaw Worm","floor":1,"turns":5},{"damage":0,"enemies":"2 Louse","floor":4,"turns":2},{"damage":4,"enemies":"Cultist","floor":7,"turns":2},{"damage":7,"enemies":"3 Louse","floor":11,"turns":4},{"damage":4,"enemies":"Blue Slaver","floor":14,"turns":2},{"damage":5,"enemies":"Slime Boss","floor":16,"turns":7},{"damage":5,"enemies":"Shell Parasite","floor":18,"turns":3},{"damage":11,"enemies":"3 Byrds","floor":20,"turns":4},{"damage":1,"enemies":"Centurion and Healer","floor":21,"turns":5},{"damage":11,"enemies":"Snecko","floor":22,"turns":7},{"damage":46,"enemies":"Slavers","floor":23,"turns":6},{"damage":7,"enemies":"Cultist and Chosen","floor":30,"turns":4},{"damage":19,"enemies":"Centurion and Healer","floor":31,"turns":4},{"damage":65,"enemies":"Champ","floor":33,"turns":17}],"seed_played":"-7586063423616341480","potions_obtained":[{"floor":1,"key":"BlessingOfTheForge"},{"floor":4,"key":"SteroidPotion"},{"floor":14,"key":"AttackPotion"},{"floor":18,"key":"Weak Potion"},{"floor":23,"key":"BlessingOfTheForge"},{"floor":30,"key":"PowerPotion"}],"is_trial":false,"path_per_floor":["M","?","?","M","?","R","M","R","T","?","M","?","T","M","R","B",null,"M","?","M","M","M","E","R","$","T","R","?","?","M","M","R","B"],"character_chosen":"THE_CURSED","items_purchased":["Letter Opener"],"campfire_rested":3,"item_purchase_floors":[25],"current_hp_per_floor":[70,70,70,70,70,70,66,66,66,66,59,59,59,55,55,50,75,70,70,59,58,47,1,23,23,23,45,45,45,38,19,41,0,0],"gold":151,"neow_bonus":"RANDOM_COLORLESS","is_daily":false,"chose_seed":false,"campfire_upgraded":3,"win_rate":0.0,"timestamp":1607710095,"path_taken":["M","?","?","?","?","R","M","R","T","?","?","?","?","M","R","BOSS","M","?","M","M","M","E","R","$","T","R","?","?","M","M","R","BOSS"],"items_purchased_type":["Relic"],"build_version":"2020-11-30","purchased_purges":0,"victory":false,"max_hp_per_floor":[75,75,75,75,75,75,75,75,75,75,75,75,75,75,75,75,75,75,75,75,75,75,75,75,75,75,75,75,75,75,75,75,75,75],"card_choices":[{"not_picked":["Impatience","Deep Breath"],"picked":"Finesse","floor":0},{"not_picked":["TheCursedMod:Stretching","TheCursedMod:CursedShiv"],"picked":"TheCursedMod:CursedStaff","floor":1},{"not_picked":["TheCursedMod:CursedMace","TheCursedMod:Grudge"],"picked":"TheCursedMod:CircleOfCorruption","floor":4},{"not_picked":["TheCursedMod:CursedShiv","TheCursedMod:SoulReap"],"picked":"TheCursedMod:SpreadPlague","floor":7},{"not_picked":["TheCursedMod:CircleOfFocus","TheCursedMod:CursedBlade"],"picked":"TheCursedMod:OutForBlood","floor":11},{"not_picked":["TheCursedMod:PrepareRite","TheCursedMod:ReleasedKnowledge"],"picked":"TheCursedMod:Grudge","floor":14},{"not_picked":["TheCursedMod:ShockAndAwe","TheCursedMod:CursedRelics"],"picked":"TheCursedMod:CircleOfAbyss","floor":16},{"not_picked":["TheCursedMod:Torture","TheCursedMod:CircleOfBlood"],"picked":"TheCursedMod:CircleOfFlame","floor":18},{"not_picked":["TheCursedMod:CircleOfAmplification","TheCursedMod:TacticalStrike"],"picked":"TheCursedMod:RapidMovement","floor":20},{"not_picked":["TheCursedMod:Wield+1","TheCursedMod:SoulCrush"],"picked":"TheCursedMod:FleshFromBone","floor":21},{"not_picked":["TheCursedMod:RavingStaff","TheCursedMod:Evocation"],"picked":"TheCursedMod:SmokeScreen+1","floor":22},{"not_picked":["TheCursedMod:CursedBlade","TheCursedMod:Wield+1"],"picked":"TheCursedMod:Evocation+1","floor":23},{"not_picked":["TheCursedMod:RavingStaff+1","TheCursedMod:FleshFromBone"],"picked":"TheCursedMod:BlessingInDisguise","floor":30},{"not_picked":["TheCursedMod:PrepareRite","TheCursedMod:RapidMovement","TheCursedMod:SoulCrush"],"picked":"SKIP","floor":31}],"player_experience":270770,"relics_obtained":[{"floor":9,"key":"Sundial"},{"floor":13,"key":"Centennial Puzzle"},{"floor":23,"key":"Potion Belt"},{"floor":26,"key":"Pen Nib"}],"event_choices":[{"damage_healed":0,"gold_gain":0,"player_choice":"Box","damage_taken":0,"relics_obtained":["Bag of Marbles"],"max_hp_gain":0,"max_hp_loss":0,"event_name":"Big Fish","floor":2,"gold_loss":0,"cards_obtained":["Regret"]},{"damage_healed":0,"gold_gain":0,"player_choice":"Ignored","damage_taken":0,"max_hp_gain":0,"max_hp_loss":0,"event_name":"Shining Light","floor":3,"gold_loss":0},{"cards_removed":["TheCursedMod:Strike_TheCursed"],"damage_healed":0,"gold_gain":0,"player_choice":"Card Removal","damage_taken":0,"max_hp_gain":0,"max_hp_loss":0,"event_name":"The Cleric","floor":5,"gold_loss":50},{"damage_healed":0,"gold_gain":0,"cards_transformed":["TheCursedMod:Strike_TheCursed"],"player_choice":"Transformed","damage_taken":0,"max_hp_gain":0,"max_hp_loss":0,"event_name":"Transmorgrifier","floor":10,"gold_loss":0,"cards_obtained":["TheCursedMod:CursedRelics"]},{"damage_healed":0,"gold_gain":0,"cards_transformed":["TheCursedMod:Strike_TheCursed"],"player_choice":"Change","damage_taken":0,"max_hp_gain":0,"max_hp_loss":0,"event_name":"Living Wall","floor":12,"gold_loss":0,"cards_obtained":["TheCursedMod:ManaBullet"]},{"cards_removed":["TheCursedMod:Strike_TheCursed"],"damage_healed":0,"gold_gain":0,"player_choice":"Gave Gold","damage_taken":0,"max_hp_gain":0,"max_hp_loss":0,"event_name":"Beggar","floor":19,"gold_loss":75},{"damage_healed":0,"gold_gain":0,"player_choice":"Ignored","damage_taken":0,"max_hp_gain":0,"max_hp_loss":0,"event_name":"Vampires","floor":28,"gold_loss":0},{"damage_healed":0,"gold_gain":99,"player_choice":"Stole From Cult","damage_taken":0,"max_hp_gain":0,"max_hp_loss":0,"event_name":"Nest","floor":29,"gold_loss":0}],"is_beta":false,"boss_relics":[{"not_picked":["Sozu","Runic Dome"],"picked":"Runic Pyramid"}],"items_purged_floors":[],"is_endless":false,"potions_floor_spawned":[1,4,14,18,23,30],"killed_by":"Champ","ascension_level":0}}