{"host":"t8l92xzjkmihtain","time":1607701906,"event":{"mods":["AchievementEnabler","BaseMod","Colored Map","Minty Spire (QoL Compilation)","Rare Cards Sparkle","SuperFastMode","everything is the same but u backflip on backflip"],"gold_per_floor":[112,112,132,152,152,152,172,189,189,209,53,72,82,112,112,214,214,230,246,246,345,28,44,44,0,0,29,19,19,33,43,43,144,144,161,61,61,61],"floor_reached":37,"playtime":2462,"items_purged":["Strike_R","Pummel"],"score":468,"play_id":"fcee625a-7d75-41d7-9434-518baff1cf4a","local_time":"20201212005146","is_ascension_mode":false,"campfire_choices":[{"data":"Pommel Strike","floor":6,"key":"SMITH"},{"data":"Barricade","floor":15,"key":"SMITH"},{"data":"Juggernaut","floor":24,"key":"SMITH"},{"data":"Shrug It Off","floor":29,"key":"SMITH"},{"data":"Shrug It Off","floor":32,"key":"SMITH"}],"circlet_count":0,"master_deck":["Strike_R","Strike_R","Strike_R","Defend_R+1","Defend_R","Defend_R+1","Defend_R","Flex","Pommel Strike+1","Pommel Strike","Barricade+1","Shrug It Off","Juggernaut+1","Shrug It Off+1","Shrug It Off+1","Body Slam+1"],"relics":["Burning Blood","Strawberry","War Paint","HornCleat","Bottled Tornado","Coffee Dripper","Matryoshka","Regal Pillow","MealTicket","MawBank","Empty Cage"],"acts_visited":["Exordium","TheCity","TheBeyond"],"potions_floor_usage":[14,14,16,23,23,33,37],"damage_taken":[{"damage":7,"enemies":"Small Slimes","floor":1,"turns":4},{"damage":6,"enemies":"Jaw Worm","floor":3,"turns":3},{"damage":5,"enemies":"2 Louse","floor":4,"turns":2},{"damage":7,"enemies":"Looter","floor":7,"turns":3},{"damage":4,"enemies":"Exordium Wildlife","floor":8,"turns":2},{"damage":0,"enemies":"Large Slime","floor":10,"turns":4},{"damage":8,"enemies":"Lots of Slimes","floor":12,"turns":4},{"damage":10,"enemies":"Looter","floor":13,"turns":2},{"damage":9,"enemies":"3 Sentries","floor":14,"turns":4},{"damage":33,"enemies":"Slime Boss","floor":16,"turns":14},{"damage":10,"enemies":"Chosen","floor":18,"turns":4},{"damage":16,"enemies":"3 Byrds","floor":19,"turns":6},{"damage":11,"enemies":"Snake Plant","floor":23,"turns":5},{"damage":21,"enemies":"Book of Stabbing","floor":27,"turns":6},{"damage":0,"enemies":"Centurion and Healer","floor":30,"turns":9},{"damage":0,"enemies":"Cultist and Chosen","floor":31,"turns":7},{"damage":0,"enemies":"Automaton","floor":33,"turns":10},{"damage":2,"enemies":"Orb Walker","floor":35,"turns":5},{"damage":121,"enemies":"2 Orb Walkers","floor":37,"turns":5}],"seed_played":"-7610530074087649927","potions_obtained":[{"floor":3,"key":"BlessingOfTheForge"},{"floor":8,"key":"Energy Potion"},{"floor":12,"key":"SkillPotion"},{"floor":16,"key":"Energy Potion"},{"floor":18,"key":"Swift Potion"},{"floor":27,"key":"BloodPotion"},{"floor":31,"key":"SpeedPotion"}],"is_trial":false,"path_per_floor":["M","?","M","M","?","R","M","M","T","M","$","M","M","E","R","B",null,"M","M","?","?","$","M","R","?","T","E","$","R","M","M","R","B",null,"M","$","?"],"character_chosen":"IRONCLAD","items_purchased":["Barricade","Matryoshka","Shrug It Off"],"campfire_rested":0,"item_purchase_floors":[11,22,28],"current_hp_per_floor":[86,86,86,87,80,80,79,81,81,87,87,85,81,78,78,51,87,83,73,73,73,73,68,68,68,68,53,68,68,74,80,80,86,87,87,87,0,0],"gold":61,"neow_bonus":"RANDOM_COMMON_RELIC","is_daily":false,"chose_seed":false,"campfire_upgraded":5,"win_rate":0.0,"timestamp":1607701906,"path_taken":["M","?","M","M","?","R","M","M","T","M","?","M","M","E","R","BOSS","M","M","?","?","$","M","R","?","T","E","$","R","M","M","R","BOSS","M","$","?"],"items_purchased_type":["Card","Relic","Card"],"build_version":"2020-11-30","purchased_purges":2,"victory":false,"max_hp_per_floor":[87,87,87,87,87,87,87,87,87,87,87,87,87,87,87,87,87,87,87,87,87,87,87,87,87,87,87,87,87,87,87,87,87,87,87,87,87,87],"card_choices":[{"not_picked":["True Grit","Power Through","Shockwave"],"picked":"SKIP","floor":1},{"not_picked":["Warcry","Anger"],"picked":"Flex","floor":3},{"not_picked":["Intimidate","Warcry"],"picked":"Pommel Strike","floor":4},{"not_picked":["Uppercut","Headbutt"],"picked":"Inflame","floor":7},{"not_picked":["Fire Breathing","Whirlwind"],"picked":"Inflame","floor":8},{"not_picked":["Shockwave","Cleave"],"picked":"Pommel Strike","floor":10},{"not_picked":["Feel No Pain","Armaments"],"picked":"Shrug It Off","floor":12},{"not_picked":["Disarm","Perfected Strike","Carnage"],"picked":"SKIP","floor":13},{"not_picked":["Perfected Strike","Disarm","Sword Boomerang"],"picked":"SKIP","floor":14},{"not_picked":["Double Tap","Limit Break"],"picked":"Juggernaut","floor":16},{"not_picked":["Sever Soul+1","Carnage","Uppercut"],"picked":"SKIP","floor":18},{"not_picked":["Rage","Perfected Strike","Flex"],"picked":"SKIP","floor":19},{"not_picked":["Disarm","Seeing Red","Power Through"],"picked":"SKIP","floor":23},{"not_picked":["Sword Boomerang+1","Thunderclap+1"],"picked":"Shrug It Off","floor":27},{"not_picked":["Heavy Blade","Headbutt"],"picked":"Body Slam+1","floor":30},{"not_picked":["Dual Wield","Thunderclap","Anger+1"],"picked":"SKIP","floor":31},{"not_picked":["Warcry","Rupture+1","True Grit"],"picked":"SKIP","floor":35}],"player_experience":5509,"relics_obtained":[{"floor":9,"key":"HornCleat"},{"floor":14,"key":"Bottled Tornado"},{"floor":26,"key":"Regal Pillow"},{"floor":26,"key":"MealTicket"},{"floor":27,"key":"MawBank"}],"event_choices":[{"damage_healed":0,"gold_gain":0,"cards_transformed":["Bash"],"player_choice":"Change","damage_taken":0,"max_hp_gain":0,"max_hp_loss":0,"event_name":"Living Wall","floor":2,"gold_loss":0,"cards_obtained":["Pummel"]},{"damage_healed":0,"gold_gain":0,"player_choice":"Success","damage_taken":7,"relics_obtained":["War Paint"],"max_hp_gain":0,"max_hp_loss":0,"event_name":"Scrap Ooze","floor":5,"gold_loss":0},{"cards_removed":["Strike_R"],"damage_healed":0,"gold_gain":0,"player_choice":"Elegance","damage_taken":0,"max_hp_gain":0,"max_hp_loss":0,"event_name":"Back to Basics","floor":20,"gold_loss":0},{"damage_healed":0,"gold_gain":99,"player_choice":"Stole From Cult","damage_taken":0,"max_hp_gain":0,"max_hp_loss":0,"event_name":"Nest","floor":21,"gold_loss":0},{"damage_healed":0,"gold_gain":0,"player_choice":"Paid Fearfully","damage_taken":0,"max_hp_gain":0,"max_hp_loss":0,"event_name":"Masked Bandits","floor":25,"gold_loss":44},{"damage_healed":0,"gold_gain":0,"player_choice":"Fight","damage_taken":0,"max_hp_gain":0,"max_hp_loss":0,"event_name":"Mysterious Sphere","floor":37,"gold_loss":0}],"is_beta":false,"boss_relics":[{"not_picked":["SacredBark","Philosopher\u0027s Stone"],"picked":"Coffee Dripper"},{"not_picked":["Snecko Eye","Runic Cube"],"picked":"Empty Cage"}],"items_purged_floors":[22,36],"is_endless":false,"potions_floor_spawned":[3,8,12,13,16,18,27,31],"killed_by":"2 Orb Walkers","ascension_level":0}}