{"host":"rbk1qdcjpzmlze2h","time":1607729725,"event":{"mods":["2.2 Compatiblity","Act Like it!","Ascension Reborn","Aspiration","BaseMod","Beaked The Cultist","Better Match","Better Note","Better Sensory Stone","Better Third Choice","Better-Laid Plans","Card Forge","Colored Powertips","Conspire","Curses Come First","Dio Mod","Displayed Cursed Tome","Downfall","Filter the Spire","Friendly Minions","Gensokyo","GifTheSpireLib","Gold Saver","Halation","Hallownest","Hermit","Highlight Path","Infinite Spire","Lobotomy","LobotomyExtend","Marisa（霧雨　魔理沙）","Minty Spire (QoL Compilation)","Quick Restart","Random Character Mod","Rare Cards Sparkle","Replay The Spire","Ryuuou龙王","Shade Mod","Shop Mod","Spicy Shops","StSLib","The Bug Knight","The Jungle","The Wild Card","TheArtist","TheBandit","TheVacant","Thieving Mod","Transform Curses","Waifu the Spire","WarShipGirlsR/战舰少女R mod"],"gold_per_floor":[112,130,150,62,62,62,62,98,98,7,26,50,50,61,61,179,179,204,268,297,297,257,257,288,288,288,52,52,52,52,52,52,171,171,196,1195,1195,1195,1195,1195,173,173,197,209,221,9,111,141,141,157],"floor_reached":51,"playtime":3937,"items_purged":["Pain","Normality","Normality"],"score":855,"play_id":"b2434ac7-1cde-43ed-ae06-1214d50250db","local_time":"20201211183525","daily_mods":["Draft","Heirloom","Flight"],"is_ascension_mode":true,"campfire_choices":[{"data":"beaked:MachineEssence","floor":6,"key":"SMITH"},{"data":"beaked:Overpower","floor":7,"key":"SMITH"},{"floor":15,"key":"DIG"},{"data":"beaked:AwakenedForm","floor":23,"key":"SMITH"},{"data":"beaked:ScreechingChant","floor":25,"key":"SMITH"},{"data":"beaked:Insight","floor":28,"key":"SMITH"},{"floor":32,"key":"DIG"},{"data":"Replay:Poison Smokescreen","floor":40,"key":"SMITH"},{"data":"beaked:Daydream","floor":42,"key":"SMITH"},{"data":"beaked:Insight","floor":44,"key":"SMITH"},{"data":"beaked:Windmill","floor":45,"key":"SMITH"}],"circlet_count":0,"master_deck":["beaked:Ceremony+1","beaked:Ceremony+1","beaked:Brace+1","beaked:Tweet+1","beaked:Windmill+1","beaked:BraceForImpact+1","beaked:BraceForImpact+1","beaked:BloodRitual+1","beaked:Windmill+1","beaked:TuckingFeathers+1","beaked:Evade+1","beaked:Resilience+1","beaked:Overpower+1","beaked:DigDeep+1","beaked:TuckingFeathers+1","beaked:Recite+1","beaked:WarriorEssence+1","beaked:Overexert","beaked:StickSmack","beaked:Overpower+1","beaked:MachineEssence+1","beaked:Tweet","beaked:Daydream+1","beaked:AwakenedForm+1","beaked:ScreechingChant+1","beaked:BraceForImpact","beaked:Insight+1","beaked:AwakenedForm+1","beaked:AwakenedForm+1","beaked:KnowThyFoe","beaked:KnowThyFoe","Outmaneuver","Replay:Poison Smokescreen+1","Rebound+1","Pot Of Greed","Pot Of Greed","Pot Of Greed","Pot Of Greed","beaked:MachineEssence+1","beaked:Windmill+1","beaked:Insight+1","beaked:Daydream+1","beaked:Daydream+1","beaked:TuckingFeathers+1","beaked:RitualOfBody"],"relics":["beaked:MendingPlumage","Hammer of Thor","Seething Fire","Anvil of the Gods","Replay:Byrd Feeder","LetterFromLob","MerchantsRug","halation:PinkSoulGem","Iron Hammer","Happy Flower","Odd Mushroom","Snack Pack","halation:IllGainedPizza","Honey Jar","WarpedTongs","aspiration:EmptySkull","MutagenicStrength","Anchor","beaked:SacrificeDoll","halation:PapillonHeart","infinitespire:Midas Blood","halation:LostSnail","DollysMirror","Nunchaku","Cauldron","conspire:TopHat","Toy Ornithopter"],"acts_visited":["Exordium","TheCity","TheBeyond"],"potions_floor_usage":[],"damage_taken":[{"damage":0,"enemies":"Cultist","floor":1,"turns":5},{"damage":37,"enemies":"Small Slimes","floor":2,"turns":3},{"damage":18,"enemies":"2 Louse","floor":3,"turns":3},{"damage":47,"enemies":"conspire:MimicChest","floor":8,"turns":5},{"damage":32,"enemies":"Exordium Wildlife","floor":11,"turns":3},{"damage":22,"enemies":"The Mushroom Lair","floor":12,"turns":3},{"damage":12,"enemies":"3 Louse","floor":14,"turns":3},{"damage":35,"enemies":"Hexaghost","floor":16,"turns":6},{"damage":20,"enemies":"Chosen","floor":18,"turns":5},{"damage":17,"enemies":"conspire:FuzzyDice","floor":20,"turns":4},{"damage":21,"enemies":"Cultist and Chosen","floor":24,"turns":4},{"damage":25,"enemies":"conspire:MysteriousRune","floor":33,"turns":4},{"damage":9,"enemies":"Orb Walker","floor":35,"turns":4},{"damage":79,"enemies":"Reptomancer","floor":47,"turns":4},{"damage":37,"enemies":"3 Darklings","floor":48,"turns":4},{"damage":3,"enemies":"conspire:OrnateMirror","floor":50,"turns":3}],"seed_played":"-6976274482019533273","potions_obtained":[{"floor":3,"key":"EssenceOfSteel"},{"floor":8,"key":"Dexterity Potion"},{"floor":14,"key":"Languid Potion"},{"floor":16,"key":"BlessingOfTheForge"},{"floor":22,"key":"SmokeBomb"},{"floor":22,"key":"conspire:TimeTravelPotion"},{"floor":22,"key":"Doom Potion"},{"floor":24,"key":"GamblersBrew"},{"floor":46,"key":"Adrenaline Potion"},{"floor":46,"key":"Adrenaline Potion"},{"floor":46,"key":"Doom Potion"},{"floor":46,"key":"sneckomod:MuddlingPotion"}],"is_trial":true,"path_per_floor":["M","M","M","$","?","R","R","?","T","$","M","?","T","M","R","B",null,"M","$","M","?","?","R","M","R","T","$","R","?","?","$","R","B",null,"M","?","?","?","?","R","$","R","T","R","R","$","E","M","R","B",null],"character_chosen":"BEAKED_THE_CULTIST","items_purchased":["MerchantsRug","beaked:Overpower","beaked:MachineEssence","Happy Flower","beaked:Insight","halation:NonexistentMirror","infinitespire:Midas Blood","halation:LostSnail","Grinning Jar","DollysMirror","beaked:Windmill","beaked:Insight","Nunchaku","beaked:Daydream","Cauldron","conspire:TopHat"],"campfire_rested":0,"item_purchase_floors":[4,4,4,10,27,27,41,41,41,41,41,41,41,41,46,46],"current_hp_per_floor":[50,19,20,20,20,20,20,45,45,45,50,50,50,48,48,50,50,50,50,50,50,50,50,50,50,50,50,50,50,50,50,50,50,50,50,50,50,47,47,47,47,47,47,47,47,47,22,47,47,47],"gold":157,"neow_bonus":"","is_daily":false,"chose_seed":false,"campfire_upgraded":9,"win_rate":0.0,"timestamp":1607729725,"path_taken":["M","?","?","$","?","R","R","?","T","?","M","?","?","?","R","BOSS","M","$","?","?","?","R","?","R","T","?","R","?","?","?","R","BOSS","M","?","?","?","?","R","$","R","T","R","R","$","E","?","R","BOSS"],"items_purchased_type":["Relic","Card","Card","Relic","Card","Relic","Relic","Relic","Relic","Relic","Card","Card","Relic","Card","Relic","Relic"],"build_version":"2020-11-30","purchased_purges":3,"victory":true,"max_hp_per_floor":[50,50,50,50,50,50,50,50,50,50,50,50,50,50,50,50,50,50,50,50,50,50,50,50,50,50,50,50,50,50,50,50,50,50,50,50,50,47,47,47,47,47,47,47,47,47,47,47,47,47],"card_choices":[{"not_picked":["beaked:TuckingFeathers","beaked:SacrificialAttack"],"picked":"beaked:Brace","floor":0},{"not_picked":["beaked:Redirect","beaked:Cower"],"picked":"beaked:Tweet","floor":0},{"not_picked":["beaked:Redirect","beaked:WarriorEssence"],"picked":"beaked:Windmill","floor":0},{"not_picked":["beaked:Redirect","beaked:WindBringer"],"picked":"beaked:FeelMyPain","floor":0},{"not_picked":["beaked:SacrificialDive","beaked:Devastation"],"picked":"beaked:BraceForImpact","floor":0},{"not_picked":["beaked:Tradeoff","beaked:SurvivalInstinct"],"picked":"beaked:BraceForImpact","floor":0},{"not_picked":["beaked:Resilience","beaked:Daydream"],"picked":"beaked:BloodRitual","floor":0},{"not_picked":["beaked:WarriorEssence","beaked:BloodForTheGods"],"picked":"beaked:Windmill","floor":0},{"not_picked":["beaked:Molting","beaked:Daydream"],"picked":"beaked:TuckingFeathers","floor":0},{"not_picked":["beaked:BraceForImpact","beaked:Daydream"],"picked":"beaked:Evade","floor":0},{"not_picked":["beaked:Pecker","ReplayTheSpireMod:RavenHex"],"picked":"beaked:Resilience","floor":0},{"not_picked":["beaked:TuckingFeathers","beaked:MimicMachine"],"picked":"beaked:Overpower","floor":0},{"not_picked":["beaked:Resilience","beaked:MaddeningMurmurs"],"picked":"beaked:DigDeep","floor":0},{"not_picked":["beaked:Resilience","beaked:CursingBlood"],"picked":"beaked:TuckingFeathers","floor":0},{"not_picked":["beaked:FeelMyPain","beaked:Cower"],"picked":"beaked:Recite","floor":0},{"not_picked":["beaked:Poke","beaked:Roost"],"picked":"beaked:WarriorEssence","floor":1},{"not_picked":["beaked:Tradeoff","beaked:Redirect"],"picked":"beaked:Overexert","floor":2},{"not_picked":["beaked:BloodRitual","beaked:FeelMyPain"],"picked":"beaked:StickSmack","floor":3},{"not_picked":["beaked:Pecker","beaked:Resilience"],"picked":"beaked:Tweet","floor":8},{"not_picked":["beaked:Tradeoff","beaked:CursingBlood"],"picked":"beaked:Daydream","floor":11},{"not_picked":["beaked:BraceForImpact","beaked:SurvivalInstinct"],"picked":"beaked:AwakenedForm","floor":12},{"not_picked":["beaked:TuckingFeathers","beaked:Cower"],"picked":"beaked:CrazyRituals","floor":14},{"not_picked":["beaked:DarkPact","beaked:WildInstinct"],"picked":"beaked:ScreechingChant","floor":16},{"not_picked":["beaked:Roost+1","beaked:FeelMyPain","beaked:Molting"],"picked":"beaked:Cower","floor":18},{"not_picked":["ReplayTheSpireMod:Prepare the Ceremony","beaked:Tradeoff+1","beaked:WarriorEssence"],"picked":"beaked:BraceForImpact","floor":20},{"not_picked":["beaked:DigDeeper+1","beaked:WarriorEssence+1","beaked:ScreechingChant"],"picked":"beaked:Tweet","floor":24},{"not_picked":["beaked:Sacrifice","beaked:Brainwash","beaked:FullHouse"],"picked":"beaked:KnowThyFoe","floor":33},{"not_picked":["beaked:Poke+1","beaked:Flinch","beaked:Redirect"],"picked":"beaked:Cower+1","floor":35},{"not_picked":["beaked:Brace","beaked:Flinch+1","beaked:BounceBack+1"],"picked":"beaked:Daydream+1","floor":47},{"not_picked":["beaked:BloodRitual+1","beaked:SacrificialAttack","beaked:DesperateSwing+1"],"picked":"beaked:TuckingFeathers+1","floor":48}],"player_experience":186960,"relics_obtained":[{"floor":1,"key":"LetterFromLob"},{"floor":8,"key":"Regal Pillow"},{"floor":9,"key":"Iron Hammer"},{"floor":12,"key":"Odd Mushroom"},{"floor":13,"key":"Snack Pack"},{"floor":15,"key":"halation:IllGainedPizza"},{"floor":26,"key":"aspiration:EmptySkull"},{"floor":32,"key":"Anchor"},{"floor":43,"key":"MawBank"},{"floor":47,"key":"Toy Ornithopter"}],"event_choices":[{"damage_healed":0,"gold_gain":0,"player_choice":"Fought Mushrooms","damage_taken":0,"max_hp_gain":0,"max_hp_loss":0,"event_name":"Mushrooms","floor":12,"gold_loss":0},{"damage_healed":0,"gold_gain":0,"player_choice":"Rummage","damage_taken":0,"relics_obtained":["WarpedTongs"],"max_hp_gain":0,"max_hp_loss":0,"event_name":"Accursed Blacksmith","floor":21,"gold_loss":0,"cards_obtained":["Pain"]},{"damage_healed":0,"gold_gain":0,"player_choice":"Bought 3 Potions","damage_taken":0,"max_hp_gain":0,"max_hp_loss":0,"event_name":"The Woman in Blue","floor":22,"gold_loss":0},{"damage_healed":0,"gold_gain":0,"player_choice":"Copied","damage_taken":0,"max_hp_gain":0,"max_hp_loss":0,"event_name":"Duplicator","floor":29,"gold_loss":0,"cards_obtained":["beaked:AwakenedForm"]},{"damage_healed":0,"gold_gain":0,"player_choice":"Inject Mutagens","damage_taken":0,"relics_obtained":["MutagenicStrength"],"max_hp_gain":0,"max_hp_loss":0,"event_name":"Drug Dealer","floor":30,"gold_loss":0},{"damage_healed":0,"gold_gain":999,"player_choice":"Gold","damage_taken":0,"max_hp_gain":0,"max_hp_loss":0,"event_name":"MindBloom","floor":36,"gold_loss":0,"cards_obtained":["Normality","Normality"]},{"cards_removed":["beaked:AwakenedForm"],"damage_healed":0,"gold_gain":0,"player_choice":"Take \u0026 Give","damage_taken":0,"max_hp_gain":0,"max_hp_loss":0,"event_name":"betterNote:BetterNote","floor":39,"gold_loss":0,"cards_obtained":["Rebound"]}],"is_beta":false,"boss_relics":[{"not_picked":["Replay:Fungal Core","aspiration:RunicSpoon"],"picked":"Honey Jar"},{"not_picked":["Snecko Heart","Replay:Drink Me"],"picked":"beaked:SacrificeDoll"}],"items_purged_floors":[27,41,46],"is_endless":false,"potions_floor_spawned":[3,8,14,16,24],"ascension_level":0}}