{"host":"ci7ivtocgfxh0ueo","time":1607666866,"event":{"mods":["BaseMod","GifTheSpireLib","Minty Spire (QoL Compilation)","StSLib"],"gold_per_floor":[118,118,136,50,68,147,147,172,210,222,259,286,26,42,42,117,117,132,132,132],"floor_reached":19,"playtime":457,"items_purged":["Defend_R"],"score":374,"play_id":"719bbfd2-98d6-42ce-8564-edbc5818d478","local_time":"20201211140746","is_ascension_mode":true,"campfire_choices":[{"data":"Heavy Blade","floor":7,"key":"SMITH"},{"floor":15,"key":"REST"}],"circlet_count":0,"master_deck":["AscendersBane","Strike_R","Strike_R","Strike_R+1","Strike_R+1","Defend_R","Defend_R","Defend_R","Bash","Sword Boomerang","Double Tap","Sever Soul","Heavy Blade+1","Thunderclap","Shockwave","Armaments+1","Armaments+1","Impervious+1"],"relics":["Burning Blood","Centennial Puzzle","MawBank","Nunchaku","Happy Flower","Toxic Egg 2","Whetstone"],"acts_visited":["Exordium","TheCity"],"potions_floor_usage":[8,16,16],"damage_taken":[{"damage":9,"enemies":"2 Louse","floor":1,"turns":4},{"damage":6,"enemies":"Cultist","floor":3,"turns":3},{"damage":19,"enemies":"Small Slimes","floor":5,"turns":3},{"damage":0,"enemies":"Lagavulin","floor":8,"turns":4},{"damage":28,"enemies":"Gremlin Nob","floor":11,"turns":4},{"damage":8,"enemies":"3 Louse","floor":12,"turns":3},{"damage":7,"enemies":"2 Fungi Beasts","floor":14,"turns":3},{"damage":25,"enemies":"Slime Boss","floor":16,"turns":5},{"damage":33,"enemies":"2 Thieves","floor":18,"turns":4},{"damage":41,"enemies":"Spheric Guardian","floor":19,"turns":4}],"seed_played":"-6505986837854317623","potions_obtained":[{"floor":1,"key":"GamblersBrew"},{"floor":8,"key":"SkillPotion"},{"floor":11,"key":"AttackPotion"}],"is_trial":false,"path_per_floor":["M","?","M","$","M","?","R","E","T","?","E","M","$","M","R","B",null,"M","M"],"character_chosen":"IRONCLAD","items_purchased":["Heavy Blade","SteroidPotion","Whetstone","Armaments+1"],"campfire_rested":1,"item_purchase_floors":[4,4,13,13],"current_hp_per_floor":[65,65,65,65,52,52,52,58,58,47,25,23,23,22,44,25,63,36,0,0],"gold":132,"neow_bonus":"RANDOM_COMMON_RELIC","is_daily":false,"chose_seed":false,"campfire_upgraded":1,"win_rate":0.0,"timestamp":1607666866,"path_taken":["M","?","?","$","M","?","R","E","T","?","E","M","$","M","R","BOSS","M","M"],"items_purchased_type":["Card","Potion","Relic","Undefined"],"build_version":"2020-11-30","purchased_purges":1,"victory":false,"max_hp_per_floor":[75,75,75,75,75,75,75,75,75,75,75,75,75,75,75,75,75,75,75,75],"card_choices":[{"not_picked":["Dual Wield","Fire Breathing"],"picked":"Sword Boomerang","floor":1},{"not_picked":["Sword Boomerang","Havoc"],"picked":"Sever Soul","floor":3},{"not_picked":["Warcry","Burning Pact"],"picked":"Thunderclap","floor":5},{"not_picked":["Pummel","Clash"],"picked":"Shockwave","floor":8},{"not_picked":["Wild Strike","Whirlwind","Fiend Fire"],"picked":"SKIP","floor":11},{"not_picked":["Reckless Charge","Havoc+1"],"picked":"Armaments+1","floor":12},{"not_picked":["Thunderclap","Sever Soul","Reckless Charge"],"picked":"SKIP","floor":14},{"not_picked":["Brutality","Double Tap+1"],"picked":"Impervious+1","floor":16},{"not_picked":["Headbutt","Warcry+1","Power Through+1"],"picked":"SKIP","floor":18}],"player_experience":1249644,"relics_obtained":[{"floor":8,"key":"MawBank"},{"floor":9,"key":"Nunchaku"},{"floor":11,"key":"Toxic Egg 2"}],"event_choices":[{"damage_healed":0,"gold_gain":0,"cards_transformed":["Strike_R"],"player_choice":"Transformed","damage_taken":0,"max_hp_gain":0,"max_hp_loss":0,"event_name":"Transmorgrifier","floor":2,"gold_loss":0,"cards_obtained":["Double Tap"]},{"damage_healed":0,"gold_gain":79,"player_choice":"Gained Gold","damage_taken":0,"max_hp_gain":0,"max_hp_loss":0,"event_name":"Golden Wing","floor":6,"gold_loss":0},{"damage_healed":0,"gold_gain":0,"player_choice":"Success","damage_taken":11,"relics_obtained":["Happy Flower"],"max_hp_gain":0,"max_hp_loss":0,"event_name":"Scrap Ooze","floor":10,"gold_loss":0}],"is_beta":false,"boss_relics":[{"not_picked":["Runic Pyramid","Fusion Hammer","Velvet Choker"]}],"items_purged_floors":[13],"is_endless":false,"potions_floor_spawned":[1,8,11,12],"killed_by":"Spheric Guardian","ascension_level":17}}