{"host":"gkh5j5k5w4qf7k7n","time":1607691092,"event":{"mods":["2.2 Compatiblity","AchievementEnabler","BaseMod","Colored Map","Colored Powertips","GifTheSpireLib","Keyboard Shortcuts","Minty Spire (QoL Compilation)","Quick Restart","StSLib","SuperFastMode","The Construct","The Dragon Tamer","TheBandit","¡¼?Úª?ø«¡½REMEMod"],"gold_per_floor":[114,43,53,53,63,63,78,78,131,131,56,84,84,101,101,202,202,217,217,232,331,231,231,231,248,271,271,282,293,293,293],"floor_reached":30,"playtime":1154,"items_purged":["construct:Defend_Gold","construct:Strike_Gold"],"score":383,"play_id":"0280adb5-7317-40c5-b05a-380fc4c7bfaf","local_time":"20201211215132","is_ascension_mode":true,"campfire_choices":[{"data":"Heatsinks","floor":6,"key":"SMITH"},{"data":"construct:DefenseMode","floor":10,"key":"SMITH"},{"data":"construct:DefenseMode+1","floor":13,"key":"SMITH"},{"data":"construct:MetalShell","floor":15,"key":"SMITH"},{"data":"construct:MetalShell+1","floor":23,"key":"SMITH"},{"data":"construct:HardReboot","floor":27,"key":"SMITH"}],"circlet_count":0,"master_deck":["AscendersBane","construct:Strike_Gold","construct:Strike_Gold","construct:Defend_Gold","construct:Defend_Gold","construct:Defend_Gold","construct:Defend_Gold","construct:AttackMode","construct:DefenseMode+2","Heatsinks+1","construct:Synchronize","construct:BlazingSpeed","construct:MetalShell+2","construct:Autoturret","construct:Bunker","construct:Synchronize","construct:HardReboot+1","construct:Autoturret+1"],"relics":["construct:ClockworkPhoenix","construct:Challenge1","REME_ComplimentaryCards","NeowsBlessing","Oddly Smooth Stone","PreservedInsect","construct:ClawGrip","Nilry\u0027s Codex"],"acts_visited":["Exordium","TheCity"],"potions_floor_usage":[16],"damage_taken":[{"damage":0,"enemies":"Cultist","floor":1,"turns":1},{"damage":0,"enemies":"Small Slimes","floor":3,"turns":1},{"damage":0,"enemies":"Jaw Worm","floor":5,"turns":1},{"damage":6,"enemies":"Large Slime","floor":7,"turns":5},{"damage":0,"enemies":"Lagavulin","floor":12,"turns":10},{"damage":9,"enemies":"3 Louse","floor":14,"turns":4},{"damage":25,"enemies":"Hexaghost","floor":16,"turns":11},{"damage":24,"enemies":"2 Thieves","floor":18,"turns":4},{"damage":3,"enemies":"Spheric Guardian","floor":20,"turns":7},{"damage":3,"enemies":"Cultist and Chosen","floor":25,"turns":5},{"damage":11,"enemies":"Snecko","floor":28,"turns":9},{"damage":0,"enemies":"Sentry and Sphere","floor":29,"turns":7},{"damage":17,"enemies":"Gremlin Leader","floor":30,"turns":2}],"seed_played":"2454805209382333938","potions_obtained":[{"floor":1,"key":"SkillPotion"},{"floor":3,"key":"Strength Potion"},{"floor":16,"key":"FearPotion"},{"floor":18,"key":"Energy Potion"}],"is_trial":false,"path_per_floor":["M","$","M","?","M","R","M","?","T","R","$","E","R","M","R","B",null,"M","?","M","?","$","R","?","M","T","R","M","M","E"],"character_chosen":"THE_CONSTRUCT_MOD","items_purchased":["construct:Synchronize"],"campfire_rested":0,"item_purchase_floors":[2],"current_hp_per_floor":[77,77,77,77,77,77,71,71,71,71,71,71,71,62,62,37,73,49,49,46,46,46,46,30,27,27,27,16,16,0,0],"gold":293,"neow_bonus":"THREE_ENEMY_KILL","is_daily":false,"chose_seed":false,"campfire_upgraded":6,"win_rate":0.0,"timestamp":1607691092,"path_taken":["M","$","?","?","?","R","M","?","T","R","?","E","R","M","R","BOSS","M","?","M","?","$","R","?","M","T","R","M","M","E"],"items_purchased_type":["Card"],"build_version":"2020-11-30","purchased_purges":2,"victory":false,"max_hp_per_floor":[85,85,85,85,85,85,85,85,85,85,85,85,85,85,85,85,85,85,85,85,85,85,85,85,85,85,85,85,85,85,85],"card_choices":[{"not_picked":["construct:ScopeCore","construct:Tumble","construct:QuickAttack"],"picked":"SKIP","floor":1},{"not_picked":["construct:FocusedBeam","construct:Overcharge"],"picked":"construct:BlazingSpeed","floor":3},{"not_picked":["construct:FierceBash","construct:Tumble"],"picked":"construct:MetalShell","floor":5},{"not_picked":["construct:ScrapCannon","construct:Anticipate"],"picked":"construct:Autoturret","floor":7},{"not_picked":["construct:Overcharge","construct:Backfire"],"picked":"construct:Synchronize","floor":12},{"not_picked":["construct:Backfire","construct:Implosion","construct:FierceBash"],"picked":"SKIP","floor":14},{"not_picked":["construct:Accumulate","construct:Stasis","construct:QuickAttack"],"picked":"SKIP","floor":18},{"not_picked":["construct:Versatility","construct:Disrupt","construct:Implosion+1"],"picked":"SKIP","floor":20},{"not_picked":["construct:OneWayMirror+1","construct:SuppressiveFire"],"picked":"construct:HardReboot","floor":25},{"not_picked":["construct:Forcefield","construct:Backfire"],"picked":"construct:Autoturret+1","floor":28},{"not_picked":["construct:Analyze","construct:Rollout+1","construct:Backfire"],"picked":"SKIP","floor":29}],"player_experience":919755,"relics_obtained":[{"floor":9,"key":"Oddly Smooth Stone"},{"floor":12,"key":"PreservedInsect"},{"floor":24,"key":"Nilry\u0027s Codex"}],"event_choices":[{"damage_healed":0,"gold_gain":0,"player_choice":"Bought 0 Potions","damage_taken":0,"max_hp_gain":0,"max_hp_loss":0,"event_name":"The Woman in Blue","floor":4,"gold_loss":0},{"damage_healed":0,"gold_gain":0,"cards_transformed":["construct:Strike_Gold"],"player_choice":"Change","damage_taken":0,"max_hp_gain":0,"max_hp_loss":0,"event_name":"Living Wall","floor":8,"gold_loss":0,"cards_obtained":["construct:Bunker"]},{"cards_removed":["construct:Strike_Gold"],"damage_healed":0,"gold_gain":0,"player_choice":"Elegance","damage_taken":0,"max_hp_gain":0,"max_hp_loss":0,"event_name":"Back to Basics","floor":19,"gold_loss":0},{"damage_healed":0,"gold_gain":99,"player_choice":"Stole From Cult","damage_taken":0,"max_hp_gain":0,"max_hp_loss":0,"event_name":"Nest","floor":21,"gold_loss":0},{"damage_healed":0,"gold_gain":0,"player_choice":"Obtained Book","damage_taken":16,"max_hp_gain":0,"max_hp_loss":0,"event_name":"Cursed Tome","floor":24,"gold_loss":0}],"is_beta":false,"boss_relics":[{"not_picked":["Calling Bell","Runic Pyramid"],"picked":"construct:ClawGrip"}],"items_purged_floors":[11,22],"is_endless":false,"potions_floor_spawned":[1,3,16,18,29],"killed_by":"Gremlin Leader","ascension_level":10}}