{"host":"be5hvki5gkosi5aw","time":1607681544,"event":{"mods":["AchievementEnabler","Act Like it!","BaseMod","Colored Map","Hallownest","Hubris","Infinite Spire","Minty Spire (QoL Compilation)","Replay The Spire","StSLib","The Alterego","The Bug Knight","The Gatherer"],"gold_per_floor":[119,119,44,61,61,61,76,76,102,102,135,255,255,272,272,373,373,388,388,42,42,42,69,69,85,108,143,143,171,211,238,250,365,377,401,413,51,66,66,91,106,139,139,87,87,99,109,109,109,121,121,121,121,121],"floor_reached":52,"playtime":2995,"items_purged":["Gatherer:Strike_Gatherer","Gatherer:Strike_Gatherer","Normality"],"score":665,"play_id":"e612f1c8-c8b4-4c57-bc12-d703374d4b9a","local_time":"20201211051224","is_ascension_mode":true,"metric_token":849,"campfire_choices":[{"data":"Gatherer:FlowerFalling","floor":6,"key":"SMITH"},{"data":"Gatherer:FlowerFalling+1","floor":6,"key":"SMITH"},{"data":"Gatherer:FlowerFalling+2","floor":8,"key":"SMITH"},{"data":"Gatherer:FlowerWhip","floor":8,"key":"SMITH"},{"data":"Gatherer:FlowerWhip+1","floor":13,"key":"SMITH"},{"data":"Gatherer:FlowerWhip+2","floor":13,"key":"SMITH"},{"data":"Gatherer:TacticalStrike","floor":15,"key":"SMITH"},{"data":"Gatherer:PotentialSlash","floor":15,"key":"SMITH"},{"data":"Gatherer:FlowerPower","floor":28,"key":"SMITH"},{"data":"Gatherer:BambuSword","floor":28,"key":"SMITH"},{"data":"Gatherer:FlowerPower+1","floor":32,"key":"SMITH"},{"data":"Gatherer:FlowerFalling","floor":32,"key":"SMITH"},{"floor":51,"key":"REST"}],"circlet_count":0,"master_deck":["Gatherer:Centralize","Gatherer:FlowerWhip+3","Gatherer:SaveValuables","Gatherer:FlowerFalling+3","Gatherer:FlowerPower+3","Gatherer:TacticalStrike+1","Gatherer:PotentialSlash+1","Gatherer:Overflowing","Gatherer:BambuSword+1","infinitespire:Collect","Gatherer:CursedBlade","Gatherer:BambuSword+1","Gatherer:FlowerFalling+1","Gatherer:LuckyClover","Gatherer:HeartToFruit","Gatherer:Pollute","Gatherer:WoolGloves","Gatherer:FeelingFine","Gatherer:VenomBarrier","Gatherer:Frenzy","Gatherer:UpgradeBag","Gatherer:FlowerShield+1","Gatherer:BigPouch+1","Gatherer:FruitForce","hubris:InfiniteBlow+4"],"relics":["hubris:Backtick","Replay:Arrowhead","Hallownest:DreamNailRelic","ReplayTheSpireMod:TigerMarble","Lizard Tail","hubris:ScarierMask","Chameleon Ring","Bronze Scales","StoneCalendar","MawBank","Pandora\u0027s Box","Iron Hammer","Ornamental Fan","Lantern","Nunchaku","hubris:Towel"],"acts_visited":["Exordium","Hallownest:Greenpath","Hallownest:CityofTears"],"potions_floor_usage":[16,33,42,52,52,52],"damage_taken":[{"damage":15,"enemies":"Hallownest:monsterHuskGuard","floor":1,"turns":4},{"damage":1,"enemies":"Hallownest:2_Tiktiks_and_1_Crawlid","floor":4,"turns":5},{"damage":0,"enemies":"Hallownest:monsterHuskWarrior","floor":7,"turns":2},{"damage":36,"enemies":"Hallownest:eliteMossKnight","floor":11,"turns":8},{"damage":19,"enemies":"Hallownest:1_Ooma_and_2_Uuma","floor":14,"turns":3},{"damage":41,"enemies":"Hallownest:BossFalseKnight","floor":16,"turns":6},{"damage":0,"enemies":"Hallownest:2_Mistakes","floor":18,"turns":1},{"damage":19,"enemies":"Hallownest:eliteWatcherKnight","floor":23,"turns":9},{"damage":2,"enemies":"Hallownest:Flukemon_and_Top","floor":25,"turns":3},{"damage":23,"enemies":"Hallownest:eliteSoulWarrior","floor":27,"turns":4},{"damage":11,"enemies":"Hallownest:eliteWatcherKnight","floor":29,"turns":7},{"damage":0,"enemies":"Hallownest:Glutton_and_Coward","floor":30,"turns":1},{"damage":11,"enemies":"Hallownest:Warrior_and_Youth","floor":31,"turns":2},{"damage":43,"enemies":"Hallownest:BossGrimm","floor":33,"turns":9},{"damage":23,"enemies":"Hallownest:2_Littles","floor":35,"turns":4},{"damage":0,"enemies":"Hallownest:Shield_Heavy","floor":38,"turns":5},{"damage":31,"enemies":"Hallownest:eliteHiveKnight","floor":40,"turns":6},{"damage":13,"enemies":"Hallownest:Xero_Hu_Marmu","floor":41,"turns":4},{"damage":45,"enemies":"Nightmare","floor":42,"turns":6},{"damage":0,"enemies":"Hallownest:Shield_Sturdy","floor":46,"turns":1},{"damage":0,"enemies":"Hallownest:2_Soldiers_and_1_Guardian","floor":47,"turns":4},{"damage":17,"enemies":"Hallownest:monsterPrimalAspid","floor":50,"turns":2},{"damage":56,"enemies":"Hallownest:Radiance","floor":52,"turns":5}],"seed_played":"1783381719060920365","potions_obtained":[{"floor":11,"key":"SpeedPotion"},{"floor":16,"key":"FairyPotion"},{"floor":23,"key":"LiquidBronze"},{"floor":30,"key":"GhostInAJar"},{"floor":46,"key":"Cursed Concoction"},{"floor":47,"key":"Elixir"},{"floor":50,"key":"Adrenaline Potion"}],"is_trial":false,"path_per_floor":["M","?","$","M","?","R","M","R","T","?","E","?","R","M","R","B",null,"M","?","$","?","?","E","?","M","T","E","R","E","M","M","R","B",null,"M","?","$","M","$","E","M","NM","T","$","?","M","M","PTL","PTL","M","R","B"],"character_chosen":"THE_GATHERER","items_purchased":["Chameleon Ring","Iron Hammer","BottledMiracle"],"campfire_rested":1,"item_purchase_floors":[20,37,44],"current_hp_per_floor":[57,57,57,56,56,56,56,56,56,65,33,33,33,18,18,22,81,81,81,81,81,81,66,46,48,48,29,29,22,26,15,15,15,81,65,65,65,69,69,46,50,13,13,13,13,13,16,16,16,7,39,0,0,0],"gold":121,"neow_bonus":"BOSS_RELIC","is_daily":false,"chose_seed":false,"campfire_upgraded":12,"win_rate":0.0,"timestamp":1607681544,"path_taken":["M","?","?","M","?","R","M","R","T","?","E","?","R","M","R","BOSS","M","?","$","?","?","E","?","M","T","E","R","E","?","M","R","BOSS","M","?","$","?","$","E","M","NM","T","?","?","M","M","PTL","PTL","?","R","BOSS"],"items_purchased_type":["Relic","Relic","Potion"],"build_version":"2020-11-30","purchased_purges":3,"victory":false,"max_hp_per_floor":[72,72,72,72,72,72,72,72,72,81,81,81,81,81,81,81,81,81,81,81,81,81,81,81,81,81,81,81,81,81,81,81,81,81,84,84,84,88,88,92,100,104,104,104,104,104,107,107,107,107,107,107,107,107],"card_choices":[{"not_picked":["Gatherer:Nutrients","Gatherer:DrugPower"],"picked":"Gatherer:SaveValuables","floor":1},{"not_picked":["Gatherer:BambuSword","Gatherer:SaveValuables"],"picked":"Gatherer:FlowerFalling","floor":4},{"not_picked":["Gatherer:WoolGloves","Gatherer:TacticalStrike"],"picked":"Gatherer:FlowerPower","floor":7},{"not_picked":["Gatherer:SaveValuables","Gatherer:DrugPower"],"picked":"Gatherer:TacticalStrike","floor":11},{"not_picked":["Gatherer:SaveValuables","Gatherer:FlowerShield"],"picked":"Gatherer:PotentialSlash","floor":14},{"not_picked":["Gatherer:PoisonMastery","Gatherer:Bulldoze"],"picked":"Gatherer:Overflowing","floor":16},{"not_picked":["Gatherer:Convert+1","Gatherer:AcidicSpray","Gatherer:QuickSynthesis+1"],"picked":"SKIP","floor":18},{"not_picked":["Gatherer:SaveValuables","Gatherer:RecoveryHerb"],"picked":"Gatherer:BambuSword","floor":23},{"not_picked":["hubris:Rewind","infinitespire:Fortify"],"picked":"infinitespire:Collect","floor":24},{"not_picked":["Gatherer:Convert+1","Gatherer:Solidify+1","Gatherer:WoolGloves"],"picked":"SKIP","floor":25},{"not_picked":["Gatherer:DrugPower","Gatherer:OddSpoils"],"picked":"Gatherer:CursedBlade","floor":27},{"not_picked":["Gatherer:AcidicSpray+1","Gatherer:Transmute","Gatherer:Nutrients"],"picked":"SKIP","floor":29},{"not_picked":["Gatherer:CollectorsShot+1","Gatherer:SmartManeuver"],"picked":"Gatherer:BambuSword+1","floor":30},{"not_picked":["Gatherer:TacticalStrike+1","Gatherer:Transmute+1"],"picked":"Gatherer:FlowerFalling","floor":31},{"not_picked":["Gatherer:FinishingStrike","Gatherer:BomberForm"],"picked":"Gatherer:LuckyClover","floor":33},{"not_picked":["Gatherer:FragileHammer+1","Gatherer:DrugPower+1"],"picked":"Gatherer:FlowerShield+1","floor":35},{"not_picked":["Gatherer:Frenzy+1","Gatherer:FlowerPower","Gatherer:RottenStipe+1"],"picked":"SKIP","floor":38},{"not_picked":["Gatherer:Frenzy+1","Gatherer:AlchemyTrial"],"picked":"Gatherer:BigPouch+1","floor":40},{"not_picked":["Gatherer:CarefulStrike+1","Gatherer:FlowerPower+1"],"picked":"Gatherer:FruitForce","floor":41},{"not_picked":["ReplayTheSpireMod:Black Plague","infinitespire:FutureSight"],"picked":"hubris:InfiniteBlow+4","floor":42},{"not_picked":["Gatherer:RecoveryHerb","Gatherer:EnergyBasket","Gatherer:PoisonMastery"],"picked":"SKIP","floor":42},{"not_picked":["Gatherer:FragileHammer+1","Gatherer:QuickSynthesis+1","Gatherer:TacticalStrike"],"picked":"SKIP","floor":46},{"not_picked":["Gatherer:ScentOfRosmari","Gatherer:CarefulStrike","Gatherer:ScherryThrow+1"],"picked":"SKIP","floor":47},{"not_picked":["Gatherer:ScentOfRosmari","Gatherer:CarefulStrike","Gatherer:ScherryThrow+1"],"picked":"SKIP","floor":47},{"not_picked":["Gatherer:RottenStipe+1","Gatherer:Solidify+1","Gatherer:ScherryThrow"],"picked":"SKIP","floor":50}],"player_experience":144219,"relics_obtained":[{"floor":9,"key":"ReplayTheSpireMod:TigerMarble"},{"floor":11,"key":"Lizard Tail"},{"floor":23,"key":"Bronze Scales"},{"floor":27,"key":"StoneCalendar"},{"floor":29,"key":"MawBank"},{"floor":40,"key":"Ornamental Fan"},{"floor":42,"key":"Lantern"},{"floor":43,"key":"Nunchaku"}],"event_choices":[],"is_beta":false,"boss_relics":[{"not_picked":["hubris:GrandSneckoEye","Gatherer:ExplorersPath"],"picked":"hubris:ScarierMask"},{"not_picked":["Sozu","Runic Dome"],"picked":"Pandora\u0027s Box"}],"items_purged_floors":[3,20,37],"is_endless":true,"potions_floor_spawned":[11,16,23,30,31,46,47,50],"killed_by":"Hallownest:Radiance","ascension_level":1}}