{"host":"p4yrwepmrl4g8pul","time":1607653993,"event":{"mods":["Act Like it!","BaseMod","BetterRewards","Colored Map","Custom Start","Gensokyo","Marisa（F雨　魔理沙）","Minty Spire (QoL Compilation)","Quick Restart","Rare Cards Sparkle","Reimu（博丽灵梦）","Remilia（蕾米莉亚）","Remove Card Discount Mod","Shop Mod","StSLib","The Jungle","【东方二次创作】八云紫mod"],"gold_per_floor":[117,149,168,87,87,120,120,120,120,146,158,176,209,227,227,302,302,315,415,332,332,247,276,156,185,185,185,435,215,245,205,205,279,279,292,292,304,304,320,348,348,380,404,438,482,482,501,528,528,528,528,528,528,192,227,227],"floor_reached":57,"playtime":1498,"items_purged":["Strike_R","Bash","Defend_R","Strike_R","Defend_R","Defend_R","Strike_R","Strike_R","Strike_R","Defend_R","Iron Wave","Sword Boomerang+1","Pain","Parasite","Whirlwind+1","Flex+1"],"score":4375,"play_id":"52de5969-8b02-4f56-88f8-45fdf28befd5","local_time":"20201211103313","is_ascension_mode":true,"campfire_choices":[{"data":"Sword Boomerang","floor":8.0,"key":"SMITH"},{"data":"Flex","floor":15.0,"key":"SMITH"},{"data":"Limit Break","floor":27.0,"key":"SMITH"},{"floor":32.0,"key":"RECALL"},{"floor":41.0,"key":"REST"},{"data":"Shrug It Off","floor":49.0,"key":"SMITH"},{"floor":53,"key":"REST"}],"circlet_count":0,"master_deck":["AscendersBane","Shrug It Off+1","Limit Break+1","Shrug It Off+1","Sword Boomerang+1","Limit Break"],"relics":["Black Blood","Ginger","Bag of Marbles","PreservedInsect","Bronze Scales","Champion Belt","Gremlin Horn","TentaclePot:ReiMu","ClockworkSouvenir","Anchor","Singing Bowl","Membership Card","WingedGreaves","Orrery","Shuriken","HandDrill","White Beast Statue","Cursed Key","FossilizedHelix","TungstenRod","Oddly Smooth Stone","Juzu Bracelet","Darkstone Periapt","Gensokyo:SpiderMask","Blue Candle","Centennial Puzzle","MerchantsRug","Ancient Tea Set","Happy Flower","Nunchaku","Toy Ornithopter","Molten Egg 2","Mastiff:ReiMu","Akabeko","Sling","Bag of Preparation"],"acts_visited":["Gensokyo:Gensokyo","Gensokyo:Gensokyoer","TheBeyond","TheEnding"],"potions_floor_usage":[56,56,56,56],"damage_taken":[{"damage":0.0,"enemies":"Gensokyo:3_Fairies","floor":1.0,"turns":2.0},{"damage":0.0,"enemies":"Gensokyo:Mamizou","floor":2.0,"turns":3.0},{"damage":0.0,"enemies":"Gensokyo:Gryphon","floor":3.0,"turns":2.0},{"damage":0.0,"enemies":"Gensokyo:Mamizou","floor":6.0,"turns":2.0},{"damage":0.0,"enemies":"Gensokyo:Aya","floor":10.0,"turns":2.0},{"damage":0.0,"enemies":"Gensokyo:Python","floor":11.0,"turns":1.0},{"damage":0.0,"enemies":"Gensokyo:Gryphon_and_Rabbit","floor":12.0,"turns":2.0},{"damage":0.0,"enemies":"Gensokyo:Cirno","floor":13.0,"turns":4.0},{"damage":0.0,"enemies":"Gensokyo:Python_and_Kodama","floor":14.0,"turns":1.0},{"damage":0.0,"enemies":"Gensokyo:Reimu","floor":16.0,"turns":3.0},{"damage":0.0,"enemies":"Gensokyo:2_Gloops","floor":18.0,"turns":1.0},{"damage":0.0,"enemies":"Gensokyo:2_Gloops","floor":19.0,"turns":3.0},{"damage":27.0,"enemies":"Gensokyo:Koishi","floor":23.0,"turns":3.0},{"damage":0.0,"enemies":"Gensokyo:Tenshi","floor":25.0,"turns":2.0},{"damage":13.0,"enemies":"Gensokyo:Koishi","floor":30.0,"turns":4.0},{"damage":43.0,"enemies":"Gensokyo:Kaguya","floor":33.0,"turns":5.0},{"damage":0.0,"enemies":"3 Shapes","floor":35.0,"turns":1.0},{"damage":0.0,"enemies":"Orb Walker","floor":37.0,"turns":2.0},{"damage":0.0,"enemies":"4 Shapes","floor":39.0,"turns":1.0},{"damage":5.0,"enemies":"Nemesis","floor":40.0,"turns":3.0},{"damage":0.0,"enemies":"Giant Head","floor":42.0,"turns":2.0},{"damage":0.0,"enemies":"Reptomancer","floor":44.0,"turns":2.0},{"damage":0.0,"enemies":"3 Darklings","floor":47.0,"turns":1.0},{"damage":0.0,"enemies":"Giant Head","floor":48.0,"turns":3.0},{"damage":0.0,"enemies":"Time Eater","floor":50.0,"turns":3.0},{"damage":0,"enemies":"Donu and Deca","floor":51,"turns":4},{"damage":0,"enemies":"Shield and Spear","floor":55,"turns":2},{"damage":70,"enemies":"The Heart","floor":56,"turns":6}],"seed_played":"4515363255895613150","potions_obtained":[{"floor":2.0,"key":"SkillPotion"},{"floor":3.0,"key":"Weak Potion"},{"floor":11.0,"key":"Explosive Potion"},{"floor":12.0,"key":"FearPotion"},{"floor":13.0,"key":"FearPotion"},{"floor":14.0,"key":"PowerPotion"},{"floor":16.0,"key":"Fire Potion"},{"floor":18.0,"key":"LiquidBronze"},{"floor":19.0,"key":"CultistPotion"},{"floor":23.0,"key":"SneckoOil"},{"floor":30.0,"key":"ElixirPotion"},{"floor":39.0,"key":"Dexterity Potion"},{"floor":40.0,"key":"PowerPotion"},{"floor":42.0,"key":"Explosive Potion"},{"floor":44.0,"key":"Weak Potion"},{"floor":47.0,"key":"Energy Potion"},{"floor":48.0,"key":"Swift Potion"},{"floor":55,"key":"PowerPotion"}],"is_trial":false,"path_per_floor":["M","?","M","$","?","E","?","R","T","E","M","M","E","M","R","B",null,"M","?","$","?","$","E","?","E","T","R","?","$","E","?","R","B",null,"M","$","M","?","M","E","R","E","T","E","$","?","M","E","R","B","B",null,"R","$","E","B",null],"character_chosen":"IRONCLAD","items_purchased":["Ginger","Armaments","Shrug It Off","Bag of Marbles","Brimstone","PreservedInsect","Bronze Scales","Champion Belt","Gremlin Horn","TentaclePot:ReiMu","ClockworkSouvenir","Iron Wave","Sword Boomerang","Anchor","Singing Bowl","War Paint","Membership Card","WingedGreaves","Whirlwind","Orrery","HandDrill","Oddly Smooth Stone","Juzu Bracelet","Lee\u0027s Waffle","Pear","MerchantsRug","Mastiff:ReiMu","Limit Break","Akabeko","Sling"],"campfire_rested":2,"item_purchase_floors":[0,0,0,0,0,0,0,0,0,0,0,0,0,0,0,0,0,0,0,0,4,20,22,29,29,29,54,54,54,54],"current_hp_per_floor":[38,46,54,54,40,48,48,48,48,56,64,70,78,86,86,92,109,117,119,119,119,119,100,100,108,114,114,114,136,131,131,131,96,129,142,142,144,144,146,148,148,150,156,156,153,155,157,157,157,157,157,157,157,157,159,101],"gold":227,"neow_bonus":"","is_daily":false,"chose_seed":false,"campfire_upgraded":4,"win_rate":0.0,"timestamp":1607653993,"path_taken":["M","?","?","$","?","E","?","R","T","E","M","?","E","M","R","BOSS","M","?","$","?","$","E","?","E","T","R","?","$","E","?","R","BOSS","M","$","M","?","M","E","R","E","T","E","$","?","M","E","R","BOSS","BOSS","R","$","E","BOSS"],"items_purchased_type":["Relic","Card","Card","Relic","Relic","Relic","Relic","Relic","Relic","Relic","Relic","Card","Card","Relic","Relic","Relic","Relic","Relic","Card","Relic","Relic","Relic","Relic","Relic","Relic","Relic","Relic","Card","Relic","Relic"],"build_version":"2020-11-30","purchased_purges":16,"victory":true,"max_hp_per_floor":[87,89,91,91,105,107,107,107,107,109,111,111,113,115,115,115,115,117,119,119,119,119,121,121,123,129,129,119,136,138,138,138,140,140,142,142,144,144,146,148,148,150,156,156,153,155,157,157,157,157,157,157,157,157,159,159],"card_choices":[{"not_picked":["Burning Pact","Warcry","Disarm"],"picked":"Singing Bowl","floor":0.0},{"not_picked":["Juggernaut","Hemokinesis","Burning Pact"],"picked":"Singing Bowl","floor":0.0},{"not_picked":["Sword Boomerang","Feel No Pain","Feed"],"picked":"Singing Bowl","floor":0.0},{"not_picked":["Anger","Flex","Iron Wave"],"picked":"Singing Bowl","floor":0.0},{"not_picked":["Dark Embrace","Warcry","Headbutt"],"picked":"Singing Bowl","floor":0.0},{"not_picked":["Warcry","Cleave","Heavy Blade"],"picked":"Singing Bowl","floor":1.0},{"not_picked":["Heavy Blade","Uppercut","Infernal Blade"],"picked":"Singing Bowl","floor":2.0},{"not_picked":["Armaments","Havoc","Twin Strike"],"picked":"Singing Bowl","floor":3.0},{"not_picked":["Havoc","Cleave","Anger"],"picked":"Singing Bowl","floor":6.0},{"not_picked":["Hemokinesis","Clothesline","Perfected Strike"],"picked":"Singing Bowl","floor":10.0},{"not_picked":["Second Wind","Burning Pact","Pummel"],"picked":"Singing Bowl","floor":11.0},{"not_picked":["Sever Soul","Pommel Strike"],"picked":"Flex","floor":12.0},{"not_picked":["Corruption","Dropkick","Flex"],"picked":"Singing Bowl","floor":13.0},{"not_picked":["Bloodletting","Body Slam","Sever Soul"],"picked":"Singing Bowl","floor":14.0},{"not_picked":["Offering","Berserk"],"picked":"Limit Break","floor":16.0},{"not_picked":["Metallicize","Body Slam","Ghostly Armor"],"picked":"Singing Bowl","floor":18.0},{"not_picked":["Searing Blow","True Grit","Shrug It Off"],"picked":"Singing Bowl","floor":19.0},{"not_picked":["Sever Soul","Pommel Strike+1","Wild Strike"],"picked":"Singing Bowl","floor":23.0},{"not_picked":["Anger+1","Shockwave","Feed"],"picked":"Singing Bowl","floor":25.0},{"not_picked":["True Grit","Evolve","Spot Weakness"],"picked":"Singing Bowl","floor":30.0},{"not_picked":["Corruption","Limit Break","Exhume"],"picked":"Singing Bowl","floor":33.0},{"not_picked":["Wild Strike","Clothesline","Anger"],"picked":"Singing Bowl","floor":35.0},{"not_picked":["Havoc","Sword Boomerang","Intimidate"],"picked":"Singing Bowl","floor":37.0},{"not_picked":["Rupture+1","Wild Strike","Havoc+1"],"picked":"Singing Bowl","floor":39.0},{"not_picked":["Twin Strike+1","Anger","Feel No Pain"],"picked":"Singing Bowl","floor":40.0},{"not_picked":["Shockwave+1","Rage+1","Rupture+1"],"picked":"Singing Bowl","floor":42.0},{"not_picked":["Body Slam","Carnage"],"picked":"Shrug It Off","floor":44.0},{"not_picked":["Metamorphosis","Enlightenment","Transmutation"],"picked":"Singing Bowl","floor":46.0},{"not_picked":["Sentinel","True Grit","Combust"],"picked":"Singing Bowl","floor":47.0},{"not_picked":["Clash+1","Inflame"],"picked":"Sword Boomerang+1","floor":48.0},{"not_picked":["Havoc","Carnage+1","Dual Wield"],"picked":"Singing Bowl","floor":55}],"player_experience":753159,"relics_obtained":[{"floor":2.0,"key":"Shuriken"},{"floor":10.0,"key":"White Beast Statue"},{"floor":19.0,"key":"FossilizedHelix"},{"floor":19.0,"key":"TungstenRod"},{"floor":23.0,"key":"Darkstone Periapt"},{"floor":25.0,"key":"Blue Candle"},{"floor":26.0,"key":"Centennial Puzzle"},{"floor":30.0,"key":"Ancient Tea Set"},{"floor":40.0,"key":"Happy Flower"},{"floor":42.0,"key":"Potion Belt"},{"floor":43.0,"key":"Nunchaku"},{"floor":44.0,"key":"Toy Ornithopter"},{"floor":48.0,"key":"Molten Egg 2"},{"floor":55,"key":"Bag of Preparation"}],"event_choices":[{"damage_healed":0.0,"max_hp_gain":0.0,"max_hp_loss":0.0,"gold_gain":0.0,"event_name":"Upgrade Shrine","player_choice":"Ignored","floor":38.0,"gold_loss":0.0,"damage_taken":0.0},{"damage_healed":0.0,"max_hp_gain":0.0,"max_hp_loss":0.0,"gold_gain":0.0,"event_name":"SensoryStone","player_choice":"Memory 1","floor":46.0,"gold_loss":0.0,"damage_taken":0.0}],"is_beta":false,"boss_relics":[{"not_picked":["Sozu","Velvet Choker"],"picked":"Cursed Key"},{"not_picked":["RedLine:ReiMu","Pandora\u0027s Box"],"picked":"Black Blood"}],"items_purged_floors":[0,0,0,0,0,0,0,0,0,0,0,20,29,45,54,54],"is_endless":false,"potions_floor_spawned":[2,3,11,12,13,14,16,18,19,23,25,30,33,35,37,39,40,42,44,47,48,55],"ascension_level":20}}