{"host":"7r6bd5ce6zscnmwq","time":1607693315,"event":{"mods":["BaseMod","Better Altar","Better Match","Better Note","Better Sensory Stone","Better Skull","Better Third Choice","Better Vampires","Block Reminder","Colored Powertips","Displayed Cursed Tome","Minty Spire (QoL Compilation)","Permanent Neow","Quick Restart","Shop Mod","Spicy Shops","StSLib"],"gold_per_floor":[14,31,31,0,12,47,47,81,134,134,134,159,159,84,84,184,184,199,6,17,55,73,73,99,99,99,124,134,148,148,208,208,306,306,323,323,337,38,76,76,113,113,113,167,204,204,257,275,275,275,275,275,11,38,38],"floor_reached":56,"playtime":3817,"items_purged":["Defend_P","EmptyFist","Strike_P"],"score":1921,"play_id":"531a072b-30c5-44e8-9a9b-be6d18c5df72","local_time":"20201211222835","is_ascension_mode":true,"campfire_choices":[{"data":"Enlightenment","floor":7.0,"key":"SMITH"},{"floor":10.0,"key":"REST"},{"data":"Conclude","floor":15.0,"key":"SMITH"},{"data":"ThirdEye","floor":23.0,"key":"SMITH"},{"data":"TalkToTheHand","floor":25.0,"key":"SMITH"},{"floor":30.0,"key":"REST"},{"data":"WreathOfFlame","floor":32.0,"key":"SMITH"},{"data":"Ragnarok","floor":40.0,"key":"SMITH"},{"floor":49.0,"key":"RECALL"},{"data":"Eruption","floor":52,"key":"SMITH"}],"circlet_count":0,"master_deck":["Defend_P+1","Defend_P+1","Eruption+1","Vigilance","Conclude+1","Enlightenment+1","Wish","TalkToTheHand+1","ThirdEye+1","Ragnarok+1","WreathOfFlame+1","Protect","Ragnarok","Indignation+1","Vengeance+1","Weave+1","SashWhip+1","Nirvana"],"relics":["PureWater","Yang","Bag of Marbles","Blood Vial","Meat on the Bone","Runic Pyramid","Membership Card","Sundial","Ancient Tea Set","Vajra","Bag of Preparation","MerchantsRug","Lantern","Melange","Pantograph","Mummified Hand","PreservedInsect","Bronze Scales","Anchor","Strange Spoon","OrangePellets","Nunchaku"],"acts_visited":["Exordium","TheCity","TheBeyond","TheEnding"],"potions_floor_usage":[50,50,55,55,55,55,55],"damage_taken":[{"damage":0.0,"enemies":"Cultist","floor":1.0,"turns":2.0},{"damage":4.0,"enemies":"2 Louse","floor":2.0,"turns":2.0},{"damage":4.0,"enemies":"Jaw Worm","floor":5.0,"turns":2.0},{"damage":0.0,"enemies":"Lagavulin","floor":6.0,"turns":5.0},{"damage":22.0,"enemies":"Gremlin Nob","floor":8.0,"turns":4.0},{"damage":14.0,"enemies":"Lagavulin","floor":12.0,"turns":5.0},{"damage":0.0,"enemies":"Slime Boss","floor":16.0,"turns":6.0},{"damage":0.0,"enemies":"Shell Parasite","floor":18.0,"turns":3.0},{"damage":27.0,"enemies":"3 Byrds","floor":20.0,"turns":4.0},{"damage":4.0,"enemies":"Cultist and Chosen","floor":21.0,"turns":3.0},{"damage":14.0,"enemies":"Snake Plant","floor":22.0,"turns":4.0},{"damage":0.0,"enemies":"Slavers","floor":24.0,"turns":1.0},{"damage":0.0,"enemies":"Gremlin Leader","floor":27.0,"turns":3.0},{"damage":3.0,"enemies":"Snecko","floor":28.0,"turns":3.0},{"damage":12.0,"enemies":"Centurion and Healer","floor":29.0,"turns":3.0},{"damage":27.0,"enemies":"Book of Stabbing","floor":31.0,"turns":5.0},{"damage":31.0,"enemies":"Collector","floor":33.0,"turns":5.0},{"damage":0.0,"enemies":"Orb Walker","floor":35.0,"turns":2.0},{"damage":1.0,"enemies":"3 Darklings","floor":37.0,"turns":2.0},{"damage":0.0,"enemies":"Sphere and 2 Shapes","floor":39.0,"turns":3.0},{"damage":0.0,"enemies":"Maw","floor":41.0,"turns":3.0},{"damage":24.0,"enemies":"Nemesis","floor":44.0,"turns":3.0},{"damage":0.0,"enemies":"Transient","floor":45.0,"turns":5.0},{"damage":0.0,"enemies":"Giant Head","floor":47.0,"turns":4.0},{"damage":6.0,"enemies":"Writhing Mass","floor":48.0,"turns":3.0},{"damage":59,"enemies":"Donu and Deca","floor":50,"turns":5},{"damage":0,"enemies":"Shield and Spear","floor":54,"turns":1},{"damage":127,"enemies":"The Heart","floor":55,"turns":9}],"seed_played":"-2348225726556725694","potions_obtained":[{"floor":5.0,"key":"Weak Potion"},{"floor":8.0,"key":"Explosive Potion"},{"floor":21.0,"key":"DistilledChaos"},{"floor":22.0,"key":"EssenceOfSteel"},{"floor":28.0,"key":"FairyPotion"},{"floor":29.0,"key":"Dexterity Potion"},{"floor":31.0,"key":"FearPotion"},{"floor":35.0,"key":"FairyPotion"},{"floor":44.0,"key":"SpeedPotion"},{"floor":45.0,"key":"PowerPotion"},{"floor":48.0,"key":"PowerPotion"},{"floor":54,"key":"Dexterity Potion"}],"is_trial":false,"path_per_floor":["M","M","?","?","M","E","R","E","T","R","?","E","?","$","R","B",null,"M","$","M","M","M","R","E","R","T","E","M","M","R","E","R","B",null,"M","?","M","$","M","R","M","T","T","E","M","T","E","M","R","B",null,"R","$","E","B",null],"character_chosen":"WATCHER","items_purchased":["Membership Card","Bag of Preparation","MerchantsRug","Lantern","Melange","Bronze Scales","Anchor","Strange Spoon","OrangePellets","Nirvana","EntropicBrew"],"campfire_rested":2,"item_purchase_floors":[19,38,38,38,38,53,53,53,53,53,53],"current_hp_per_floor":[65,61,47,53,49,49,49,27,27,65,70,56,56,56,56,58,77,79,79,54,52,52,52,54,54,54,56,55,45,83,56,56,39,72,74,74,75,75,77,77,79,79,79,55,57,57,59,55,55,32,67,67,67,69,18],"gold":38,"neow_bonus":"REMOVE_TWO","is_daily":false,"chose_seed":false,"campfire_upgraded":7,"win_rate":0.0,"timestamp":1607693315,"path_taken":["M","M","?","?","M","E","R","E","T","R","?","E","?","$","R","BOSS","M","$","M","M","?","R","E","R","T","E","?","M","R","E","R","BOSS","M","?","M","$","M","R","M","?","T","E","M","?","E","M","R","BOSS","R","$","E","BOSS"],"items_purchased_type":["Relic","Relic","Relic","Relic","Relic","Relic","Relic","Relic","Relic","Card","Potion"],"build_version":"2020-11-30","purchased_purges":3,"victory":true,"max_hp_per_floor":[72,72,72,78,78,78,78,78,78,78,83,83,83,83,83,83,83,83,83,83,83,83,83,83,83,83,83,83,83,83,83,83,83,83,83,79,79,79,79,79,79,79,79,79,79,79,79,79,79,79,79,79,79,79,79],"card_choices":[{"not_picked":["Evaluate","Nirvana"],"picked":"Consecrate","floor":1.0},{"not_picked":["BowlingBash","Halt"],"picked":"Conclude","floor":2.0},{"not_picked":["Protect","Collect"],"picked":"Wish","floor":5.0},{"not_picked":["Crescendo","ClearTheMind"],"picked":"EmptyFist","floor":6.0},{"not_picked":["Collect","SashWhip"],"picked":"TalkToTheHand","floor":8.0},{"not_picked":["Consecrate","EmptyBody"],"picked":"ThirdEye","floor":12.0},{"not_picked":["Blasphemy","Scrawl"],"picked":"Ragnarok","floor":16.0},{"not_picked":["Vengeance","Worship","BowlingBash"],"picked":"SKIP","floor":18.0},{"not_picked":["Crescendo","SandsOfTime"],"picked":"WreathOfFlame","floor":20.0},{"not_picked":["DeceiveReality","Prostrate"],"picked":"Protect","floor":21.0},{"not_picked":["ForeignInfluence","Protect","Halt+1"],"picked":"SKIP","floor":22.0},{"not_picked":["CarveReality+1","Consecrate"],"picked":"Ragnarok","floor":24.0},{"not_picked":["DeceiveReality","FollowUp+1","Prostrate"],"picked":"SKIP","floor":27.0},{"not_picked":["Adaptation","BowlingBash+1","Vengeance"],"picked":"SKIP","floor":28.0},{"not_picked":["Fasting2","Sanctity","ReachHeaven"],"picked":"SKIP","floor":29.0},{"not_picked":["Weave+1","Sanctity","Collect+1"],"picked":"SKIP","floor":31.0},{"not_picked":["WindmillStrike+1","Halt","BattleHymn"],"picked":"SKIP","floor":35.0},{"not_picked":["Evaluate","Prostrate","PathToVictory"],"picked":"SKIP","floor":37.0},{"not_picked":["FlurryOfBlows","EmptyFist","Crescendo"],"picked":"SKIP","floor":39.0},{"not_picked":["SignatureMove+1","SashWhip+1","Crescendo"],"picked":"SKIP","floor":41.0},{"not_picked":["CutThroughFate+1","FlurryOfBlows","SignatureMove"],"picked":"SKIP","floor":44.0},{"not_picked":["Tantrum+1","Pray"],"picked":"SashWhip+1","floor":45.0},{"not_picked":["Ragnarok","Tantrum","ConjureBlade"],"picked":"SKIP","floor":47.0},{"not_picked":["EmptyFist","MentalFortress","WreathOfFlame"],"picked":"SKIP","floor":48.0},{"not_picked":["JustLucky+1","ThirdEye","CutThroughFate+1"],"picked":"SKIP","floor":54}],"player_experience":583655,"relics_obtained":[{"floor":6.0,"key":"Yang"},{"floor":8.0,"key":"Bag of Marbles"},{"floor":9.0,"key":"Regal Pillow"},{"floor":12.0,"key":"Blood Vial"},{"floor":13.0,"key":"Meat on the Bone"},{"floor":24.0,"key":"Sundial"},{"floor":26.0,"key":"Ancient Tea Set"},{"floor":27.0,"key":"Tiny Chest"},{"floor":31.0,"key":"Vajra"},{"floor":43.0,"key":"Pantograph"},{"floor":44.0,"key":"Blue Candle"},{"floor":46.0,"key":"Mummified Hand"},{"floor":47.0,"key":"PreservedInsect"},{"floor":54,"key":"Nunchaku"}],"event_choices":[{"damage_healed":61.0,"max_hp_gain":0.0,"max_hp_loss":72.0,"gold_gain":0.0,"event_name":"betterThird:BetterShining","player_choice":"Upgrade","floor":3.0,"gold_loss":0.0,"damage_taken":14.0,"cards_upgraded":["Defend_P","Defend_P"]},{"damage_healed":0.0,"max_hp_gain":0.0,"max_hp_loss":0.0,"gold_gain":0.0,"event_name":"betterThird:BetterSerpent","player_choice":"RENOUNCE","floor":4.0,"gold_loss":31.0,"damage_taken":31.0,"cards_obtained":["Enlightenment"]},{"damage_healed":0.0,"max_hp_gain":5.0,"max_hp_loss":0.0,"gold_gain":0.0,"event_name":"Big Fish","player_choice":"Donut","floor":11.0,"gold_loss":0.0,"damage_taken":0.0},{"damage_healed":0.0,"max_hp_gain":0.0,"max_hp_loss":0.0,"gold_gain":0.0,"event_name":"Wheel of Change","player_choice":"Relic","floor":13.0,"gold_loss":0.0,"damage_taken":0.0},{"damage_healed":0.0,"max_hp_gain":0.0,"max_hp_loss":4.0,"gold_gain":0.0,"event_name":"Winding Halls","player_choice":"Max HP","floor":36.0,"gold_loss":0.0,"damage_taken":0.0}],"is_beta":false,"boss_relics":[{"not_picked":["Cursed Key","Calling Bell"],"picked":"Runic Pyramid"},{"not_picked":["Coffee Dripper","Fusion Hammer"],"picked":"Astrolabe"}],"items_purged_floors":[14,19,38],"is_endless":false,"potions_floor_spawned":[5,8,21,22,28,29,31,35,44,45,48,54],"ascension_level":9}}