{"host":"onmzcmq5a68cxj3d","time":1607728566,"event":{"mods":["BaseMod","Colored Map","Minty Spire (QoL Compilation)","Remove Card Discount Mod"],"gold_per_floor":[111,111,111,103,52,52,52,81,81,256,256,256,282,295,295,396,396,410,410,14,33,33,33,33,33,58,58,58,58,58,72,72,170,170,183,183,183,27,27,27,27,27,27,27,47,71,71,83,83,83],"floor_reached":51,"playtime":2357,"items_purged":["Wraith Form v2","Strike_R","Strike_R","Strike_R","Defend_R","Strike_R","Strike_R","Bash"],"score":716,"play_id":"43eb4463-2cbd-4a59-8957-6cab3641124c","local_time":"20201211161606","daily_mods":["Heirloom","Time Dilation","Flight","Elite Swarm"],"is_ascension_mode":false,"campfire_choices":[{"data":"DevaForm","floor":6,"key":"SMITH"},{"data":"Echo Form","floor":7,"key":"SMITH"},{"floor":11,"key":"REST"},{"data":"Demon Form","floor":12,"key":"SMITH"},{"floor":15,"key":"REST"},{"data":"Reaper","floor":23,"key":"SMITH"},{"data":"Iron Wave","floor":24,"key":"SMITH"},{"floor":25,"key":"REST"},{"data":"Searing Blow","floor":28,"key":"SMITH"},{"data":"Searing Blow+1","floor":32,"key":"SMITH"},{"data":"Searing Blow+2","floor":40,"key":"SMITH"},{"data":"Defend_R","floor":41,"key":"SMITH"},{"data":"Defend_R","floor":44,"key":"SMITH"},{"floor":47,"key":"REST"},{"floor":49,"key":"REST"}],"circlet_count":0,"master_deck":["Demon Form+1","Echo Form+1","DevaForm+1","Defend_R+1","Defend_R+1","Searing Blow+3","Iron Wave+1","Reaper+1","Heavy Blade+1","Feed+1","Heavy Blade+1","Feed+1","Iron Wave+1","Whirlwind+1","Disarm+1","Infernal Blade+1"],"relics":["Unceasing Top","Charon\u0027s Ashes","Boot","Orichalcum","Molten Egg 2","Peace Pipe","Pear","Dream Catcher","SacredBark","Chemical X","Ancient Tea Set","Nunchaku"],"acts_visited":["Exordium","TheCity","TheBeyond"],"potions_floor_usage":[16,31,48,50],"damage_taken":[{"damage":19,"enemies":"2 Louse","floor":1,"turns":3},{"damage":23,"enemies":"Gremlin Nob","floor":8,"turns":5},{"damage":15,"enemies":"Lagavulin","floor":13,"turns":7},{"damage":6,"enemies":"Small Slimes","floor":14,"turns":5},{"damage":36,"enemies":"Hexaghost","floor":16,"turns":6},{"damage":69,"enemies":"3 Byrds","floor":18,"turns":7},{"damage":24,"enemies":"Shell Parasite","floor":21,"turns":6},{"damage":13,"enemies":"Chosen and Byrds","floor":31,"turns":5},{"damage":89,"enemies":"Collector","floor":33,"turns":9},{"damage":30,"enemies":"3 Darklings","floor":35,"turns":5},{"damage":45,"enemies":"3 Shapes","floor":45,"turns":4},{"damage":16,"enemies":"Sphere and 2 Shapes","floor":48,"turns":6},{"damage":49,"enemies":"Awakened One","floor":50,"turns":8}],"seed_played":"346156943633763961","potions_obtained":[{"floor":1,"key":"ColorlessPotion"},{"floor":18,"key":"Strength Potion"},{"floor":45,"key":"Swift Potion"},{"floor":48,"key":"EssenceOfSteel"}],"is_trial":true,"path_per_floor":["M","?","?","$","$","R","R","E","T","?","R","R","E","M","R","B",null,"M","?","$","M","?","R","R","R","T","?","R","$","$","M","R","B",null,"M","?","?","$","?","R","R","$","T","R","M","T","R","M","R","B",null],"character_chosen":"IRONCLAD","items_purchased":["Iron Wave","Pear","Feed+1","Chemical X"],"campfire_rested":5,"item_purchase_floors":[5,20,20,38],"current_hp_per_floor":[61,66,63,63,63,63,63,40,40,40,65,65,50,49,74,53,85,30,30,40,25,59,59,59,89,89,89,89,89,89,80,80,30,111,96,96,96,96,96,96,96,96,96,96,51,51,84,82,115,84],"gold":83,"neow_bonus":"","is_daily":false,"chose_seed":false,"campfire_upgraded":10,"win_rate":0.0,"timestamp":1607728566,"path_taken":["M","?","?","$","$","R","R","E","T","?","R","R","E","?","R","BOSS","M","?","$","?","?","R","R","R","T","?","R","$","$","M","R","BOSS","M","?","?","$","?","R","R","$","T","R","?","?","R","M","R","BOSS"],"items_purchased_type":["Card","Relic","Card","Relic"],"build_version":"2020-11-30","purchased_purges":8,"victory":true,"max_hp_per_floor":[80,85,85,85,85,85,85,85,85,85,85,85,85,85,85,85,85,89,89,99,103,103,103,103,103,103,103,103,103,103,107,107,111,111,111,111,111,111,111,111,111,111,111,111,111,111,111,115,115,115],"card_choices":[{"not_picked":["Sentinel","Fire Breathing"],"picked":"Searing Blow","floor":1},{"not_picked":["Immolate","Corruption"],"picked":"Reaper","floor":8},{"not_picked":["Limit Break","Fiend Fire+1","Corruption"],"picked":"SKIP","floor":13},{"not_picked":["Havoc","True Grit"],"picked":"Heavy Blade+1","floor":14},{"not_picked":["Impervious","Offering"],"picked":"Feed+1","floor":16},{"not_picked":["Evolve+1","Wild Strike+1"],"picked":"Heavy Blade+1","floor":18},{"not_picked":["Flex+1","Heavy Blade+1"],"picked":"Iron Wave+1","floor":21},{"not_picked":["Clash+1","Burning Pact"],"picked":"Whirlwind+1","floor":31},{"not_picked":["Power Through+1","Iron Wave+1","Burning Pact"],"picked":"SKIP","floor":35},{"not_picked":["Twin Strike+1","Body Slam+1"],"picked":"Disarm+1","floor":45},{"not_picked":["Warcry","Burning Pact+1"],"picked":"Infernal Blade+1","floor":47},{"not_picked":["Warcry","Evolve","Second Wind+1"],"picked":"SKIP","floor":48}],"player_experience":417579,"relics_obtained":[{"floor":8,"key":"Orichalcum"},{"floor":9,"key":"Molten Egg 2"},{"floor":13,"key":"Peace Pipe"},{"floor":26,"key":"Dream Catcher"},{"floor":43,"key":"Ancient Tea Set"},{"floor":46,"key":"Nunchaku"}],"event_choices":[{"damage_healed":0,"gold_gain":0,"player_choice":"Donut","damage_taken":0,"max_hp_gain":5,"max_hp_loss":0,"event_name":"Big Fish","floor":2,"gold_loss":0},{"damage_healed":0,"gold_gain":0,"player_choice":"Success","damage_taken":3,"relics_obtained":["Boot"],"max_hp_gain":0,"max_hp_loss":0,"event_name":"Scrap Ooze","floor":3,"gold_loss":0},{"damage_healed":0,"gold_gain":175,"player_choice":"AGREE","damage_taken":0,"max_hp_gain":0,"max_hp_loss":0,"event_name":"Liars Game","floor":10,"gold_loss":0,"cards_obtained":["Doubt"]},{"cards_removed":["Doubt"],"damage_healed":0,"gold_gain":0,"player_choice":"Removed Curses","damage_taken":0,"max_hp_gain":0,"max_hp_loss":0,"event_name":"Fountain of Cleansing","floor":19,"gold_loss":0},{"damage_healed":34,"gold_gain":0,"player_choice":"Heal","damage_taken":0,"max_hp_gain":0,"max_hp_loss":0,"event_name":"The Library","floor":22,"gold_loss":0},{"damage_healed":0,"gold_gain":0,"player_choice":"Ignored","damage_taken":0,"max_hp_gain":0,"max_hp_loss":0,"event_name":"The Mausoleum","floor":27,"gold_loss":0},{"damage_healed":0,"gold_gain":0,"player_choice":"Memory 1","damage_taken":0,"max_hp_gain":0,"max_hp_loss":0,"event_name":"SensoryStone","floor":36,"gold_loss":0},{"cards_removed":["Defend_R"],"damage_healed":0,"gold_gain":0,"player_choice":"Removed Skill","damage_taken":0,"max_hp_gain":0,"max_hp_loss":0,"event_name":"Falling","floor":37,"gold_loss":0},{"damage_healed":0,"gold_gain":0,"player_choice":"Ignored","damage_taken":0,"max_hp_gain":0,"max_hp_loss":0,"event_name":"SecretPortal","floor":39,"gold_loss":0}],"is_beta":false,"boss_relics":[{"not_picked":["Calling Bell","Coffee Dripper","Velvet Choker"]},{"not_picked":["Cursed Key","Mark of Pain"],"picked":"SacredBark"}],"items_purged_floors":[4,4,4,4,5,20,20,20],"is_endless":false,"potions_floor_spawned":[1,18,45,48],"ascension_level":0}}