{"host":"mi1ox2k6wy3juh8w","time":1607669641,"event":{"mods":["AchievementEnabler","BaseMod","Colored Map","GifTheSpireLib","Minty Spire (QoL Compilation)","StSLib","SuperFastMode"],"gold_per_floor":[113,127,87,105,280,280,292,311,361,380,440,440,440,515,515,515,515],"floor_reached":16,"playtime":413,"items_purged":[],"score":106,"play_id":"9dcabe89-906f-43c4-83a8-41fb6d72b50c","local_time":"20201211155401","is_ascension_mode":true,"campfire_choices":[{"data":"Storm","floor":6.0,"key":"SMITH"},{"data":"Sunder","floor":12,"key":"SMITH"},{"data":"Dualcast","floor":15,"key":"SMITH"}],"circlet_count":0,"master_deck":["Strike_B","Strike_B","Strike_B","Strike_B","Defend_B","Defend_B","Defend_B","Defend_B","Zap","Dualcast+1","Sunder+1","Self Repair","Storm+1","Glacier","Doubt","Recycle","Thunder Strike","Coolheaded"],"relics":["Cracked Core","Pen Nib","HornCleat"],"acts_visited":["Exordium"],"potions_floor_usage":[11,16],"damage_taken":[{"damage":0.0,"enemies":"Cultist","floor":1.0,"turns":2.0},{"damage":12.0,"enemies":"Jaw Worm","floor":2.0,"turns":2.0},{"damage":3.0,"enemies":"2 Louse","floor":4.0,"turns":2.0},{"damage":5.0,"enemies":"2 Fungi Beasts","floor":7.0,"turns":3.0},{"damage":0.0,"enemies":"Exordium Wildlife","floor":8.0,"turns":5.0},{"damage":1.0,"enemies":"3 Louse","floor":10.0,"turns":3.0},{"damage":45,"enemies":"Lagavulin Event","floor":11,"turns":7},{"damage":51,"enemies":"Hexaghost","floor":16,"turns":11}],"seed_played":"-4660845768052537982","potions_obtained":[{"floor":1.0,"key":"Strength Potion"},{"floor":2.0,"key":"Block Potion"},{"floor":8.0,"key":"Swift Potion"}],"is_trial":false,"path_per_floor":["M","M","$","M","?","R","M","M","T","M","?","R","?","?","R","B"],"character_chosen":"DEFECT","items_purchased":["Storm"],"campfire_rested":0,"item_purchase_floors":[3],"current_hp_per_floor":[75,63,63,60,60,60,62,69,69,75,37,37,62,51,51,0,0],"gold":515,"neow_bonus":"THREE_CARDS","is_daily":false,"chose_seed":false,"campfire_upgraded":3,"win_rate":0.0,"timestamp":1607669641,"path_taken":["M","?","$","M","?","R","M","M","T","M","?","R","?","?","R","BOSS"],"items_purchased_type":["Card"],"build_version":"2020-11-30","purchased_purges":0,"victory":false,"max_hp_per_floor":[75,75,75,75,75,75,75,75,75,75,75,75,75,75,75,75,75],"card_choices":[{"not_picked":["Undo","Gash"],"picked":"Sunder","floor":0.0},{"not_picked":["Beam Cell","Coolheaded"],"picked":"Self Repair","floor":1.0},{"not_picked":["Compile Driver","Melter","Streamline"],"picked":"SKIP","floor":2.0},{"not_picked":["Coolheaded","Rebound"],"picked":"Glacier","floor":4.0},{"not_picked":["Gash","Turbo","Cold Snap"],"picked":"SKIP","floor":7.0},{"not_picked":["Turbo","Double Energy"],"picked":"Recycle","floor":8.0},{"not_picked":["Cold Snap","Beam Cell"],"picked":"Thunder Strike","floor":10.0},{"not_picked":["Consume","Reprogram"],"picked":"Coolheaded","floor":11}],"player_experience":241665,"relics_obtained":[{"floor":9.0,"key":"Pen Nib"}],"event_choices":[{"damage_healed":0.0,"max_hp_gain":0.0,"max_hp_loss":0.0,"gold_gain":175.0,"event_name":"Liars Game","player_choice":"AGREE","floor":5.0,"gold_loss":0.0,"damage_taken":0.0,"cards_obtained":["Doubt"]},{"damage_healed":0,"gold_gain":0,"player_choice":"Searched \u00273\u0027 times","damage_taken":0,"relics_obtained":["HornCleat"],"max_hp_gain":0,"max_hp_loss":0,"event_name":"Dead Adventurer","floor":11,"gold_loss":0},{"damage_healed":25,"gold_gain":0,"player_choice":"Banana","damage_taken":0,"max_hp_gain":0,"max_hp_loss":0,"event_name":"Big Fish","floor":13,"gold_loss":0},{"damage_healed":0,"gold_gain":75,"player_choice":"Gather Gold","damage_taken":11,"max_hp_gain":0,"max_hp_loss":0,"event_name":"World of Goop","floor":14,"gold_loss":0}],"is_beta":false,"boss_relics":[],"items_purged_floors":[],"is_endless":false,"potions_floor_spawned":[1,2,8],"killed_by":"Hexaghost","ascension_level":3}}