{"host":"be5hvki5gkosi5aw","time":1607678249,"event":{"mods":["AchievementEnabler","Act Like it!","BaseMod","Colored Map","Hallownest","Hubris","Infinite Spire","Minty Spire (QoL Compilation)","Replay The Spire","StSLib","The Alterego","The Bug Knight"],"gold_per_floor":[116,126,138,178,178,178,210,222,290,316,316,316,348,273,273,377,377,392,292,307,327,327,359,359,369,369,244,244,244],"floor_reached":28,"playtime":1493,"items_purged":["alterego_mod:Impale","alterego_mod:Defend","alterego_mod:Strike"],"score":266,"play_id":"d82c836b-103d-4b7f-add9-bd6d1472f7de","local_time":"20201211041729","is_ascension_mode":true,"campfire_choices":[{"floor":6,"key":"REST"},{"floor":12,"key":"REST"},{"data":"alterego_mod:Weigh","floor":15,"key":"SMITH"},{"floor":24,"key":"REST"}],"circlet_count":0,"master_deck":["alterego_mod:Strike+1","alterego_mod:Strike+1","alterego_mod:Defend","alterego_mod:Defend","alterego_mod:Defend","alterego_mod:BigMeatyClaws","alterego_mod:Mirror","alterego_mod:BusterCard","alterego_mod:Weigh+1","alterego_mod:SideboobHour","alterego_mod:Birthday","alterego_mod:Weigh+1","alterego_mod:IndependentAction+1","alterego_mod:Clones+1","alterego_mod:Mirror+1"],"relics":["hubris:Backtick","Question Card","CaptainsWheel","Omamori","Gambling Chip","Prayer Wheel","Bag of Marbles","Empty Cage","Replay:Ringing Soul","Girya"],"acts_visited":["Exordium","Hallownest:Greenpath"],"potions_floor_usage":[8,13,25,28,28],"damage_taken":[{"damage":18,"enemies":"2_ Uuma","floor":1,"turns":7},{"damage":14,"enemies":"Hallownest:2_Tiktiks_and_1_Crawlid","floor":2,"turns":4},{"damage":4,"enemies":"Hallownest:2_Baldur","floor":3,"turns":4},{"damage":15,"enemies":"Hallownest:eliteVengeflyKing","floor":7,"turns":3},{"damage":3,"enemies":"Hallownest:Guard_and_Warrior","floor":8,"turns":5},{"damage":2,"enemies":"Hallownest:eliteMossKnight","floor":10,"turns":7},{"damage":27,"enemies":"Hallownest:eliteVengeflyKing","floor":13,"turns":5},{"damage":22,"enemies":"Hallownest:BossBrokenVessel","floor":16,"turns":5},{"damage":10,"enemies":"Hallownest:2_Mistakes","floor":18,"turns":6},{"damage":10,"enemies":"Hallownest:3_Youths","floor":20,"turns":4},{"damage":12,"enemies":"Hallownest:monsterShrumalOgre","floor":21,"turns":4},{"damage":34,"enemies":"Nightmare","floor":23,"turns":6},{"damage":18,"enemies":"Hallownest:2_Flukemon","floor":25,"turns":5},{"damage":30,"enemies":"Hallownest:3_Mistakes","floor":28,"turns":2}],"seed_played":"5723431175930267757","potions_obtained":[{"floor":3,"key":"Block Potion"},{"floor":8,"key":"SkillPotion"},{"floor":13,"key":"FairyPotion"},{"floor":16,"key":"Swift Potion"},{"floor":20,"key":"DistilledChaos"},{"floor":25,"key":"Fruit Juice"}],"is_trial":false,"path_per_floor":["M","M","M","?","?","R","E","M","T","E","T","R","E","$","R","B",null,"M","$","M","M","?","NM","R","M","T","$","M"],"character_chosen":"The_Alterego","items_purchased":[],"campfire_rested":3,"item_purchase_floors":[],"current_hp_per_floor":[52,38,34,6,6,27,12,9,9,14,14,35,8,8,8,28,70,60,60,52,42,42,10,31,15,15,15,0,0],"gold":244,"neow_bonus":"BOSS_RELIC","is_daily":false,"chose_seed":false,"campfire_upgraded":1,"win_rate":0.0,"timestamp":1607678249,"path_taken":["M","M","M","?","?","R","E","M","T","E","?","R","E","?","R","BOSS","M","$","M","M","?","NM","R","?","T","$","M"],"items_purchased_type":[],"build_version":"2020-11-30","purchased_purges":3,"victory":false,"max_hp_per_floor":[70,70,70,70,70,70,70,70,70,70,70,70,70,70,70,70,70,70,70,70,70,70,70,70,70,70,70,75,75],"card_choices":[{"not_picked":["alterego_mod:GachaTicket","alterego_mod:MagicResistance","alterego_mod:BiFurious"],"picked":"alterego_mod:Mirror","floor":1},{"not_picked":["alterego_mod:Nekomimi","alterego_mod:Punishment","alterego_mod:Undulate"],"picked":"alterego_mod:BusterCard","floor":2},{"not_picked":["alterego_mod:Complex","alterego_mod:Pet","alterego_mod:Belts","alterego_mod:Collar"],"picked":"SKIP","floor":3},{"not_picked":["alterego_mod:Bounce","alterego_mod:Maid","alterego_mod:Rip"],"picked":"alterego_mod:Weigh","floor":4},{"not_picked":["alterego_mod:DestructionOfProperty","alterego_mod:Swimsuit","alterego_mod:VirginLaserPalladion"],"picked":"alterego_mod:SideboobHour","floor":7},{"not_picked":["alterego_mod:BreastValley","alterego_mod:Cycle","alterego_mod:1TonWallop","alterego_mod:Exercise"],"picked":"SKIP","floor":8},{"not_picked":["alterego_mod:GachaTicket","alterego_mod:1TonWallop","alterego_mod:ChallengeComplete","alterego_mod:DestructionOfProperty"],"picked":"SKIP","floor":10},{"not_picked":["alterego_mod:Pet","alterego_mod:Schoolgirl","alterego_mod:Punishment"],"picked":"alterego_mod:Birthday","floor":13},{"not_picked":["alterego_mod:SideboobHour","alterego_mod:VirginLaserPalladion","alterego_mod:GIGAMILK"],"picked":"alterego_mod:Weigh","floor":16},{"not_picked":["alterego_mod:Schoolgirl","alterego_mod:Cycle","alterego_mod:PresenceConcealment"],"picked":"alterego_mod:IndependentAction+1","floor":18},{"not_picked":["alterego_mod:DeftHands","alterego_mod:1TonWallop+1","alterego_mod:Smother","alterego_mod:Jiggle"],"picked":"SKIP","floor":18},{"not_picked":["alterego_mod:Jiggle","alterego_mod:DiscoLights","alterego_mod:MagicResistance+1"],"picked":"alterego_mod:Clones+1","floor":20},{"not_picked":["alterego_mod:Punishment","alterego_mod:Bunnysuit","alterego_mod:MagicResistance"],"picked":"alterego_mod:Mirror+1","floor":20},{"not_picked":["alterego_mod:Belle","alterego_mod:Cycle+1","alterego_mod:Complex+1","alterego_mod:STier"],"picked":"SKIP","floor":21},{"not_picked":["alterego_mod:Clap+1","alterego_mod:Maid","alterego_mod:Undulate+1","alterego_mod:Crossover"],"picked":"SKIP","floor":21},{"not_picked":["alterego_mod:PerceptionDisorder+1","alterego_mod:HighServant+1","alterego_mod:BiFurious","alterego_mod:Valkyrie"],"picked":"SKIP","floor":23},{"not_picked":["alterego_mod:Pet+1","alterego_mod:BusterCard","alterego_mod:Santa","alterego_mod:PresenceConcealment"],"picked":"SKIP","floor":25},{"not_picked":["alterego_mod:Complex","alterego_mod:Cooking","alterego_mod:Skirt","alterego_mod:PresenceConcealment"],"picked":"SKIP","floor":25}],"player_experience":129527,"relics_obtained":[{"floor":4,"key":"CaptainsWheel"},{"floor":7,"key":"Omamori"},{"floor":10,"key":"Gambling Chip"},{"floor":11,"key":"Prayer Wheel"},{"floor":13,"key":"Bag of Marbles"},{"floor":23,"key":"Replay:Ringing Soul"},{"floor":26,"key":"Girya"}],"event_choices":[],"is_beta":false,"boss_relics":[{"not_picked":["Replay:Ancient Bell","Runic Dome"],"picked":"Empty Cage"}],"items_purged_floors":[14,19,27],"is_endless":true,"potions_floor_spawned":[3,8,13,16,20,25],"killed_by":"Hallownest:3_Mistakes","ascension_level":1}}