{"host":"v0n6ky7dmveherv3","time":1607706922,"event":{"mods":["BaseMod","Better Third Choice","Downfall","Minty Spire (QoL Compilation)","StSLib"],"gold_per_floor":[112,124,124,148,169,169,210,225,275,289,289,329,429,443,443,566,566,582,582,600,232,251,286,286,322,348,373,122,135,135,158,158,283,283,297,360,383,93,0,0,43,57,357,357,372,387,387,403,403,403],"floor_reached":51,"playtime":2230,"items_purged":["Strike_R","Defend_R"],"score":808,"play_id":"e251c027-a6d7-4aa0-9196-6f5705250a27","local_time":"20201211101522","is_ascension_mode":false,"campfire_choices":[{"data":"Demon Form","floor":6,"key":"SMITH"},{"data":"Inflame","floor":11,"key":"SMITH"},{"data":"Limit Break","floor":15,"key":"SMITH"},{"data":"Heavy Blade","floor":24,"key":"SMITH"},{"data":"Limit Break","floor":30,"key":"SMITH"},{"data":"Flex","floor":32,"key":"SMITH"},{"data":"1","floor":40,"key":"LIFT"},{"data":"2","floor":47,"key":"LIFT"},{"data":"3","floor":49,"key":"LIFT"}],"circlet_count":0,"master_deck":["Strike_R","Strike_R","Strike_R","Strike_R","Defend_R","Defend_R","Bash","Inflame+1","Demon Form+1","Armaments","Heavy Blade+1","Intimidate","Limit Break+1","Twin Strike+1","Ghostly","Ghostly","Ghostly","Ghostly","Ghostly","Spot Weakness","Uppercut+1","Limit Break+1","Flex+1","Corruption","Battle Trance","Whirlwind+1","Limit Break+1","Burning Pact+1","Warcry+1","Parasite","Heavy Blade+1","Inflame+1"],"relics":["Burning Blood","Gambling Chip","Golden Idol","Centennial Puzzle","Dream Catcher","Molten Egg 2","Coffee Dripper","Happy Flower","MealTicket","Strawberry","Vajra","Blood Vial","ClockworkSouvenir","Cursed Key","Girya","DollysMirror","Bag of Preparation","Red Mask","Bottled Flame","Old Coin"],"acts_visited":["Exordium","TheCity","TheBeyond"],"potions_floor_usage":[12,16,20,25,25,25,50,50],"damage_taken":[{"damage":1,"enemies":"Jaw Worm","floor":1,"turns":5},{"damage":1,"enemies":"Cultist","floor":2,"turns":4},{"damage":12,"enemies":"Small Slimes","floor":4,"turns":4},{"damage":16,"enemies":"Blue Slaver","floor":5,"turns":5},{"damage":27,"enemies":"Gremlin Nob","floor":7,"turns":4},{"damage":0,"enemies":"Red Slaver","floor":8,"turns":6},{"damage":0,"enemies":"Looter","floor":10,"turns":4},{"damage":13,"enemies":"Lagavulin","floor":12,"turns":6},{"damage":7,"enemies":"Exordium Thugs","floor":14,"turns":3},{"damage":20,"enemies":"Slime Boss","floor":16,"turns":6},{"damage":13,"enemies":"Shell Parasite","floor":18,"turns":4},{"damage":11,"enemies":"3 Byrds","floor":20,"turns":5},{"damage":3,"enemies":"3 Cultists","floor":22,"turns":5},{"damage":27,"enemies":"Book of Stabbing","floor":23,"turns":6},{"damage":8,"enemies":"Slavers","floor":25,"turns":5},{"damage":2,"enemies":"Centurion and Healer","floor":27,"turns":5},{"damage":8,"enemies":"Chosen and Byrds","floor":29,"turns":4},{"damage":3,"enemies":"3 Cultists","floor":31,"turns":5},{"damage":14,"enemies":"Champ","floor":33,"turns":10},{"damage":3,"enemies":"3 Shapes","floor":35,"turns":4},{"damage":2,"enemies":"Mind Bloom Boss Battle","floor":36,"turns":4},{"damage":5,"enemies":"3 Darklings","floor":37,"turns":3},{"damage":2,"enemies":"Reptomancer","floor":41,"turns":3},{"damage":0,"enemies":"Jaw Worm Horde","floor":42,"turns":1},{"damage":1,"enemies":"Maw","floor":45,"turns":3},{"damage":1,"enemies":"Spire Growth","floor":46,"turns":3},{"damage":3,"enemies":"Writhing Mass","floor":48,"turns":2},{"damage":37,"enemies":"Time Eater","floor":50,"turns":8}],"seed_played":"-3935558899114236425","potions_obtained":[{"floor":2,"key":"Guardian:BlockOnCardUsePotion"},{"floor":4,"key":"Fire Potion"},{"floor":5,"key":"Dexterity Potion"},{"floor":12,"key":"hexamod:EctoCoolerPotion"},{"floor":20,"key":"Regen Potion"},{"floor":22,"key":"sneckomod:MuddlingPotion"},{"floor":23,"key":"BlessingOfTheForge"},{"floor":25,"key":"DuplicationPotion"},{"floor":27,"key":"Strength Potion"},{"floor":31,"key":"AttackPotion"}],"is_trial":false,"path_per_floor":["M","M","?","M","M","R","E","M","T","M","R","E","?","M","R","B",null,"M","?","M","$","M","E","R","E","T","M","$","M","R","M","R","B",null,"M","?","M","$","?","R","E","M","T","?","M","M","R","M","R","B",null],"character_chosen":"IRONCLAD","items_purchased":["Happy Flower","MealTicket","ClockworkSouvenir","DollysMirror","Bag of Preparation"],"campfire_rested":0,"item_purchase_floors":[21,21,28,38,38],"current_hp_per_floor":[61,66,66,60,50,50,29,35,35,41,41,34,34,33,33,19,74,67,37,32,32,35,21,21,33,33,39,44,42,42,44,44,36,44,44,44,44,44,44,44,44,44,44,44,44,44,44,44,44,13],"gold":403,"neow_bonus":"ONE_RARE_RELIC","is_daily":false,"chose_seed":false,"campfire_upgraded":6,"win_rate":0.0,"timestamp":1607706922,"path_taken":["M","M","?","M","M","R","E","M","T","M","R","E","?","?","R","BOSS","M","?","M","$","M","E","R","E","T","M","$","M","R","M","R","BOSS","M","?","M","$","?","R","E","M","T","?","?","M","R","M","R","BOSS"],"items_purchased_type":["Relic","Relic","Relic","Relic","Relic"],"build_version":"2020-11-30","purchased_purges":2,"victory":true,"max_hp_per_floor":[80,80,74,74,74,74,74,74,74,74,74,74,74,74,74,74,74,74,37,37,37,37,44,44,44,44,44,44,44,44,44,44,44,44,44,44,44,44,44,44,44,44,44,44,44,44,44,44,44,44],"card_choices":[{"not_picked":["Perfected Strike","Body Slam"],"picked":"Inflame","floor":1},{"not_picked":["Heavy Blade","Sever Soul","Clothesline"],"picked":"SKIP","floor":2},{"not_picked":["Hemokinesis","Headbutt"],"picked":"Demon Form","floor":4},{"not_picked":["Clash","True Grit"],"picked":"Armaments","floor":5},{"not_picked":["Headbutt","Armaments"],"picked":"Heavy Blade","floor":7},{"not_picked":["Body Slam","Thunderclap"],"picked":"Intimidate","floor":8},{"not_picked":["Metallicize","Twin Strike"],"picked":"Limit Break","floor":10},{"not_picked":["Combust","Burning Pact","Intimidate"],"picked":"SKIP","floor":12},{"not_picked":["Pommel Strike+1","Warcry"],"picked":"Twin Strike+1","floor":14},{"not_picked":["Twin Strike+1","Iron Wave+1","Searing Blow+1"],"picked":"SKIP","floor":18},{"not_picked":["Sever Soul+1","Hemokinesis+1","Carnage+1"],"picked":"SKIP","floor":20},{"not_picked":["Anger+1","Rupture"],"picked":"Spot Weakness","floor":22},{"not_picked":["Double Tap","Clash+1"],"picked":"Uppercut+1","floor":23},{"not_picked":["Perfected Strike+1","Inflame"],"picked":"Limit Break","floor":25},{"not_picked":["Armaments","Shrug It Off","Blood for Blood+1"],"picked":"SKIP","floor":27},{"not_picked":["Twin Strike+1","Dual Wield","Metallicize"],"picked":"SKIP","floor":29},{"not_picked":["Inflame","Spot Weakness"],"picked":"Flex","floor":31},{"not_picked":["Impervious","Berserk"],"picked":"Corruption","floor":33},{"not_picked":["Ghostly Armor+1","Anger+1"],"picked":"Battle Trance","floor":35},{"not_picked":["Twin Strike+1","Rupture"],"picked":"Whirlwind+1","floor":36},{"not_picked":["True Grit+1","Armaments+1","Carnage+1"],"picked":"SKIP","floor":37},{"not_picked":["Warcry","Sever Soul+1"],"picked":"Burning Pact+1","floor":41},{"not_picked":["Heavy Blade+1","Uppercut+1"],"picked":"Warcry+1","floor":42},{"not_picked":["Corruption","Entrench","Seeing Red+1"],"picked":"SKIP","floor":45},{"not_picked":["Clash+1","Pommel Strike+1"],"picked":"Inflame+1","floor":46},{"not_picked":["Headbutt+1","Infernal Blade","Sword Boomerang+1"],"picked":"SKIP","floor":48}],"player_experience":69896,"relics_obtained":[{"floor":7,"key":"Centennial Puzzle"},{"floor":9,"key":"Dream Catcher"},{"floor":12,"key":"Molten Egg 2"},{"floor":23,"key":"Strawberry"},{"floor":25,"key":"Vajra"},{"floor":26,"key":"Blood Vial"},{"floor":36,"key":"Girya"},{"floor":41,"key":"Bottled Flame"},{"floor":43,"key":"Old Coin"}],"event_choices":[{"damage_healed":0,"gold_gain":0,"player_choice":"Lose Max HP","damage_taken":0,"relics_obtained":["Golden Idol"],"max_hp_gain":0,"max_hp_loss":6,"event_name":"Golden Idol","floor":3,"gold_loss":0},{"damage_healed":0,"gold_gain":100,"player_choice":"Pray","damage_taken":0,"max_hp_gain":0,"max_hp_loss":0,"event_name":"Golden Shrine","floor":13,"gold_loss":0},{"damage_healed":0,"gold_gain":0,"player_choice":"Became a Ghost","damage_taken":0,"max_hp_gain":0,"max_hp_loss":37,"event_name":"Ghosts","floor":19,"gold_loss":0,"cards_obtained":["Ghostly","Ghostly","Ghostly","Ghostly","Ghostly"]},{"damage_healed":0,"gold_gain":0,"player_choice":"Fight","damage_taken":0,"max_hp_gain":0,"max_hp_loss":0,"event_name":"MindBloom","floor":36,"gold_loss":0},{"damage_healed":0,"gold_gain":0,"player_choice":"Paid","damage_taken":0,"relics_obtained":["Red Mask"],"max_hp_gain":0,"max_hp_loss":0,"event_name":"Tomb of Lord Red Mask","floor":39,"gold_loss":93},{"damage_healed":0,"gold_gain":0,"cards_transformed":["Defend_R"],"player_choice":"Transformed","damage_taken":0,"max_hp_gain":0,"max_hp_loss":0,"event_name":"Transmorgrifier","floor":44,"gold_loss":0,"cards_obtained":["Heavy Blade"]}],"is_beta":false,"boss_relics":[{"not_picked":["Velvet Choker","expansioncontent:StudyCardRelic"],"picked":"Coffee Dripper"},{"not_picked":["Runic Cube","Fusion Hammer"],"picked":"Cursed Key"}],"items_purged_floors":[21,28],"is_endless":false,"potions_floor_spawned":[2,4,5,10,12,20,22,23,25,27,31,35,37,41,46],"ascension_level":0}}