{"host":"csaqw07vjsqfysdp","time":1607709828,"event":{"mods":["AchievementEnabler","BaseMod","Colored Powertips","Googly Eyes","Minty Spire (QoL Compilation)","Permanent Neow","Quick Restart","StSLib","Unceasing Turn Reminder"],"gold_per_floor":[113,124,124,124,135,135,162,162,162,5,5,5,39,60,60,160,160,178,88,107,119,132,162,162,176,257,356,237,237,249,278,278,373,373,384,384,399,399,416,416,448,467,494,268,268,281,312,328,328,328],"floor_reached":51,"playtime":2096,"items_purged":["Strike_R","Strike_R"],"score":963,"play_id":"c0e4473e-4c0d-4f12-a9d9-e4274ebea3ab","local_time":"20201211130348","is_ascension_mode":true,"campfire_choices":[{"data":"Inflame","floor":6,"key":"SMITH"},{"data":"Shockwave","floor":8,"key":"SMITH"},{"floor":11,"key":"REST"},{"data":"Battle Trance","floor":15,"key":"SMITH"},{"floor":24,"key":"REST"},{"data":"Uppercut","floor":29,"key":"SMITH"},{"data":"Demon Form","floor":32,"key":"SMITH"},{"data":"Brutality","floor":40,"key":"SMITH"},{"data":"Flame Barrier","floor":45,"key":"SMITH"},{"data":"Shockwave","floor":49,"key":"SMITH"}],"circlet_count":0,"master_deck":["Strike_R","Strike_R","Defend_R","Defend_R","Defend_R","Defend_R","Bash+1","Apotheosis+1","Shrug It Off","Inflame+1","Shockwave+1","Sword Boomerang","Battle Trance+1","Demon Form+1","Shrug It Off","Clothesline","Flame Barrier+1","Brutality+1","Uppercut+1","Shockwave+1","Reaper","Rupture+1","Pommel Strike+1"],"relics":["Burning Blood","InkBottle","Dream Catcher","Membership Card","Smiling Mask","Odd Mushroom","Snecko Eye","Orichalcum","Mercury Hourglass","Bird Faced Urn","Busted Crown","MealTicket","PreservedInsect","ClockworkSouvenir","Centennial Puzzle","Bag of Marbles"],"acts_visited":["Exordium","TheCity","TheBeyond"],"potions_floor_usage":[21,22,22,23,33,41,47,50],"damage_taken":[{"damage":7,"enemies":"Small Slimes","floor":1,"turns":5},{"damage":7,"enemies":"Jaw Worm","floor":2,"turns":5},{"damage":0,"enemies":"Cultist","floor":5,"turns":4},{"damage":25,"enemies":"3 Sentries","floor":7,"turns":10},{"damage":13,"enemies":"Gremlin Nob","floor":13,"turns":3},{"damage":4,"enemies":"The Mushroom Lair","floor":14,"turns":5},{"damage":6,"enemies":"The Guardian","floor":16,"turns":9},{"damage":0,"enemies":"Chosen","floor":18,"turns":4},{"damage":4,"enemies":"Shell Parasite","floor":20,"turns":3},{"damage":10,"enemies":"Snecko","floor":21,"turns":4},{"damage":30,"enemies":"3 Cultists","floor":22,"turns":6},{"damage":21,"enemies":"Slavers","floor":23,"turns":5},{"damage":0,"enemies":"Cultist and Chosen","floor":25,"turns":6},{"damage":16,"enemies":"Centurion and Healer","floor":30,"turns":4},{"damage":1,"enemies":"Gremlin Leader","floor":31,"turns":7},{"damage":47,"enemies":"Collector","floor":33,"turns":7},{"damage":4,"enemies":"3 Shapes","floor":35,"turns":4},{"damage":17,"enemies":"3 Darklings","floor":37,"turns":5},{"damage":13,"enemies":"Writhing Mass","floor":39,"turns":6},{"damage":27,"enemies":"Reptomancer","floor":41,"turns":7},{"damage":11,"enemies":"Spire Growth","floor":42,"turns":4},{"damage":9,"enemies":"Maw","floor":46,"turns":6},{"damage":4,"enemies":"Nemesis","floor":47,"turns":5},{"damage":8,"enemies":"4 Shapes","floor":48,"turns":5},{"damage":10,"enemies":"Time Eater","floor":50,"turns":6}],"seed_played":"3465322316223405407","potions_obtained":[{"floor":2,"key":"CultistPotion"},{"floor":7,"key":"Block Potion"},{"floor":16,"key":"DistilledChaos"},{"floor":21,"key":"ColorlessPotion"},{"floor":22,"key":"Energy Potion"},{"floor":30,"key":"DistilledChaos"},{"floor":39,"key":"Energy Potion"},{"floor":41,"key":"AttackPotion"},{"floor":46,"key":"Strength Potion"}],"is_trial":false,"path_per_floor":["M","M","?","?","M","R","E","R","T","$","R","$","E","?","R","B",null,"M","?","M","M","M","E","R","M","T","?","$","R","M","E","R","B",null,"M","?","M","?","M","R","E","M","T","$","R","M","E","M","R","B",null],"character_chosen":"IRONCLAD","items_purchased":["Membership Card","Uppercut","Shockwave","ClockworkSouvenir","Centennial Puzzle","Energy Potion"],"campfire_rested":2,"item_purchase_floors":[10,28,28,44,44,44],"current_hp_per_floor":[55,54,54,59,65,65,46,46,46,46,71,71,64,66,66,66,80,85,85,85,81,57,42,67,73,73,73,73,73,63,68,68,33,72,85,81,81,81,74,74,81,81,81,81,81,81,81,81,81,80],"gold":328,"neow_bonus":"RANDOM_COLORLESS_2","is_daily":false,"chose_seed":false,"campfire_upgraded":8,"win_rate":0.0,"timestamp":1607709828,"path_taken":["M","M","?","?","M","R","E","R","T","$","R","$","E","?","R","BOSS","M","?","?","M","?","E","R","M","T","?","$","R","M","E","R","BOSS","M","?","M","?","M","R","E","M","T","$","R","M","E","M","R","BOSS"],"items_purchased_type":["Relic","Card","Card","Relic","Relic","Potion"],"build_version":"2020-11-30","purchased_purges":2,"victory":true,"max_hp_per_floor":[80,80,80,85,85,85,85,85,85,85,85,85,85,85,85,85,85,85,85,85,85,85,85,85,85,85,85,85,85,85,85,85,85,85,85,81,81,81,81,81,81,81,81,81,81,81,81,81,81,81],"card_choices":[{"not_picked":["Thinking Ahead","Metamorphosis"],"picked":"Apotheosis","floor":0},{"not_picked":["Sword Boomerang","Havoc"],"picked":"Shrug It Off","floor":1},{"not_picked":["Carnage","Pommel Strike"],"picked":"Inflame","floor":2},{"not_picked":["Infernal Blade","Iron Wave"],"picked":"Shockwave","floor":5},{"not_picked":["Thunderclap","Perfected Strike"],"picked":"Sword Boomerang","floor":7},{"not_picked":["Thunderclap","Anger","Reckless Charge"],"picked":"SKIP","floor":13},{"not_picked":["Burning Pact","True Grit"],"picked":"Battle Trance","floor":14},{"not_picked":["Feed","Juggernaut"],"picked":"Demon Form","floor":16},{"not_picked":["True Grit+1","Pommel Strike","Warcry"],"picked":"SKIP","floor":18},{"not_picked":["Sever Soul","Dual Wield","Havoc"],"picked":"SKIP","floor":20},{"not_picked":["Exhume","Rupture+1"],"picked":"Shrug It Off","floor":21},{"not_picked":["Twin Strike+1","Clash"],"picked":"Clothesline","floor":22},{"not_picked":["Havoc","Dropkick","Entrench"],"picked":"SKIP","floor":23},{"not_picked":["Feel No Pain+1","Sword Boomerang"],"picked":"Flame Barrier","floor":24},{"not_picked":["Pommel Strike+1","True Grit"],"picked":"Brutality","floor":25},{"not_picked":["Thunderclap","Twin Strike","Second Wind"],"picked":"SKIP","floor":30},{"not_picked":["Fiend Fire","Wild Strike","Perfected Strike"],"picked":"SKIP","floor":31},{"not_picked":["Fiend Fire","Corruption"],"picked":"Reaper","floor":33},{"not_picked":["Headbutt+1"],"picked":"SKIP","floor":35},{"not_picked":["True Grit+1"],"picked":"SKIP","floor":37},{"not_picked":["Seeing Red"],"picked":"SKIP","floor":39},{"not_picked":["Thunderclap+1"],"picked":"SKIP","floor":41},{"not_picked":[],"picked":"Rupture+1","floor":42},{"not_picked":["Anger"],"picked":"SKIP","floor":46},{"not_picked":["Twin Strike"],"picked":"SKIP","floor":47},{"not_picked":["Pommel Strike+1"],"picked":"SKIP","floor":48},{"not_picked":[],"picked":"Pommel Strike+1","floor":48}],"player_experience":300402,"relics_obtained":[{"floor":7,"key":"InkBottle"},{"floor":9,"key":"Dream Catcher"},{"floor":13,"key":"Smiling Mask"},{"floor":14,"key":"Odd Mushroom"},{"floor":23,"key":"Orichalcum"},{"floor":26,"key":"Mercury Hourglass"},{"floor":31,"key":"Bird Faced Urn"},{"floor":41,"key":"MealTicket"},{"floor":43,"key":"PreservedInsect"},{"floor":47,"key":"Bag of Marbles"}],"event_choices":[{"damage_healed":0,"gold_gain":0,"player_choice":"Grow","damage_taken":0,"max_hp_gain":0,"max_hp_loss":0,"event_name":"Living Wall","floor":3,"gold_loss":0,"cards_upgraded":["Apotheosis"]},{"damage_healed":0,"gold_gain":0,"player_choice":"Donut","damage_taken":0,"max_hp_gain":5,"max_hp_loss":0,"event_name":"Big Fish","floor":4,"gold_loss":0},{"damage_healed":0,"gold_gain":0,"player_choice":"Fought Mushrooms","damage_taken":0,"max_hp_gain":0,"max_hp_loss":0,"event_name":"Mushrooms","floor":14,"gold_loss":0},{"cards_removed":["Strike_R"],"damage_healed":0,"gold_gain":0,"player_choice":"Upgrade and Remove","damage_taken":0,"max_hp_gain":0,"max_hp_loss":0,"event_name":"Designer","floor":19,"gold_loss":90,"cards_upgraded":["Bash"]},{"damage_healed":0,"gold_gain":99,"player_choice":"Stole From Cult","damage_taken":0,"max_hp_gain":0,"max_hp_loss":0,"event_name":"Nest","floor":27,"gold_loss":0},{"damage_healed":0,"gold_gain":0,"player_choice":"Max HP","damage_taken":0,"max_hp_gain":0,"max_hp_loss":4,"event_name":"Winding Halls","floor":36,"gold_loss":0},{"damage_healed":0,"gold_gain":0,"player_choice":"Ignored","damage_taken":0,"max_hp_gain":0,"max_hp_loss":0,"event_name":"Tomb of Lord Red Mask","floor":38,"gold_loss":0}],"is_beta":false,"boss_relics":[{"not_picked":["Pandora\u0027s Box","Empty Cage"],"picked":"Snecko Eye"},{"not_picked":["SlaversCollar","Tiny House"],"picked":"Busted Crown"}],"items_purged_floors":[28,44],"is_endless":false,"potions_floor_spawned":[2,7,16,21,22,30,39,41,46],"ascension_level":5}}