{"host":"s41rn2jhghpwfrvz","time":1607651238,"event":{"mods":["BaseMod","Minty Spire (QoL Compilation)","Quick Restart","Relic Stats","SuperFastMode"],"gold_per_floor":[112,127,140,160,173,205,223,255,278,278,278,318,318,354,354,453,453,474,499,499,571,571,571,614,634,634,669,344,384,407,451,451,547,547,560,560,584,584,484,517,407,443,443,478,494,530,530,213,213,213,213,213,213,35,79,79],"floor_reached":57,"playtime":1846,"items_purged":["Decay","Injury","Parasite"],"score":3527,"play_id":"8505a688-1aaa-497d-b398-92007212be49","local_time":"20201211034718","daily_mods":["SealedDeck","Diverse","Elite Swarm"],"is_ascension_mode":true,"campfire_choices":[{"data":"Body Slam","floor":11,"key":"SMITH"},{"data":"Dark Embrace","floor":13,"key":"SMITH"},{"data":"Backflip","floor":15,"key":"SMITH"},{"data":"Reckless Charge","floor":23,"key":"SMITH"},{"data":"Grand Finale","floor":32,"key":"SMITH"},{"floor":49,"key":"RECALL"},{"data":"Adrenaline","floor":53,"key":"SMITH"}],"circlet_count":0,"master_deck":["AscendersBane","Quick Slash+1","Ghostly Armor","Beam Cell","Backflip+1","Seeing Red","Reckless Charge+1","Dark Embrace+1","Feel No Pain+1","Body Slam+1","Grand Finale+1","Fiend Fire","Evolve","Skim+1","Adrenaline+1"],"relics":["Burning Blood","Art of War","Charon\u0027s Ashes","Centennial Puzzle","Golden Idol","Bottled Tornado","Juzu Bracelet","Cursed Key","Akabeko","MealTicket","Pantograph","Strawberry","Orichalcum","Tiny Chest","Runic Pyramid","Oddly Smooth Stone","Red Skull","StrikeDummy","Lizard Tail","Mummified Hand","TheAbacus","Potion Belt","Mercury Hourglass"],"acts_visited":["Exordium","TheCity","TheBeyond","TheEnding"],"potions_floor_usage":[27,27,56,56,56],"damage_taken":[{"damage":1,"enemies":"2 Louse","floor":1,"turns":3},{"damage":0,"enemies":"Jaw Worm","floor":2,"turns":3},{"damage":0,"enemies":"Cultist","floor":3,"turns":3},{"damage":10,"enemies":"Exordium Thugs","floor":4,"turns":3},{"damage":5,"enemies":"Gremlin Gang","floor":5,"turns":3},{"damage":5,"enemies":"3 Sentries","floor":6,"turns":5},{"damage":7,"enemies":"Large Slime","floor":7,"turns":4},{"damage":0,"enemies":"Gremlin Nob","floor":8,"turns":3},{"damage":9,"enemies":"3 Sentries","floor":12,"turns":4},{"damage":0,"enemies":"Lagavulin","floor":14,"turns":3},{"damage":47,"enemies":"The Guardian","floor":16,"turns":8},{"damage":0,"enemies":"Spheric Guardian","floor":18,"turns":3},{"damage":12,"enemies":"3 Byrds","floor":19,"turns":3},{"damage":15,"enemies":"Gremlin Leader","floor":24,"turns":4},{"damage":4,"enemies":"Centurion and Healer","floor":25,"turns":2},{"damage":62,"enemies":"Slavers","floor":27,"turns":6},{"damage":2,"enemies":"Gremlin Leader","floor":29,"turns":2},{"damage":0,"enemies":"Cultist and Chosen","floor":30,"turns":3},{"damage":16,"enemies":"Book of Stabbing","floor":31,"turns":3},{"damage":0,"enemies":"Automaton","floor":33,"turns":3},{"damage":0,"enemies":"Orb Walker","floor":35,"turns":2},{"damage":0,"enemies":"3 Shapes","floor":37,"turns":2},{"damage":1,"enemies":"Reptomancer","floor":40,"turns":2},{"damage":0,"enemies":"Nemesis","floor":42,"turns":3},{"damage":0,"enemies":"Giant Head","floor":44,"turns":2},{"damage":21,"enemies":"Writhing Mass","floor":45,"turns":2},{"damage":38,"enemies":"Nemesis","floor":46,"turns":3},{"damage":5,"enemies":"Time Eater","floor":50,"turns":3},{"damage":0,"enemies":"Awakened One","floor":51,"turns":3},{"damage":0,"enemies":"Shield and Spear","floor":55,"turns":2},{"damage":58,"enemies":"The Heart","floor":56,"turns":5}],"seed_played":"-5552872951693218065","potions_obtained":[{"floor":2,"key":"BlessingOfTheForge"},{"floor":5,"key":"SteroidPotion"},{"floor":19,"key":"BloodPotion"},{"floor":30,"key":"Block Potion"},{"floor":33,"key":"SteroidPotion"},{"floor":55,"key":"ColorlessPotion"}],"is_trial":true,"path_per_floor":["M","M","M","M","M","E","M","E","T","?","R","E","R","E","R","B",null,"M","M","?","T","?","R","E","M","T","E","$","E","M","E","R","B",null,"M","?","M","?","$","E","?","E","T","E","M","E","T","$","R","B","B",null,"R","$","E","B",null],"character_chosen":"IRONCLAD","items_purchased":["Evolve","Strawberry","TheAbacus","Potion Belt","BloodPotion"],"campfire_rested":0,"item_purchase_floors":[28,28,48,48,54],"current_hp_per_floor":[73,75,75,71,72,73,72,75,75,49,49,46,46,52,52,11,59,65,59,59,59,59,59,50,52,52,11,33,37,43,33,33,64,78,82,82,82,82,82,82,82,82,82,82,67,35,35,50,50,76,82,82,82,79,79,27],"gold":79,"neow_bonus":"","is_daily":false,"chose_seed":false,"campfire_upgraded":6,"win_rate":0.0,"timestamp":1607651238,"path_taken":["M","M","M","M","M","E","M","E","T","?","R","E","R","E","R","BOSS","M","M","?","?","?","R","E","M","T","E","?","E","M","E","R","BOSS","M","?","M","?","$","E","?","E","T","E","M","E","?","$","R","BOSS","BOSS","R","$","E","BOSS"],"items_purchased_type":["Card","Relic","Relic","Relic","Potion"],"build_version":"2020-11-30","purchased_purges":3,"victory":true,"max_hp_per_floor":[75,75,75,75,75,75,75,75,75,75,75,75,75,75,75,75,75,75,75,75,75,75,75,75,75,75,75,82,82,82,82,82,82,82,82,82,82,82,82,82,82,82,82,82,82,82,82,82,82,82,82,82,82,79,79,79],"relic_stats":{"counters":[31,100],"Golden Idol":208,"Charon\u0027s Ashes":[644],"Juzu Bracelet":2,"Orichalcum":[24],"Cursed Key":3,"Burning Blood":136,"Mercury Hourglass":[15],"Centennial Puzzle":[35],"Lizard Tail":0,"TheAbacus":[240],"Mummified Hand":[16],"Pantograph":56,"MealTicket":30,"Tiny Chest":1,"Art of War":[5],"obtain_stats":[{"Potion Belt":48,"Golden Idol":10,"Oddly Smooth Stone":40,"Charon\u0027s Ashes":8,"Juzu Bracelet":14,"Bottled Tornado":12,"Orichalcum":29,"Cursed Key":17,"Burning Blood":0,"Akabeko":24,"Mercury Hourglass":55,"Centennial Puzzle":9,"Lizard Tail":44,"TheAbacus":48,"Mummified Hand":46,"Pantograph":27,"Strawberry":28,"MealTicket":26,"Tiny Chest":31,"Art of War":6,"StrikeDummy":43,"Red Skull":42,"Runic Pyramid":34},{"Potion Belt":27,"Golden Idol":8,"Oddly Smooth Stone":23,"Charon\u0027s Ashes":8,"Juzu Bracelet":10,"Bottled Tornado":9,"Orichalcum":17,"Cursed Key":11,"Burning Blood":0,"Akabeko":14,"Mercury Hourglass":30,"Centennial Puzzle":8,"Lizard Tail":25,"TheAbacus":27,"Mummified Hand":27,"Pantograph":16,"Strawberry":16,"MealTicket":15,"Tiny Chest":19,"Art of War":6,"StrikeDummy":24,"Red Skull":24,"Runic Pyramid":20},{"Potion Belt":87,"Golden Idol":27,"Oddly Smooth Stone":77,"Charon\u0027s Ashes":27,"Juzu Bracelet":34,"Bottled Tornado":31,"Orichalcum":62,"Cursed Key":42,"Burning Blood":0,"Akabeko":52,"Mercury Hourglass":95,"Centennial Puzzle":27,"Lizard Tail":82,"TheAbacus":87,"Mummified Hand":87,"Pantograph":60,"Strawberry":60,"MealTicket":54,"Tiny Chest":68,"Art of War":20,"StrikeDummy":80,"Red Skull":80,"Runic Pyramid":71}]},"card_choices":[{"not_picked":["Turbo","Genetic Algorithm"],"picked":"Body Slam","floor":1},{"not_picked":["Reinforced Body","Clothesline","Weave"],"picked":"SKIP","floor":2},{"not_picked":["Chaos","Dropkick","BowlingBash"],"picked":"SKIP","floor":3},{"not_picked":["Seeing Red","Leap","Sweeping Beam"],"picked":"SKIP","floor":4},{"not_picked":["Perfected Strike","Rainbow","Compile Driver"],"picked":"SKIP","floor":5},{"not_picked":["Immolate","Feed","Bullet Time"],"picked":"SKIP","floor":6},{"not_picked":["Gash","Consecrate","Beam Cell"],"picked":"SKIP","floor":7},{"not_picked":["Gash","Consecrate","Beam Cell"],"picked":"SKIP","floor":7},{"not_picked":["Brilliance","Corruption","A Thousand Cuts"],"picked":"SKIP","floor":8},{"not_picked":["Fission","Corruption","MasterReality"],"picked":"SKIP","floor":12},{"not_picked":["Limit Break","Multi-Cast","Phantasmal Killer"],"picked":"SKIP","floor":14},{"not_picked":["FlurryOfBlows","Sweeping Beam","Evaluate"],"picked":"SKIP","floor":18},{"not_picked":["Combust","Sweeping Beam","Protect"],"picked":"SKIP","floor":19},{"not_picked":["Thunder Strike","Doppelganger"],"picked":"Grand Finale","floor":24},{"not_picked":["EmptyBody","Rebound","Cleave"],"picked":"SKIP","floor":25},{"not_picked":["Hyperbeam","Creative AI"],"picked":"Fiend Fire","floor":27},{"not_picked":["Envenom","Thunder Strike","Impervious"],"picked":"SKIP","floor":29},{"not_picked":["All Out Attack","ClearTheMind"],"picked":"Skim+1","floor":30},{"not_picked":["Juggernaut","Blasphemy","Devotion"],"picked":"SKIP","floor":31},{"not_picked":["Crescendo","Poisoned Stab+1","Auto Shields"],"picked":"SKIP","floor":35},{"not_picked":["Protect","Worship","Perseverance+1"],"picked":"SKIP","floor":37},{"not_picked":["Envenom","Thunder Strike","Double Tap"],"picked":"SKIP","floor":40},{"not_picked":["Wraith Form v2","Bludgeon"],"picked":"Adrenaline","floor":42},{"not_picked":["Limit Break","Biased Cognition","Die Die Die"],"picked":"SKIP","floor":44},{"not_picked":["Barrage","Spot Weakness","Coolheaded+1"],"picked":"SKIP","floor":45},{"not_picked":["Immolate","Storm of Steel","Envenom"],"picked":"SKIP","floor":46},{"not_picked":["Devotion","Wish","Ragnarok"],"picked":"SKIP","floor":55}],"player_experience":1567747,"relics_obtained":[{"floor":6,"key":"Art of War"},{"floor":8,"key":"Charon\u0027s Ashes"},{"floor":9,"key":"Centennial Puzzle"},{"floor":12,"key":"Bottled Tornado"},{"floor":14,"key":"Juzu Bracelet"},{"floor":24,"key":"Akabeko"},{"floor":26,"key":"MealTicket"},{"floor":27,"key":"Pantograph"},{"floor":29,"key":"Orichalcum"},{"floor":31,"key":"Tiny Chest"},{"floor":40,"key":"Oddly Smooth Stone"},{"floor":42,"key":"Red Skull"},{"floor":43,"key":"StrikeDummy"},{"floor":44,"key":"Lizard Tail"},{"floor":46,"key":"Mummified Hand"},{"floor":55,"key":"Mercury Hourglass"}],"event_choices":[{"damage_healed":0,"gold_gain":0,"player_choice":"Take Damage","damage_taken":26,"relics_obtained":["Golden Idol"],"max_hp_gain":0,"max_hp_loss":0,"event_name":"Golden Idol","floor":10,"gold_loss":0},{"damage_healed":0,"gold_gain":0,"player_choice":"Ignored","damage_taken":0,"max_hp_gain":0,"max_hp_loss":0,"event_name":"Vampires","floor":20,"gold_loss":0},{"damage_healed":0,"gold_gain":0,"player_choice":"Forge","damage_taken":0,"max_hp_gain":0,"max_hp_loss":0,"event_name":"Accursed Blacksmith","floor":22,"gold_loss":0,"cards_upgraded":["Feel No Pain"]},{"cards_removed":["Gash"],"damage_healed":0,"gold_gain":0,"player_choice":"Removed Attack","damage_taken":0,"max_hp_gain":0,"max_hp_loss":0,"event_name":"Falling","floor":36,"gold_loss":0},{"damage_healed":0,"gold_gain":0,"player_choice":"Ignored","damage_taken":0,"max_hp_gain":0,"max_hp_loss":0,"event_name":"Tomb of Lord Red Mask","floor":38,"gold_loss":0},{"cards_removed":["ForeignInfluence"],"damage_healed":0,"gold_gain":0,"player_choice":"Upgrade and Remove","damage_taken":0,"max_hp_gain":0,"max_hp_loss":0,"event_name":"Designer","floor":41,"gold_loss":110,"cards_upgraded":["Quick Slash"]}],"is_beta":false,"boss_relics":[{"not_picked":["Busted Crown","Ectoplasm"],"picked":"Cursed Key"},{"not_picked":["Black Blood","Runic Dome"],"picked":"Runic Pyramid"}],"items_purged_floors":[28,39,54],"is_endless":false,"potions_floor_spawned":[2,5,6,7,8,19,25,30,33,35,40,42,45,55],"ascension_level":20}}