{"host":"f55lpzc7830gmx23","time":1607709800,"event":{"mods":["BaseMod","Better Note","Downfall","Hermit","Minty Spire (QoL Compilation)","StSLib","The Blackbeard","The Cursed","The Necromancer"],"gold_per_floor":[116,44,44,44,44,99,324,375,424,424,478,94,134,172,172,222,222,222],"floor_reached":16,"playtime":838,"items_purged":[],"score":139,"play_id":"dcaee3eb-e4f2-42cc-8ea4-aceb03629d22","local_time":"20201211190320","is_ascension_mode":true,"campfire_choices":[{"floor":10,"key":"REST"},{"floor":15,"key":"REST"}],"circlet_count":0,"master_deck":["blackbeard:BlackbeardStrike","blackbeard:BlackbeardStrike","blackbeard:BlackbeardStrike","blackbeard:BlackbeardStrike","blackbeard:IntimidatingStrike","blackbeard:BlackbeardDefend","blackbeard:BlackbeardDefend","blackbeard:BlackbeardDefend","blackbeard:BlackbeardDefend","blackbeard:Cutlass","CurseOfTheBell","blackbeard:Dagger","blackbeard:Bandana","blackbeard:BrownPants","blackbeard:InfiniteBarrage","blackbeard:BountyHunter","blackbeard:Bandana","blackbeard:BlindAttacks+1","blackbeard:WeaponProficiency","blackbeard:Shrapnel+1"],"relics":["Calling Bell","Blood Vial","Darkstone Periapt","FossilizedHelix","Blue Candle","Ancient Tea Set","Question Card","Happy Flower","Oddly Smooth Stone","Molten Egg 2"],"acts_visited":["Exordium"],"potions_floor_usage":[6,14,16],"damage_taken":[{"damage":0,"enemies":"Jaw Worm","floor":1,"turns":4},{"damage":28,"enemies":"Gremlin Nob","floor":6,"turns":5},{"damage":21,"enemies":"Lagavulin","floor":8,"turns":10},{"damage":36,"enemies":"Gremlin Nob","floor":11,"turns":5},{"damage":0,"enemies":"2 Louse","floor":13,"turns":2},{"damage":0,"enemies":"Small Slimes","floor":14,"turns":2},{"damage":45,"enemies":"Hexaghost","floor":16,"turns":9}],"seed_played":"-2529614896708443174","potions_obtained":[{"floor":1,"key":"EssenceOfSteel"},{"floor":6,"key":"AttackPotion"},{"floor":14,"key":"LiquidMemories"}],"is_trial":false,"path_per_floor":["M","$","?","?","$","E","?","E","T","R","E","$","M","M","R","B"],"character_chosen":"BLACKBEARD_CLASS","items_purchased":["blackbeard:Bandana","blackbeard:Bandana","Molten Egg 2","blackbeard:BlindAttacks+1"],"campfire_rested":2,"item_purchase_floors":[2,12,12,12],"current_hp_per_floor":[75,75,75,75,75,47,47,28,28,50,16,16,18,20,42,0,0,0],"gold":222,"neow_bonus":"BOSS_RELIC","is_daily":false,"chose_seed":false,"campfire_upgraded":0,"win_rate":0.0,"timestamp":1607709800,"path_taken":["M","$","?","?","?","E","?","E","T","R","E","$","M","M","R","BOSS"],"items_purchased_type":["Card","Card","Relic","Undefined"],"build_version":"2020-11-30","purchased_purges":0,"victory":false,"max_hp_per_floor":[75,75,75,75,75,75,75,75,75,75,75,75,75,75,75,75,75,75],"card_choices":[{"not_picked":["blackbeard:BlindAttacks","blackbeard:Spear"],"picked":"blackbeard:Dagger","floor":1},{"not_picked":["blackbeard:Dagger","blackbeard:CloakAndCannonball"],"picked":"blackbeard:BrownPants","floor":6},{"not_picked":["blackbeard:Sword","blackbeard:SmithingHammer"],"picked":"blackbeard:InfiniteBarrage","floor":8},{"not_picked":["blackbeard:PowderKeg","blackbeard:DeadlyArsenal","blackbeard:DelayedPain"],"picked":"blackbeard:BountyHunter","floor":11},{"not_picked":["blackbeard:Boarding+1","blackbeard:DoubleBottom","blackbeard:GhostInTheRum"],"picked":"blackbeard:WeaponProficiency","floor":13},{"not_picked":["blackbeard:Revenge+1","blackbeard:WiseDefense","blackbeard:TacticalRetreat"],"picked":"blackbeard:Shrapnel+1","floor":14}],"player_experience":387779,"relics_obtained":[{"floor":0,"key":"Blood Vial"},{"floor":0,"key":"Darkstone Periapt"},{"floor":0,"key":"FossilizedHelix"},{"floor":6,"key":"Blue Candle"},{"floor":8,"key":"Question Card"},{"floor":9,"key":"Happy Flower"},{"floor":11,"key":"Oddly Smooth Stone"}],"event_choices":[{"damage_healed":0,"gold_gain":0,"player_choice":"Ignored","damage_taken":0,"max_hp_gain":0,"max_hp_loss":0,"event_name":"blackbeard:GoldsmithEvent","floor":3,"gold_loss":0},{"damage_healed":0,"gold_gain":0,"player_choice":"Ignored","damage_taken":0,"max_hp_gain":0,"max_hp_loss":0,"event_name":"Golden Wing","floor":4,"gold_loss":0},{"damage_healed":0,"gold_gain":225,"player_choice":"YARR","damage_taken":0,"relics_obtained":["Ancient Tea Set"],"max_hp_gain":0,"max_hp_loss":0,"event_name":"blackbeard:Ssssserpent","floor":7,"gold_loss":0}],"is_beta":false,"boss_relics":[],"items_purged_floors":[],"is_endless":false,"potions_floor_spawned":[1,6,14],"killed_by":"Hexaghost","ascension_level":4}}