{"host":"1krvlh4vk1vybq4t","time":1607696322,"event":{"mods":["2.2 Compatiblity","Act Like it!","Alarm Clock","BaseMod","Better Altar","Better Match","Better Note","Better Sensory Stone","Better Skull","Better Synergies","Better Third Choice","Better-Laid Plans","BetterRewards","Block Reminder","Booster Modes","Challenge The Spire","Colored Map","Custom Start","Defective Defect","Filter the Spire","GifTheSpireLib","Googly Eyes","Ironclad Rager","Minty Spire (QoL Compilation)","Quick Restart","Relic Stats","Shop Mod","StSLib","SuperFastMode","Swap Starting Deck Mod","Transform Curses","Virulent Crown","Waifu the Spire","everything is the same but u backflip on backflip","slay the spire mod where everything is the same but ironclad has a cowboy hat"],"gold_per_floor":[114,131,131,151,166,166,176,209,209,240,257,257,257,257,257,381,381,401,417,417,438,454,454,469,469,494,573,573,592,631,656,668,806,818,846,557,620,636,636,636],"floor_reached":39,"playtime":1648,"items_purged":[],"score":713,"play_id":"1335aff2-0cd8-4517-af80-17471d9f8da7","local_time":"20201211151842","is_ascension_mode":true,"campfire_choices":[{"data":"Catalyst","floor":6.0,"key":"SMITH"},{"floor":13,"key":"REST"},{"data":"Footwork","floor":15,"key":"SMITH"},{"data":"Footwork","floor":23,"key":"SMITH"},{"floor":25,"key":"REST"},{"data":"After Image","floor":32,"key":"SMITH"}],"circlet_count":0,"master_deck":["Poisoned Stab","Poisoned Stab","Poisoned Stab","Poisoned Stab","Deflect+1","Deflect","Deflect+1","Deflect","Deadly Poison","Venomology","Caltrops","Bouncing Flask","Catalyst+1","Footwork+1","Backflip","Backflip","Adrenaline","Deflect","After Image+1","Deadly Poison","Footwork+1","PiercingWail","Envenom","Deadly Poison+1"],"relics":["Ring of the Snake","CaptainsWheel","Bottled Tornado","Bag of Preparation","Golden Idol","SacredBark","Akabeko","Pocketwatch","MawBank","Art of War","Membership Card","TungstenRod"],"acts_visited":["Exordium","TheCity","TheBeyond"],"potions_floor_usage":[8,8,8,11,16,18,19,21,22,22,22,24,24,27,27,30,33,33,35,35,37,39,39,39,39],"damage_taken":[{"damage":0.0,"enemies":"Small Slimes","floor":1.0,"turns":3.0},{"damage":3.0,"enemies":"2 Louse","floor":2.0,"turns":2.0},{"damage":0.0,"enemies":"Jaw Worm","floor":4.0,"turns":3.0},{"damage":12.0,"enemies":"Gremlin Gang","floor":5.0,"turns":4.0},{"damage":0.0,"enemies":"2 Fungi Beasts","floor":7.0,"turns":3.0},{"damage":20,"enemies":"3 Sentries","floor":8,"turns":6},{"damage":2,"enemies":"Lagavulin","floor":10,"turns":5},{"damage":0,"enemies":"Blue Slaver","floor":11,"turns":3},{"damage":0,"enemies":"Hexaghost","floor":16,"turns":6},{"damage":0,"enemies":"Spheric Guardian","floor":18,"turns":2},{"damage":0,"enemies":"2 Thieves","floor":19,"turns":3},{"damage":0,"enemies":"Centurion and Healer","floor":21,"turns":5},{"damage":16,"enemies":"Snecko","floor":22,"turns":6},{"damage":1,"enemies":"Shelled Parasite and Fungi","floor":24,"turns":4},{"damage":3,"enemies":"Slavers","floor":27,"turns":6},{"damage":3,"enemies":"Centurion and Healer","floor":29,"turns":6},{"damage":0,"enemies":"Book of Stabbing","floor":30,"turns":5},{"damage":0,"enemies":"Chosen and Byrds","floor":31,"turns":7},{"damage":20,"enemies":"Automaton","floor":33,"turns":14},{"damage":21,"enemies":"3 Darklings","floor":35,"turns":20},{"damage":22,"enemies":"Mind Bloom Boss Battle","floor":37,"turns":8},{"damage":0,"enemies":"3 Shapes","floor":38,"turns":7},{"damage":11,"enemies":"Jaw Worm Horde","floor":39,"turns":3}],"seed_played":"-2819283967907708898","potions_obtained":[{"floor":4.0,"key":"Strength Potion"},{"floor":5.0,"key":"Dexterity Potion"},{"floor":11,"key":"DuplicationPotion"},{"floor":18,"key":"DistilledChaos"},{"floor":22,"key":"PowerPotion"},{"floor":29,"key":"SmokeBomb"},{"floor":30,"key":"GamblersBrew"},{"floor":35,"key":"PowerPotion"}],"is_trial":false,"path_per_floor":["M","M","?","M","M","R","M","E","T","E","M","?","R","?","R","B",null,"M","M","?","M","M","R","M","R","T","E","?","M","E","M","R","B",null,"M","$","?","M","M"],"character_chosen":"THE_SILENT","items_purchased":["Art of War","Membership Card"],"campfire_rested":2,"item_purchase_floors":[36,36],"current_hp_per_floor":[53,50,39,39,27,27,27,7,7,5,5,5,20,20,20,20,42,42,42,42,42,26,26,25,39,39,36,38,35,35,35,35,45,48,27,27,5,5,0,0],"gold":636,"neow_bonus":"","is_daily":false,"chose_seed":false,"campfire_upgraded":4,"win_rate":0.0,"timestamp":1607696322,"path_taken":["M","M","?","M","M","R","M","E","T","E","M","?","R","?","R","BOSS","M","M","?","M","M","R","M","R","T","E","?","M","E","?","R","BOSS","M","$","?","M","M"],"items_purchased_type":["Relic","Relic"],"build_version":"2020-11-30","purchased_purges":0,"victory":false,"max_hp_per_floor":[53,53,53,53,53,53,53,53,53,53,53,53,53,49,49,49,49,49,49,49,49,49,49,49,49,49,49,49,49,49,49,49,49,49,49,49,49,49,49,49],"relic_stats":{"counters":[23,131],"Golden Idol":109,"Bag of Preparation":[32],"Art of War":[6],"MawBank":72,"obtain_stats":[{"CaptainsWheel":8,"Golden Idol":14,"SacredBark":17,"Bag of Preparation":10,"Art of War":36,"Membership Card":36,"Bottled Tornado":9,"MawBank":30,"Akabeko":26,"TungstenRod":37,"Ring of the Snake":0,"Pocketwatch":27},{"CaptainsWheel":6,"Golden Idol":8,"SacredBark":9,"Bag of Preparation":7,"Art of War":20,"Membership Card":20,"Bottled Tornado":6,"MawBank":17,"Akabeko":14,"TungstenRod":21,"Ring of the Snake":0,"Pocketwatch":15},{"CaptainsWheel":21,"Golden Idol":29,"SacredBark":35,"Bag of Preparation":26,"Art of War":113,"Membership Card":113,"Bottled Tornado":21,"MawBank":72,"Akabeko":55,"TungstenRod":121,"Ring of the Snake":0,"Pocketwatch":61}],"TungstenRod":2,"Ring of the Snake":[46],"Pocketwatch":[51]},"card_choices":[{"not_picked":["Dagger Throw","Flying Knee"],"picked":"Caltrops","floor":1.0},{"not_picked":["Quick Slash","All Out Attack"],"picked":"Bouncing Flask","floor":2.0},{"not_picked":["Flying Knee","Predator"],"picked":"Catalyst","floor":4.0},{"not_picked":["Dagger Spray","Predator","Cloak And Dagger"],"picked":"SKIP","floor":5.0},{"not_picked":["Distraction","Sucker Punch"],"picked":"Footwork","floor":7.0},{"not_picked":["Slice","Heel Hook"],"picked":"Backflip","floor":8},{"not_picked":["Outmaneuver","Dodge and Roll"],"picked":"Backflip","floor":10},{"not_picked":["Blade Dance","Flying Knee","Backstab"],"picked":"SKIP","floor":11},{"not_picked":["Venomology","Unload"],"picked":"Adrenaline","floor":16},{"not_picked":["Sucker Punch","Blade Dance"],"picked":"Deflect","floor":18},{"not_picked":["Deflect","Slice"],"picked":"After Image","floor":19},{"not_picked":["Dodge and Roll+1","Poisoned Stab+1","Outmaneuver"],"picked":"SKIP","floor":21},{"not_picked":["Flying Knee","Dagger Spray"],"picked":"Footwork","floor":22},{"not_picked":["Quick Slash","Prepared","Escape Plan"],"picked":"SKIP","floor":24},{"not_picked":["Backflip","Outmaneuver+1","Wraith Form v2"],"picked":"SKIP","floor":27},{"not_picked":["Prepared+1","Predator","Dagger Throw+1"],"picked":"SKIP","floor":29},{"not_picked":["Bane","Accuracy","Flying Knee"],"picked":"SKIP","floor":30},{"not_picked":["Poisoned Stab","Choke"],"picked":"PiercingWail","floor":31},{"not_picked":["Bullet Time","Phantasmal Killer"],"picked":"Envenom","floor":33},{"not_picked":["Crippling Poison","Prepared"],"picked":"Deadly Poison+1","floor":35},{"not_picked":["Quick Slash+1","Finisher","Flying Knee"],"picked":"SKIP","floor":38}],"player_experience":429859,"relics_obtained":[{"floor":8,"key":"CaptainsWheel"},{"floor":9,"key":"Bottled Tornado"},{"floor":10,"key":"Bag of Preparation"},{"floor":26,"key":"Akabeko"},{"floor":27,"key":"Pocketwatch"},{"floor":30,"key":"MawBank"},{"floor":37,"key":"TungstenRod"}],"event_choices":[{"damage_healed":50.0,"max_hp_gain":0.0,"max_hp_loss":53.0,"gold_gain":0.0,"event_name":"betterThird:BetterShining","player_choice":"Upgrade","floor":3.0,"gold_loss":0.0,"damage_taken":11.0,"cards_upgraded":["Deflect","Deflect"]},{"damage_healed":0,"gold_gain":0,"player_choice":"Left","damage_taken":0,"max_hp_gain":1,"max_hp_loss":0,"event_name":"betterThird:BetterGoop","floor":12,"gold_loss":0},{"damage_healed":0,"gold_gain":0,"player_choice":"Lose Max HP","damage_taken":0,"relics_obtained":["Golden Idol"],"max_hp_gain":0,"max_hp_loss":4,"event_name":"Golden Idol","floor":14,"gold_loss":0},{"damage_healed":0,"gold_gain":0,"player_choice":"Read","damage_taken":0,"max_hp_gain":0,"max_hp_loss":0,"event_name":"The Library","floor":20,"gold_loss":0,"cards_obtained":["Deadly Poison"]},{"damage_healed":2,"gold_gain":0,"player_choice":"LEAVE ","damage_taken":0,"relics_obtained":[],"max_hp_gain":0,"max_hp_loss":0,"event_name":"betterSkull:BetterSkull","floor":28,"gold_loss":0,"cards_upgraded":[]},{"damage_healed":0,"gold_gain":0,"player_choice":"Fight","damage_taken":0,"max_hp_gain":0,"max_hp_loss":0,"event_name":"MindBloom","floor":37,"gold_loss":0}],"is_beta":false,"boss_relics":[{"not_picked":["Black Star","Astrolabe"],"picked":"SacredBark"},{"not_picked":["Empty Cage","HoveringKite","Pandora\u0027s Box"]}],"items_purged_floors":[],"is_endless":false,"potions_floor_spawned":[4,5,11,18,22,29,30,31,35],"killed_by":"Jaw Worm Horde","ascension_level":6}}