{"host":"2461dio7vetlq1z3","time":1607694698,"event":{"mods":["AchievementEnabler","BaseMod","Hermit","Lobotomy","Minty Spire (QoL Compilation)","Relic Stats","StSLib","Waifu the Spire"],"gold_per_floor":[272,20,38,50,50,50,81,81,127,183,183,209,209,236,236,308,308,327,377,395,395,407,407,434,453,527,527,562,562,562],"floor_reached":29,"playtime":1911,"items_purged":["Strike_R"],"score":516,"play_id":"c288a1a2-6693-4f51-8377-da03296ce9fc","local_time":"20201211145138","is_ascension_mode":true,"campfire_choices":[{"data":"Clothesline","floor":6,"key":"SMITH"},{"data":"Shockwave","floor":8,"key":"SMITH"},{"data":"Brutality","floor":13,"key":"SMITH"},{"floor":15,"key":"REST"},{"data":"Heavy Blade","floor":23,"key":"SMITH"},{"data":"Uppercut","floor":27,"key":"SMITH"}],"circlet_count":0,"master_deck":["Strike_R","Strike_R","Strike_R","Strike_R","Defend_R","Defend_R","RedShoes","Cleave","Feel No Pain","Clothesline+1","Funeral","Brutality+1","Heavy Blade+1","QueenOfHatred","Battle Trance","Woodsman","Mercenary","PunishingBird","Exhume","BlueStar","Uppercut+1","NothingThere"],"relics":["Burning Blood","CogitoBucket","Oddly Smooth Stone","Strawberry","Ancient Tea Set","FossilizedHelix","Regal Pillow","Sozu","LuminousBracelet","Mercury Hourglass","Shuriken","Bottled Lightning"],"acts_visited":["Exordium","TheCity"],"potions_floor_usage":[10],"damage_taken":[{"damage":7,"enemies":"Small Slimes","floor":1,"turns":4},{"damage":4,"enemies":"2 Louse","floor":3,"turns":3},{"damage":8,"enemies":"Cultist","floor":4,"turns":3},{"damage":21,"enemies":"Gremlin Nob","floor":7,"turns":4},{"damage":24,"enemies":"Lagavulin Event","floor":10,"turns":5},{"damage":18,"enemies":"3 Sentries","floor":12,"turns":4},{"damage":10,"enemies":"Gremlin Nob","floor":14,"turns":3},{"damage":80,"enemies":"Hexaghost","floor":16,"turns":12},{"damage":70,"enemies":"3 Byrds","floor":18,"turns":12},{"damage":27,"enemies":"2 Thieves","floor":20,"turns":4},{"damage":35,"enemies":"Centurion and Healer","floor":22,"turns":7},{"damage":177,"enemies":"Book of Stabbing","floor":24,"turns":9},{"damage":15,"enemies":"Snecko","floor":25,"turns":3},{"damage":57,"enemies":"Slavers","floor":28,"turns":5},{"damage":93,"enemies":"3 Cultists","floor":29,"turns":3}],"seed_played":"5181388833299995299","potions_obtained":[{"floor":3,"key":"BlessingOfTheForge"},{"floor":4,"key":"Weak Potion"},{"floor":10,"key":"Strength Potion"},{"floor":14,"key":"Regen Potion"}],"is_trial":false,"path_per_floor":["M","$","M","M","$","R","E","R","T","?","?","E","R","E","R","B",null,"M","?","M","?","M","R","E","M","T","R","E","M"],"character_chosen":"IRONCLAD","items_purchased":["Shockwave","Feel No Pain","Strength Potion"],"campfire_rested":1,"item_purchase_floors":[2,2,2],"current_hp_per_floor":[67,67,69,67,67,67,52,52,59,43,43,32,32,35,74,23,67,45,45,55,55,83,83,31,42,42,42,45,0,0],"gold":562,"neow_bonus":"","is_daily":false,"chose_seed":false,"campfire_upgraded":5,"win_rate":0.0,"timestamp":1607694698,"path_taken":["M","$","M","M","$","R","E","R","T","?","?","E","R","E","R","BOSS","M","?","M","?","M","R","E","?","T","R","E","M"],"items_purchased_type":["Card","Card","Potion"],"build_version":"2020-11-30","purchased_purges":1,"victory":false,"max_hp_per_floor":[75,75,75,75,75,75,75,75,82,82,82,82,82,82,82,82,82,97,97,100,100,97,97,97,97,97,97,94,94,94],"relic_stats":{"Sozu":4,"Regal Pillow":15,"counters":[17,82],"Shuriken":[2],"obtain_stats":[{"Sozu":17,"CogitoBucket":0,"Regal Pillow":14,"Shuriken":26,"Strawberry":9,"Oddly Smooth Stone":7,"LuminousBracelet":18,"Bottled Lightning":28,"Ancient Tea Set":10,"Burning Blood":0,"FossilizedHelix":12,"Mercury Hourglass":24},{"Sozu":8,"CogitoBucket":0,"Regal Pillow":7,"Shuriken":14,"Strawberry":4,"Oddly Smooth Stone":4,"LuminousBracelet":10,"Bottled Lightning":15,"Ancient Tea Set":5,"Burning Blood":0,"FossilizedHelix":6,"Mercury Hourglass":13},{"Sozu":38,"CogitoBucket":0,"Regal Pillow":26,"Shuriken":74,"Strawberry":14,"Oddly Smooth Stone":14,"LuminousBracelet":51,"Bottled Lightning":78,"Ancient Tea Set":19,"Burning Blood":0,"FossilizedHelix":23,"Mercury Hourglass":71}],"Burning Blood":84,"Mercury Hourglass":[57]},"card_choices":[{"not_picked":["DespairKnight","VoidDream"],"picked":"RedShoes","floor":1},{"not_picked":["Twin Strike","Thunderclap"],"picked":"Cleave","floor":1},{"not_picked":["Murderer","FieryBird"],"picked":"CrumblingArmor","floor":3},{"not_picked":["Ghostly Armor","Infernal Blade"],"picked":"Carnage","floor":3},{"not_picked":["DreamingCurrent","MeatLantern"],"picked":"BigBadWolf","floor":4},{"not_picked":["Brutality","Bloodletting"],"picked":"Clothesline","floor":4},{"not_picked":["BigBird","Murderer"],"picked":"Funeral","floor":7},{"not_picked":["Anger","Perfected Strike"],"picked":"Brutality","floor":7},{"not_picked":["Cleave","Combust"],"picked":"Heavy Blade","floor":10},{"not_picked":["Shrug It Off","Anger"],"picked":"Feed","floor":12},{"not_picked":["LittleHelper","ShyLook"],"picked":"QueenOfHatred","floor":12},{"not_picked":["Sever Soul","Flex"],"picked":"Battle Trance","floor":14},{"not_picked":["Double Tap","Barricade"],"picked":"Offering","floor":16},{"not_picked":["ShyLook","Bloodbath"],"picked":"Woodsman","floor":16},{"not_picked":["True Grit","Body Slam","Twin Strike"],"picked":"SKIP","floor":18},{"not_picked":["CherryBlossoms","Alriune"],"picked":"Mercenary","floor":20},{"not_picked":["Heavy Blade","Dual Wield","Seeing Red"],"picked":"SKIP","floor":20},{"not_picked":["Murderer","LaLuna"],"picked":"PunishingBird","floor":22},{"not_picked":["Warcry","Armaments"],"picked":"Exhume","floor":22},{"not_picked":["Sword Boomerang+1","Iron Wave","Evolve"],"picked":"SKIP","floor":24},{"not_picked":["BeautyBeast","WallGazer"],"picked":"BlueStar","floor":25},{"not_picked":["Anger","Warcry"],"picked":"Uppercut","floor":25},{"not_picked":["DespairKnight","OldLady"],"picked":"NothingThere","floor":28},{"not_picked":["Thunderclap","Fire Breathing","Corruption"],"picked":"SKIP","floor":28},{"not_picked":["Thunderclap","Fire Breathing","Corruption"],"picked":"SKIP","floor":28}],"player_experience":623319,"relics_obtained":[{"floor":7,"key":"Oddly Smooth Stone"},{"floor":9,"key":"Strawberry"},{"floor":10,"key":"Ancient Tea Set"},{"floor":12,"key":"FossilizedHelix"},{"floor":14,"key":"Regal Pillow"},{"floor":24,"key":"Mercury Hourglass"},{"floor":26,"key":"Shuriken"},{"floor":28,"key":"Bottled Lightning"}],"event_choices":[{"damage_healed":0,"gold_gain":0,"player_choice":"Searched \u00271\u0027 times","damage_taken":0,"max_hp_gain":0,"max_hp_loss":0,"event_name":"Dead Adventurer","floor":10,"gold_loss":0},{"damage_healed":0,"gold_gain":0,"player_choice":"Ignored","damage_taken":0,"max_hp_gain":0,"max_hp_loss":0,"event_name":"Shining Light","floor":11,"gold_loss":0},{"damage_healed":0,"gold_gain":50,"player_choice":"Stole From Cult","damage_taken":0,"max_hp_gain":0,"max_hp_loss":0,"event_name":"Nest","floor":19,"gold_loss":0},{"damage_healed":0,"gold_gain":0,"player_choice":"Got Potions","damage_taken":0,"max_hp_gain":0,"max_hp_loss":0,"event_name":"Lab","floor":21,"gold_loss":0}],"is_beta":false,"boss_relics":[{"not_picked":["Pandora\u0027s Box","Black Star"],"picked":"Sozu"}],"items_purged_floors":[2],"is_endless":false,"potions_floor_spawned":[3,4,10,14,18,24],"killed_by":"3 Cultists","ascension_level":17}}