{"host":"euxu1mievofb6v1l","time":1607710398,"event":{"mods":["AchievementEnabler","BaseMod","DeckTracker","KOR Keyword Fix","Minty Spire (QoL Compilation)","Permanent Neow","Quick Restart","StSLib","everything is the same but u backflip on backflip"],"gold_per_floor":[115,135,135,148,148,181,197,213,213,233,252,252,269,300,300,300,300],"floor_reached":16,"playtime":985,"items_purged":[],"score":116,"play_id":"2ddedd1a-84d2-45d6-a191-27ad19a839ce","local_time":"20201212031318","is_ascension_mode":false,"campfire_choices":[{"floor":12,"key":"REST"},{"data":"Hello World","floor":15,"key":"SMITH"}],"circlet_count":0,"master_deck":["Strike_B","Strike_B","Strike_B","Strike_B","Defend_B","Defend_B","Defend_B","Defend_B","Zap","Dualcast","Gash","Barrage","Beam Cell","Buffer","Barrage","Cold Snap","Cold Snap","Go for the Eyes","Ball Lightning","Hello World+1"],"relics":["Cracked Core","Oddly Smooth Stone","Centennial Puzzle","Strawberry","Eternal Feather","Ice Cream"],"acts_visited":["Exordium"],"potions_floor_usage":[16,16,16],"damage_taken":[{"damage":6,"enemies":"2 Louse","floor":1,"turns":3},{"damage":0,"enemies":"Cultist","floor":2,"turns":4},{"damage":7,"enemies":"Small Slimes","floor":4,"turns":4},{"damage":36,"enemies":"Lagavulin","floor":6,"turns":4},{"damage":9,"enemies":"Gremlin Gang","floor":7,"turns":5},{"damage":6,"enemies":"Exordium Thugs","floor":8,"turns":5},{"damage":0,"enemies":"Exordium Wildlife","floor":10,"turns":4},{"damage":0,"enemies":"Looter","floor":11,"turns":3},{"damage":7,"enemies":"Exordium Thugs","floor":13,"turns":4},{"damage":11,"enemies":"3 Sentries","floor":14,"turns":5},{"damage":39,"enemies":"The Guardian","floor":16,"turns":7}],"seed_played":"-1980824963587330209","potions_obtained":[{"floor":2,"key":"SpeedPotion"},{"floor":4,"key":"SneckoOil"},{"floor":7,"key":"Fire Potion"},{"floor":13,"key":"Strength Potion"}],"is_trial":false,"path_per_floor":["M","M","?","M","?","E","M","M","T","M","M","R","M","E","R","B"],"character_chosen":"DEFECT","items_purchased":[],"campfire_rested":1,"item_purchase_floors":[],"current_hp_per_floor":[69,69,62,55,55,26,17,11,11,11,11,44,37,26,38,0,0],"gold":300,"neow_bonus":"RANDOM_COMMON_RELIC","is_daily":false,"chose_seed":false,"campfire_upgraded":1,"win_rate":0.0,"timestamp":1607710398,"path_taken":["M","M","?","?","?","E","?","M","T","M","M","R","M","E","R","BOSS"],"items_purchased_type":[],"build_version":"2020-11-30","purchased_purges":0,"victory":false,"max_hp_per_floor":[75,75,75,75,75,82,82,82,82,82,82,82,82,82,82,82,82],"card_choices":[{"not_picked":["Sweeping Beam","Stack"],"picked":"Gash","floor":1},{"not_picked":["Heatsinks","Fusion"],"picked":"Barrage","floor":2},{"not_picked":["White Noise","Hologram"],"picked":"Beam Cell","floor":4},{"not_picked":["Hyperbeam","Aggregate"],"picked":"Buffer","floor":6},{"not_picked":["Rebound","Leap"],"picked":"Barrage","floor":7},{"not_picked":["Undo","Genetic Algorithm"],"picked":"Cold Snap","floor":8},{"not_picked":["Ball Lightning","Beam Cell"],"picked":"Cold Snap","floor":10},{"not_picked":["Conserve Battery","Steam Power"],"picked":"Go for the Eyes","floor":11},{"not_picked":["White Noise","Rip and Tear"],"picked":"Ball Lightning","floor":13},{"not_picked":["Core Surge","Aggregate"],"picked":"Hello World","floor":14}],"player_experience":101711,"relics_obtained":[{"floor":6,"key":"Strawberry"},{"floor":9,"key":"Eternal Feather"},{"floor":14,"key":"Ice Cream"}],"event_choices":[{"damage_healed":0,"gold_gain":0,"player_choice":"Damaged","damage_taken":7,"max_hp_gain":0,"max_hp_loss":0,"event_name":"Wheel of Change","floor":3,"gold_loss":0},{"damage_healed":0,"gold_gain":0,"player_choice":"Gave Potion","damage_taken":0,"relics_obtained":["Centennial Puzzle"],"max_hp_gain":0,"max_hp_loss":0,"event_name":"WeMeetAgain","floor":5,"gold_loss":0}],"is_beta":false,"boss_relics":[],"items_purged_floors":[],"is_endless":false,"potions_floor_spawned":[2,4,7,13],"killed_by":"The Guardian","ascension_level":0}}