{"host":"be5hvki5gkosi5aw","time":1607673939,"event":{"mods":["AchievementEnabler","Act Like it!","BaseMod","Colored Map","Hallownest","Hubris","Infinite Spire","Minty Spire (QoL Compilation)","Replay The Spire","StSLib","The Alterego","The Bug Knight"],"gold_per_floor":[114,39,53,53,73,73,87,104,104,154,154,168,182,207,207,311,311,327,337,337,355,128,163,163,195,265,265,265,283,283,303,303,408,408,427,450,610,294,311,311,343,343,343,359,359,472,472,472,472,571],"floor_reached":51,"playtime":2606,"items_purged":["alterego_mod:Defend","alterego_mod:Impale","hubris:Envy","alterego_mod:Strike"],"score":767,"play_id":"9ee4ffd3-bebe-4d36-a683-0028f16dc20a","local_time":"20201211030539","is_ascension_mode":false,"campfire_choices":[{"data":"alterego_mod:PerceptionDisorder","floor":6.0,"key":"SMITH"},{"data":"alterego_mod:PainIsPleasure","floor":11.0,"key":"SMITH"},{"data":"alterego_mod:PerceptionDisorder","floor":15.0,"key":"SMITH"},{"data":"alterego_mod:GIGAMILK","floor":24,"key":"SMITH"},{"data":"alterego_mod:BusterCard","floor":27,"key":"SMITH"},{"data":"alterego_mod:TrashNCrash","floor":32,"key":"SMITH"},{"floor":40,"key":"REST"},{"floor":42,"key":"REST"},{"floor":49,"key":"RECALL"}],"circlet_count":0,"master_deck":["alterego_mod:Strike","alterego_mod:Strike","alterego_mod:Strike","alterego_mod:Defend","alterego_mod:Defend","alterego_mod:Defend","alterego_mod:BigMeatyClaws","alterego_mod:BrynhildrsRune","alterego_mod:PerceptionDisorder+1","alterego_mod:Bounce","alterego_mod:PerceptionDisorder+1","alterego_mod:PainIsPleasure+1","alterego_mod:BusterCard+1","alterego_mod:Bounce","alterego_mod:SakuraFive","alterego_mod:GIGAMILK+1","alterego_mod:PerceptionDisorder+1","alterego_mod:BusterCard+1","alterego_mod:SakuraFive","alterego_mod:Support","alterego_mod:TrashNCrash+1","ReplayTheSpireMod:Splinters","alterego_mod:Clones+1","alterego_mod:Venus+1","alterego_mod:Clap","Sickly","Injury","alterego_mod:Belts+1","Clumsy","ReplayTheSpireMod:Chaos Vortex","alterego_mod:IdEs"],"relics":["alterego_mod:MasochisticConstitution","NeowsBlessing","Hallownest:DreamNailRelic","ReplayTheSpireMod:Shallot","ReplayTheSpireMod:Ring of Addiction","hubris:EmptyBottle","White Beast Statue","Ring of Greed","hubris:MobiusCoin","Tiny Chest","infinitespire:PuzzleCube","Runic Pyramid","Lantern","Nunchaku","Red Mask","SacredBark","ReplayTheSpireMod:Lightbulb","Hallownest:GodTamersBeastRelic","Regal Pillow","Replay:Multitool","Shuriken","Bottled Flame"],"acts_visited":["Exordium","Hallownest:Greenpath","Hallownest:CityofTears"],"potions_floor_usage":[25,33,35,37,37,37,37,37,39,41,44,50,50,50,50],"damage_taken":[{"damage":0.0,"enemies":"Hallownest:monsterHuskWarrior","floor":1.0,"turns":1.0},{"damage":0.0,"enemies":"2_ Uuma","floor":3.0,"turns":1.0},{"damage":1.0,"enemies":"Hallownest:2_Tiktiks_and_1_Crawlid","floor":5.0,"turns":2.0},{"damage":19.0,"enemies":"Hallownest:1_Baldur_1_Crawlid_1_Warrior","floor":7.0,"turns":5.0},{"damage":7.0,"enemies":"Hallownest:Guard_and_Warrior","floor":8.0,"turns":5.0},{"damage":7.0,"enemies":"Hallownest:1_Ooma_and_2_Uuma","floor":12.0,"turns":6.0},{"damage":0.0,"enemies":"Hallownest:Wandering_and_Horned","floor":13.0,"turns":6.0},{"damage":21.0,"enemies":"Hallownest:eliteVengeflyKing","floor":14.0,"turns":6.0},{"damage":16.0,"enemies":"Hallownest:BossHornet","floor":16.0,"turns":4.0},{"damage":3.0,"enemies":"Hallownest:3_Youths","floor":18.0,"turns":7.0},{"damage":18.0,"enemies":"Hallownest:2_Mistakes","floor":19.0,"turns":6.0},{"damage":37.0,"enemies":"Hallownest:2_Flukemon","floor":21.0,"turns":6.0},{"damage":26,"enemies":"Hallownest:eliteWatcherKnight","floor":23,"turns":8},{"damage":9,"enemies":"Hallownest:eliteSoulWarrior","floor":25,"turns":3},{"damage":0,"enemies":"Hallownest:monsterMisterMushroom","floor":29,"turns":3},{"damage":12,"enemies":"Hallownest:monsterShrumalOgre","floor":31,"turns":6},{"damage":21,"enemies":"Hallownest:BossSoulMaster","floor":33,"turns":5},{"damage":21,"enemies":"Hallownest:2_Littles","floor":35,"turns":4},{"damage":48,"enemies":"Hallownest:2_Littles","floor":37,"turns":6},{"damage":49,"enemies":"Hallownest:2_Littles","floor":37,"turns":6},{"damage":24,"enemies":"Hallownest:2_Littles","floor":37,"turns":6},{"damage":0,"enemies":"Hallownest:2_Littles","floor":37,"turns":2},{"damage":12,"enemies":"Hallownest:Shield_Heavy","floor":39,"turns":2},{"damage":7,"enemies":"Hallownest:StalkingDevout","floor":41,"turns":3},{"damage":21,"enemies":"Hallownest:Slobbering_and_Violent","floor":44,"turns":4},{"damage":17,"enemies":"Hallownest:2_Great","floor":46,"turns":4},{"damage":30,"enemies":"Hallownest:BossGreyPrinceZote","floor":50,"turns":4}],"seed_played":"5777902282865189008","potions_obtained":[{"floor":10.0,"key":"LifebloodPotion"},{"floor":10.0,"key":"SteroidPotion"},{"floor":10.0,"key":"Weak Potion"},{"floor":13.0,"key":"SmokeBomb"},{"floor":14.0,"key":"AttackPotion"},{"floor":16.0,"key":"SkillPotion"},{"floor":18.0,"key":"Languid Potion"},{"floor":19.0,"key":"Energy Potion"},{"floor":21.0,"key":"EssenceOfSteel"},{"floor":23,"key":"Adrenaline Potion"},{"floor":25,"key":"Explosive Potion"},{"floor":31,"key":"FearPotion"},{"floor":35,"key":"BlessingOfTheForge"},{"floor":39,"key":"EntropicBrew"},{"floor":46,"key":"Block Potion"},{"floor":50,"key":"Explosive Potion"}],"is_trial":false,"path_per_floor":["M","$","M","?","M","R","M","M","T","?","R","M","M","E","R","B",null,"M","M","?","M","$","E","R","E","T","R","?","M","?","M","R","B",null,"M","T","?","$","M","R","E","R","T","M","?","M","T","AVR","R","B",null],"character_chosen":"The_Alterego","items_purchased":["alterego_mod:Support","alterego_mod:TrashNCrash","Death Potion","SteroidPotion","SpeedPotion"],"campfire_rested":2,"item_purchase_floors":[22,22,38,38,38],"current_hp_per_floor":[70,70,70,70,70,70,52,46,46,46,46,54,59,39,39,40,76,74,76,76,63,63,38,38,30,30,30,30,30,35,50,50,57,75,76,76,15,15,4,28,22,61,61,56,56,40,40,40,40,11],"gold":571,"neow_bonus":"THREE_ENEMY_KILL","is_daily":false,"chose_seed":false,"campfire_upgraded":6,"win_rate":0.0,"timestamp":1607673939,"path_taken":["M","$","M","?","M","R","M","?","T","?","R","M","M","E","R","BOSS","M","M","?","M","$","E","R","E","T","R","?","M","?","M","R","BOSS","M","?","?","$","?","R","E","R","T","M","?","M","?","AVR","R","BOSS"],"items_purchased_type":["Card","Card","Potion","Potion","Potion"],"build_version":"2020-11-30","purchased_purges":4,"victory":true,"max_hp_per_floor":[70,70,70,70,71,71,72,73,73,73,73,74,74,75,75,76,76,77,78,76,77,77,78,76,77,77,77,77,75,75,76,74,75,75,76,76,79,79,80,80,81,81,81,82,82,83,83,81,81,82],"card_choices":[{"not_picked":["alterego_mod:Valentines","alterego_mod:Santa"],"picked":"alterego_mod:PerceptionDisorder","floor":1.0},{"not_picked":["alterego_mod:SakuraPetals","alterego_mod:MagicResistance"],"picked":"alterego_mod:Bounce","floor":3.0},{"not_picked":["alterego_mod:RidiculouslyBig","alterego_mod:GoddessCore"],"picked":"alterego_mod:PerceptionDisorder","floor":5.0},{"not_picked":["alterego_mod:Bloomers","alterego_mod:PurpleHair","alterego_mod:HighServant"],"picked":"SKIP","floor":7.0},{"not_picked":["alterego_mod:DeftHands","alterego_mod:Clap"],"picked":"alterego_mod:PainIsPleasure","floor":8.0},{"not_picked":["alterego_mod:Cooking","alterego_mod:BiFurious"],"picked":"alterego_mod:BusterCard","floor":12.0},{"not_picked":["alterego_mod:Punishment","alterego_mod:BoobPocket"],"picked":"alterego_mod:Bounce","floor":13.0},{"not_picked":["alterego_mod:Swimsuit","alterego_mod:PresenceConcealment"],"picked":"alterego_mod:SakuraFive","floor":14.0},{"not_picked":["alterego_mod:TrickOrTreatment","alterego_mod:Lift"],"picked":"alterego_mod:GIGAMILK","floor":16.0},{"not_picked":["alterego_mod:GoddessCore","alterego_mod:Undulate+1"],"picked":"alterego_mod:PerceptionDisorder+1","floor":18.0},{"not_picked":["alterego_mod:HighServant","alterego_mod:Cycle"],"picked":"alterego_mod:BusterCard+1","floor":19.0},{"not_picked":["alterego_mod:MagicResistance","alterego_mod:MaintainEyeContact"],"picked":"alterego_mod:SakuraFive","floor":21.0},{"not_picked":["alterego_mod:Pet+1","alterego_mod:Skirt","alterego_mod:PurpleHair"],"picked":"SKIP","floor":23},{"not_picked":["alterego_mod:Crossover","alterego_mod:MagicResistance+1","alterego_mod:AlterEgo"],"picked":"SKIP","floor":25},{"not_picked":["alterego_mod:Table","alterego_mod:DustData+1","alterego_mod:1TonWallop"],"picked":"SKIP","floor":29},{"not_picked":["alterego_mod:ChallengeComplete","alterego_mod:GoddessCore"],"picked":"alterego_mod:Clones+1","floor":31},{"not_picked":["alterego_mod:STier","alterego_mod:PainIsPleasure"],"picked":"alterego_mod:Venus","floor":33},{"not_picked":["alterego_mod:1TonWallop+1","alterego_mod:MagicResistance"],"picked":"alterego_mod:Clap","floor":35},{"not_picked":["alterego_mod:Maid","alterego_mod:Mirror+1","alterego_mod:HighServant"],"picked":"SKIP","floor":39},{"not_picked":["alterego_mod:Mirror","alterego_mod:Bunnysuit+1","alterego_mod:Support+1"],"picked":"SKIP","floor":41},{"not_picked":["alterego_mod:MagicResistance+1","alterego_mod:Support+1","alterego_mod:GoddessCore"],"picked":"SKIP","floor":44},{"not_picked":["alterego_mod:Bounce+1","alterego_mod:DustData+1"],"picked":"alterego_mod:Belts+1","floor":46},{"not_picked":["alterego_mod:AlterEgo","alterego_mod:Venus"],"picked":"alterego_mod:IdEs","floor":50}],"player_experience":124151,"relics_obtained":[{"floor":9.0,"key":"ReplayTheSpireMod:Shallot"},{"floor":10.0,"key":"ReplayTheSpireMod:Ring of Addiction"},{"floor":10.0,"key":"hubris:EmptyBottle"},{"floor":10.0,"key":"White Beast Statue"},{"floor":10.0,"key":"Ring of Greed"},{"floor":10.0,"key":"hubris:MobiusCoin"},{"floor":10.0,"key":"Tiny Chest"},{"floor":14.0,"key":"infinitespire:PuzzleCube"},{"floor":23,"key":"Lantern"},{"floor":25,"key":"Nunchaku"},{"floor":36,"key":"ReplayTheSpireMod:Lightbulb"},{"floor":41,"key":"Regal Pillow"},{"floor":43,"key":"Replay:Multitool"},{"floor":47,"key":"Shuriken"}],"event_choices":[],"is_beta":false,"boss_relics":[{"not_picked":["Snecko Heart","Replay:Bronze Core"],"picked":"Runic Pyramid"},{"not_picked":["Busted Crown","ChewingGum"],"picked":"SacredBark"}],"items_purged_floors":[2,22,38,48],"is_endless":false,"potions_floor_spawned":[12,13,14,16,18,19,21,23,25,29,31,33,35,37,37,37,37,39,41,44,46,50],"ascension_level":0}}