{"host":"sabve5zmqufxyc5o","time":1607673960,"event":{"mods":["2.2 Compatiblity","AchievementEnabler","Act Like it!","BaseMod","Block Reminder","Colored Map","Colored Powertips","DeckTracker","KOR Keyword Fix","Keyboard Shortcuts","Minty Spire (QoL Compilation)","Quick Restart","Rare Cards Sparkle","Relic Stats","StSLib","SuperFastMode"],"gold_per_floor":[114,114,64,81,31,63,82,82,108,108,125,138,138,151,151,227,227,244,61,61,61,61,61,61,61],"floor_reached":24,"playtime":432,"items_purged":["Strike_B","Strike_B","Strike_B"],"score":416,"play_id":"532f7c9e-08f8-49bc-ad3e-a18c19cd7252","local_time":"20201211170600","is_ascension_mode":true,"campfire_choices":[{"data":"Dualcast","floor":8.0,"key":"SMITH"},{"data":"Chill","floor":10.0,"key":"SMITH"},{"data":"Defragment","floor":13,"key":"SMITH"},{"data":"Go for the Eyes","floor":15,"key":"SMITH"},{"data":"Buffer","floor":23,"key":"SMITH"}],"circlet_count":0,"master_deck":["AscendersBane","Strike_B","Defend_B","Defend_B","Defend_B","Defend_B","Zap","Dualcast+1","Cold Snap","Go for the Eyes+1","Gash","Chill+1","Undo","Defragment+1","Blizzard","Buffer+1","Coolheaded","Self Repair","Coolheaded","Gash"],"relics":["Cracked Core","NeowsBlessing","Smiling Mask","Toy Ornithopter","Anchor","Cursed Key","MealTicket"],"acts_visited":["Exordium","TheCity"],"potions_floor_usage":[16],"damage_taken":[{"damage":0.0,"enemies":"Jaw Worm","floor":1.0,"turns":1.0},{"damage":0.0,"enemies":"Small Slimes","floor":4.0,"turns":1.0},{"damage":0.0,"enemies":"3 Sentries","floor":6.0,"turns":1.0},{"damage":0.0,"enemies":"2 Louse","floor":7.0,"turns":2.0},{"damage":0,"enemies":"Exordium Thugs","floor":11,"turns":6},{"damage":4,"enemies":"Blue Slaver","floor":12,"turns":4},{"damage":0,"enemies":"Large Slime","floor":14,"turns":7},{"damage":13,"enemies":"The Guardian","floor":16,"turns":14},{"damage":0,"enemies":"Shell Parasite","floor":18,"turns":8},{"damage":103,"enemies":"Gremlin Leader","floor":24,"turns":13}],"seed_played":"6310903582032055972","potions_obtained":[{"floor":4.0,"key":"SkillPotion"},{"floor":11,"key":"SteroidPotion"},{"floor":16,"key":"FairyPotion"}],"is_trial":false,"path_per_floor":["M","?","$","M","$","E","M","R","T","R","M","M","R","M","R","B",null,"M","$","?","?","?","R","E"],"character_chosen":"DEFECT","items_purchased":["Self Repair","Coolheaded"],"campfire_rested":0,"item_purchase_floors":[19,19],"current_hp_per_floor":[64,53,53,53,53,53,53,53,53,53,53,49,49,49,49,41,64,64,64,64,64,64,64,0,0],"gold":61,"neow_bonus":"THREE_ENEMY_KILL","is_daily":false,"chose_seed":false,"campfire_upgraded":5,"win_rate":0.0,"timestamp":1607673960,"path_taken":["M","?","$","M","$","E","M","R","T","R","M","M","R","M","R","BOSS","M","$","?","?","?","R","E"],"items_purchased_type":["Card","Card"],"build_version":"2020-11-30","purchased_purges":3,"victory":false,"max_hp_per_floor":[71,71,71,71,71,71,71,71,71,71,71,71,71,71,71,71,71,71,71,71,71,71,71,71,71],"relic_stats":{"counters":[10,57],"MealTicket":0,"Smiling Mask":150,"Cursed Key":0,"obtain_stats":[{"Anchor":9,"NeowsBlessing":0,"MealTicket":22,"Cracked Core":0,"Smiling Mask":2,"Cursed Key":17,"Toy Ornithopter":6},{"Anchor":4,"NeowsBlessing":0,"MealTicket":9,"Cracked Core":0,"Smiling Mask":1,"Cursed Key":8,"Toy Ornithopter":3},{"Anchor":5,"NeowsBlessing":0,"MealTicket":44,"Cracked Core":0,"Smiling Mask":1,"Cursed Key":36,"Toy Ornithopter":3}],"Toy Ornithopter":5},"card_choices":[{"not_picked":["Steam","Beam Cell"],"picked":"Cold Snap","floor":1.0},{"not_picked":["Rip and Tear","Streamline"],"picked":"Go for the Eyes","floor":4.0},{"not_picked":["Sunder","Conserve Battery"],"picked":"Gash","floor":6.0},{"not_picked":["Leap","Go for the Eyes"],"picked":"Chill","floor":7.0},{"not_picked":["Hyperbeam","Turbo"],"picked":"Undo","floor":11},{"not_picked":["Compile Driver","Stack"],"picked":"Defragment","floor":12},{"not_picked":["Redo","Tempest"],"picked":"Blizzard","floor":14},{"not_picked":["Multi-Cast","Biased Cognition"],"picked":"Buffer","floor":16},{"not_picked":["Blizzard","Steam"],"picked":"Coolheaded","floor":18}],"player_experience":752332,"relics_obtained":[{"floor":6.0,"key":"Toy Ornithopter"},{"floor":9.0,"key":"Anchor"}],"event_choices":[{"damage_healed":0.0,"max_hp_gain":0.0,"max_hp_loss":0.0,"gold_gain":0.0,"event_name":"Scrap Ooze","player_choice":"Success","floor":2.0,"gold_loss":0.0,"damage_taken":11.0,"relics_obtained":["Smiling Mask"]},{"damage_healed":0,"gold_gain":0,"player_choice":"Ignored","damage_taken":0,"max_hp_gain":0,"max_hp_loss":0,"event_name":"The Mausoleum","floor":20,"gold_loss":0},{"damage_healed":0,"gold_gain":0,"player_choice":"Read","damage_taken":0,"max_hp_gain":0,"max_hp_loss":0,"event_name":"The Library","floor":21,"gold_loss":0,"cards_obtained":["Gash"]},{"damage_healed":0,"gold_gain":0,"player_choice":"Gave Potion","damage_taken":0,"relics_obtained":["MealTicket"],"max_hp_gain":0,"max_hp_loss":0,"event_name":"WeMeetAgain","floor":22,"gold_loss":0}],"is_beta":false,"boss_relics":[{"not_picked":["Runic Dome","SacredBark"],"picked":"Cursed Key"}],"items_purged_floors":[3,5,19],"is_endless":false,"potions_floor_spawned":[4,11,14,16],"killed_by":"Gremlin Leader","ascension_level":18}}