{"host":"8dpalrttb7ksmhgg","time":1607653142,"event":{"mods":["Act Like it!","Aspiration","Astrologer","BaseMod","Beaked The Cultist","Better Skull","BetterRewards","Conspire","Downfall","Energized Spire","Friendly Minions","GifTheSpireLib","Halation","Hubris","Hyrulean Relics","Infinite Spire","Lobotomy","Mimic Mod","Minty Spire (QoL Compilation)","Pale of the Ancients","Replay The Spire","Retaliation","Shop Mod","Somnambulant","StSLib","Stuff the Spire","The Blackbeard","The Bug Knight","The Construct","The Disciple","The Gatherer","The Hierophant","The Jungle","The Mystic","The Necromancer","The Poker Player","The Sage","Wandering Minibosses","[IsaacMod]????"],"gold_per_floor":[111,286,286,164,176,176,208,208,254,264,278,278,311,324,324,426,426,441,455,455,455,472,472,83,83,108,108,108,119,150,162,162,259,259,276,292,312,158,171,171,186,186,218,218,218],"floor_reached":44,"playtime":1851,"items_purged":["Doubt"],"score":465,"play_id":"2461ec63-c87f-4376-a409-ba6ea2ac1814","local_time":"20201210211902","is_ascension_mode":false,"campfire_choices":[{"data":"Gash","floor":6,"key":"SMITH"},{"data":"Zap","floor":8,"key":"SMITH"},{"floor":12,"key":"REST"},{"data":"Conserve Battery","floor":15,"key":"SMITH"},{"data":"Beam Cell","floor":23,"key":"SMITH"},{"data":"Hologram","floor":25,"key":"SMITH"},{"data":"Sadistic Nature","floor":32,"key":"SMITH"},{"floor":40,"key":"REST"},{"floor":42,"key":"REST"}],"circlet_count":0,"master_deck":["Strike_B","Strike_B","Strike_B","Strike_B","Defend_B","Defend_B","Defend_B","Defend_B","Zap+1","Dualcast","Sweeping Beam","Gash+1","Turbo","Beam Cell+1","Conserve Battery+1","Beam Cell","Reaper","BootSequence+1","Go for the Eyes+1","Sadistic Nature+1","Hologram+1","Rebound","Beam Cell+1","Hyperbeam","FTL","Beam Cell+1","Gash+1","Sweeping Beam","Steam+1","Conserve Battery+1"],"relics":["Cracked Core","HushsDoor","DeadEye","aspiration:Nostalgia","m_BurningSludge","BloodDonationMachine","infinitespire:Beetle Shell","Replay:Wax Seal","hubris:Backtick","Kunai","infinitespire:SolderingIron","Sling","conspire:TopHat","halation:PromiseList","SlaversCollar","StuffTheSpire:Mouthbags","Replay:Kaleidoscope"],"acts_visited":["Exordium","TheCity","TheBeyond"],"potions_floor_usage":[16,16,19,30,30,39],"damage_taken":[{"damage":0,"enemies":"conspire:RoseBush","floor":1,"turns":3},{"damage":6,"enemies":"Jaw Worm","floor":5,"turns":3},{"damage":21,"enemies":"3 Sentries","floor":7,"turns":7},{"damage":0,"enemies":"Cultist","floor":10,"turns":3},{"damage":9,"enemies":"Exordium Thugs","floor":11,"turns":4},{"damage":13,"enemies":"Replay:BlueRogue","floor":13,"turns":5},{"damage":0,"enemies":"Lots of Slimes","floor":14,"turns":2},{"damage":21,"enemies":"Fading Forest","floor":16,"turns":11},{"damage":20,"enemies":"Shell Parasite","floor":18,"turns":5},{"damage":10,"enemies":"Chosen","floor":19,"turns":4},{"damage":9,"enemies":"Centurion and Healer","floor":22,"turns":7},{"damage":11,"enemies":"Chosen and Byrds","floor":29,"turns":6},{"damage":2,"enemies":"conspire:Head Lice","floor":30,"turns":6},{"damage":20,"enemies":"conspire:HollyBat","floor":31,"turns":8},{"damage":40,"enemies":"Champ","floor":33,"turns":12},{"damage":7,"enemies":"Orb Walker","floor":35,"turns":3},{"damage":5,"enemies":"3 Darklings","floor":36,"turns":3},{"damage":23,"enemies":"Transient","floor":37,"turns":5},{"damage":30,"enemies":"Sphere and 2 Shapes","floor":39,"turns":5},{"damage":34,"enemies":"Writhing Mass","floor":41,"turns":7},{"damage":32,"enemies":"Maw","floor":43,"turns":9}],"seed_played":"7434055349327441556","potions_obtained":[{"floor":10,"key":"Fire Potion"},{"floor":11,"key":"Explosive Potion"},{"floor":13,"key":"hexamod:EctoCoolerPotion"},{"floor":14,"key":"Dexterity Potion"},{"floor":16,"key":"PotionOfCapacity"},{"floor":18,"key":"FearPotion"},{"floor":19,"key":"Cursed Concoction"},{"floor":33,"key":"Reflective Coating"},{"floor":36,"key":"Swift Potion"},{"floor":37,"key":"FearPotion"}],"is_trial":false,"path_per_floor":["M","?","?","$","M","R","E","R","T","M","M","R","E","M","R","B",null,"M","M","T","?","M","R","$","R","T","?","$","M","E","M","R","B",null,"M","M","M","$","M","R","M","R","MIM","?"],"character_chosen":"DEFECT","items_purchased":["Gash","Sadistic Nature","Sling","Hologram","FTL","StuffTheSpire:Mouthbags"],"campfire_rested":3,"item_purchase_floors":[4,24,24,24,34,38],"current_hp_per_floor":[75,75,75,75,69,69,48,48,48,48,39,61,48,48,48,37,75,61,51,51,51,50,50,50,50,50,50,50,48,73,53,53,22,72,72,72,49,49,33,54,20,41,22,0,0],"gold":218,"neow_bonus":"NOSTALGIA","is_daily":false,"chose_seed":false,"campfire_upgraded":6,"win_rate":0.0,"timestamp":1607653142,"path_taken":["M","?","?","$","?","R","E","R","T","M","M","R","E","M","R","BOSS","M","M","?","?","M","R","$","R","T","?","?","?","E","M","R","BOSS","M","M","M","$","M","R","M","R","MIM","?"],"items_purchased_type":["Card","Card","Relic","Card","Card","Relic"],"build_version":"2020-11-30","purchased_purges":1,"victory":false,"max_hp_per_floor":[75,75,75,75,75,75,75,75,75,75,75,75,75,75,75,75,75,75,75,75,75,75,75,75,75,75,75,75,75,75,75,75,75,72,72,72,72,72,72,72,72,72,72,72,72],"card_choices":[{"not_picked":["Lockon","conspire:Rain"],"picked":"Sweeping Beam","floor":1},{"not_picked":["StuffTheSpire:EventHorizon","StuffTheSpire:Synthwave"],"picked":"Sweeping Beam","floor":5},{"not_picked":["Cancel","Twin Strike"],"picked":"Turbo","floor":7},{"not_picked":["Streamline","Aggregate"],"picked":"Bomb","floor":10},{"not_picked":["Cold Snap","StuffTheSpire:SnapShoot"],"picked":"Beam Cell","floor":11},{"not_picked":["Stack","StuffTheSpire:Plugnplay"],"picked":"Conserve Battery","floor":13},{"not_picked":["BasicCrystalCard","Rip and Tear"],"picked":"Beam Cell","floor":14},{"not_picked":["Fission","hubris:DoWhile"],"picked":"Reaper","floor":16},{"not_picked":["Force Field","StuffTheSpire:Synthwave+1"],"picked":"BootSequence+1","floor":18},{"not_picked":["Cold Snap","Beam Cell+1"],"picked":"Go for the Eyes+1","floor":19},{"not_picked":["Sweeping Beam","Stack","Chill"],"picked":"SKIP","floor":22},{"not_picked":["Coolheaded","Stack+1"],"picked":"Rebound","floor":29},{"not_picked":["Compile Driver","Redo","StuffTheSpire:Plugnplay"],"picked":"SKIP","floor":30},{"not_picked":["StuffTheSpire:LoadUp","Cold Snap"],"picked":"Beam Cell+1","floor":31},{"not_picked":["Meteor Strike","Machine Learning"],"picked":"Hyperbeam","floor":33},{"not_picked":["Conserve Battery+1","Self Repair+1"],"picked":"Beam Cell+1","floor":35},{"not_picked":["ReplayTheSpireMod:Dual Polarity+1","Barrage","Cold Snap"],"picked":"SKIP","floor":36},{"not_picked":["StuffTheSpire:Coldhearted","Steam"],"picked":"Gash+1","floor":37},{"not_picked":["Hello World","Leap"],"picked":"Steam+1","floor":39},{"not_picked":["hubris:Prefetch","Doom and Gloom+1","Panic Button"],"picked":"SKIP","floor":41},{"not_picked":["FTL+1","Genetic Algorithm"],"picked":"Conserve Battery+1","floor":43}],"player_experience":705859,"relics_obtained":[{"floor":7,"key":"BloodDonationMachine"},{"floor":9,"key":"infinitespire:Beetle Shell"},{"floor":13,"key":"Replay:Wax Seal"},{"floor":20,"key":"infinitespire:SolderingIron"},{"floor":26,"key":"conspire:TopHat"},{"floor":30,"key":"halation:PromiseList"},{"floor":43,"key":"Replay:Kaleidoscope"}],"event_choices":[{"damage_healed":0,"gold_gain":175,"player_choice":"AGREE","damage_taken":0,"max_hp_gain":0,"max_hp_loss":0,"event_name":"Liars Game","floor":2,"gold_loss":0,"cards_obtained":["Doubt"]},{"damage_healed":0,"gold_gain":0,"player_choice":"Leave","damage_taken":0,"max_hp_gain":0,"max_hp_loss":0,"event_name":"conspire:Investor","floor":21,"gold_loss":0}],"is_beta":false,"boss_relics":[{"not_picked":["SacredBark","energizedSpire:StickyHand"],"picked":"hubris:Backtick"},{"not_picked":[]},{"not_picked":["halation:HeavySnake","StuffTheSpire:RunicConfusion"],"picked":"SlaversCollar"},{"not_picked":[]}],"items_purged_floors":[4],"is_endless":false,"potions_floor_spawned":[10,11,13,14,16,18,19,33,36,37],"ascension_level":0}}