{"host":"6ko66ogg91i6g7xq","time":1607720410,"event":{"mods":["AchievementEnabler","Act Like it!","BaseMod","Colored Map","Colored Powertips","Downfall","Hermit","Minty Spire (QoL Compilation)","Quick Restart","Relic Stats","StSLib","The Jungle","everything is the same but u backflip on backflip"],"gold_per_floor":[114,77,77,77,77,110,110,120,120,120,150,150,169,243,243,347,347,361,381,480,104,114,114,114],"floor_reached":23,"playtime":1480,"items_purged":[],"score":247,"play_id":"dd591e9e-11e9-416e-a44d-5f44f87ab222","local_time":"20201211160010","is_ascension_mode":false,"campfire_choices":[{"floor":7,"key":"RECALL"},{"floor":10,"key":"REST"},{"data":"Footwork","floor":12,"key":"SMITH"},{"data":"Crippling Poison","floor":15,"key":"SMITH"}],"circlet_count":0,"master_deck":["Strike_G","Strike_G","Strike_G","Strike_G","Strike_G","Defend_G","Defend_G","Defend_G","Defend_G","Defend_G","Survivor","Neutralize","Cloak And Dagger","Noxious Fumes+1","Footwork+1","Dash","Poisoned Stab","Crippling Poison+1","Tools of the Trade","Bane+1","Blur","Die Die Die","Bane"],"relics":["Ring of the Snake","NeowsBlessing","Potion Belt","Bag of Preparation","Lantern","Black Star","Pantograph"],"acts_visited":["Exordium","TheCity"],"potions_floor_usage":[11,16,19,23,23],"damage_taken":[{"damage":0,"enemies":"Small Slimes","floor":1,"turns":1},{"damage":0,"enemies":"Gremlin Nob","floor":6,"turns":1},{"damage":0,"enemies":"Jaw Worm","floor":8,"turns":1},{"damage":0,"enemies":"Lagavulin","floor":11,"turns":6},{"damage":0,"enemies":"Cultist","floor":13,"turns":3},{"damage":22,"enemies":"Slime Boss","floor":16,"turns":9},{"damage":1,"enemies":"3 Byrds","floor":18,"turns":4},{"damage":9,"enemies":"2 Thieves","floor":19,"turns":3},{"damage":29,"enemies":"Snake Plant","floor":22,"turns":5},{"damage":24,"enemies":"Slavers","floor":23,"turns":2}],"seed_played":"6958550961600459433","potions_obtained":[{"floor":8,"key":"BlessingOfTheForge"},{"floor":11,"key":"PowerPotion"},{"floor":13,"key":"hexamod:EctoCoolerPotion"},{"floor":18,"key":"Energy Potion"},{"floor":19,"key":"Dexterity Potion"}],"is_trial":false,"path_per_floor":["M","$","?","?","?","E","R","M","T","R","E","R","M","?","R","B",null,"M","M","?","$","M","E"],"character_chosen":"THE_SILENT","items_purchased":["Noxious Fumes","Pantograph","Blur","Die Die Die"],"campfire_rested":1,"item_purchase_floors":[2,21,21,21],"current_hp_per_floor":[70,70,37,37,37,37,37,37,37,58,58,58,58,58,58,36,70,69,60,60,60,31,7,7],"gold":114,"neow_bonus":"THREE_ENEMY_KILL","is_daily":false,"chose_seed":false,"campfire_upgraded":2,"win_rate":0.0,"timestamp":1607720410,"path_taken":["M","$","?","?","?","E","R","?","T","R","E","R","M","?","R","BOSS","M","M","?","$","M","E"],"items_purchased_type":["Card","Relic","Card","Card"],"build_version":"2020-11-30","purchased_purges":0,"victory":false,"max_hp_per_floor":[70,70,70,70,70,70,70,70,70,70,70,70,70,70,70,70,70,70,70,70,70,70,70,70],"relic_stats":{"counters":[10,35],"Pantograph":0,"Bag of Preparation":[16],"Black Star":0,"obtain_stats":[{"Potion Belt":3,"Lantern":11,"NeowsBlessing":0,"Pantograph":21,"Bag of Preparation":6,"Black Star":17,"Ring of the Snake":0},{"Potion Belt":1,"Lantern":4,"NeowsBlessing":0,"Pantograph":8,"Bag of Preparation":2,"Black Star":6,"Ring of the Snake":0},{"Potion Belt":1,"Lantern":9,"NeowsBlessing":0,"Pantograph":28,"Bag of Preparation":2,"Black Star":21,"Ring of the Snake":0}],"Ring of the Snake":[20]},"card_choices":[{"not_picked":["Prepared","PiercingWail"],"picked":"Cloak And Dagger","floor":1},{"not_picked":["Prepared","Backstab"],"picked":"Footwork","floor":6},{"not_picked":["Blade Dance","Underhanded Strike"],"picked":"Dash","floor":8},{"not_picked":["Well Laid Plans","Night Terror"],"picked":"Poisoned Stab","floor":11},{"not_picked":["Outmaneuver","Cloak And Dagger"],"picked":"Crippling Poison","floor":13},{"not_picked":["Malaise","Night Terror"],"picked":"Tools of the Trade","floor":16},{"not_picked":["Dash","Deflect"],"picked":"Bane+1","floor":18},{"not_picked":["PiercingWail","Slice","Reflex+1"],"picked":"SKIP","floor":19},{"not_picked":["Underhanded Strike","Setup"],"picked":"Bane","floor":22}],"player_experience":250489,"relics_obtained":[{"floor":6,"key":"Bag of Preparation"},{"floor":11,"key":"Lantern"}],"event_choices":[{"damage_healed":0,"gold_gain":0,"player_choice":"Success","damage_taken":33,"relics_obtained":["Potion Belt"],"max_hp_gain":0,"max_hp_loss":0,"event_name":"Scrap Ooze","floor":3,"gold_loss":0},{"damage_healed":0,"gold_gain":0,"player_choice":"Ignored","damage_taken":0,"max_hp_gain":0,"max_hp_loss":0,"event_name":"Shining Light","floor":4,"gold_loss":0},{"damage_healed":0,"gold_gain":0,"player_choice":"Upgraded","damage_taken":0,"max_hp_gain":0,"max_hp_loss":0,"event_name":"Upgrade Shrine","floor":5,"gold_loss":0,"cards_upgraded":["Noxious Fumes"]},{"damage_healed":0,"gold_gain":74,"player_choice":"Gained Gold","damage_taken":0,"max_hp_gain":0,"max_hp_loss":0,"event_name":"Golden Wing","floor":14,"gold_loss":0},{"damage_healed":0,"gold_gain":99,"player_choice":"Stole From Cult","damage_taken":0,"max_hp_gain":0,"max_hp_loss":0,"event_name":"Nest","floor":20,"gold_loss":0}],"is_beta":false,"boss_relics":[{"not_picked":["SlaversCollar","Fusion Hammer"],"picked":"Black Star"}],"items_purged_floors":[],"is_endless":false,"potions_floor_spawned":[8,11,13,18,19],"killed_by":"Slavers","ascension_level":0}}