{"host":"2se5dq1do2gp0x9k","time":1607665805,"event":{"mods":["AchievementEnabler","BaseMod","Block Reminder","Colored Map","Colored Powertips","Minty Spire (QoL Compilation)","Relic Stats","StSLib","SuperFastMode"],"gold_per_floor":[113,113,124,124,142,171,171,202,228,228,238,238,258,269,269,343,343,322,335,351,276,276,276,276,276],"floor_reached":24,"playtime":635,"items_purged":["Strike_B"],"score":441,"play_id":"55ba911b-c205-4523-9477-9911d8b51bcb","local_time":"20201210215005","is_ascension_mode":true,"campfire_choices":[{"data":"Darkness","floor":7,"key":"SMITH"},{"floor":12,"key":"REST"},{"data":"Darkness","floor":15,"key":"SMITH"},{"floor":23,"key":"REST"}],"circlet_count":0,"master_deck":["AscendersBane","Defend_B","Defend_B","Defend_B","Defend_B","Zap","Dualcast","Sweeping Beam","Darkness","Darkness+1","Reinforced Body","Coolheaded","Steam","Darkness+1","Machine Learning","Hologram+1","Recycle","Bite","Bite","Bite","Bite","Bite"],"relics":["Cracked Core","NeowsBlessing","Boot","Regal Pillow","Emotion Chip","Lantern","Runic Pyramid"],"acts_visited":["Exordium","TheCity"],"potions_floor_usage":[6,8,20,24],"damage_taken":[{"damage":0,"enemies":"Cultist","floor":1,"turns":1},{"damage":0,"enemies":"Jaw Worm","floor":3,"turns":1},{"damage":0,"enemies":"Small Slimes","floor":5,"turns":1},{"damage":25,"enemies":"3 Sentries","floor":6,"turns":5},{"damage":23,"enemies":"Gremlin Nob","floor":8,"turns":4},{"damage":3,"enemies":"3 Louse","floor":11,"turns":4},{"damage":2,"enemies":"Blue Slaver","floor":13,"turns":5},{"damage":0,"enemies":"Looter","floor":14,"turns":3},{"damage":20,"enemies":"Hexaghost","floor":16,"turns":8},{"damage":15,"enemies":"2 Thieves","floor":18,"turns":4},{"damage":17,"enemies":"Shell Parasite","floor":19,"turns":3},{"damage":25,"enemies":"Shelled Parasite and Fungi","floor":20,"turns":6},{"damage":37,"enemies":"Book of Stabbing","floor":24,"turns":4}],"seed_played":"6355222854563235740","potions_obtained":[{"floor":3,"key":"Explosive Potion"},{"floor":5,"key":"FocusPotion"},{"floor":6,"key":"Ancient Potion"},{"floor":19,"key":"EssenceOfSteel"},{"floor":20,"key":"Dexterity Potion"}],"is_trial":false,"path_per_floor":["M","?","M","?","M","E","R","E","T","?","M","R","M","M","R","B",null,"M","M","M","$","?","R","E"],"character_chosen":"DEFECT","items_purchased":[],"campfire_rested":2,"item_purchase_floors":[],"current_hp_per_floor":[64,57,57,57,57,32,32,9,9,9,6,42,40,40,40,20,58,43,26,1,1,1,30,0,0],"gold":276,"neow_bonus":"THREE_ENEMY_KILL","is_daily":false,"chose_seed":false,"campfire_upgraded":2,"win_rate":0.0,"timestamp":1607665805,"path_taken":["M","?","M","?","?","E","R","E","T","?","M","R","M","M","R","BOSS","M","M","M","$","?","R","E"],"items_purchased_type":[],"build_version":"2020-11-30","purchased_purges":1,"victory":false,"max_hp_per_floor":[71,71,71,71,71,71,71,71,71,71,71,71,71,71,71,71,71,71,71,71,71,49,49,49,49],"relic_stats":{"Regal Pillow":30,"Emotion Chip":[37,9,5,23,0],"counters":[13,49],"Boot":[1],"obtain_stats":[{"Regal Pillow":6,"Emotion Chip":8,"Lantern":9,"NeowsBlessing":0,"Cracked Core":0,"Boot":4,"Runic Pyramid":17},{"Regal Pillow":4,"Emotion Chip":5,"Lantern":5,"NeowsBlessing":0,"Cracked Core":0,"Boot":2,"Runic Pyramid":9},{"Regal Pillow":8,"Emotion Chip":12,"Lantern":12,"NeowsBlessing":0,"Cracked Core":0,"Boot":2,"Runic Pyramid":32}]},"card_choices":[{"not_picked":["Conserve Battery","Heatsinks"],"picked":"Sweeping Beam","floor":1},{"not_picked":["Auto Shields","Aggregate"],"picked":"Darkness","floor":3},{"not_picked":["Reinforced Body","Fusion"],"picked":"Darkness","floor":5},{"not_picked":["Steam","Electrodynamics"],"picked":"Reinforced Body","floor":6},{"not_picked":["Rip and Tear","Turbo"],"picked":"Coolheaded","floor":8},{"not_picked":["Auto Shields","Hello World"],"picked":"Steam","floor":11},{"not_picked":["Cold Snap","Auto Shields","Fusion"],"picked":"SKIP","floor":13},{"not_picked":["Turbo","Loop"],"picked":"Darkness","floor":14},{"not_picked":["Electrodynamics","Meteor Strike"],"picked":"Machine Learning","floor":16},{"not_picked":["Gash","Beam Cell+1"],"picked":"Hologram+1","floor":18},{"not_picked":["Blizzard","Ball Lightning+1","Reprogram"],"picked":"SKIP","floor":19},{"not_picked":["Reinforced Body+1","Gash"],"picked":"Recycle","floor":20}],"player_experience":3599295,"relics_obtained":[{"floor":4,"key":"Boot"},{"floor":6,"key":"Regal Pillow"},{"floor":8,"key":"Emotion Chip"},{"floor":9,"key":"Lantern"}],"event_choices":[{"cards_removed":["Strike_B"],"damage_healed":0,"gold_gain":0,"player_choice":"Card Removal","damage_taken":7,"max_hp_gain":0,"max_hp_loss":0,"event_name":"Golden Wing","floor":2,"gold_loss":0},{"damage_healed":0,"gold_gain":0,"player_choice":"Relic","damage_taken":0,"max_hp_gain":0,"max_hp_loss":0,"event_name":"Wheel of Change","floor":4,"gold_loss":0},{"damage_healed":0,"gold_gain":0,"player_choice":"Ignored","damage_taken":0,"max_hp_gain":0,"max_hp_loss":0,"event_name":"Shining Light","floor":10,"gold_loss":0},{"damage_healed":0,"gold_gain":0,"player_choice":"Became a vampire","damage_taken":0,"max_hp_gain":0,"max_hp_loss":22,"event_name":"Vampires","floor":22,"gold_loss":0,"cards_obtained":["Bite","Bite","Bite","Bite","Bite"]}],"is_beta":false,"boss_relics":[{"not_picked":["SlaversCollar","SacredBark"],"picked":"Runic Pyramid"}],"items_purged_floors":[21],"is_endless":false,"potions_floor_spawned":[3,5,6,19,20],"killed_by":"Book of Stabbing","ascension_level":20}}