{"host":"pszcj3piwl6eu8b1","time":1607730279,"event":{"mods":["2.2 Compatiblity","Act Like it!","Aspiration","BaseMod","Better Altar","Better Match","Better Note","Better Sensory Stone","Better Skull","Better Third Choice","Better Vampires","CCEM","CapriCore","Downfall","Elementarium","Energized Spire","Gensokyo","GifTheSpireLib","Hallownest","Hermit","Hubris","Humility","Jorbs\u0027s Wanderer Trilogy","Marisa????????","Marked Mod","Menagerie","Minty Spire (QoL Compilation)","Permanent Neow","Quarter Circle Forward PUNCH!","Quick Restart","RNG Fix","Replay The Spire","Shop Mod","StSLib","Stuff the Spire","The Animator","The Blue Laboratory","The Hayseed","The Immortal","Wandering Minibosses","vexMod"],"gold_per_floor":[29,47,47,63,63,395,54,89,139,139,164,164,183,58,58,143,143,158,176,426,426,468,468,335,345,397,397,397],"floor_reached":27,"playtime":2234,"items_purged":["animator:Defend","animator:Defend"],"score":626,"play_id":"0dd6fa6c-a559-4c55-a8ae-1d49858a2a89","local_time":"20201211154439","is_ascension_mode":true,"campfire_choices":[{"floor":15.0,"key":"REST"},{"floor":23.0,"key":"REST"}],"circlet_count":0,"master_deck":["AscendersBane","animator:Strike_MadokaMagica","animator:Defend_MadokaMagica","animator:Strike","animator:Defend","animator:YuiTsuruno","animator:HomuraAkemi+1","animator:YuiTsuruno","animator:Togame+1","animator:YachiyoNanami","ReplayTheSpireMod:IOU","ReplayTheSpireMod:IOU","animator:IrohaTamaki","animator:NagisaMomoe","ReplayTheSpireMod:IOU","ReplayTheSpireMod:IOU","animator:PinaCoLada+1","animator:Eve+1","animator:SuzuneAmano","animator:YuiTsuruno","animator:HinaKagiyama","animator:Curse_Dizziness","animator:SayakaMiki","animator:CrowleyEusford","animator:NagisaMomoe+1","animator:IrohaTamaki"],"relics":["animator:LivingPicture","animator:TheMissingPiece","animator:PurgingStone","Happy Flower","Replay:Wax Seal","MerchantsRug","vexMod:PaidLearning","StuffTheSpire:Mouthbags","CCEMRelics:GrindingGear","Pear","Golden Egg","Replay:PocketPolymizer","Chemical X"],"acts_visited":["Gensokyo:Gensokyo","Gensokyo:Gensokyoer"],"potions_floor_usage":[],"damage_taken":[{"damage":7.0,"enemies":"Gensokyo:Gryphon","floor":1.0,"turns":5.0},{"damage":8.0,"enemies":"Gensokyo:3_Fairies","floor":2.0,"turns":4.0},{"damage":4.0,"enemies":"Gensokyo:2_Kodama","floor":4.0,"turns":3.0},{"damage":11.0,"enemies":"Gensokyo:Mamizou","floor":6.0,"turns":8.0},{"damage":11.0,"enemies":"Gensokyo:Cirno","floor":8.0,"turns":7.0},{"damage":0.0,"enemies":"Gensokyo:LivingMonolith","floor":11.0,"turns":3.0},{"damage":0.0,"enemies":"Gensokyo:VengefulSpirit","floor":13.0,"turns":6.0},{"damage":11.0,"enemies":"Gensokyo:Reimu","floor":16.0,"turns":11.0},{"damage":37.0,"enemies":"Gensokyo:CosmicMonolith","floor":18.0,"turns":9.0},{"damage":19.0,"enemies":"Gensokyo:AngelMirror","floor":19.0,"turns":5.0},{"damage":26.0,"enemies":"Gensokyo:Wraith","floor":22.0,"turns":7.0},{"damage":33.0,"enemies":"Gensokyo:Mirror_and_Dog","floor":25.0,"turns":4.0},{"damage":11,"enemies":"Gensokyo:Monolith_and_Dog","floor":27,"turns":1}],"seed_played":"8177265261738108433","potions_obtained":[{"floor":1.0,"key":"blueLaboratory:BubblePotion"},{"floor":16.0,"key":"FairyPotion"},{"floor":18.0,"key":"blueLaboratory:FruitPunch"},{"floor":19.0,"key":"blueLaboratory:FrostheartPotion"}],"is_trial":false,"path_per_floor":["M","M","?","M","?","E","$","E","T","?","M","T","M","$","R","B",null,"M","M","?","?","M","R","$","M","T","M"],"character_chosen":"THE_ANIMATOR","items_purchased":["Replay:Wax Seal","Strawberry","MerchantsRug","vexMod:PaidLearning","Replay:PocketPolymizer","Chemical X"],"campfire_rested":2,"item_purchase_floors":[7,7,7,7,14,24],"current_hp_per_floor":[47,39,39,35,35,25,32,21,21,11,11,11,11,11,34,23,64,28,11,11,11,13,35,35,2,2,0,0],"gold":397,"neow_bonus":"THREE_RARE_CARDS","is_daily":false,"chose_seed":false,"campfire_upgraded":0,"win_rate":0.0,"timestamp":1607730279,"path_taken":["M","?","?","?","?","E","?","E","T","?","M","?","M","$","R","BOSS","M","M","?","?","M","R","$","M","T","M"],"items_purchased_type":["Relic","Relic","Relic","Relic","Relic","Relic"],"build_version":"2020-11-30","purchased_purges":2,"victory":false,"max_hp_per_floor":[60,60,60,60,60,61,68,68,68,78,78,78,78,78,78,78,78,79,81,75,75,75,75,75,75,75,75,75],"card_choices":[{"not_picked":["animator:PinaCoLada","animator:AcuraShin"],"picked":"animator:HomuraAkemi","floor":0.0},{"not_picked":["animator:PandorasActor","animator:Shalltear"],"picked":"animator:YuiTsuruno","floor":1.0},{"not_picked":["animator:ElricEdward","animator:Shalltear"],"picked":"animator:MetalKnight","floor":2.0},{"not_picked":["animator:Shion","animator:Alexander","animator:Chris"],"picked":"SKIP","floor":4.0},{"not_picked":["animator:YuiTsuruno","animator:IrohaTamaki"],"picked":"animator:YachiyoNanami","floor":6.0},{"not_picked":["animator:DolaSchwi","animator:Cocytus"],"picked":"animator:IrohaTamaki","floor":8.0},{"not_picked":["animator:HiiragiShinya","animator:LeleiLaLalena"],"picked":"animator:NagisaMomoe","floor":11.0},{"not_picked":["animator:DwarfShaman","animator:Sonic","animator:Viivi"],"picked":"SKIP","floor":13.0},{"not_picked":["animator:Elesis","animator:Shizu"],"picked":"animator:Eve","floor":16.0},{"not_picked":["animator:KyokoSakura","animator:SayakaMiki"],"picked":"animator:SuzuneAmano","floor":18.0},{"not_picked":["animator:Boros","animator:CowGirl"],"picked":"animator:YuiTsuruno","floor":19.0},{"not_picked":["animator:ShinjiMatou","animator:DwarfShaman"],"picked":"animator:SayakaMiki","floor":22.0},{"not_picked":["animator:Genos","animator:MetalKnight"],"picked":"animator:NagisaMomoe+1","floor":25.0}],"player_experience":1547019,"relics_obtained":[{"floor":6.0,"key":"Old Coin"},{"floor":8.0,"key":"StuffTheSpire:Mouthbags"},{"floor":9.0,"key":"CCEMRelics:GrindingGear"},{"floor":12.0,"key":"Golden Egg"}],"event_choices":[],"is_beta":false,"boss_relics":[{"not_picked":["aspiration:FutureDiary","Velvet Choker"],"picked":"StuffTheSpire:Kangaroo"}],"items_purged_floors":[7,24],"is_endless":false,"potions_floor_spawned":[1,16,18,19],"killed_by":"Gensokyo:Monolith_and_Dog","ascension_level":20}}