{"host":"sabve5zmqufxyc5o","time":1607672452,"event":{"mods":["2.2 Compatiblity","AchievementEnabler","Act Like it!","BaseMod","Block Reminder","Colored Map","Colored Powertips","DeckTracker","KOR Keyword Fix","Keyboard Shortcuts","Minty Spire (QoL Compilation)","Quick Restart","Rare Cards Sparkle","Relic Stats","StSLib","SuperFastMode"],"gold_per_floor":[110,110,120,135,60,92,92,109,109,109,121,133,133,54,54,128,178,193,243,9,24,24,42,42,60,60,84,9,29,44,44,44],"floor_reached":31,"playtime":530,"items_purged":["Strike_B","Strike_B"],"score":549,"play_id":"511e2102-4e07-4d9d-b585-cd7e2088bf80","local_time":"20201211164052","is_ascension_mode":true,"campfire_choices":[{"data":"Zap","floor":7.0,"key":"SMITH"},{"floor":10.0,"key":"REST"},{"data":"Capacitor","floor":13.0,"key":"SMITH"},{"data":"Sunder","floor":15.0,"key":"SMITH"},{"floor":24.0,"key":"REST"}],"circlet_count":0,"master_deck":["AscendersBane","Strike_B+1","Defend_B","Defend_B","Defend_B","Defend_B","Zap+1","Dualcast+1","Core Surge","Gash","Beam Cell","Go for the Eyes","Compile Driver","Glacier","Capacitor+1","Sunder+1","Reboot","Chill","Blizzard","Turbo","Defragment","Coolheaded"],"relics":["Cracked Core","Whetstone","Bag of Preparation","Tiny House","StrikeDummy","Happy Flower"],"acts_visited":["Exordium","TheCity"],"potions_floor_usage":[29,31],"damage_taken":[{"damage":5.0,"enemies":"Small Slimes","floor":1.0,"turns":3.0},{"damage":0.0,"enemies":"Cultist","floor":3.0,"turns":3.0},{"damage":9.0,"enemies":"Jaw Worm","floor":4.0,"turns":3.0},{"damage":27.0,"enemies":"Gremlin Nob","floor":6.0,"turns":4.0},{"damage":10.0,"enemies":"3 Louse","floor":8.0,"turns":3.0},{"damage":0.0,"enemies":"Blue Slaver","floor":11.0,"turns":2.0},{"damage":0.0,"enemies":"Looter","floor":12.0,"turns":3.0},{"damage":0.0,"enemies":"Slime Boss","floor":16.0,"turns":6.0},{"damage":4.0,"enemies":"Spheric Guardian","floor":18.0,"turns":3.0},{"damage":19.0,"enemies":"Shell Parasite","floor":21.0,"turns":5.0},{"damage":24.0,"enemies":"Sentry and Sphere","floor":23.0,"turns":10.0},{"damage":5.0,"enemies":"Centurion and Healer","floor":25.0,"turns":5.0},{"damage":14,"enemies":"Snake Plant","floor":29,"turns":4},{"damage":15,"enemies":"Chosen and Byrds","floor":30,"turns":7},{"damage":10,"enemies":"Snecko","floor":31,"turns":4}],"seed_played":"5833476794391435678","potions_obtained":[{"floor":2.0,"key":"FearPotion"},{"floor":2.0,"key":"CultistPotion"},{"floor":6.0,"key":"Fire Potion"},{"floor":12.0,"key":"DistilledChaos"},{"floor":17.0,"key":"FocusPotion"},{"floor":18.0,"key":"PowerPotion"},{"floor":23.0,"key":"Block Potion"},{"floor":30,"key":"SteroidPotion"}],"is_trial":false,"path_per_floor":["M","?","M","M","$","E","R","M","T","R","M","M","R","$","R","B",null,"M","?","$","M","?","M","R","M","T","T","?","M","M","M"],"character_chosen":"DEFECT","items_purchased":["Sunder","Blizzard","Turbo"],"campfire_rested":2,"item_purchase_floors":[14,20,20],"current_hp_per_floor":[59,59,59,50,50,23,23,13,13,34,34,34,34,34,34,34,67,63,63,63,44,44,20,42,37,37,37,37,23,8,0,0],"gold":44,"neow_bonus":"ONE_RANDOM_RARE_CARD","is_daily":false,"chose_seed":false,"campfire_upgraded":3,"win_rate":0.0,"timestamp":1607672452,"path_taken":["M","?","M","M","?","E","R","M","T","R","?","M","R","$","R","BOSS","M","?","$","M","?","M","R","M","T","?","?","M","M","M"],"items_purchased_type":["Card","Card","Card"],"build_version":"2020-11-30","purchased_purges":2,"victory":false,"max_hp_per_floor":[71,71,71,71,71,71,71,71,71,71,71,71,71,71,71,71,76,76,76,76,76,76,76,76,76,76,76,76,76,76,76,76],"relic_stats":{"Happy Flower":[5],"counters":[15,65],"Bag of Preparation":[20],"Whetstone":["Strike_B","Strike_B"],"obtain_stats":[{"Tiny House":17,"Happy Flower":27,"Bag of Preparation":9,"Whetstone":6,"Cracked Core":0,"StrikeDummy":26},{"Tiny House":8,"Happy Flower":12,"Bag of Preparation":5,"Whetstone":4,"Cracked Core":0,"StrikeDummy":12},{"Tiny House":27,"Happy Flower":50,"Bag of Preparation":16,"Whetstone":13,"Cracked Core":0,"StrikeDummy":50}]},"card_choices":[{"not_picked":["Streamline","Recycle"],"picked":"Gash","floor":1.0},{"not_picked":["Redo","Stack"],"picked":"Beam Cell","floor":3.0},{"not_picked":["Auto Shields","Rebound"],"picked":"Go for the Eyes","floor":4.0},{"not_picked":["Double Energy","Steam"],"picked":"Compile Driver","floor":6.0},{"not_picked":["Rainbow","Storm"],"picked":"Glacier","floor":8.0},{"not_picked":["Rebound","Hologram","Hello World"],"picked":"SKIP","floor":11.0},{"not_picked":["Skim","Rebound"],"picked":"Capacitor","floor":12.0},{"not_picked":["Machine Learning","Multi-Cast"],"picked":"Reboot","floor":16.0},{"not_picked":["Stack","Gash"],"picked":"Chill","floor":17.0},{"not_picked":["Redo","Aggregate","Leap"],"picked":"SKIP","floor":18.0},{"not_picked":["Sweeping Beam","Genetic Algorithm","Turbo"],"picked":"SKIP","floor":21.0},{"not_picked":["Streamline","Reinforced Body","Skim"],"picked":"SKIP","floor":23.0},{"not_picked":["Glacier+1","Rebound+1","Barrage+1"],"picked":"SKIP","floor":25.0},{"not_picked":["Hologram","Undo"],"picked":"Defragment","floor":29},{"not_picked":["Conserve Battery","Self Repair"],"picked":"Coolheaded","floor":30}],"player_experience":752332,"relics_obtained":[{"floor":6.0,"key":"Whetstone"},{"floor":9.0,"key":"Bag of Preparation"},{"floor":26.0,"key":"StrikeDummy"},{"floor":27.0,"key":"Happy Flower"}],"event_choices":[{"damage_healed":0.0,"max_hp_gain":0.0,"max_hp_loss":0.0,"gold_gain":0.0,"event_name":"Lab","player_choice":"Got Potions","floor":2.0,"gold_loss":0.0,"damage_taken":0.0},{"damage_healed":0.0,"max_hp_gain":0.0,"max_hp_loss":0.0,"gold_gain":50.0,"event_name":"Nest","player_choice":"Stole From Cult","floor":19.0,"gold_loss":0.0,"damage_taken":0.0},{"damage_healed":0.0,"max_hp_gain":0.0,"max_hp_loss":0.0,"gold_gain":0.0,"event_name":"Vampires","player_choice":"Ignored","floor":22.0,"gold_loss":0.0,"damage_taken":0.0},{"cards_removed":["Strike_B"],"damage_healed":0.0,"max_hp_gain":0.0,"max_hp_loss":0.0,"gold_gain":0.0,"event_name":"Beggar","player_choice":"Gave Gold","floor":28.0,"gold_loss":75.0,"damage_taken":0.0}],"is_beta":false,"boss_relics":[{"not_picked":["SlaversCollar","Ectoplasm"],"picked":"Tiny House"}],"items_purged_floors":[5,20],"is_endless":false,"potions_floor_spawned":[3,4,6,12,18,23,25,30],"killed_by":"Snecko","ascension_level":18}}