{"host":"7pe9xwx78c6nlay8","time":1607683011,"event":{"mods":["BaseMod","Minty Spire (QoL Compilation)"],"gold_per_floor":[360,376,451,451,464,491,491,504,530,568,568,568,602,621,621,752,752,770,770,770,790,815,815,815],"floor_reached":23,"playtime":784,"items_purged":[],"score":404,"play_id":"20d0f2c3-0772-49cf-9fad-62d3cda2f343","local_time":"20201211183651","is_ascension_mode":true,"campfire_choices":[{"data":"Eruption","floor":12,"key":"SMITH"},{"floor":15,"key":"REST"}],"circlet_count":0,"master_deck":["Strike_P","Strike_P","Strike_P","Strike_P","Defend_P","Defend_P","Defend_P","Defend_P","Eruption+1","Vigilance","CrushJoints","Perseverance","WheelKick","BattleHymn","Consecrate","JustLucky+1","MasterReality","CutThroughFate+1","Enlightenment","WindmillStrike+1"],"relics":["PureWater","Orichalcum","Golden Idol","Centennial Puzzle","Potion Belt","Smiling Mask","Molten Egg 2","SlaversCollar"],"acts_visited":["Exordium","TheCity"],"potions_floor_usage":[10,10,18,21,22],"damage_taken":[{"damage":0.0,"enemies":"Jaw Worm","floor":1.0,"turns":6.0},{"damage":0.0,"enemies":"Small Slimes","floor":2.0,"turns":3.0},{"damage":2.0,"enemies":"2 Louse","floor":5.0,"turns":3.0},{"damage":0.0,"enemies":"Gremlin Nob","floor":6.0,"turns":1.0},{"damage":4.0,"enemies":"Looter","floor":8.0,"turns":3.0},{"damage":0,"enemies":"Lagavulin","floor":10,"turns":4},{"damage":18,"enemies":"Gremlin Nob","floor":13,"turns":3},{"damage":7,"enemies":"Large Slime","floor":14,"turns":4},{"damage":0,"enemies":"Slime Boss","floor":16,"turns":4},{"damage":9,"enemies":"3 Byrds","floor":18,"turns":5},{"damage":15,"enemies":"Shell Parasite","floor":21,"turns":5},{"damage":23,"enemies":"Centurion and Healer","floor":22,"turns":6},{"damage":0,"enemies":"Book of Stabbing","floor":23,"turns":1}],"seed_played":"-1066102020285536705","potions_obtained":[{"floor":1.0,"key":"SkillPotion"},{"floor":5.0,"key":"Fire Potion"},{"floor":8.0,"key":"ColorlessPotion"},{"floor":13,"key":"GamblersBrew"},{"floor":16,"key":"BottledMiracle"},{"floor":21,"key":"Dexterity Potion"}],"is_trial":false,"path_per_floor":["M","M","?","?","M","E","?","M","T","E","?","R","E","M","R","B",null,"M","?","?","M","M","E"],"character_chosen":"WATCHER","items_purchased":[],"campfire_rested":1,"item_purchase_floors":[],"current_hp_per_floor":[47,47,36,60,58,58,58,54,54,54,47,47,29,22,42,42,61,52,52,40,25,2,2,2],"gold":815,"neow_bonus":"TWO_FIFTY_GOLD","is_daily":false,"chose_seed":false,"campfire_upgraded":1,"win_rate":0.0,"timestamp":1607683011,"path_taken":["M","M","?","?","M","E","?","M","T","E","?","R","E","M","R","BOSS","M","?","?","?","M","E"],"items_purchased_type":[],"build_version":"2020-11-30","purchased_purges":0,"victory":false,"max_hp_per_floor":[72,72,72,72,72,72,67,67,67,67,67,67,67,67,67,67,67,67,67,67,67,67,67,67],"card_choices":[{"not_picked":["Collect","FlyingSleeves"],"picked":"CrushJoints","floor":1.0},{"not_picked":["Pray","InnerPeace"],"picked":"Perseverance","floor":2.0},{"not_picked":["BowlingBash","CrushJoints"],"picked":"WheelKick","floor":5.0},{"not_picked":["Wireheading","Judgement"],"picked":"BattleHymn","floor":6.0},{"not_picked":["Protect","ClearTheMind"],"picked":"Consecrate","floor":8.0},{"not_picked":["CrushJoints","Indignation","FollowUp"],"picked":"SKIP","floor":10},{"not_picked":["ClearTheMind","SashWhip+1","Sanctity"],"picked":"SKIP","floor":13},{"not_picked":["CrushJoints+1","WheelKick+1"],"picked":"JustLucky+1","floor":14},{"not_picked":["Vault","Blasphemy"],"picked":"MasterReality","floor":16},{"not_picked":["FollowUp+1","FlurryOfBlows+1"],"picked":"CutThroughFate+1","floor":18},{"not_picked":["FollowUp+1","FlyingSleeves+1"],"picked":"WindmillStrike+1","floor":21},{"not_picked":["Pray","Vault","Sanctity"],"picked":"SKIP","floor":22}],"player_experience":1486428,"relics_obtained":[{"floor":6.0,"key":"Orichalcum"},{"floor":9,"key":"Centennial Puzzle"},{"floor":10,"key":"Potion Belt"},{"floor":13,"key":"Molten Egg 2"}],"event_choices":[{"damage_healed":0.0,"max_hp_gain":0.0,"max_hp_loss":0.0,"gold_gain":75.0,"event_name":"World of Goop","player_choice":"Gather Gold","floor":3.0,"gold_loss":0.0,"damage_taken":11.0},{"damage_healed":24.0,"max_hp_gain":0.0,"max_hp_loss":0.0,"gold_gain":0.0,"event_name":"Big Fish","player_choice":"Banana","floor":4.0,"gold_loss":0.0,"damage_taken":0.0},{"damage_healed":0.0,"max_hp_gain":0.0,"max_hp_loss":5.0,"gold_gain":0.0,"event_name":"Golden Idol","player_choice":"Lose Max HP","floor":7.0,"gold_loss":0.0,"damage_taken":0.0,"relics_obtained":["Golden Idol"]},{"damage_healed":0,"gold_gain":0,"player_choice":"Success","damage_taken":7,"relics_obtained":["Smiling Mask"],"max_hp_gain":0,"max_hp_loss":0,"event_name":"Scrap Ooze","floor":11,"gold_loss":0},{"damage_healed":0,"gold_gain":0,"player_choice":"Ignored","damage_taken":0,"max_hp_gain":0,"max_hp_loss":0,"event_name":"Vampires","floor":19,"gold_loss":0},{"damage_healed":0,"gold_gain":0,"player_choice":"CARD ","damage_taken":12,"max_hp_gain":0,"max_hp_loss":0,"event_name":"Knowing Skull","floor":20,"potions_obtained":[],"gold_loss":0,"cards_obtained":["Enlightenment"]}],"is_beta":false,"boss_relics":[{"not_picked":["Runic Pyramid","HolyWater"],"picked":"SlaversCollar"}],"items_purged_floors":[],"is_endless":false,"potions_floor_spawned":[1,5,8,13,16,21],"killed_by":"Book of Stabbing","ascension_level":6}}