{"host":"2qv44oxt58ptq59r","time":1607715808,"event":{"mods":["AchievementEnabler","BaseMod","Colored Powertips","Highlight Path","Minty Spire (QoL Compilation)","Permanent Neow","StSLib"],"gold_per_floor":[116,136,136,136,136,136,148,148,148,148,166,166,200,1,1,99,99,111,126,137,149,167,167,194,206,218,28,28,45,55,3,3,3,3],"floor_reached":33,"playtime":4449,"items_purged":[],"score":267,"play_id":"32645e9f-d6ce-44d5-a53f-694507b346f4","local_time":"20201211194328","is_ascension_mode":false,"campfire_choices":[{"floor":6.0,"key":"REST"},{"data":"Reaper","floor":8.0,"key":"SMITH"},{"data":"Armaments","floor":10.0,"key":"SMITH"},{"data":"Blood for Blood","floor":12.0,"key":"SMITH"},{"data":"Reaper","floor":15.0,"key":"SMITH"},{"floor":23,"key":"REST"},{"data":"Whirlwind","floor":25,"key":"SMITH"},{"floor":32,"key":"REST"}],"circlet_count":0,"master_deck":["Strike_R","Strike_R","Strike_R","Strike_R","Defend_R","Defend_R","Defend_R","Defend_R","Bash","Blind","Blood for Blood+1","Armaments+1","Reaper+1","Disarm","Reaper+1","Flex","Bludgeon","Body Slam","Sword Boomerang+1","Flame Barrier+1","Sword Boomerang","Thunderclap","Whirlwind+1","Twin Strike","Armaments","Demon Form"],"relics":["Burning Blood","Self Forming Clay","Darkstone Periapt","Tiny Chest","Runic Pyramid","MawBank","PreservedInsect","Chemical X"],"acts_visited":["Exordium","TheCity"],"potions_floor_usage":[18,22,33,33,33],"damage_taken":[{"damage":5.0,"enemies":"2 Louse","floor":1.0,"turns":3.0},{"damage":2.0,"enemies":"Small Slimes","floor":2.0,"turns":3.0},{"damage":1.0,"enemies":"Cultist","floor":7.0,"turns":4.0},{"damage":0.0,"enemies":"Red Slaver","floor":11.0,"turns":5.0},{"damage":15.0,"enemies":"Lagavulin","floor":13.0,"turns":5.0},{"damage":33.0,"enemies":"Slime Boss","floor":16.0,"turns":12.0},{"damage":7,"enemies":"2 Thieves","floor":18,"turns":5},{"damage":16,"enemies":"Shell Parasite","floor":19,"turns":6},{"damage":43,"enemies":"3 Cultists","floor":20,"turns":6},{"damage":16,"enemies":"Snecko","floor":21,"turns":6},{"damage":27,"enemies":"Centurion and Healer","floor":22,"turns":8},{"damage":50,"enemies":"Slavers","floor":24,"turns":7},{"damage":22,"enemies":"Shelled Parasite and Fungi","floor":29,"turns":6},{"damage":32,"enemies":"Sentry and Sphere","floor":30,"turns":6},{"damage":94,"enemies":"Collector","floor":33,"turns":7}],"seed_played":"-7052824353174811314","potions_obtained":[{"floor":1.0,"key":"Strength Potion"},{"floor":7.0,"key":"SkillPotion"},{"floor":13.0,"key":"PowerPotion"},{"floor":16.0,"key":"Energy Potion"},{"floor":20,"key":"BloodPotion"},{"floor":21,"key":"SkillPotion"},{"floor":30,"key":"PowerPotion"}],"is_trial":false,"path_per_floor":["M","M","?","?","?","R","M","R","T","R","M","R","E","$","R","B",null,"M","M","M","M","M","R","E","R","T","$","?","M","M","$","R","B"],"character_chosen":"IRONCLAD","items_purchased":["Tiny Chest","Flex","Chemical X","Twin Strike","Block Potion"],"campfire_rested":3,"item_purchase_floors":[14,14,27,27,31],"current_hp_per_floor":[80,80,80,55,55,79,80,80,80,80,80,80,78,78,78,78,80,79,80,53,48,55,79,58,58,58,58,58,56,35,35,59,0,0],"gold":3,"neow_bonus":"RANDOM_COLORLESS","is_daily":false,"chose_seed":false,"campfire_upgraded":5,"win_rate":0.0,"timestamp":1607715808,"path_taken":["M","M","?","?","?","R","M","R","T","R","M","R","E","$","R","BOSS","M","M","M","?","M","R","E","R","T","?","?","M","M","$","R","BOSS"],"items_purchased_type":["Relic","Card","Relic","Card","Potion"],"build_version":"2020-11-30","purchased_purges":0,"victory":false,"max_hp_per_floor":[80,80,80,80,80,80,80,80,80,80,80,80,80,80,80,80,80,80,80,80,80,80,80,80,80,80,80,80,80,80,80,80,80,80],"card_choices":[{"not_picked":["Finesse","Trip"],"picked":"Blind","floor":0.0},{"not_picked":["Clash","Metallicize"],"picked":"Blood for Blood","floor":1.0},{"not_picked":["Pummel","Anger"],"picked":"Armaments","floor":2.0},{"not_picked":["Pommel Strike","True Grit"],"picked":"Reaper","floor":7.0},{"not_picked":["Thunderclap","Havoc"],"picked":"Disarm","floor":11.0},{"not_picked":["Sentinel","Havoc"],"picked":"Reaper","floor":13.0},{"not_picked":["Berserk","Immolate"],"picked":"Bludgeon","floor":16.0},{"not_picked":["Dropkick","Warcry"],"picked":"Body Slam","floor":18},{"not_picked":["Anger+1","Wild Strike+1"],"picked":"Sword Boomerang+1","floor":19},{"not_picked":["Bloodletting","Wild Strike"],"picked":"Flame Barrier+1","floor":20},{"not_picked":["Armaments","Feel No Pain"],"picked":"Sword Boomerang","floor":21},{"not_picked":["Bloodletting","Perfected Strike"],"picked":"Thunderclap","floor":22},{"not_picked":["Clash+1","Combust+1"],"picked":"Whirlwind","floor":24},{"not_picked":["Entrench","Rampage"],"picked":"Armaments","floor":29},{"not_picked":["Fire Breathing","Sever Soul"],"picked":"Demon Form","floor":30}],"player_experience":4890356,"relics_obtained":[{"floor":13.0,"key":"Darkstone Periapt"},{"floor":24,"key":"MawBank"},{"floor":26,"key":"PreservedInsect"}],"event_choices":[{"damage_healed":0.0,"max_hp_gain":0.0,"max_hp_loss":0.0,"gold_gain":0.0,"event_name":"Liars Game","player_choice":"Ignored","floor":3.0,"gold_loss":0.0,"damage_taken":0.0},{"damage_healed":0.0,"max_hp_gain":0.0,"max_hp_loss":0.0,"gold_gain":0.0,"event_name":"Scrap Ooze","player_choice":"Success","floor":4.0,"gold_loss":0.0,"damage_taken":25.0,"relics_obtained":["Self Forming Clay"]},{"damage_healed":0.0,"max_hp_gain":0.0,"max_hp_loss":0.0,"gold_gain":0.0,"event_name":"NoteForYourself","player_choice":"Ignored","floor":5.0,"gold_loss":0.0,"damage_taken":0.0},{"cards_removed":["Strike_R"],"damage_healed":0,"gold_gain":0,"player_choice":"Offered Basic","damage_taken":0,"max_hp_gain":0,"max_hp_loss":0,"event_name":"Bonfire Elementals","floor":28,"gold_loss":0}],"is_beta":false,"boss_relics":[{"not_picked":["Mark of Pain","Ectoplasm"],"picked":"Runic Pyramid"}],"items_purged_floors":[],"is_endless":false,"potions_floor_spawned":[1,7,13,16,20,21,30],"killed_by":"Collector","ascension_level":0}}