{"host":"m1ntkrf87179kmo6","time":1607730123,"event":{"mods":["BaseMod","Better Third Choice","Minty Spire (QoL Compilation)","Shade Mod","StSLib"],"gold_per_floor":[17,17,17,17,28,55,55,66,66,91,106,122,297,317,317,414,414,432,412,427,58,69,69,100,100,100,100,116,134,134,164,164,164,164],"floor_reached":33,"playtime":5891,"items_purged":["Doubt"],"score":324,"play_id":"76ba1342-9948-4c86-b994-28713636c48b","local_time":"20201211184203","is_ascension_mode":false,"campfire_choices":[{"floor":7,"key":"REST"},{"floor":15,"key":"REST"},{"floor":23,"key":"REST"},{"floor":25,"key":"RECALL"},{"floor":30,"key":"REST"},{"data":"Shade:ExtraLimbs","floor":32,"key":"SMITH"}],"circlet_count":0,"master_deck":["Shade:Strike_Shade","Shade:Strike_Shade","Shade:Strike_Shade","Shade:Strike_Shade","Shade:Defend_Shade","Shade:Defend_Shade","Shade:Defend_Shade","Shade:Defend_Shade","Shade:AnimateDead+1","Shade:CarefulCut","Shade:ClawBack","Shade:AncientSpear","Shade:GreyBargain","Shade:CallOfTheGrave","Shade:ExtraLimbs+1","Shade:OpenGraves"],"relics":["Shade:YorickSkull","Ice Cream","Anchor","Centennial Puzzle","Busted Crown","Regal Pillow","Sling","Ornamental Fan","Gremlin Horn","Oddly Smooth Stone","Darkstone Periapt"],"acts_visited":["Exordium","TheCity"],"potions_floor_usage":[10,10,18,24,31],"damage_taken":[{"damage":0,"enemies":"2 Louse","floor":1,"turns":2},{"damage":0,"enemies":"Jaw Worm","floor":5,"turns":4},{"damage":28,"enemies":"Lagavulin","floor":6,"turns":5},{"damage":6,"enemies":"Cultist","floor":8,"turns":3},{"damage":9,"enemies":"3 Sentries","floor":10,"turns":7},{"damage":0,"enemies":"3 Louse","floor":11,"turns":3},{"damage":0,"enemies":"Looter","floor":12,"turns":3},{"damage":0,"enemies":"2 Fungi Beasts","floor":14,"turns":3},{"damage":19,"enemies":"The Guardian","floor":16,"turns":10},{"damage":0,"enemies":"Shell Parasite","floor":18,"turns":3},{"damage":10,"enemies":"2 Thieves","floor":19,"turns":4},{"damage":18,"enemies":"Shelled Parasite and Fungi","floor":20,"turns":7},{"damage":7,"enemies":"Cultist and Chosen","floor":22,"turns":6},{"damage":0,"enemies":"Gremlin Leader","floor":24,"turns":7},{"damage":20,"enemies":"Centurion and Healer","floor":28,"turns":7},{"damage":10,"enemies":"Snake Plant","floor":29,"turns":5},{"damage":4,"enemies":"Slavers","floor":31,"turns":4},{"damage":61,"enemies":"Collector","floor":33,"turns":9}],"seed_played":"-5911652001437896120","potions_obtained":[{"floor":1,"key":"SneckoOil"},{"floor":5,"key":"LiquidBronze"},{"floor":8,"key":"SkillPotion"},{"floor":19,"key":"EssenceOfSteel"},{"floor":24,"key":"SpeedPotion"},{"floor":28,"key":"Fire Potion"}],"is_trial":false,"path_per_floor":["M","$","?","$","M","E","R","M","T","E","M","M","?","M","R","B",null,"M","M","M","$","M","R","E","R","T","?","M","M","R","E","R","B"],"character_chosen":"SHADE","items_purchased":["Regal Pillow","Sling"],"campfire_rested":4,"item_purchase_floors":[21,21],"current_hp_per_floor":[65,65,65,65,65,37,56,50,50,41,41,41,41,41,60,41,65,65,55,37,37,30,64,64,64,64,64,44,34,65,61,61,0,0],"gold":164,"neow_bonus":"ONE_RARE_RELIC","is_daily":false,"chose_seed":false,"campfire_upgraded":1,"win_rate":0.0,"timestamp":1607730123,"path_taken":["M","$","?","$","M","E","R","M","T","E","M","M","?","M","R","BOSS","M","M","M","$","M","R","E","R","T","?","?","M","R","E","R","BOSS"],"items_purchased_type":["Relic","Relic"],"build_version":"2020-11-30","purchased_purges":1,"victory":false,"max_hp_per_floor":[65,65,65,65,65,65,65,65,65,65,65,65,65,65,65,65,65,65,65,65,65,65,65,65,65,65,65,65,65,65,65,65,65,65],"card_choices":[{"not_picked":["Shade:PoundOfFlesh","Shade:CoffinDance"],"picked":"Shade:ClawBack","floor":1},{"not_picked":["Shade:FuneraryArmor","Shade:RavenousHorde"],"picked":"Shade:AncientSpear","floor":5},{"not_picked":["Shade:SkeletonHug","Shade:AncientSpear"],"picked":"Shade:GreyBargain","floor":6},{"not_picked":["Shade:AuraOfUnlife","Shade:FingerOfDeath","Shade:SkeletonHug"],"picked":"SKIP","floor":8},{"not_picked":["Shade:LyeBath","Shade:FleshToFlesh","Shade:SkeletonHug"],"picked":"SKIP","floor":10},{"not_picked":["Shade:Frenzy","Shade:SanguineRitual"],"picked":"Shade:CallOfTheGrave","floor":11},{"not_picked":["Shade:Brains","Shade:GreyBargain","Shade:GraveStillness"],"picked":"SKIP","floor":12},{"not_picked":["Shade:FleshOffering","Shade:Frenzy"],"picked":"Shade:ExtraLimbs","floor":14},{"not_picked":["Shade:PotionOfRestlessness"],"picked":"SKIP","floor":18},{"not_picked":["Shade:FeralStrike"],"picked":"SKIP","floor":19},{"not_picked":["Shade:SpontaneousRitual"],"picked":"SKIP","floor":20},{"not_picked":[],"picked":"Shade:OpenGraves","floor":22},{"not_picked":["Shade:SkeletonArmy"],"picked":"SKIP","floor":24},{"not_picked":["Shade:Brains"],"picked":"SKIP","floor":28},{"not_picked":["Shade:Doomsay+1"],"picked":"SKIP","floor":29},{"not_picked":["Shade:Frenzy"],"picked":"SKIP","floor":31}],"player_experience":959288,"relics_obtained":[{"floor":6,"key":"Anchor"},{"floor":10,"key":"Centennial Puzzle"},{"floor":24,"key":"Ornamental Fan"},{"floor":26,"key":"Gremlin Horn"},{"floor":31,"key":"Darkstone Periapt"}],"event_choices":[{"damage_healed":0,"gold_gain":0,"player_choice":"Grow","damage_taken":0,"max_hp_gain":0,"max_hp_loss":0,"event_name":"Living Wall","floor":3,"gold_loss":0,"cards_upgraded":["Shade:AnimateDead"]},{"damage_healed":0,"gold_gain":175,"player_choice":"AGREE","damage_taken":122,"max_hp_gain":0,"max_hp_loss":0,"event_name":"betterThird:BetterSerpent","floor":13,"gold_loss":0},{"damage_healed":0,"gold_gain":0,"player_choice":"Gave Potion","damage_taken":0,"relics_obtained":["Oddly Smooth Stone"],"max_hp_gain":0,"max_hp_loss":0,"event_name":"WeMeetAgain","floor":27,"gold_loss":0}],"is_beta":false,"boss_relics":[{"not_picked":["Fusion Hammer","Astrolabe"],"picked":"Busted Crown"}],"items_purged_floors":[21],"is_endless":false,"potions_floor_spawned":[1,5,8,19,24,28],"killed_by":"Collector","ascension_level":0}}