{"host":"cm4p44wwc23nki92","time":1607658149,"event":{"mods":["Act Like it!","BaseMod","Koishi","Marisa£®ÏF”Í°°ƒß¿Ì…≥£©","Minty Spire (QoL Compilation)","Remilia£®¿Ÿ√◊¿Ú—«£©","StSLib","The Servant 0.9.4","Youmu£®ªÍ∆«—˝√Œ£©","Yuyuko"],"gold_per_floor":[112,112,112,37,37,77,77,118,188,202,223,223,244,76,76,207,207,221,237,237,57,57,57,97,97,97,112,152,195,213,238,238,361,361,377,377,377,377,391,391,404,442,465,465,501,570,589,602,602,602,602,602,10,49,49,49],"floor_reached":55,"playtime":2571,"items_purged":["Strike_S","Pain","Strike_S+1"],"score":1020,"play_id":"d8ec4302-0635-40b4-8ee1-602760ce340a","local_time":"20201211114229","is_ascension_mode":true,"campfire_choices":[{"data":"SilverBlades","floor":7.0,"key":"SMITH"},{"data":"Barrier","floor":15.0,"key":"SMITH"},{"data":"FlawlessForm","floor":23.0,"key":"SMITH"},{"data":"MoonPhase","floor":25.0,"key":"SMITH"},{"data":"KillingDoll","floor":32.0,"key":"SMITH"},{"floor":40.0,"key":"RECALL"},{"data":"SoulSculpture","floor":44.0,"key":"SMITH"},{"data":"Madness","floor":49.0,"key":"SMITH"},{"data":"MurderousAura","floor":52.0,"key":"SMITH"}],"circlet_count":0,"master_deck":["Strike_S+1","Defend_S+1","Defend_S+1","Defend_S+1","Defend_S+1","KidneyShot","Exchange","KillingDoll+1","Spin+1","SilverBlades+1","Barrier+1","Starlight","Luminosity","DoubleEdge","MoonPhase+1","FlawlessForm+1","DoubleEdge","Collapse+1","DoubleEdge","SurpressingFire+1","GearUp","SurpressingFire+1","Rearm","BottledTime+1","BottledTime+1","SoulSculpture+1","Rearm","Madness+1","Madness+1","Dramatic Entrance","BottledTime+1","MurderousAura+1","DoubleEdge+1","Alleviate+1"],"relics":["SplendidAttire","Broom","Golden Idol","Bronze Scales","PocketWatch","Shuriken","WarpedTongs","Sling","Orichalcum","Ornamental Fan","AntiCross","Red Mask","Philosopher\u0027s Stone","OldScarf","Bag of Marbles","Du-Vu Doll","Blue Candle","War Paint","KneeBrace"],"acts_visited":[],"potions_floor_usage":[55,55],"damage_taken":[{"damage":0.0,"enemies":"Small Slimes","floor":1.0,"turns":3.0},{"damage":33.0,"enemies":"3 Sentries","floor":6.0,"turns":8.0},{"damage":7.0,"enemies":"Gremlin Nob","floor":8.0,"turns":3.0},{"damage":0.0,"enemies":"Cultist","floor":10.0,"turns":2.0},{"damage":0.0,"enemies":"2 Louse","floor":11.0,"turns":2.0},{"damage":0.0,"enemies":"Exordium Thugs","floor":13.0,"turns":3.0},{"damage":0.0,"enemies":"Hexaghost","floor":16.0,"turns":9.0},{"damage":0.0,"enemies":"Shell Parasite","floor":18.0,"turns":5.0},{"damage":0.0,"enemies":"Chosen","floor":19.0,"turns":4.0},{"damage":29.0,"enemies":"Slavers","floor":24.0,"turns":2.0},{"damage":0.0,"enemies":"Snake Plant","floor":27.0,"turns":4.0},{"damage":12.0,"enemies":"Book of Stabbing","floor":28.0,"turns":5.0},{"damage":0.0,"enemies":"Masked Bandits","floor":29.0,"turns":2.0},{"damage":2.0,"enemies":"Centurion and Healer","floor":30.0,"turns":4.0},{"damage":2.0,"enemies":"Chosen and Byrds","floor":31.0,"turns":5.0},{"damage":0.0,"enemies":"Champ","floor":33.0,"turns":9.0},{"damage":0.0,"enemies":"3 Shapes","floor":35.0,"turns":2.0},{"damage":0.0,"enemies":"Orb Walker","floor":39.0,"turns":2.0},{"damage":4.0,"enemies":"3 Darklings","floor":41.0,"turns":2.0},{"damage":6.0,"enemies":"Reptomancer","floor":42.0,"turns":3.0},{"damage":0.0,"enemies":"Nemesis","floor":45.0,"turns":1.0},{"damage":11.0,"enemies":"2 Orb Walkers","floor":46.0,"turns":2.0},{"damage":9.0,"enemies":"Jaw Worm Horde","floor":47.0,"turns":3.0},{"damage":0.0,"enemies":"Maw","floor":48.0,"turns":4.0},{"damage":0.0,"enemies":"Awakened One","floor":50.0,"turns":8.0},{"damage":37.0,"enemies":"Shield and Spear","floor":54.0,"turns":5.0},{"damage":14,"enemies":"The Heart","floor":55,"turns":3}],"seed_played":"-3783527568899617078","potions_obtained":[{"floor":1.0,"key":"Strength Potion"},{"floor":8.0,"key":"Dexterity Potion"},{"floor":10.0,"key":"LiquidBronze"},{"floor":19.0,"key":"EntropicBrew"},{"floor":24.0,"key":"BlessingOfTheForge"},{"floor":29.0,"key":"BlessingOfTheForge"},{"floor":31.0,"key":"LiquidMemories"},{"floor":33.0,"key":"Weak Potion"},{"floor":46.0,"key":"SteroidPotion"},{"floor":48.0,"key":"Block Potion"}],"is_trial":false,"path_per_floor":["M","?","?","$","?","E","R","E","T","M","M","?","M","$","R","B",null,"M","M","?","$","?","R","E","R","T","M","E","?","M","M","R","B",null,"M","?","?","?","M","R","M","E","T","R","E","?","M","M","R","B",null,"R","$","E","B"],"character_chosen":"THE_SERVANT","items_purchased":["MoonPhase","Sling","DoubleEdge","Blue Candle","War Paint","Strength Potion"],"campfire_rested":0,"item_purchase_floors":[14,21,21,53,53,53],"current_hp_per_floor":[65,47,47,47,47,14,14,7,7,7,7,7,7,7,7,7,60,60,60,60,60,60,60,31,31,31,31,19,19,17,15,15,15,60,60,52,52,52,52,52,48,42,42,42,42,31,22,22,22,22,60,60,60,23,9,9],"gold":49,"neow_bonus":"ONE_RANDOM_RARE_CARD","is_daily":false,"chose_seed":false,"campfire_upgraded":8,"win_rate":0.0,"timestamp":1607658149,"path_taken":["M","?","?","$","?","E","R","E","T","M","M","?","?","?","R","BOSS","M","M","?","$","?","R","E","R","T","?","E","?","M","M","R","BOSS","M","?","?","?","M","R","M","E","T","R","E","?","M","M","R","BOSS","R","$","E","BOSS"],"items_purchased_type":["Card","Relic","Card","Relic","Relic","Potion"],"build_version":"2020-11-30","purchased_purges":3,"victory":false,"max_hp_per_floor":[65,65,65,65,60,60,60,60,60,60,60,60,60,60,60,60,60,60,60,60,60,60,60,60,60,60,60,60,60,60,60,60,60,60,60,60,60,60,60,60,60,60,60,60,60,60,60,60,60,60,60,60,60,60,60,60],"card_choices":[{"not_picked":["Hightail","DualDimension"],"picked":"Spin","floor":1.0},{"not_picked":["WasteNot","FastForward"],"picked":"SilverBlades","floor":6.0},{"not_picked":["Desolation","Starlight"],"picked":"Barrier","floor":8.0},{"not_picked":["Unruled","Potential"],"picked":"Starlight","floor":10.0},{"not_picked":["Revamp","ShatteredReality"],"picked":"Luminosity","floor":11.0},{"not_picked":["Alleviate","Rearm"],"picked":"DoubleEdge","floor":13.0},{"not_picked":["Duplication","Deny"],"picked":"FlawlessForm","floor":16.0},{"not_picked":["Ricochet+1","Barrier"],"picked":"DoubleEdge","floor":18.0},{"not_picked":["Hightail","BottledTime"],"picked":"Collapse+1","floor":19.0},{"not_picked":["Ricochet","Misdirection"],"picked":"SurpressingFire+1","floor":24.0},{"not_picked":["Misdirection","Spin"],"picked":"GearUp","floor":27.0},{"not_picked":["InstantArmor+1","Snipe"],"picked":"SurpressingFire+1","floor":28.0},{"not_picked":["Unruled","Orbit"],"picked":"Rearm","floor":29.0},{"not_picked":["Gouge","Rewind"],"picked":"BottledTime","floor":30.0},{"not_picked":["Replace","Rearm"],"picked":"BottledTime+1","floor":31.0},{"not_picked":["FloweringNight","ForgedInTime"],"picked":"SoulSculpture","floor":33.0},{"not_picked":["Rewind","Rearm","Read+1"],"picked":"SKIP","floor":35.0},{"not_picked":["Rewind","Read+1"],"picked":"Rearm","floor":35.0},{"not_picked":["Dark Shackles","Mayhem"],"picked":"Dramatic Entrance","floor":37.0},{"not_picked":["Unruled+1","Potential"],"picked":"BottledTime+1","floor":39.0},{"not_picked":["ShatteredReality","Rearm","Replace"],"picked":"SKIP","floor":41.0},{"not_picked":["Spin","BottledTime+1"],"picked":"MurderousAura","floor":42.0},{"not_picked":["Rewind","Shuttle","Revamp+1"],"picked":"SKIP","floor":45.0},{"not_picked":["TimeWarp","Starlight"],"picked":"DoubleEdge+1","floor":46.0},{"not_picked":["Starlight","DoubleEdge+1"],"picked":"Alleviate+1","floor":47.0},{"not_picked":["Unruled+1","TimeWarp+1","Starlight"],"picked":"SKIP","floor":48.0},{"not_picked":["Spin","Alleviate+1","Sabotage"],"picked":"SKIP","floor":54.0}],"player_experience":281442,"relics_obtained":[{"floor":6.0,"key":"Bronze Scales"},{"floor":8.0,"key":"PocketWatch"},{"floor":9.0,"key":"Shuriken"},{"floor":24.0,"key":"Orichalcum"},{"floor":26.0,"key":"Ornamental Fan"},{"floor":28.0,"key":"AntiCross"},{"floor":29.0,"key":"Red Mask"},{"floor":42.0,"key":"OldScarf"},{"floor":45.0,"key":"Bag of Marbles"},{"floor":46.0,"key":"Du-Vu Doll"},{"floor":54.0,"key":"KneeBrace"}],"event_choices":[{"damage_healed":0.0,"max_hp_gain":0.0,"max_hp_loss":0.0,"gold_gain":0.0,"event_name":"Scrap Ooze","player_choice":"Success","floor":2.0,"gold_loss":0.0,"damage_taken":18.0,"relics_obtained":["Broom"]},{"damage_healed":0.0,"max_hp_gain":0.0,"max_hp_loss":0.0,"gold_gain":0.0,"event_name":"Living Wall","player_choice":"Grow","floor":3.0,"gold_loss":0.0,"damage_taken":0.0,"cards_upgraded":["Spin"]},{"damage_healed":0.0,"max_hp_gain":0.0,"max_hp_loss":5.0,"gold_gain":0.0,"event_name":"Golden Idol","player_choice":"Lose Max HP","floor":5.0,"gold_loss":0.0,"damage_taken":0.0,"relics_obtained":["Golden Idol"]},{"damage_healed":0.0,"max_hp_gain":0.0,"max_hp_loss":0.0,"gold_gain":0.0,"event_name":"Accursed Blacksmith","player_choice":"Rummage","floor":12.0,"gold_loss":0.0,"damage_taken":0.0,"relics_obtained":["WarpedTongs"],"cards_obtained":["Pain"]},{"damage_healed":0.0,"max_hp_gain":0.0,"max_hp_loss":0.0,"gold_gain":0.0,"event_name":"Vampires","player_choice":"Ignored","floor":20.0,"gold_loss":0.0,"damage_taken":0.0},{"damage_healed":0.0,"max_hp_gain":0.0,"max_hp_loss":0.0,"gold_gain":0.0,"event_name":"Back to Basics","player_choice":"Simplicity","floor":22.0,"gold_loss":0.0,"damage_taken":0.0,"cards_upgraded":["Strike_S","Strike_S","Strike_S","Defend_S","Defend_S","Defend_S","Defend_S"]},{"damage_healed":0.0,"max_hp_gain":0.0,"max_hp_loss":0.0,"gold_gain":0.0,"event_name":"Masked Bandits","player_choice":"Fought Bandits","floor":29.0,"gold_loss":0.0,"damage_taken":0.0},{"damage_healed":0.0,"max_hp_gain":0.0,"max_hp_loss":0.0,"gold_gain":0.0,"event_name":"Winding Halls","player_choice":"Embrace Madness","floor":36.0,"gold_loss":0.0,"damage_taken":8.0,"cards_obtained":["Madness","Madness"]},{"damage_healed":0.0,"max_hp_gain":0.0,"max_hp_loss":0.0,"gold_gain":0.0,"event_name":"SensoryStone","player_choice":"Memory 1","floor":37.0,"gold_loss":0.0,"damage_taken":0.0},{"cards_removed":["Strike_S"],"damage_healed":0.0,"max_hp_gain":0.0,"max_hp_loss":0.0,"gold_gain":0.0,"event_name":"Falling","player_choice":"Removed Attack","floor":38.0,"gold_loss":0.0,"damage_taken":0.0},{"damage_healed":0.0,"max_hp_gain":0.0,"max_hp_loss":0.0,"gold_gain":0.0,"event_name":"Mysterious Sphere","player_choice":"Fight","floor":46.0,"gold_loss":0.0,"damage_taken":0.0}],"is_beta":false,"boss_relics":[{"not_picked":["Busted Crown","Fusion Hammer"],"picked":"SplendidAttire"},{"not_picked":["Runic Dome","Empty Cage"],"picked":"Philosopher\u0027s Stone"}],"items_purged_floors":[4,14,53],"is_endless":false,"potions_floor_spawned":[1,8,10,19,24,29,31,33,35,42,46,47,48],"killed_by":"The Heart","ascension_level":1}}