{"host":"aeidq2c3auzxo1yh","time":1607659362,"event":{"mods":["AchievementEnabler","BaseMod","Colored Map","Colored Powertips","Minty Spire (QoL Compilation)","Relic Stats","StSLib"],"gold_per_floor":[112,112,124,124,124,124,154,170,245,257,287,287,302,319,319,392,392,410,7,7,23,43,43,70,70,70,99,99,111,141,156,156,233,233,243,262,262,1,1,332,346,346,417,430,430,447,457,457,457,457,457],"floor_reached":50,"playtime":3362,"items_purged":["Strike_G","Strike_G"],"score":1463,"play_id":"45297409-ca83-43a6-9f11-841e472adf23","local_time":"20201211090242","is_ascension_mode":true,"campfire_choices":[{"data":"Neutralize","floor":6,"key":"SMITH"},{"data":"After Image","floor":12,"key":"SMITH"},{"data":"Blade Dance","floor":15,"key":"SMITH"},{"data":"Ghostly","floor":23,"key":"SMITH"},{"data":"After Image","floor":25,"key":"SMITH"},{"data":"Ghostly","floor":28,"key":"SMITH"},{"floor":32,"key":"REST"},{"floor":42,"key":"RECALL"},{"data":"Burst","floor":45,"key":"SMITH"},{"data":"Caltrops","floor":49,"key":"SMITH"}],"circlet_count":0,"master_deck":["AscendersBane","Strike_G","Strike_G","Defend_G","Defend_G","Defend_G","Defend_G","Survivor","Neutralize+1","Poisoned Stab","Bane","Infinite Blades","Crippling Poison","Blade Dance+1","After Image+1","Terror","Escape Plan","Corpse Explosion","Backstab","Envenom","Ghostly+1","Ghostly+1","Ghostly","Acrobatics+1","Accuracy","After Image+1","Acrobatics","Caltrops+1","Blade Dance","Burst+1","Escape Plan","Finisher","Finesse","Finesse","After Image+1","Blur","Acrobatics","Acrobatics"],"relics":["Ring of the Serpent","NeowsBlessing","Nunchaku","Gremlin Horn","Ornamental Fan","SlaversCollar","TwistedFunnel","Mercury Hourglass","Question Card","Anchor","Vajra","Old Coin","Bottled Flame"],"acts_visited":["Exordium","TheCity","TheBeyond"],"potions_floor_usage":[10,10,16,21,22,36,41,50],"damage_taken":[{"damage":0,"enemies":"2 Louse","floor":1,"turns":1},{"damage":0,"enemies":"Small Slimes","floor":3,"turns":1},{"damage":0,"enemies":"3 Sentries","floor":7,"turns":1},{"damage":4,"enemies":"Cultist","floor":8,"turns":3},{"damage":16,"enemies":"Exordium Thugs","floor":10,"turns":4},{"damage":9,"enemies":"Lagavulin","floor":11,"turns":8},{"damage":7,"enemies":"3 Louse","floor":13,"turns":4},{"damage":2,"enemies":"Looter","floor":14,"turns":3},{"damage":0,"enemies":"Hexaghost","floor":16,"turns":8},{"damage":12,"enemies":"Shell Parasite","floor":18,"turns":7},{"damage":3,"enemies":"2 Thieves","floor":21,"turns":2},{"damage":11,"enemies":"Chosen and Byrds","floor":22,"turns":8},{"damage":0,"enemies":"Gremlin Leader","floor":24,"turns":6},{"damage":0,"enemies":"Slavers","floor":27,"turns":3},{"damage":4,"enemies":"Shelled Parasite and Fungi","floor":29,"turns":5},{"damage":2,"enemies":"Book of Stabbing","floor":30,"turns":5},{"damage":10,"enemies":"Sentry and Sphere","floor":31,"turns":7},{"damage":3,"enemies":"Collector","floor":33,"turns":8},{"damage":7,"enemies":"Orb Walker","floor":35,"turns":4},{"damage":0,"enemies":"3 Darklings","floor":36,"turns":2},{"damage":0,"enemies":"Giant Head","floor":40,"turns":6},{"damage":0,"enemies":"4 Shapes","floor":41,"turns":2},{"damage":2,"enemies":"Writhing Mass","floor":44,"turns":7},{"damage":0,"enemies":"Maw","floor":46,"turns":7},{"damage":0,"enemies":"Jaw Worm Horde","floor":47,"turns":3},{"damage":14,"enemies":"Time Eater","floor":50,"turns":10}],"seed_played":"-6532701180644162426","potions_obtained":[{"floor":1,"key":"Explosive Potion"},{"floor":7,"key":"Energy Potion"},{"floor":14,"key":"CunningPotion"},{"floor":18,"key":"SkillPotion"},{"floor":21,"key":"LiquidMemories"},{"floor":27,"key":"CunningPotion"},{"floor":30,"key":"Energy Potion"},{"floor":40,"key":"DistilledChaos"},{"floor":44,"key":"SpeedPotion"}],"is_trial":false,"path_per_floor":["M","?","M","?","?","R","E","M","T","M","E","R","M","M","R","B",null,"M","$","?","M","M","R","E","R","T","E","R","M","E","M","R","B",null,"M","M","?","$","?","E","M","R","T","M","R","M","M","?","R","B"],"character_chosen":"THE_SILENT","items_purchased":["Envenom","TwistedFunnel","Vajra"],"campfire_rested":1,"item_purchase_floors":[19,19,38],"current_hp_per_floor":[59,52,52,57,57,57,57,53,53,37,28,28,21,19,19,19,58,46,46,35,32,21,21,21,21,21,21,21,17,15,5,15,12,29,22,22,12,12,12,12,12,12,12,10,10,10,10,10,10,0,0],"gold":457,"neow_bonus":"THREE_ENEMY_KILL","is_daily":false,"chose_seed":false,"campfire_upgraded":8,"win_rate":0.0,"timestamp":1607659362,"path_taken":["M","?","M","?","?","R","E","M","T","?","E","R","M","M","R","BOSS","M","$","?","M","M","R","E","R","T","E","R","M","E","M","R","BOSS","M","M","?","$","?","E","M","R","T","?","R","M","M","?","R","BOSS"],"items_purchased_type":["Card","Relic","Relic"],"build_version":"2020-11-30","purchased_purges":2,"victory":false,"max_hp_per_floor":[66,66,66,71,71,71,71,71,71,71,71,71,71,71,71,71,71,71,71,35,35,35,35,35,35,35,35,35,35,35,35,35,35,35,35,35,35,35,35,35,35,35,35,35,35,35,35,35,35,35,35],"relic_stats":{"Nunchaku":[36],"Gremlin Horn":[15,15],"counters":[26,125],"Ornamental Fan":[284],"Question Card":14,"obtain_stats":[{"TwistedFunnel":19,"NeowsBlessing":0,"Gremlin Horn":9,"Vajra":38,"Question Card":27,"Mercury Hourglass":24,"Old Coin":40,"SlaversCollar":17,"Nunchaku":7,"Anchor":30,"Bottled Flame":43,"Ornamental Fan":11,"Ring of the Serpent":34,"Ring of the Snake":0},{"TwistedFunnel":10,"NeowsBlessing":0,"Gremlin Horn":4,"Vajra":20,"Question Card":14,"Mercury Hourglass":13,"Old Coin":21,"SlaversCollar":9,"Nunchaku":3,"Anchor":16,"Bottled Flame":22,"Ornamental Fan":6,"Ring of the Serpent":18,"Ring of the Snake":0},{"TwistedFunnel":40,"NeowsBlessing":0,"Gremlin Horn":6,"Vajra":90,"Question Card":59,"Mercury Hourglass":56,"Old Coin":96,"SlaversCollar":33,"Nunchaku":3,"Anchor":69,"Bottled Flame":98,"Ornamental Fan":18,"Ring of the Serpent":84,"Ring of the Snake":0}],"Mercury Hourglass":[229]},"card_choices":[{"not_picked":["Deadly Poison","Acrobatics"],"picked":"Poisoned Stab","floor":1},{"not_picked":["PiercingWail","Deflect"],"picked":"Bane","floor":3},{"not_picked":["Accuracy","Deadly Poison"],"picked":"Crippling Poison","floor":7},{"not_picked":["Skewer","Outmaneuver"],"picked":"Blade Dance","floor":8},{"not_picked":["Deflect","Slice"],"picked":"After Image","floor":10},{"not_picked":["Skewer","Dagger Throw"],"picked":"Terror","floor":11},{"not_picked":["Quick Slash","Predator"],"picked":"Escape Plan","floor":13},{"not_picked":["Bouncing Flask","Setup","Underhanded Strike"],"picked":"SKIP","floor":14},{"not_picked":["Envenom","Phantasmal Killer"],"picked":"Corpse Explosion","floor":16},{"not_picked":["Cloak And Dagger","Underhanded Strike+1"],"picked":"Backstab","floor":18},{"not_picked":["Cloak And Dagger","Expertise"],"picked":"Acrobatics+1","floor":21},{"not_picked":["Predator","Backstab"],"picked":"Accuracy","floor":22},{"not_picked":["Cloak And Dagger","Leg Sweep"],"picked":"After Image","floor":24},{"not_picked":["PiercingWail","Bane","Dagger Throw"],"picked":"SKIP","floor":27},{"not_picked":["Slice","Crippling Poison","Endless Agony"],"picked":"Acrobatics","floor":29},{"not_picked":["Choke+1","Cloak And Dagger","Bouncing Flask"],"picked":"Caltrops","floor":30},{"not_picked":["Skewer","Backflip","Bane"],"picked":"Blade Dance","floor":31},{"not_picked":["Bullet Time","Adrenaline","Storm of Steel"],"picked":"Burst","floor":33},{"not_picked":["Quick Slash","Prepared","Accuracy"],"picked":"Escape Plan","floor":35},{"not_picked":["Choke+1","Concentrate+1","Quick Slash"],"picked":"Finisher","floor":36},{"not_picked":["Madness","Secret Technique","Master of Strategy"],"picked":"Finesse","floor":37},{"not_picked":["Secret Weapon","Deep Breath","Mind Blast"],"picked":"Finesse","floor":37},{"not_picked":["Choke+1","Sucker Punch","Noxious Fumes"],"picked":"Blur","floor":40},{"not_picked":["Terror","Dagger Throw+1","Concentrate"],"picked":"Acrobatics","floor":41},{"not_picked":["PiercingWail","Cloak And Dagger","Noxious Fumes+1","All Out Attack"],"picked":"SKIP","floor":44},{"not_picked":["Choke","Die Die Die","Dodge and Roll"],"picked":"Acrobatics","floor":46},{"not_picked":["PiercingWail","Underhanded Strike+1","Crippling Poison","Predator"],"picked":"SKIP","floor":47}],"player_experience":833794,"relics_obtained":[{"floor":7,"key":"Nunchaku"},{"floor":9,"key":"Gremlin Horn"},{"floor":11,"key":"Ornamental Fan"},{"floor":24,"key":"Mercury Hourglass"},{"floor":27,"key":"Question Card"},{"floor":30,"key":"Anchor"},{"floor":40,"key":"Old Coin"},{"floor":43,"key":"Bottled Flame"}],"event_choices":[{"cards_removed":["Strike_G"],"damage_healed":0,"gold_gain":0,"player_choice":"Card Removal","damage_taken":7,"max_hp_gain":0,"max_hp_loss":0,"event_name":"Golden Wing","floor":2,"gold_loss":0},{"damage_healed":0,"gold_gain":0,"player_choice":"Donut","damage_taken":0,"max_hp_gain":5,"max_hp_loss":0,"event_name":"Big Fish","floor":4,"gold_loss":0},{"damage_healed":0,"gold_gain":0,"cards_transformed":["Defend_G"],"player_choice":"Transformed","damage_taken":0,"max_hp_gain":0,"max_hp_loss":0,"event_name":"Transmorgrifier","floor":5,"gold_loss":0,"cards_obtained":["Infinite Blades"]},{"damage_healed":0,"gold_gain":0,"player_choice":"Became a Ghost","damage_taken":0,"max_hp_gain":0,"max_hp_loss":36,"event_name":"Ghosts","floor":20,"gold_loss":0,"cards_obtained":["Ghostly","Ghostly","Ghostly"]},{"damage_healed":0,"gold_gain":0,"player_choice":"Memory 3","damage_taken":10,"max_hp_gain":0,"max_hp_loss":0,"event_name":"SensoryStone","floor":37,"gold_loss":0},{"damage_healed":0,"gold_gain":0,"player_choice":"Copied","damage_taken":0,"max_hp_gain":0,"max_hp_loss":0,"event_name":"Duplicator","floor":39,"gold_loss":0,"cards_obtained":["After Image"]},{"damage_healed":0,"gold_gain":0,"player_choice":"Got Potions","damage_taken":0,"max_hp_gain":0,"max_hp_loss":0,"event_name":"Lab","floor":48,"gold_loss":0}],"is_beta":false,"boss_relics":[{"not_picked":["Tiny House","SacredBark"],"picked":"SlaversCollar"},{"not_picked":["Pandora\u0027s Box","Runic Dome"],"picked":"Ring of the Serpent"}],"items_purged_floors":[19,38],"is_endless":false,"potions_floor_spawned":[1,7,14,18,21,27,30,35,40,44],"killed_by":"Time Eater","ascension_level":20}}