{"host":"kh6fvhxn285ncg0o","time":1607659123,"event":{"mods":["Act Like it!","BaseMod","Colored Map","Friendly Minions","Keyboard Shortcuts","Minty Spire (QoL Compilation)","Quick Restart","Relic Stats","StSLib","SuperFastMode"],"gold_per_floor":[112,112,124,49,124,152,152,484,509,528,543,598,612,627,627,701,701,715,715,728,728,311,339,339,349,394,394,394,425,440,474,474,548,548,563,579,579,599,611,611,611],"floor_reached":40,"playtime":1357,"items_purged":["Strike_R","Strike_R"],"score":1041,"play_id":"39763b3d-f76d-4ebf-a9dd-dcafc79f9fb4","local_time":"20201211125843","is_ascension_mode":true,"campfire_choices":[{"data":"Carnage","floor":7.0,"key":"SMITH"},{"data":"Immolate","floor":15.0,"key":"SMITH"},{"data":"Offering","floor":24.0,"key":"SMITH"},{"data":"Dark Embrace","floor":27.0,"key":"SMITH"},{"data":"Power Through","floor":32.0,"key":"SMITH"}],"circlet_count":0,"master_deck":["AscendersBane","Strike_R","Strike_R","Defend_R","Defend_R","Defend_R","Defend_R","Bash+1","Carnage+1","Shrug It Off","Immolate+1","Evolve","Pummel","Offering+1","Dark Embrace+1","Power Through+1","Barricade","Burning Pact"],"relics":["Burning Blood","NeowsBlessing","Regal Pillow","Old Coin","Oddly Smooth Stone","Akabeko","Runic Dome","TheAbacus","Bag of Marbles","Potion Belt","Happy Flower","Incense Burner","Coffee Dripper"],"acts_visited":["Exordium","TheCity","TheBeyond"],"potions_floor_usage":[40,40,40],"damage_taken":[{"damage":0.0,"enemies":"Small Slimes","floor":1.0,"turns":1.0},{"damage":0.0,"enemies":"Jaw Worm","floor":3.0,"turns":1.0},{"damage":0.0,"enemies":"Lagavulin","floor":6.0,"turns":1.0},{"damage":32.0,"enemies":"Gremlin Nob","floor":8.0,"turns":4.0},{"damage":0.0,"enemies":"Cultist","floor":10.0,"turns":2.0},{"damage":2.0,"enemies":"Looter","floor":11.0,"turns":3.0},{"damage":12.0,"enemies":"Gremlin Nob","floor":12.0,"turns":3.0},{"damage":0.0,"enemies":"Exordium Wildlife","floor":13.0,"turns":1.0},{"damage":2.0,"enemies":"3 Louse","floor":14.0,"turns":4.0},{"damage":20.0,"enemies":"Slime Boss","floor":16.0,"turns":6.0},{"damage":23.0,"enemies":"Shell Parasite","floor":18.0,"turns":4.0},{"damage":12.0,"enemies":"2 Thieves","floor":20.0,"turns":3.0},{"damage":6.0,"enemies":"Slavers","floor":23.0,"turns":4.0},{"damage":6.0,"enemies":"3 Cultists","floor":25.0,"turns":2.0},{"damage":37.0,"enemies":"Book of Stabbing","floor":29.0,"turns":4.0},{"damage":3.0,"enemies":"Centurion and Healer","floor":30.0,"turns":2.0},{"damage":6.0,"enemies":"Slavers","floor":31.0,"turns":1.0},{"damage":23.0,"enemies":"Automaton","floor":33.0,"turns":15.0},{"damage":0.0,"enemies":"3 Darklings","floor":35.0,"turns":1.0},{"damage":6.0,"enemies":"3 Shapes","floor":36.0,"turns":7.0},{"damage":43.0,"enemies":"Writhing Mass","floor":38.0,"turns":4.0},{"damage":10.0,"enemies":"Transient","floor":39.0,"turns":6.0},{"damage":52,"enemies":"Giant Head","floor":40,"turns":6}],"seed_played":"4359334429740471723","potions_obtained":[{"floor":6.0,"key":"PowerPotion"},{"floor":8.0,"key":"Swift Potion"},{"floor":13.0,"key":"Explosive Potion"},{"floor":14.0,"key":"AttackPotion"},{"floor":20.0,"key":"Fire Potion"},{"floor":23.0,"key":"Swift Potion"},{"floor":30.0,"key":"PowerPotion"},{"floor":36.0,"key":"SkillPotion"},{"floor":38.0,"key":"PowerPotion"}],"is_trial":false,"path_per_floor":["M","?","M","$","?","E","R","E","T","M","M","?","M","M","R","B",null,"M","?","M","?","$","E","R","M","T","R","?","E","M","E","R","B",null,"M","M","?","M","M","E"],"character_chosen":"IRONCLAD","items_purchased":["TheAbacus","Offering"],"campfire_rested":0,"item_purchase_floors":[22,22],"current_hp_per_floor":[74,74,75,75,64,70,70,44,44,50,54,48,54,58,58,44,67,50,50,44,44,44,44,44,44,44,44,85,54,57,57,57,40,74,80,80,80,43,39,0,0],"gold":611,"neow_bonus":"THREE_ENEMY_KILL","is_daily":false,"chose_seed":false,"campfire_upgraded":5,"win_rate":0.0,"timestamp":1607659123,"path_taken":["M","?","M","$","?","E","R","E","T","M","M","?","M","?","R","BOSS","M","?","?","?","?","E","R","M","T","R","?","E","?","E","R","BOSS","M","M","?","M","M","E"],"items_purchased_type":["Relic","Card"],"build_version":"2020-11-30","purchased_purges":2,"victory":false,"max_hp_per_floor":[75,75,75,75,75,75,75,75,75,75,75,75,75,75,75,75,75,75,75,75,75,75,75,75,75,75,75,85,85,85,85,85,85,85,85,85,85,85,85,85,85],"relic_stats":{"Regal Pillow":0,"TheAbacus":[144],"Happy Flower":[14],"counters":[23,85],"obtain_stats":[{"Potion Belt":26,"Regal Pillow":6,"NeowsBlessing":0,"Happy Flower":29,"Oddly Smooth Stone":9,"Incense Burner":31,"Burning Blood":0,"Akabeko":12,"Old Coin":8,"Runic Dome":17,"TheAbacus":22,"Bag of Marbles":23,"Coffee Dripper":34},{"Potion Belt":14,"Regal Pillow":3,"NeowsBlessing":0,"Happy Flower":15,"Oddly Smooth Stone":4,"Incense Burner":17,"Burning Blood":0,"Akabeko":6,"Old Coin":4,"Runic Dome":10,"TheAbacus":12,"Bag of Marbles":13,"Coffee Dripper":18},{"Potion Belt":39,"Regal Pillow":3,"NeowsBlessing":0,"Happy Flower":43,"Oddly Smooth Stone":7,"Incense Burner":46,"Burning Blood":0,"Akabeko":12,"Old Coin":7,"Runic Dome":26,"TheAbacus":33,"Bag of Marbles":37,"Coffee Dripper":61}],"Burning Blood":127},"card_choices":[{"not_picked":["Spot Weakness","Bloodletting"],"picked":"Carnage","floor":3.0},{"not_picked":["Clothesline","Sentinel","Pommel Strike"],"picked":"SKIP","floor":6.0},{"not_picked":["Clothesline","Pummel"],"picked":"Shrug It Off","floor":8.0},{"not_picked":["Wild Strike","Rampage"],"picked":"Berserk","floor":10.0},{"not_picked":["Heavy Blade","True Grit","Perfected Strike"],"picked":"SKIP","floor":11.0},{"not_picked":["Rampage","Clash","Intimidate"],"picked":"SKIP","floor":13.0},{"not_picked":["Heavy Blade","Inflame"],"picked":"Immolate","floor":14.0},{"not_picked":["Anger","Armaments","Twin Strike+1"],"picked":"SKIP","floor":18.0},{"not_picked":["Havoc","Anger"],"picked":"Pummel","floor":20.0},{"not_picked":["Body Slam","Shrug It Off","Rage"],"picked":"SKIP","floor":23.0},{"not_picked":["Brutality","Ghostly Armor"],"picked":"Dark Embrace","floor":25.0},{"not_picked":["Disarm","Inflame+1","Wild Strike+1"],"picked":"SKIP","floor":29.0},{"not_picked":["Warcry","Inflame+1"],"picked":"Power Through","floor":30.0},{"not_picked":["Armaments+1","Feel No Pain"],"picked":"Barricade","floor":31.0},{"not_picked":["Pummel+1","Iron Wave","Dual Wield"],"picked":"SKIP","floor":35.0},{"not_picked":["Anger","Sword Boomerang","Headbutt"],"picked":"SKIP","floor":36.0},{"not_picked":["Sentinel+1","Thunderclap+1","Bloodletting"],"picked":"SKIP","floor":38.0},{"not_picked":["Pommel Strike","Shrug It Off"],"picked":"Burning Pact","floor":39.0}],"player_experience":3134929,"relics_obtained":[{"floor":6.0,"key":"Regal Pillow"},{"floor":8.0,"key":"Old Coin"},{"floor":9.0,"key":"Oddly Smooth Stone"},{"floor":23.0,"key":"Bag of Marbles"},{"floor":26.0,"key":"Potion Belt"},{"floor":29.0,"key":"Happy Flower"},{"floor":31.0,"key":"Incense Burner"}],"event_choices":[{"damage_healed":0.0,"max_hp_gain":0.0,"max_hp_loss":0.0,"gold_gain":0.0,"event_name":"Living Wall","player_choice":"Grow","floor":2.0,"gold_loss":0.0,"damage_taken":0.0,"cards_upgraded":["Bash"]},{"damage_healed":0.0,"max_hp_gain":0.0,"max_hp_loss":0.0,"gold_gain":75.0,"event_name":"World of Goop","player_choice":"Gather Gold","floor":5.0,"gold_loss":0.0,"damage_taken":11.0},{"damage_healed":0.0,"max_hp_gain":0.0,"max_hp_loss":0.0,"gold_gain":0.0,"event_name":"Dead Adventurer","player_choice":"Searched \u00272\u0027 times","floor":12.0,"gold_loss":0.0,"damage_taken":0.0,"relics_obtained":["Akabeko"]},{"damage_healed":0.0,"max_hp_gain":0.0,"max_hp_loss":0.0,"gold_gain":0.0,"cards_transformed":["Strike_R"],"event_name":"Transmorgrifier","player_choice":"Transformed","floor":19.0,"gold_loss":0.0,"damage_taken":0.0,"cards_obtained":["Evolve"]},{"damage_healed":0.0,"max_hp_gain":0.0,"max_hp_loss":0.0,"gold_gain":0.0,"event_name":"Ghosts","player_choice":"Ignored","floor":21.0,"gold_loss":0.0,"damage_taken":0.0},{"cards_removed":["Berserk"],"damage_healed":31.0,"max_hp_gain":10.0,"max_hp_loss":0.0,"gold_gain":0.0,"event_name":"Bonfire Elementals","player_choice":"Offered Rare","floor":28.0,"gold_loss":0.0,"damage_taken":0.0},{"damage_healed":0.0,"max_hp_gain":0.0,"max_hp_loss":0.0,"gold_gain":0.0,"event_name":"Match and Keep!","player_choice":"0 cards matched","floor":37.0,"gold_loss":0.0,"damage_taken":0.0,"cards_obtained":[]}],"is_beta":false,"boss_relics":[{"not_picked":["Pandora\u0027s Box","Fusion Hammer"],"picked":"Runic Dome"},{"not_picked":["Black Star","Runic Cube"],"picked":"Coffee Dripper"}],"items_purged_floors":[4,22],"is_endless":false,"potions_floor_spawned":[6,8,11,13,14,20,23,30,36,38],"killed_by":"Giant Head","ascension_level":20}}