{"host":"vkn5295jy2rrqx8j","time":1607648962,"event":{"mods":["BaseMod","Colored Map","GifTheSpireLib","Hermit","Minty Spire (QoL Compilation)","StSLib","The Cursed"],"gold_per_floor":[110,126,136,151,169,169,202,182,206,237,237,256,256,269,269,344,344,344,344,344,344,344,344,344],"floor_reached":23,"playtime":1219,"items_purged":[],"score":414,"play_id":"0a4f1eca-bad8-45b6-8086-38731de5fbf5","local_time":"20201211100922","is_ascension_mode":true,"campfire_choices":[{"data":"Eruption","floor":6,"key":"SMITH"},{"data":"WaveOfTheHand","floor":11,"key":"SMITH"},{"data":"Indignation","floor":13,"key":"SMITH"},{"floor":15,"key":"REST"}],"circlet_count":0,"master_deck":["AscendersBane","Strike_P","Strike_P","Strike_P","Defend_P","Defend_P","Defend_P","Defend_P","Eruption+1","Vigilance","InnerPeace","Conclude","Wallop","FollowUp","WaveOfTheHand+1","FlurryOfBlows","Sanctity","Indignation+1","Crescendo","DevaForm","WreathOfFlame+1","Perseverance","InnerPeace","EmptyFist","Consecrate"],"relics":["PureWater","WingedGreaves","MealTicket","Centennial Puzzle","Ectoplasm"],"acts_visited":["Exordium","TheCity"],"potions_floor_usage":[7,10,10,18,20,21,23],"damage_taken":[{"damage":0,"enemies":"2 Louse","floor":1,"turns":2},{"damage":1,"enemies":"Cultist","floor":2,"turns":4},{"damage":0,"enemies":"Jaw Worm","floor":3,"turns":3},{"damage":0,"enemies":"Lots of Slimes","floor":4,"turns":1},{"damage":5,"enemies":"Blue Slaver","floor":5,"turns":4},{"damage":22,"enemies":"3 Sentries","floor":7,"turns":6},{"damage":6,"enemies":"Lagavulin","floor":10,"turns":6},{"damage":0,"enemies":"Large Slime","floor":12,"turns":4},{"damage":0,"enemies":"Looter","floor":14,"turns":2},{"damage":31,"enemies":"The Guardian","floor":16,"turns":11},{"damage":0,"enemies":"Chosen","floor":18,"turns":3},{"damage":9,"enemies":"3 Byrds","floor":19,"turns":6},{"damage":14,"enemies":"Shelled Parasite and Fungi","floor":20,"turns":7},{"damage":0,"enemies":"3 Cultists","floor":21,"turns":3},{"damage":40,"enemies":"Slavers","floor":23,"turns":6}],"seed_played":"2966963794741066198","potions_obtained":[{"floor":1,"key":"FearPotion"},{"floor":3,"key":"SneckoOil"},{"floor":4,"key":"CultistPotion"},{"floor":8,"key":"Dexterity Potion"},{"floor":10,"key":"Fire Potion"},{"floor":12,"key":"ColorlessPotion"},{"floor":16,"key":"SteroidPotion"},{"floor":19,"key":"Block Potion"},{"floor":21,"key":"AttackPotion"}],"is_trial":false,"path_per_floor":["M","M","M","M","M","R","E","?","T","E","R","M","R","M","R","B",null,"M","M","M","M","?","E"],"character_chosen":"WATCHER","items_purchased":[],"campfire_rested":1,"item_purchase_floors":[],"current_hp_per_floor":[55,54,54,54,49,49,27,27,27,21,21,21,21,21,45,14,64,64,55,41,41,41,1,1],"gold":344,"neow_bonus":"TWENTY_PERCENT_HP_BONUS","is_daily":false,"chose_seed":false,"campfire_upgraded":3,"win_rate":0.0,"timestamp":1607648962,"path_taken":["M","M","M","M","M","R","E","?","T","E","R","M","R","M","R","BOSS","M","M","?","M","?","E"],"items_purchased_type":[],"build_version":"2020-11-30","purchased_purges":0,"victory":false,"max_hp_per_floor":[80,80,80,80,80,80,80,80,80,80,80,80,80,80,80,80,80,80,80,80,80,80,80,80],"card_choices":[{"not_picked":["WreathOfFlame","FollowUp"],"picked":"InnerPeace","floor":1},{"not_picked":["FlyingSleeves","JustLucky"],"picked":"Conclude","floor":2},{"not_picked":["Consecrate","WindmillStrike"],"picked":"Wallop","floor":3},{"not_picked":["Study","EmptyBody"],"picked":"FollowUp","floor":4},{"not_picked":["ThirdEye","Evaluate"],"picked":"WaveOfTheHand","floor":5},{"not_picked":["FlyingSleeves","Crescendo"],"picked":"FlurryOfBlows","floor":7},{"not_picked":["Study","Crescendo"],"picked":"Sanctity","floor":10},{"not_picked":["InnerPeace","Protect"],"picked":"Indignation","floor":12},{"not_picked":["WaveOfTheHand","CrushJoints"],"picked":"Crescendo","floor":14},{"not_picked":["Judgement","Omniscience"],"picked":"DevaForm","floor":16},{"not_picked":["Halt","WindmillStrike"],"picked":"WreathOfFlame+1","floor":18},{"not_picked":["EmptyBody","CarveReality"],"picked":"Perseverance","floor":19},{"not_picked":["BowlingBash","FlyingSleeves"],"picked":"InnerPeace","floor":20},{"not_picked":["FollowUp","Prostrate"],"picked":"EmptyFist","floor":21}],"player_experience":788576,"relics_obtained":[{"floor":7,"key":"WingedGreaves"},{"floor":9,"key":"MealTicket"},{"floor":10,"key":"Centennial Puzzle"}],"event_choices":[{"damage_healed":0,"gold_gain":0,"player_choice":"Bought 1 Potion","damage_taken":0,"max_hp_gain":0,"max_hp_loss":0,"event_name":"The Woman in Blue","floor":8,"gold_loss":0},{"damage_healed":0,"gold_gain":0,"cards_transformed":["Strike_P"],"player_choice":"Transformed","damage_taken":0,"max_hp_gain":0,"max_hp_loss":0,"event_name":"Transmorgrifier","floor":22,"gold_loss":0,"cards_obtained":["Consecrate"]}],"is_beta":false,"boss_relics":[{"not_picked":["Busted Crown","VioletLotus"],"picked":"Ectoplasm"}],"items_purged_floors":[],"is_endless":false,"potions_floor_spawned":[1,3,4,10,12,16,19,21],"killed_by":"Slavers","ascension_level":20}}