{"host":"avjwtc49fhlk6kym","time":1607730241,"event":{"mods":["AchievementEnabler","BaseMod","Better Match","Better Note","Better Third Choice","Colored Map","Colored Powertips","Displayed Cursed Tome","Highlight Path","Minty Spire (QoL Compilation)","Permanent Neow","Quick Restart","StSLib"],"gold_per_floor":[112,123,140,240,255,255,283,2,2,2,31,44,72,72,72,170,170,187,187,187,20,30,59,59,84,132,143,68,43,43,58,58,161,161,175,194,204,6,17,17,30,30,30,48,48,63,63,83,83,83,83],"floor_reached":50,"playtime":2270,"items_purged":["Decay","Pain"],"score":609,"play_id":"696efdf8-1e88-43ea-859d-dea8303fbd1b","local_time":"20201211184401","is_ascension_mode":true,"campfire_choices":[{"data":"CrushJoints","floor":6.0,"key":"SMITH"},{"data":"ForeignInfluence","floor":10.0,"key":"SMITH"},{"floor":15.0,"key":"REST"},{"data":"Wallop","floor":24.0,"key":"SMITH"},{"floor":30.0,"key":"REST"},{"data":"CrushJoints","floor":32.0,"key":"SMITH"},{"floor":40.0,"key":"REST"},{"floor":42.0,"key":"REST"},{"floor":49,"key":"REST"}],"circlet_count":0,"master_deck":["Strike_P","Strike_P","Strike_P","Strike_P","Defend_P","Defend_P","Defend_P","Defend_P","Eruption+1","Vigilance","Conclude","CrushJoints+1","BowlingBash","Tantrum","WheelKick","ForeignInfluence+1","Scrawl","Consecrate","Protect","Judgement","FearNoEvil+1","ClearTheMind","FlurryOfBlows","Wallop+1","Wireheading","CrushJoints+1","FlurryOfBlows","SandsOfTime","Conclude+1","BattleHymn","Panacea","PathToVictory+1","Regret"],"relics":["PureWater","Pantograph","Bottled Flame","WingedGreaves","Pocketwatch","Art of War","Cursed Key","Bottled Lightning","PreservedInsect","Incense Burner","Lizard Tail","Regal Pillow","Busted Crown"],"acts_visited":["Exordium","TheCity","TheBeyond"],"potions_floor_usage":[],"damage_taken":[{"damage":4.0,"enemies":"Jaw Worm","floor":1.0,"turns":4.0},{"damage":1.0,"enemies":"Cultist","floor":2.0,"turns":3.0},{"damage":2.0,"enemies":"2 Louse","floor":3.0,"turns":2.0},{"damage":0.0,"enemies":"Large Slime","floor":5.0,"turns":3.0},{"damage":0.0,"enemies":"Gremlin Nob","floor":7.0,"turns":2.0},{"damage":19.0,"enemies":"3 Sentries","floor":11.0,"turns":5.0},{"damage":8.0,"enemies":"Exordium Wildlife","floor":12.0,"turns":3.0},{"damage":0.0,"enemies":"Gremlin Nob","floor":13.0,"turns":2.0},{"damage":44.0,"enemies":"Hexaghost","floor":16.0,"turns":8.0},{"damage":4.0,"enemies":"Chosen","floor":18.0,"turns":3.0},{"damage":8.0,"enemies":"3 Byrds","floor":22.0,"turns":3.0},{"damage":10.0,"enemies":"Gremlin Leader","floor":23.0,"turns":3.0},{"damage":13.0,"enemies":"Slavers","floor":25.0,"turns":3.0},{"damage":0.0,"enemies":"Sentry and Sphere","floor":27.0,"turns":2.0},{"damage":11.0,"enemies":"Snecko","floor":31.0,"turns":5.0},{"damage":66.0,"enemies":"Collector","floor":33.0,"turns":8.0},{"damage":0.0,"enemies":"3 Shapes","floor":35.0,"turns":1.0},{"damage":3.0,"enemies":"Orb Walker","floor":36.0,"turns":2.0},{"damage":21.0,"enemies":"Sphere and 2 Shapes","floor":37.0,"turns":4.0},{"damage":18.0,"enemies":"3 Darklings","floor":39.0,"turns":5.0},{"damage":27.0,"enemies":"Maw","floor":41.0,"turns":5.0},{"damage":7.0,"enemies":"Spire Growth","floor":44.0,"turns":4.0},{"damage":57.0,"enemies":"Writhing Mass","floor":46.0,"turns":5.0},{"damage":47.0,"enemies":"3 Darklings","floor":48.0,"turns":3.0},{"damage":68,"enemies":"Time Eater","floor":50,"turns":5}],"seed_played":"-4308540909467032147","potions_obtained":[{"floor":2.0,"key":"DuplicationPotion"},{"floor":5.0,"key":"FearPotion"},{"floor":11.0,"key":"LiquidMemories"},{"floor":23.0,"key":"Ancient Potion"},{"floor":25.0,"key":"Regen Potion"},{"floor":33.0,"key":"GamblersBrew"},{"floor":36.0,"key":"DuplicationPotion"},{"floor":39.0,"key":"DistilledChaos"},{"floor":41.0,"key":"AttackPotion"}],"is_trial":false,"path_per_floor":["M","M","M","?","M","R","E","$","T","R","E","M","E","?","R","B",null,"M","?","T","$","M","E","R","E","T","M","$","$","R","M","R","B",null,"M","M","M","$","M","R","M","R","T","M","?","M","$","M","R","B"],"character_chosen":"WATCHER","items_purchased":["Bottled Flame","ForeignInfluence","PreservedInsect","ClearTheMind","FlurryOfBlows","Panacea"],"campfire_rested":5,"item_purchase_floors":[8,8,21,21,29,38],"current_hp_per_floor":[68,67,65,65,65,65,65,65,65,65,46,38,38,38,59,28,72,68,68,68,68,60,50,50,37,37,42,42,42,72,61,61,6,72,72,69,48,48,30,66,39,72,72,65,65,8,8,4,40,0,0],"gold":83,"neow_bonus":"THREE_CARDS","is_daily":false,"chose_seed":false,"campfire_upgraded":4,"win_rate":0.0,"timestamp":1607730241,"path_taken":["M","M","M","?","M","R","E","?","T","R","E","?","E","?","R","BOSS","M","?","?","$","M","E","R","E","T","M","?","$","R","M","R","BOSS","M","M","M","$","M","R","M","R","T","M","?","M","$","M","R","BOSS"],"items_purchased_type":["Relic","Card","Relic","Card","Card","Card"],"build_version":"2020-11-30","purchased_purges":2,"victory":false,"max_hp_per_floor":[72,72,72,72,72,72,72,72,72,72,72,72,72,72,72,72,72,72,72,72,72,72,72,72,72,72,72,72,72,72,72,72,72,72,72,72,72,72,72,72,72,72,72,72,72,72,72,72,72,72,72],"card_choices":[{"not_picked":["EmptyFist","BowlingBash"],"picked":"Conclude","floor":0.0},{"not_picked":["CutThroughFate","Protect"],"picked":"CrushJoints","floor":1.0},{"not_picked":["CutThroughFate","Nirvana"],"picked":"BowlingBash","floor":2.0},{"not_picked":["EmptyFist","BowlingBash"],"picked":"Tantrum","floor":3.0},{"not_picked":["JustLucky","BowlingBash","EmptyBody"],"picked":"SKIP","floor":5.0},{"not_picked":["JustLucky","Indignation"],"picked":"WheelKick","floor":7.0},{"not_picked":["WaveOfTheHand","Adaptation"],"picked":"Scrawl","floor":11.0},{"not_picked":["Halt","BowlingBash"],"picked":"Consecrate","floor":12.0},{"not_picked":["SashWhip","Adaptation"],"picked":"Protect","floor":13.0},{"not_picked":["SpiritShield","Wish"],"picked":"Judgement","floor":16.0},{"not_picked":["Halt","JustLucky"],"picked":"FearNoEvil+1","floor":18.0},{"not_picked":["Fasting2","WaveOfTheHand"],"picked":"FlurryOfBlows","floor":22.0},{"not_picked":["Nirvana","Sanctity"],"picked":"Wallop","floor":23.0},{"not_picked":["EmptyFist","ForeignInfluence"],"picked":"Wireheading","floor":25.0},{"not_picked":["Halt+1","Weave"],"picked":"CrushJoints","floor":27.0},{"not_picked":["FlurryOfBlows","CrushJoints"],"picked":"SandsOfTime","floor":31.0},{"not_picked":["SpiritShield","Alpha"],"picked":"DevaForm","floor":33.0},{"not_picked":[],"picked":"Conclude+1","floor":35.0},{"not_picked":["Fasting2+1"],"picked":"SKIP","floor":36.0},{"not_picked":[],"picked":"BattleHymn","floor":37.0},{"not_picked":["EmptyBody+1"],"picked":"SKIP","floor":39.0},{"not_picked":[],"picked":"PathToVictory+1","floor":41.0},{"not_picked":["Vengeance"],"picked":"SKIP","floor":44.0},{"not_picked":["Halt+1"],"picked":"SKIP","floor":46.0},{"not_picked":["PathToVictory+1"],"picked":"SKIP","floor":48.0}],"player_experience":488062,"relics_obtained":[{"floor":7.0,"key":"Pantograph"},{"floor":9.0,"key":"WingedGreaves"},{"floor":11.0,"key":"Pocketwatch"},{"floor":13.0,"key":"Art of War"},{"floor":20.0,"key":"Bottled Lightning"},{"floor":23.0,"key":"Incense Burner"},{"floor":25.0,"key":"Lizard Tail"},{"floor":26.0,"key":"Regal Pillow"}],"event_choices":[{"damage_healed":0.0,"max_hp_gain":0.0,"max_hp_loss":0.0,"gold_gain":100.0,"event_name":"Wheel of Change","player_choice":"Gold","floor":4.0,"gold_loss":0.0,"damage_taken":0.0},{"damage_healed":0.0,"max_hp_gain":0.0,"max_hp_loss":0.0,"gold_gain":0.0,"event_name":"Living Wall","player_choice":"Grow","floor":14.0,"gold_loss":0.0,"damage_taken":0.0,"cards_upgraded":["Eruption"]},{"damage_healed":0.0,"max_hp_gain":0.0,"max_hp_loss":0.0,"gold_gain":0.0,"event_name":"Ghosts","player_choice":"Ignored","floor":19.0,"gold_loss":0.0,"damage_taken":0.0},{"cards_removed":["DevaForm"],"damage_healed":0.0,"max_hp_gain":0.0,"max_hp_loss":0.0,"gold_gain":0.0,"event_name":"Falling","player_choice":"Removed Power","floor":45.0,"gold_loss":0.0,"damage_taken":0.0}],"is_beta":false,"boss_relics":[{"not_picked":["Velvet Choker","Snecko Eye"],"picked":"Cursed Key"},{"not_picked":["Black Star","SacredBark"],"picked":"Busted Crown"}],"items_purged_floors":[28,38],"is_endless":false,"potions_floor_spawned":[2,5,11,23,25,33,36,39,41],"killed_by":"Time Eater","ascension_level":2}}