{"host":"f55lpzc7830gmx23","time":1607708945,"event":{"mods":["BaseMod","Better Note","Downfall","Hermit","Minty Spire (QoL Compilation)","StSLib","The Blackbeard","The Cursed","The Necromancer"],"gold_per_floor":[119,119,135,135,152,187,187,214,262,296,316,316,335,285,285,285,285,285],"floor_reached":16,"playtime":902,"items_purged":[],"score":174,"play_id":"7f6e6830-9f07-4d18-a756-3f9a3c227638","local_time":"20201211184905","is_ascension_mode":true,"campfire_choices":[{"floor":7,"key":"REST"},{"data":"blackbeard:Provisioning","floor":15,"key":"SMITH"}],"circlet_count":0,"master_deck":["blackbeard:BlackbeardStrike+1","blackbeard:BlackbeardStrike+1","blackbeard:BlackbeardStrike","blackbeard:BlackbeardStrike","blackbeard:IntimidatingStrike","blackbeard:BlackbeardDefend","blackbeard:BlackbeardDefend","blackbeard:BlackbeardDefend","blackbeard:Cutlass+1","blackbeard:Sword","Pain","blackbeard:GoldenStrike","blackbeard:Rum","blackbeard:BeatUp+1","blackbeard:InfiniteBarrage","blackbeard:BlindAttacks+1","blackbeard:Provisioning+1","Regret","blackbeard:BountyHunter+1","blackbeard:GoldenDefense"],"relics":["blackbeard:LoadTheCannons","Blood Vial","WarpedTongs","Molten Egg 2","Potion Belt","Juzu Bracelet","Whetstone","Strawberry"],"acts_visited":["Exordium"],"potions_floor_usage":[10,11,13,16],"damage_taken":[{"damage":2,"enemies":"2 Louse","floor":1,"turns":4},{"damage":5,"enemies":"Cultist","floor":3,"turns":3},{"damage":9,"enemies":"Jaw Worm","floor":5,"turns":3},{"damage":53,"enemies":"Lagavulin","floor":6,"turns":9},{"damage":19,"enemies":"Gremlin Nob","floor":8,"turns":3},{"damage":2,"enemies":"Lagavulin","floor":10,"turns":4},{"damage":4,"enemies":"2 Fungi Beasts","floor":11,"turns":2},{"damage":0,"enemies":"Looter","floor":13,"turns":1},{"damage":26,"enemies":"Hexaghost","floor":16,"turns":8}],"seed_played":"-349012892516576322","potions_obtained":[{"floor":1,"key":"Explosive Potion"},{"floor":5,"key":"EssenceOfSteel"},{"floor":6,"key":"sneckomod:MuddlingPotion"},{"floor":10,"key":"Fire Potion"}],"is_trial":false,"path_per_floor":["M","?","M","?","M","E","R","E","T","E","M","?","M","?","R","B"],"character_chosen":"BLACKBEARD_CLASS","items_purchased":[],"campfire_rested":1,"item_purchase_floors":[],"current_hp_per_floor":[73,73,70,70,63,12,34,17,17,17,15,22,24,24,24,0,0,0],"gold":285,"neow_bonus":"RANDOM_COMMON_RELIC","is_daily":false,"chose_seed":false,"campfire_upgraded":1,"win_rate":0.0,"timestamp":1607708945,"path_taken":["M","?","?","?","M","E","R","E","T","E","M","?","M","?","R","BOSS"],"items_purchased_type":[],"build_version":"2020-11-30","purchased_purges":0,"victory":false,"max_hp_per_floor":[75,75,75,75,75,75,75,75,75,75,75,82,82,82,82,82,82,82],"card_choices":[{"not_picked":["blackbeard:WiseDefense","blackbeard:Revenge"],"picked":"blackbeard:Sword","floor":1},{"not_picked":["blackbeard:PiratesWill","blackbeard:TacticalRetreat"],"picked":"blackbeard:GoldenStrike","floor":3},{"not_picked":["blackbeard:Spear","blackbeard:Provisioning"],"picked":"blackbeard:Rum","floor":5},{"not_picked":["blackbeard:Sharpening","blackbeard:DangerousBlow+1"],"picked":"blackbeard:BeatUp+1","floor":6},{"not_picked":["blackbeard:Toast","blackbeard:Sharpening"],"picked":"blackbeard:InfiniteBarrage","floor":8},{"not_picked":["blackbeard:PiratesWill","blackbeard:CannonballSupply"],"picked":"blackbeard:BlindAttacks+1","floor":10},{"not_picked":["blackbeard:Sharpening","blackbeard:SwordDance"],"picked":"blackbeard:Provisioning","floor":11},{"not_picked":["blackbeard:Upgrade","blackbeard:Toast"],"picked":"blackbeard:BountyHunter+1","floor":13}],"player_experience":386877,"relics_obtained":[{"floor":6,"key":"Molten Egg 2"},{"floor":8,"key":"Potion Belt"},{"floor":9,"key":"Juzu Bracelet"},{"floor":10,"key":"Whetstone"}],"event_choices":[{"damage_healed":0,"gold_gain":0,"player_choice":"Rummage","damage_taken":0,"relics_obtained":["WarpedTongs"],"max_hp_gain":0,"max_hp_loss":0,"event_name":"Accursed Blacksmith","floor":2,"gold_loss":0,"cards_obtained":["Pain"]},{"damage_healed":0,"gold_gain":0,"player_choice":"Grow","damage_taken":0,"max_hp_gain":0,"max_hp_loss":0,"event_name":"Living Wall","floor":4,"gold_loss":0,"cards_upgraded":["blackbeard:Cutlass"]},{"damage_healed":0,"gold_gain":0,"player_choice":"Box","damage_taken":0,"relics_obtained":["Strawberry"],"max_hp_gain":0,"max_hp_loss":0,"event_name":"Big Fish","floor":12,"gold_loss":0,"cards_obtained":["Regret"]},{"damage_healed":0,"gold_gain":0,"player_choice":"blackbeard:GoldenDefense","damage_taken":0,"max_hp_gain":0,"max_hp_loss":0,"event_name":"blackbeard:GoldsmithEvent","floor":14,"gold_loss":0,"cards_obtained":["blackbeard:GoldenDefense"]}],"is_beta":false,"boss_relics":[],"items_purged_floors":[],"is_endless":false,"potions_floor_spawned":[1,5,6,10],"killed_by":"Hexaghost","ascension_level":4}}