{"host":"tsmyusoyd9msvbjb","time":1607665446,"event":{"mods":["2.2 Compatiblity","BaseMod","BetterRewards","DeckTracker","Friendly Minions","Minty Spire (QoL Compilation)","Replay The Spire","StSLib","The Animator","The Fake Hero","The Poker Player","The Servant 0.9.4","Trackpad","Yohane!"],"gold_per_floor":[518,518,518,532,548,548,548],"floor_reached":6,"playtime":373,"items_purged":[],"score":36,"play_id":"5add1806-8cb9-4809-8eee-591b6e97a7d3","local_time":"20201210234406","is_ascension_mode":false,"campfire_choices":[],"circlet_count":0,"master_deck":["luka_mod:StrikeLukaOne","luka_mod:StrikeLukaTwo","luka_mod:StrikeLukaFour","luka_mod:StrikeLukaFive","luka_mod:StrikeLukaSix","luka_mod:Salt","luka_mod:Guard","luka_mod:Wait","luka_mod:Edging","luka_mod:FlailWildly","luka_mod:Meditation","luka_mod:Surrender","luka_mod:FireSlash","luka_mod:UnusedPoison+1","luka_mod:GuardTraining","luka_mod:Calm"],"relics":["luka_mod:KeepsakeRing"],"acts_visited":["Exordium"],"potions_floor_usage":[6],"damage_taken":[{"damage":4,"enemies":"2 Louse","floor":1,"turns":3},{"damage":0,"enemies":"Cultist","floor":4,"turns":3},{"damage":13,"enemies":"Jaw Worm","floor":5,"turns":5},{"damage":65,"enemies":"3 Sentries","floor":6,"turns":7}],"seed_played":"-4807188951489531758","potions_obtained":[{"floor":3,"key":"Ancient Potion"},{"floor":3,"key":"Regen Potion"},{"floor":3,"key":"CultistPotion"}],"is_trial":false,"path_per_floor":["M","?","?","M","M","E"],"character_chosen":"LUKA_CLASS","items_purchased":[],"campfire_rested":0,"item_purchase_floors":[],"current_hp_per_floor":[40,40,40,40,27,0,0],"gold":548,"neow_bonus":"TEN_PERCENT_HP_BONUS","is_daily":false,"chose_seed":false,"campfire_upgraded":0,"win_rate":0.0,"timestamp":1607665446,"path_taken":["M","?","?","M","M","E"],"items_purchased_type":[],"build_version":"2020-11-30","purchased_purges":0,"victory":false,"max_hp_per_floor":[44,44,44,44,44,44,44],"card_choices":[{"not_picked":["luka_mod:EarthSlash","luka_mod:GuardedStrike"],"picked":"luka_mod:FireSlash","floor":1},{"not_picked":["luka_mod:EarthSlash","luka_mod:StressRelief"],"picked":"luka_mod:GuardTraining","floor":4},{"not_picked":["luka_mod:BladeOfStillWater","luka_mod:Overexert"],"picked":"luka_mod:Calm","floor":5}],"player_experience":224631,"relics_obtained":[],"event_choices":[{"damage_healed":0,"gold_gain":0,"player_choice":"Got Potions","damage_taken":0,"max_hp_gain":0,"max_hp_loss":0,"event_name":"Lab","floor":3,"gold_loss":0}],"is_beta":false,"boss_relics":[],"items_purged_floors":[],"is_endless":false,"potions_floor_spawned":[4,5],"killed_by":"3 Sentries","ascension_level":0}}