{"host":"jlioisuqr94vbevf","time":1607648229,"event":{"mods":["BaseMod","Colored Powertips","Minty Spire (QoL Compilation)","StSLib"],"gold_per_floor":[116,127,139,139,89,114,114,27,53,53,78,78,78,89,89,187,187,207,157,168,184,210,210,223,223,223,223,138,138,150,166,166,166,166],"floor_reached":33,"playtime":5940,"items_purged":["Strike_G"],"score":319,"play_id":"02967735-0c33-41aa-b261-48d3de898c70","local_time":"20201211015709","is_ascension_mode":true,"campfire_choices":[{"data":"Neutralize","floor":7,"key":"SMITH"},{"floor":10,"key":"REST"},{"floor":13,"key":"REST"},{"floor":15,"key":"REST"},{"floor":23,"key":"REST"},{"floor":25,"key":"REST"},{"data":"A Thousand Cuts","floor":29,"key":"SMITH"},{"floor":32,"key":"REST"}],"circlet_count":0,"master_deck":["Strike_G","Strike_G+1","Strike_G","Strike_G","Defend_G","Defend_G","Defend_G","Defend_G","Defend_G","Survivor","Neutralize+1","Flying Knee","Blade Dance","Prepared","Quick Slash","Backstab","PiercingWail+1","Escape Plan","Cloak And Dagger","A Thousand Cuts+1","Cloak And Dagger","Backflip+1","Caltrops","Outmaneuver","Decay","Slice"],"relics":["Ring of the Snake","Potion Belt","Strawberry","Bag of Preparation","Smiling Mask","Mercury Hourglass","HoveringKite","Red Mask","Bottled Lightning","Bag of Marbles"],"acts_visited":["Exordium","TheCity"],"potions_floor_usage":[4,16,22,30,33,33,33],"damage_taken":[{"damage":0,"enemies":"Jaw Worm","floor":1,"turns":7},{"damage":3,"enemies":"2 Louse","floor":2,"turns":2},{"damage":0,"enemies":"Small Slimes","floor":3,"turns":3},{"damage":27,"enemies":"3 Sentries","floor":6,"turns":9},{"damage":40,"enemies":"Lagavulin","floor":11,"turns":7},{"damage":0,"enemies":"3 Louse","floor":14,"turns":2},{"damage":54,"enemies":"The Guardian","floor":16,"turns":15},{"damage":9,"enemies":"Spheric Guardian","floor":18,"turns":4},{"damage":2,"enemies":"Chosen","floor":20,"turns":4},{"damage":16,"enemies":"Snake Plant","floor":21,"turns":6},{"damage":1,"enemies":"Masked Bandits","floor":22,"turns":3},{"damage":28,"enemies":"Snecko","floor":24,"turns":6},{"damage":30,"enemies":"Centurion and Healer","floor":30,"turns":5},{"damage":17,"enemies":"Chosen and Byrds","floor":31,"turns":6},{"damage":38,"enemies":"Collector","floor":33,"turns":7}],"seed_played":"2484032112525506360","potions_obtained":[{"floor":1,"key":"Fruit Juice"},{"floor":11,"key":"LiquidBronze"},{"floor":16,"key":"SteroidPotion"},{"floor":21,"key":"DistilledChaos"},{"floor":24,"key":"SpeedPotion"},{"floor":30,"key":"BlessingOfTheForge"},{"floor":31,"key":"Dexterity Potion"}],"is_trial":false,"path_per_floor":["M","M","M","?","?","E","R","$","T","R","E","?","R","M","R","B",null,"M","$","M","M","?","R","M","R","T","?","?","R","M","M","R","B"],"character_chosen":"THE_SILENT","items_purchased":["Backstab","PiercingWail"],"campfire_rested":6,"item_purchase_floors":[8,8],"current_hp_per_floor":[70,67,67,79,79,52,52,52,52,76,36,20,44,44,68,14,65,56,56,54,38,37,61,33,57,57,57,57,57,27,10,34,0,0],"gold":166,"neow_bonus":"RANDOM_COMMON_RELIC","is_daily":false,"chose_seed":false,"campfire_upgraded":2,"win_rate":0.0,"timestamp":1607648229,"path_taken":["M","M","M","?","?","E","R","$","T","R","E","?","R","M","R","BOSS","M","$","M","M","?","R","M","R","T","?","?","R","M","M","R","BOSS"],"items_purchased_type":["Card","Card"],"build_version":"2020-11-30","purchased_purges":1,"victory":false,"max_hp_per_floor":[70,70,70,82,82,82,82,82,82,82,82,82,82,82,82,82,82,82,82,82,82,82,82,82,82,82,82,82,82,82,82,82,82,82],"card_choices":[{"not_picked":["Backstab","Skewer"],"picked":"Flying Knee","floor":1},{"not_picked":["Dagger Throw","Dagger Spray"],"picked":"Blade Dance","floor":2},{"not_picked":["Heel Hook","Eviscerate"],"picked":"Prepared","floor":3},{"not_picked":["Acrobatics","Outmaneuver"],"picked":"Quick Slash","floor":6},{"not_picked":["Bane","Heel Hook"],"picked":"Escape Plan","floor":11},{"not_picked":["Heel Hook","Flechettes"],"picked":"Cloak And Dagger","floor":14},{"not_picked":["Burst","Night Terror"],"picked":"A Thousand Cuts","floor":16},{"not_picked":["Slice","Reflex"],"picked":"Cloak And Dagger","floor":18},{"not_picked":["Bane+1","Cloak And Dagger"],"picked":"Backflip+1","floor":20},{"not_picked":["Outmaneuver","Wraith Form v2"],"picked":"Caltrops","floor":21},{"not_picked":["Prepared","Poisoned Stab"],"picked":"Outmaneuver","floor":24},{"not_picked":["A Thousand Cuts","Concentrate+1","Outmaneuver"],"picked":"SKIP","floor":30},{"not_picked":["Expertise","Predator"],"picked":"Slice","floor":31}],"player_experience":334631,"relics_obtained":[{"floor":6,"key":"Bag of Preparation"},{"floor":9,"key":"Smiling Mask"},{"floor":11,"key":"Mercury Hourglass"},{"floor":22,"key":"Red Mask"},{"floor":26,"key":"Bottled Lightning"}],"event_choices":[{"damage_healed":0,"gold_gain":0,"player_choice":"Box","damage_taken":0,"relics_obtained":["Strawberry"],"max_hp_gain":0,"max_hp_loss":0,"event_name":"Big Fish","floor":4,"gold_loss":0,"cards_obtained":["Regret"]},{"cards_removed":["Regret"],"damage_healed":0,"gold_gain":0,"player_choice":"Card Removal","damage_taken":0,"max_hp_gain":0,"max_hp_loss":0,"event_name":"The Cleric","floor":5,"gold_loss":50},{"damage_healed":0,"gold_gain":0,"player_choice":"Entered Light","damage_taken":16,"max_hp_gain":0,"max_hp_loss":0,"event_name":"Shining Light","floor":12,"gold_loss":0,"cards_upgraded":["Strike_G","PiercingWail"]},{"damage_healed":0,"gold_gain":0,"player_choice":"Fought Bandits","damage_taken":0,"max_hp_gain":0,"max_hp_loss":0,"event_name":"Masked Bandits","floor":22,"gold_loss":0},{"damage_healed":0,"gold_gain":0,"player_choice":"Smashed Altar","damage_taken":0,"max_hp_gain":0,"max_hp_loss":0,"event_name":"Forgotten Altar","floor":27,"gold_loss":0,"cards_obtained":["Decay"]},{"damage_healed":0,"gold_gain":0,"player_choice":"Obtained Relic","damage_taken":0,"relics_obtained":["Bag of Marbles"],"max_hp_gain":0,"max_hp_loss":0,"event_name":"Addict","floor":28,"gold_loss":85}],"is_beta":false,"boss_relics":[{"not_picked":["Coffee Dripper","Tiny House"],"picked":"HoveringKite"}],"items_purged_floors":[19],"is_endless":false,"potions_floor_spawned":[1,11,16,21,24,30,31],"killed_by":"Collector","ascension_level":5}}