{"host":"qrt7o4dq2qslzw13","time":1607701331,"event":{"mods":["AchievementEnabler","BaseMod","Colored Map","Colored Powertips","Minty Spire (QoL Compilation)","Quick Restart","Rare Cards Sparkle","StSLib","SuperFastMode"],"gold_per_floor":[109,184,201,219,230,230,247,247,272,303,303,313,326,56,56,128,128,146,146,160,33,308,308,320,320,320],"floor_reached":25,"playtime":794,"items_purged":["Defend_R"],"score":390,"play_id":"a4817d5f-ed70-408b-a23b-13ac1b1fde05","local_time":"20201211104211","is_ascension_mode":true,"campfire_choices":[{"data":"Anger","floor":6.0,"key":"SMITH"},{"floor":8.0,"key":"REST"},{"floor":15.0,"key":"REST"},{"floor":23,"key":"REST"}],"circlet_count":0,"master_deck":["AscendersBane","Strike_R","Strike_R","Strike_R","Strike_R","Defend_R","Bash","Impatience","Pommel Strike","Anger+1","Sword Boomerang","Ghostly Armor","Burning Pact","Rage","Thunderclap","Immolate","Power Through","Blood for Blood","Fire Breathing","Shrug It Off","Warcry","Discovery","Bludgeon","Evolve+1","Feel No Pain+1","Shockwave+1","Inflame","Wild Strike","Flex","Regret","Battle Trance"],"relics":["Burning Blood","Lantern","Potion Belt","Ornamental Fan","Orrery","Astrolabe"],"acts_visited":["Exordium","TheCity"],"potions_floor_usage":[20],"damage_taken":[{"damage":22.0,"enemies":"Small Slimes","floor":1.0,"turns":4.0},{"damage":7.0,"enemies":"Jaw Worm","floor":3.0,"turns":3.0},{"damage":8.0,"enemies":"2 Louse","floor":4.0,"turns":2.0},{"damage":14.0,"enemies":"Blue Slaver","floor":5.0,"turns":4.0},{"damage":17.0,"enemies":"Lots of Slimes","floor":7.0,"turns":6.0},{"damage":34.0,"enemies":"Gremlin Nob","floor":10.0,"turns":4.0},{"damage":3.0,"enemies":"2 Fungi Beasts","floor":12.0,"turns":3.0},{"damage":3.0,"enemies":"Blue Slaver","floor":13.0,"turns":3.0},{"damage":26.0,"enemies":"The Guardian","floor":16.0,"turns":10.0},{"damage":11.0,"enemies":"2 Thieves","floor":18.0,"turns":4.0},{"damage":37,"enemies":"3 Byrds","floor":20,"turns":6},{"damage":19,"enemies":"Snecko","floor":24,"turns":5},{"damage":39,"enemies":"Snake Plant","floor":25,"turns":4}],"seed_played":"-7534381126833675860","potions_obtained":[{"floor":7.0,"key":"Strength Potion"},{"floor":10.0,"key":"Block Potion"},{"floor":12.0,"key":"ColorlessPotion"},{"floor":16.0,"key":"CultistPotion"},{"floor":24,"key":"GamblersBrew"}],"is_trial":false,"path_per_floor":["M","?","M","M","M","R","M","R","T","E","T","M","M","$","R","B",null,"M","?","M","$","?","R","M","M"],"character_chosen":"IRONCLAD","items_purchased":["Orrery","Discovery","Flex"],"campfire_rested":3,"item_purchase_floors":[14,14,21],"current_hp_per_floor":[52,41,40,38,30,30,19,41,41,13,13,16,19,19,41,21,62,57,57,26,26,26,48,35,0,0],"gold":320,"neow_bonus":"RANDOM_COLORLESS","is_daily":false,"chose_seed":false,"campfire_upgraded":1,"win_rate":0.0,"timestamp":1607701331,"path_taken":["M","?","M","M","M","R","M","R","T","E","?","M","M","$","R","BOSS","M","?","M","$","?","R","?","M"],"items_purchased_type":["Relic","Card","Card"],"build_version":"2020-11-30","purchased_purges":1,"victory":false,"max_hp_per_floor":[75,75,75,75,75,75,75,75,75,75,75,75,75,75,75,75,75,75,75,75,75,75,75,75,75,75],"card_choices":[{"not_picked":["Deep Breath","Blind"],"picked":"Impatience","floor":0.0},{"not_picked":["True Grit","Entrench"],"picked":"Pommel Strike","floor":1.0},{"not_picked":["Inflame","Body Slam"],"picked":"Anger","floor":3.0},{"not_picked":["Clothesline","Wild Strike"],"picked":"Sword Boomerang","floor":4.0},{"not_picked":["Warcry","True Grit"],"picked":"Ghostly Armor","floor":5.0},{"not_picked":["Headbutt","Warcry"],"picked":"Burning Pact","floor":7.0},{"not_picked":["Fire Breathing","Sword Boomerang"],"picked":"Rage","floor":10.0},{"not_picked":["Spot Weakness","Fire Breathing"],"picked":"Thunderclap","floor":12.0},{"not_picked":["Thunderclap","Dark Embrace"],"picked":"Immolate","floor":13.0},{"not_picked":["Rampage","Headbutt"],"picked":"Power Through","floor":14.0},{"not_picked":["Searing Blow","Limit Break"],"picked":"Blood for Blood","floor":14.0},{"not_picked":["Rampage","Wild Strike"],"picked":"Fire Breathing","floor":14.0},{"not_picked":["Armaments","Thunderclap"],"picked":"Shrug It Off","floor":14.0},{"not_picked":["Pummel","Flex"],"picked":"Warcry","floor":14.0},{"not_picked":["Barricade","Exhume"],"picked":"Bludgeon","floor":16.0},{"not_picked":["Body Slam","Cleave"],"picked":"Inflame","floor":18.0},{"not_picked":["Pommel Strike","Warcry"],"picked":"Wild Strike","floor":20},{"not_picked":["Whirlwind","Perfected Strike"],"picked":"Battle Trance","floor":24}],"player_experience":440266,"relics_obtained":[{"floor":9.0,"key":"Lantern"},{"floor":10.0,"key":"Potion Belt"},{"floor":11.0,"key":"Ornamental Fan"}],"event_choices":[{"damage_healed":0.0,"max_hp_gain":0.0,"max_hp_loss":0.0,"gold_gain":75.0,"event_name":"World of Goop","player_choice":"Gather Gold","floor":2.0,"gold_loss":0.0,"damage_taken":11.0},{"damage_healed":0.0,"max_hp_gain":0.0,"max_hp_loss":0.0,"gold_gain":0.0,"event_name":"Beggar","player_choice":"Ignored","floor":19.0,"gold_loss":0.0,"damage_taken":0.0},{"damage_healed":0,"gold_gain":275,"player_choice":"Desecrate","damage_taken":0,"max_hp_gain":0,"max_hp_loss":0,"event_name":"Golden Shrine","floor":22,"gold_loss":0,"cards_obtained":["Regret"]}],"is_beta":false,"boss_relics":[{"not_picked":["Coffee Dripper","Runic Dome"],"picked":"Astrolabe"}],"items_purged_floors":[21],"is_endless":false,"potions_floor_spawned":[7,10,12,16,24],"killed_by":"Snake Plant","ascension_level":18}}