{"host":"q8o6l8eqnoevndy4","time":1607660482,"event":{"mods":["AchievementEnabler","Act Like it!","AlwaysNeverKeys","Bard","BaseMod","Bestiary","Better Altar","Better Match","Better Note","Better Sensory Stone","Better Skull","Better Third Choice","Better Vampires","Better-Laid Plans","Booster Modes","Colored Map","Colored Powertips","Custom Start","Disable Question Mark Monsters","Displayed Cursed Tome","Friendly Minions","GifTheSpireLib","Hermit","Highlight Path","Infinite Spire","Keyboard Shortcuts","Minty Spire (QoL Compilation)","Permanent Neow","Quick Restart","Random Character Button","Random Character Mod","Rare Cards Sparkle","Relic Sorter","Relic Stats","Reorder Act Four","Spicy Shops","StSLib","The Blackbeard","The Gatherer","Transform Curses","Virulent Crown"],"gold_per_floor":[115,115,64,0,14,14,14,14,14,26,26,45,57,74,74,74,178,178,188,188,208,208,208,86,86,11,11,37,37,37,37,54,66,66,66,66,66],"floor_reached":36,"playtime":862,"items_purged":["Strike_R","Strike_R"],"score":250,"play_id":"2dc2ee62-fefe-4460-ab96-245e7888009c","local_time":"20201210232122","is_ascension_mode":false,"campfire_choices":[{"data":"Enlightenment","floor":6,"key":"SMITH"},{"data":"Bash","floor":8,"key":"SMITH"},{"data":"Perfected Strike","floor":11,"key":"SMITH"},{"data":"Pommel Strike","floor":15,"key":"SMITH"},{"data":"Pommel Strike","floor":16,"key":"SMITH"},{"data":"True Grit","floor":25,"key":"SMITH"},{"data":"RitualDagger","floor":31,"key":"SMITH"},{"floor":34,"key":"REST"},{"data":"Thunderclap","floor":35,"key":"SMITH"}],"circlet_count":0,"master_deck":["Strike_R","Strike_R","Defend_R+1","Defend_R","Defend_R+1","Defend_R","Bash+1","Pommel Strike+1","Perfected Strike+1","Pommel Strike+1","Pommel Strike","Flex+1","Thunderclap+1","infinitespire:Fortify","True Grit+1","Thunderclap+1","RitualDagger+1"],"relics":["Burning Blood"],"acts_visited":["Exordium","TheCity"],"potions_floor_usage":[17,36],"damage_taken":[{"damage":11,"enemies":"Jaw Worm","floor":1,"turns":3},{"damage":0,"enemies":"Small Slimes","floor":5,"turns":3},{"damage":4,"enemies":"2 Louse","floor":10,"turns":2},{"damage":10,"enemies":"Looter","floor":12,"turns":2},{"damage":12,"enemies":"3 Louse","floor":13,"turns":3},{"damage":6,"enemies":"Exordium Thugs","floor":14,"turns":3},{"damage":57,"enemies":"Hexaghost","floor":17,"turns":9},{"damage":10,"enemies":"Spheric Guardian","floor":19,"turns":4},{"damage":33,"enemies":"2 Thieves","floor":21,"turns":4},{"damage":12,"enemies":"3 Cultists","floor":32,"turns":4},{"damage":5,"enemies":"Centurion and Healer","floor":33,"turns":5},{"damage":106,"enemies":"Automaton","floor":36,"turns":12}],"seed_played":"578884672427817142","potions_obtained":[{"floor":0,"key":"Fire Potion"},{"floor":0,"key":"BloodPotion"},{"floor":0,"key":"Ancient Potion"},{"floor":5,"key":"FairyPotion"},{"floor":17,"key":"DistilledChaos"},{"floor":21,"key":"Strength Potion"}],"is_trial":false,"path_per_floor":["M","?","$","?","M","R","?","R","T","M","R","M","M","M","R","R","B",null,"M","?","M","AVR","?","$","R","?","?","T","?","$","R","M","M","R","R","B"],"character_chosen":"IRONCLAD","items_purchased":["Pommel Strike","True Grit"],"campfire_rested":1,"item_purchase_floors":[3,24],"current_hp_per_floor":[75,59,59,65,71,71,71,71,71,73,73,69,63,63,63,63,12,86,82,82,55,55,55,55,55,55,49,49,49,49,49,43,44,69,69,0,0],"gold":66,"neow_bonus":"THREE_SMALL_POTIONS","is_daily":false,"chose_seed":false,"campfire_upgraded":8,"win_rate":0.0,"timestamp":1607660482,"path_taken":["M","?","$","?","M","R","?","R","T","M","R","M","M","M","R","R","BOSS","M","?","M","AVR","?","$","R","?","?","T","?","?","R","M","?","R","R","BOSS"],"items_purchased_type":["Card","Card"],"build_version":"2020-11-30","purchased_purges":2,"victory":false,"max_hp_per_floor":[80,80,80,86,86,86,86,86,86,86,86,86,86,86,86,86,86,86,86,86,86,86,86,86,86,86,86,86,86,86,86,86,86,86,86,86,86],"relic_stats":{"counters":[12,54],"obtain_stats":[{"Burning Blood":0},{"Burning Blood":0},{"Burning Blood":0}],"Burning Blood":66},"card_choices":[{"not_picked":["Power Through","Heavy Blade","Pummel"],"picked":"SKIP","floor":1},{"not_picked":["Seeing Red","Dual Wield","Rage"],"picked":"SKIP","floor":5},{"not_picked":["Warcry","Sentinel"],"picked":"Perfected Strike","floor":10},{"not_picked":["Perfected Strike","Carnage"],"picked":"Pommel Strike","floor":12},{"not_picked":["Entrench","Heavy Blade"],"picked":"Pommel Strike","floor":13},{"not_picked":["Sword Boomerang","Metallicize","Havoc"],"picked":"SKIP","floor":14},{"not_picked":["Bloodletting","Spot Weakness"],"picked":"Flex+1","floor":19},{"not_picked":["Wild Strike","Heavy Blade"],"picked":"Thunderclap","floor":21},{"not_picked":["Warcry+1","Clash+1"],"picked":"Thunderclap+1","floor":26},{"not_picked":["Double Tap","Iron Wave","Bloodletting+1"],"picked":"SKIP","floor":32},{"not_picked":["Seeing Red+1","Flame Barrier","Sword Boomerang"],"picked":"SKIP","floor":33}],"player_experience":1136489,"relics_obtained":[],"event_choices":[{"damage_healed":75,"gold_gain":0,"player_choice":"Upgrade","damage_taken":16,"max_hp_gain":0,"max_hp_loss":80,"event_name":"betterThird:BetterShining","floor":2,"gold_loss":0,"cards_upgraded":["Defend_R","Defend_R"]},{"damage_healed":0,"gold_gain":0,"player_choice":"RENOUNCE","damage_taken":64,"max_hp_gain":0,"max_hp_loss":0,"event_name":"betterThird:BetterSerpent","floor":4,"gold_loss":64,"cards_obtained":["Enlightenment"]},{"cards_removed":["Enlightenment"],"damage_healed":0,"gold_gain":0,"player_choice":"Forget","damage_taken":0,"max_hp_gain":0,"max_hp_loss":0,"event_name":"Living Wall","floor":7,"gold_loss":0},{"damage_healed":0,"gold_gain":0,"player_choice":"Ignored","damage_taken":0,"max_hp_gain":0,"max_hp_loss":0,"event_name":"WeMeetAgain","floor":20,"gold_loss":0},{"cards_removed":["Strike_R"],"damage_healed":0,"gold_gain":0,"player_choice":"Purged","damage_taken":0,"max_hp_gain":0,"max_hp_loss":0,"event_name":"Purifier","floor":23,"gold_loss":0},{"damage_healed":0,"gold_gain":0,"player_choice":"2","damage_taken":0,"max_hp_gain":0,"max_hp_loss":0,"event_name":"betterMatch:BetterMatch","floor":26,"gold_loss":0,"cards_obtained":["betterMatch:UncommonCard","betterMatch:CommonCard"]},{"damage_healed":0,"gold_gain":0,"player_choice":"Dagger","damage_taken":6,"max_hp_gain":0,"max_hp_loss":0,"event_name":"betterThird:BetterNest","floor":27,"gold_loss":0,"cards_obtained":["RitualDagger"]}],"is_beta":false,"boss_relics":[{"not_picked":["Mark of Pain","Empty Cage","Philosopher\u0027s Stone"]}],"items_purged_floors":[22,24],"is_endless":false,"potions_floor_spawned":[5,14,17,21,33],"killed_by":"Automaton","ascension_level":0}}