{"host":"eyd8pf3bw1xm0qjv","time":1607651000,"event":{"mods":["AchievementEnabler","Aspiration","Bard","BaseMod","Beaked The Cultist","BetterRewards","CCEM","Challenge The Spire","Clawfect","Colored Map","Conspire","Downfall","Duelist Mod","Ekko","GifTheSpireLib","Glutton Mod","Googly Eyes","Halation","Hermit","Highlight Path","Hubris","Jedi Mod","Jorbs\u0027s Wanderer Trilogy","Mad Scientist","Marisa????????","Mimic Mod","Minty Spire (QoL Compilation)","Permanent Neow","Relic Sorter","Replay The Spire","StSLib","Stuff the Spire","The Animator","The Blackbeard","The Bug Knight","The Cursed","The Disciple","The Dragon Tamer","The Gatherer","The Hierophant","The IronCluck","The Jungle","The Mystic","The Necromancer","The Problem Sleuth","The Runesmith","The Servant 0.9.4","The Spell Scribe","The Witch","vexMod"],"gold_per_floor":[109,141,141,167,167,222,237,237,237,492,40,40,96,96,96,252,252,302,348,366,22,77,77,362,362,362,362,378,433,693,693,693,693,693],"floor_reached":33,"playtime":2125,"items_purged":["Strike_MRS","Strike_MRS"],"score":372,"play_id":"ba95ad69-c2bd-4ed7-b714-746a89c3b029","local_time":"20201210204320","is_ascension_mode":false,"campfire_choices":[{"data":"WitchOfGreed","floor":8,"key":"SMITH"},{"data":"MillisecondPulsars","floor":12,"key":"SMITH"},{"floor":15,"key":"REST"},{"data":"SuperNova","floor":23,"key":"SMITH"},{"data":"DC","floor":25,"key":"SMITH"},{"data":"Dramatic Entrance","floor":27,"key":"SMITH"},{"floor":32,"key":"REST"}],"circlet_count":0,"master_deck":["Strike_MRS","Strike_MRS","Defend_MRS","Defend_MRS","Defend_MRS","MasterSpark","UpSweep","Dramatic Entrance+1","WitchOfGreed+1","DoubleSpark","DC+1","Injury","MillisecondPulsars+1","NonDirectionalLaser","GrandCross","MachineGunSpark","LuminesStrike","DoubleSpark+1","SuperNova+1","AlicesGift","IllusionStar","EnergyRecoil","WitchLeyline","6A","PowerUp","SporeBomb","ShootingEcho+1","EventHorizon+1","OpenUniverse","Shame"],"relics":["MiniHakkero","Golden Idol","StuffTheSpire:TintedRock","aspiration:HummingbirdHeart","aspiration:AnachronicSnailShell","hubris:GlazedTorus","hubris:HollowSoul","Lantern","aspiration:EmptySkull","StuffTheSpire:PointBlank","conspire:TopHat","theJungle:SneckoAutograph"],"acts_visited":["Exordium","theJungle:Jungle"],"potions_floor_usage":[6,10,10,16,16,16,18,19,19,20,24,29,30,33,33,33],"damage_taken":[{"damage":0,"enemies":"2 Louse","floor":1,"turns":2},{"damage":3,"enemies":"conspire:RoseBush","floor":2,"turns":4},{"damage":0,"enemies":"Small Slimes","floor":4,"turns":3},{"damage":14,"enemies":"Gremlin Nob","floor":6,"turns":4},{"damage":12,"enemies":"Blue Slaver","floor":7,"turns":2},{"damage":14,"enemies":"Lagavulin","floor":10,"turns":5},{"damage":11,"enemies":"conspire:2 RoseBushes","floor":13,"turns":3},{"damage":0,"enemies":"Fading Forest","floor":16,"turns":11},{"damage":8,"enemies":"theJungle:GiantWrat","floor":18,"turns":4},{"damage":5,"enemies":"theJungle:MUSHROOMGANG","floor":19,"turns":3},{"damage":13,"enemies":"Snake Plant","floor":20,"turns":4},{"damage":8,"enemies":"theJungle:JungleHuntersEncounter","floor":22,"turns":6},{"damage":14,"enemies":"theJungle:2_Phrogs","floor":24,"turns":6},{"damage":1,"enemies":"theJungle:SlimyTreeVines","floor":28,"turns":4},{"damage":8,"enemies":"theJungle:2_Flameangoes","floor":29,"turns":5},{"damage":18,"enemies":"theJungle:MamaSnecko","floor":30,"turns":5},{"damage":15,"enemies":"theJungle:FunGuy","floor":33,"turns":6}],"seed_played":"-1339267782754754202","potions_obtained":[{"floor":2,"key":"Elixir"},{"floor":2,"key":"PowerPotion"},{"floor":4,"key":"Block Potion"},{"floor":4,"key":"sneckomod:MuddlingPotion"},{"floor":6,"key":"EssenceOfSteel"},{"floor":10,"key":"jedi:StrikingPotion"},{"floor":10,"key":"ColorlessPotion"},{"floor":13,"key":"Explosive Potion"},{"floor":13,"key":"Fire Potion"},{"floor":16,"key":"BlessingOfTheForge"},{"floor":16,"key":"Fire Potion"},{"floor":18,"key":"jedi:StrikingPotion"},{"floor":18,"key":"Energy Potion"},{"floor":19,"key":"BlessingOfTheForge"},{"floor":19,"key":"SkillPotion"},{"floor":22,"key":"Flashbang"},{"floor":24,"key":"SpeedPotion"},{"floor":29,"key":"StarNLove"},{"floor":30,"key":"Swift Potion"},{"floor":30,"key":"Doom Potion"}],"is_trial":false,"path_per_floor":["M","M","?","M","?","E","M","R","T","E","$","R","M","?","R","B",null,"M","M","M","$","M","R","E","R","T","R","M","M","E","?","R","B"],"character_chosen":"MARISA","items_purchased":["MachineGunSpark","hubris:GlazedTorus","Lantern","WitchLeyline","6A"],"campfire_rested":2,"item_purchase_floors":[11,11,21,21,21],"current_hp_per_floor":[75,72,72,72,72,58,46,46,46,32,32,32,21,21,43,53,75,67,62,49,49,41,41,27,27,27,27,31,23,5,5,27,0,0],"gold":693,"neow_bonus":"RANDOM_COLORLESS","is_daily":false,"chose_seed":false,"campfire_upgraded":5,"win_rate":0.0,"timestamp":1607651000,"path_taken":["M","M","?","M","?","E","M","R","T","E","$","R","M","?","R","BOSS","M","M","M","$","M","R","E","R","T","R","M","M","E","?","R","BOSS"],"items_purchased_type":["Card","Relic","Relic","Card","Card"],"build_version":"2020-11-30","purchased_purges":2,"victory":false,"max_hp_per_floor":[75,75,75,75,75,75,75,75,75,75,75,75,75,75,75,75,75,75,75,75,75,75,75,75,75,75,75,75,75,75,75,75,75,75],"card_choices":[{"not_picked":["PanicButton","Deep Breath"],"picked":"Dramatic Entrance","floor":0},{"not_picked":["FairyDestructionRay","SporeBomb"],"picked":"WitchOfGreed","floor":1},{"not_picked":["PowerUp","Singularity"],"picked":"DoubleSpark","floor":2},{"not_picked":["DeepEcoloBomb","SprinkleStarSeal"],"picked":"DC","floor":4},{"not_picked":["EnergyFlow","WitchLeyline"],"picked":"MillisecondPulsars","floor":6},{"not_picked":["ManaConvection","OneTimeOff"],"picked":"NonDirectionalLaser","floor":7},{"not_picked":["UltimateShortwave","GravityBeat"],"picked":"GrandCross","floor":10},{"not_picked":["StarlightTyphoon","MilkyWay"],"picked":"LuminesStrike","floor":13},{"not_picked":["BlazingStar","SatelliteIllusion"],"picked":"SuperNova","floor":16},{"not_picked":["IllusionStar","LuminesStrike+1"],"picked":"AlicesGift","floor":18},{"not_picked":["Acceleration+1","MysteriousBeam"],"picked":"IllusionStar","floor":19},{"not_picked":["IllusionStar","DC"],"picked":"EnergyRecoil","floor":20},{"not_picked":["OpenUniverse","MagicChant"],"picked":"PowerUp","floor":22},{"not_picked":["FinalSpark","WitchOfGreed"],"picked":"SporeBomb","floor":24},{"not_picked":["GrandCross+1","MysteriousBeam"],"picked":"ShootingEcho+1","floor":28},{"not_picked":["IllusionStar","PowerUp"],"picked":"EventHorizon+1","floor":29},{"not_picked":["DoubleSpark+1","MilkyWay"],"picked":"OpenUniverse","floor":30}],"player_experience":120219,"relics_obtained":[{"floor":6,"key":"StuffTheSpire:TintedRock"},{"floor":9,"key":"aspiration:HummingbirdHeart"},{"floor":10,"key":"aspiration:AnachronicSnailShell"},{"floor":24,"key":"aspiration:EmptySkull"},{"floor":26,"key":"StuffTheSpire:PointBlank"},{"floor":30,"key":"conspire:TopHat"}],"event_choices":[{"damage_healed":0,"gold_gain":0,"player_choice":"Ignored","damage_taken":0,"max_hp_gain":0,"max_hp_loss":0,"event_name":"Golden Wing","floor":3,"gold_loss":0},{"damage_healed":0,"gold_gain":0,"player_choice":"Take Wound","damage_taken":0,"relics_obtained":["Golden Idol"],"max_hp_gain":0,"max_hp_loss":0,"event_name":"Golden Idol","floor":5,"gold_loss":0,"cards_obtained":["Injury"]}],"is_beta":false,"boss_relics":[{"not_picked":["CCEMRelics:TransientCore","halation:LoveArrow"],"picked":"hubris:HollowSoul"}],"items_purged_floors":[11,21],"is_endless":false,"potions_floor_spawned":[2,4,10,13,16,18,19,24,30],"killed_by":"theJungle:FunGuy","ascension_level":0}}