{"host":"o98f72bjn8jxgroo","time":1607727731,"event":{"mods":["Act Like it!","BaseMod","Become a monster ???","GifTheSpireLib","Jedi Mod","Minty Spire (QoL Compilation)","Relic Stats","Shedinja","Spicy Shops","StSLib","The Judge","TheBandit"],"gold_per_floor":[14,14,34,34,47,73,73,73,73,91,91,107,127,146,146,244,244,256,273,273,273,273],"floor_reached":20,"playtime":1928,"items_purged":[],"score":178,"play_id":"46707951-5060-4d17-846f-4fa3f14954e7","local_time":"20201211210211","is_ascension_mode":false,"campfire_choices":[{"data":"wariomod:Game","floor":7,"key":"SMITH"},{"data":"wariomod:Step","floor":15,"key":"SMITH"}],"circlet_count":0,"master_deck":["wariomod:Strike","wariomod:Strike","wariomod:Strike","wariomod:Defend","wariomod:Defend","wariomod:Defend","wariomod:Defend","wariomod:Step+1","wariomod:Leap","wariomod:Enshrine","wariomod:Game+1","wariomod:Purify","wariomod:TheGrandJourney","wariomod:HappyHop","wariomod:Bomblaster","wariomod:Immortalize","wariomod:BoomAndDoom","wariomod:EndlessBlast","wariomod:ChargeForth"],"relics":["wariomod:TheHat","Pantograph","jedi:bottledfury","Calipers","SlaversCollar"],"acts_visited":["Exordium","TheCity"],"potions_floor_usage":[16,16,18,19,20],"damage_taken":[{"damage":7,"enemies":"Jaw Worm","floor":1,"turns":5},{"damage":1,"enemies":"Cultist","floor":3,"turns":4},{"damage":5,"enemies":"Small Slimes","floor":5,"turns":3},{"damage":26,"enemies":"3 Sentries","floor":6,"turns":5},{"damage":11,"enemies":"Gremlin Gang","floor":10,"turns":4},{"damage":6,"enemies":"Exordium Wildlife","floor":12,"turns":2},{"damage":0,"enemies":"Looter","floor":13,"turns":2},{"damage":7,"enemies":"Blue Slaver","floor":14,"turns":4},{"damage":35,"enemies":"The Guardian","floor":16,"turns":9},{"damage":15,"enemies":"3 Byrds","floor":18,"turns":3},{"damage":32,"enemies":"Chosen","floor":19,"turns":6},{"damage":17,"enemies":"Snecko","floor":20,"turns":5}],"seed_played":"8042220822052898618","potions_obtained":[{"floor":3,"key":"Dexterity Potion"},{"floor":10,"key":"Dexterity Potion"},{"floor":12,"key":"Block Potion"},{"floor":13,"key":"PowerPotion"},{"floor":18,"key":"FearPotion"},{"floor":19,"key":"Energy Potion"}],"is_trial":false,"path_per_floor":["M","$","M","?","M","E","R","?","T","M","T","M","M","M","R","B",null,"M","M","M"],"character_chosen":"THE_BANDIT","items_purchased":[],"campfire_rested":0,"item_purchase_floors":[],"current_hp_per_floor":[73,73,72,72,67,41,41,41,41,30,30,24,24,17,17,7,80,65,33,16,16,16],"gold":273,"neow_bonus":"THREE_RARE_CARDS","is_daily":false,"chose_seed":false,"campfire_upgraded":2,"win_rate":0.0,"timestamp":1607727731,"path_taken":["M","$","M","?","?","E","R","?","T","?","?","M","M","M","R","BOSS","M","M","M"],"items_purchased_type":[],"build_version":"2020-11-30","purchased_purges":0,"victory":false,"max_hp_per_floor":[80,80,80,80,80,80,80,80,80,80,80,80,80,80,80,80,80,80,80,80,80,80],"relic_stats":{"counters":[12,52],"Pantograph":25,"obtain_stats":[{"SlaversCollar":17,"Calipers":11,"wariomod:TheHat":0,"Pantograph":6,"jedi:bottledfury":9},{"SlaversCollar":9,"Calipers":5,"wariomod:TheHat":0,"Pantograph":4,"jedi:bottledfury":4},{"SlaversCollar":38,"Calipers":21,"wariomod:TheHat":0,"Pantograph":17,"jedi:bottledfury":17}]},"card_choices":[{"not_picked":["wariomod:BoomAndDoom","wariomod:AbandonGame"],"picked":"wariomod:Enshrine","floor":0},{"not_picked":["wariomod:BlastDash","wariomod:Goblast","wariomod:BoomBoom"],"picked":"SKIP","floor":1},{"not_picked":["wariomod:SmackSlam","wariomod:HastyRush"],"picked":"wariomod:Game","floor":3},{"not_picked":["wariomod:CursedSpaces","wariomod:Bombshield"],"picked":"wariomod:Purify","floor":5},{"not_picked":["wariomod:Bombtime","wariomod:Goblast"],"picked":"wariomod:TheGrandJourney","floor":6},{"not_picked":["wariomod:AbandonGame","wariomod:NullJump"],"picked":"wariomod:HappyHop","floor":10},{"not_picked":["wariomod:DoubleDip","wariomod:DisarmingMoves"],"picked":"wariomod:Bomblaster","floor":12},{"not_picked":["wariomod:SmackSlam","wariomod:Boomsmack","wariomod:OctoJump"],"picked":"SKIP","floor":13},{"not_picked":["wariomod:BodyBlock","wariomod:Smackflip"],"picked":"wariomod:Immortalize","floor":14},{"not_picked":["wariomod:WipeClean","wariomod:Enshrine"],"picked":"wariomod:BoomAndDoom","floor":16},{"not_picked":["wariomod:Boomsmack+1","wariomod:AwfulLook"],"picked":"wariomod:EndlessBlast","floor":18},{"not_picked":["wariomod:SmackSlam","wariomod:HappyHit+1"],"picked":"wariomod:ChargeForth","floor":19}],"player_experience":321083,"relics_obtained":[{"floor":6,"key":"Pantograph"},{"floor":9,"key":"jedi:bottledfury"},{"floor":11,"key":"Calipers"}],"event_choices":[{"cards_removed":["wariomod:Strike"],"damage_healed":0,"gold_gain":0,"player_choice":"Card Removal","damage_taken":0,"max_hp_gain":0,"max_hp_loss":0,"event_name":"Wheel of Change","floor":4,"gold_loss":0},{"damage_healed":0,"gold_gain":0,"player_choice":"Ignored","damage_taken":0,"max_hp_gain":0,"max_hp_loss":0,"event_name":"Purifier","floor":8,"gold_loss":0}],"is_beta":false,"boss_relics":[{"not_picked":["Calling Bell","Snecko Eye"],"picked":"SlaversCollar"}],"items_purged_floors":[],"is_endless":false,"potions_floor_spawned":[3,10,12,13,14,18,19],"killed_by":"Snecko","ascension_level":0}}