{"host":"1mv6gj0zv8k9e9tz","time":1607681415,"event":{"mods":["AchievementEnabler","BaseMod","Better Third Choice","Colored Map","KOR Keyword Fix","Minty Spire (QoL Compilation)","Permanent Neow","Rare Cards Sparkle","StSLib"],"gold_per_floor":[115,134,152,1,18,18,43,43,96,96,96,126,76,91,91,190,190,206,218,233,233,233,233,271,271,318,22,63,63,89,89,89,193,193,215,274,66,66,0,0,27,27,27,46,46,46,66,84,84,84,84,84,36,70,70,70],"floor_reached":55,"playtime":2525,"items_purged":["Strike_G"],"score":1094,"play_id":"2acde8e7-b5cd-4134-88af-bec69b14c29b","local_time":"20201211191015","is_ascension_mode":true,"campfire_choices":[{"data":"Accuracy","floor":6.0,"key":"SMITH"},{"data":"Infinite Blades","floor":8.0,"key":"SMITH"},{"data":"1","floor":11.0,"key":"LIFT"},{"data":"Phantasmal Killer","floor":15.0,"key":"SMITH"},{"floor":23.0,"key":"REST"},{"floor":25.0,"key":"REST"},{"data":"2","floor":29.0,"key":"LIFT"},{"floor":32.0,"key":"REST"},{"data":"After Image","floor":40.0,"key":"SMITH"},{"data":"Blade Dance","floor":45.0,"key":"SMITH"},{"floor":49.0,"key":"RECALL"},{"data":"3","floor":52.0,"key":"LIFT"}],"circlet_count":0,"master_deck":["AscendersBane","Strike_G+1","Strike_G+1","Strike_G+1","Strike_G+1","Defend_G+1","Defend_G+1","Defend_G+1","Defend_G+1","Defend_G+1","Survivor+1","Neutralize","CurseOfTheBell","Blur","Accuracy+1","Infinite Blades+1","Dagger Spray","Blade Dance+1","Phantasmal Killer+1","Adrenaline","Backflip+1","Leg Sweep","Cloak And Dagger","Footwork","Terror+1","Adrenaline","Cloak And Dagger+1","Cloak And Dagger+1","After Image+1","Backflip+1","Outmaneuver+1","Finisher+1","Bullet Time"],"relics":["Calling Bell","PreservedInsect","Question Card","Girya","Pantograph","War Paint","Black Star","CeramicFish","Mercury Hourglass","Omamori","Anchor","Potion Belt","Orichalcum","Boot","Bag of Preparation","WristBlade","Gambling Chip","Red Mask","Vajra","Pen Nib","Gremlin Horn"],"acts_visited":["Exordium","TheCity","TheBeyond","TheEnding"],"potions_floor_usage":[54,55,55,55,55],"damage_taken":[{"damage":10.0,"enemies":"Cultist","floor":1.0,"turns":5.0},{"damage":4.0,"enemies":"Small Slimes","floor":2.0,"turns":6.0},{"damage":12.0,"enemies":"Jaw Worm","floor":3.0,"turns":6.0},{"damage":4.0,"enemies":"Large Slime","floor":5.0,"turns":10.0},{"damage":3.0,"enemies":"3 Sentries","floor":7.0,"turns":6.0},{"damage":14.0,"enemies":"Gremlin Nob","floor":12.0,"turns":4.0},{"damage":9.0,"enemies":"Looter","floor":14.0,"turns":3.0},{"damage":26.0,"enemies":"Hexaghost","floor":16.0,"turns":7.0},{"damage":30.0,"enemies":"Spheric Guardian","floor":18.0,"turns":4.0},{"damage":0.0,"enemies":"Chosen","floor":19.0,"turns":4.0},{"damage":11.0,"enemies":"3 Cultists","floor":20.0,"turns":4.0},{"damage":25.0,"enemies":"Book of Stabbing","floor":24.0,"turns":5.0},{"damage":0.0,"enemies":"Gremlin Leader","floor":28.0,"turns":3.0},{"damage":16.0,"enemies":"Book of Stabbing","floor":30.0,"turns":5.0},{"damage":39.0,"enemies":"Automaton","floor":33.0,"turns":8.0},{"damage":25.0,"enemies":"3 Darklings","floor":35.0,"turns":4.0},{"damage":0.0,"enemies":"Mind Bloom Boss Battle","floor":36.0,"turns":5.0},{"damage":0.0,"enemies":"3 Shapes","floor":41.0,"turns":3.0},{"damage":0.0,"enemies":"Transient","floor":44.0,"turns":5.0},{"damage":0.0,"enemies":"Maw","floor":47.0,"turns":5.0},{"damage":0.0,"enemies":"Sphere and 2 Shapes","floor":48.0,"turns":3.0},{"damage":61.0,"enemies":"Donu and Deca","floor":50.0,"turns":8.0},{"damage":10,"enemies":"Shield and Spear","floor":54,"turns":3},{"damage":75,"enemies":"The Heart","floor":55,"turns":6}],"seed_played":"-6646090500010071976","potions_obtained":[{"floor":1.0,"key":"CunningPotion"},{"floor":3.0,"key":"LiquidMemories"},{"floor":5.0,"key":"Dexterity Potion"},{"floor":16.0,"key":"SteroidPotion"},{"floor":18.0,"key":"SkillPotion"},{"floor":19.0,"key":"Ancient Potion"},{"floor":24.0,"key":"BlessingOfTheForge"},{"floor":33.0,"key":"SteroidPotion"},{"floor":35.0,"key":"GhostInAJar"},{"floor":44.0,"key":"PowerPotion"},{"floor":54,"key":"Ancient Potion"}],"is_trial":false,"path_per_floor":["M","M","M","$","M","R","E","R","T","?","R","E","?","M","R","B",null,"M","M","M","?","?","R","E","R","T","$","E","R","E","?","R","B",null,"M","?","$","?","?","R","M","$","T","M","R","?","M","M","R","B",null,"R","$","E","B"],"character_chosen":"THE_SILENT","items_purchased":["Infinite Blades","Anchor","DistilledChaos","Footwork","Regen Potion","After Image","PowerPotion"],"campfire_rested":3,"item_purchase_floors":[4,27,27,27,37,37,53],"current_hp_per_floor":[53,49,37,37,33,33,30,30,30,47,47,33,33,24,24,23,56,26,26,15,15,15,35,10,30,30,30,30,30,14,19,39,25,57,32,57,57,57,57,57,57,57,57,57,57,57,57,57,57,6,52,52,52,42,0,0],"gold":70,"neow_bonus":"BOSS_RELIC","is_daily":false,"chose_seed":false,"campfire_upgraded":5,"win_rate":0.0,"timestamp":1607681415,"path_taken":["M","M","M","$","M","R","E","R","T","?","R","E","?","M","R","BOSS","M","M","M","?","?","R","E","R","T","$","E","R","E","?","R","BOSS","M","?","$","?","?","R","M","?","T","?","R","?","M","M","R","BOSS","R","$","E","BOSS"],"items_purchased_type":["Card","Relic","Potion","Card","Potion","Card","Potion"],"build_version":"2020-11-30","purchased_purges":1,"victory":false,"max_hp_per_floor":[70,70,70,70,70,70,70,70,70,70,70,70,67,67,67,67,67,67,67,67,67,67,67,67,67,67,67,67,67,67,67,67,67,67,67,67,67,67,67,67,67,67,67,67,67,67,67,67,67,67,67,67,67,67,67,67],"card_choices":[{"not_picked":["Heel Hook","Masterful Stab","Flechettes"],"picked":"Blur","floor":1.0},{"not_picked":["Blade Dance","Slice","Dash"],"picked":"Accuracy","floor":2.0},{"not_picked":["Underhanded Strike","Tactician","Quick Slash"],"picked":"Poisoned Stab","floor":3.0},{"not_picked":["Sucker Punch","Well Laid Plans","Burst"],"picked":"Dagger Spray","floor":5.0},{"not_picked":["Endless Agony","Underhanded Strike","Prepared"],"picked":"Noxious Fumes","floor":7.0},{"not_picked":["Setup","Deadly Poison","Outmaneuver"],"picked":"Blade Dance","floor":12.0},{"not_picked":["All Out Attack","Blur","Predator"],"picked":"Phantasmal Killer","floor":14.0},{"not_picked":["Venomology","Doppelganger","Bullet Time"],"picked":"Adrenaline","floor":16.0},{"not_picked":["Quick Slash","Sucker Punch+1","Bane","Riddle With Holes"],"picked":"SKIP","floor":18.0},{"not_picked":["Flying Knee","Poisoned Stab","Calculated Gamble"],"picked":"Backflip+1","floor":19.0},{"not_picked":["Slice","Skewer+1","Eviscerate"],"picked":"Leg Sweep","floor":20.0},{"not_picked":["Backstab+1","Die Die Die","Underhanded Strike"],"picked":"Cloak And Dagger","floor":24.0},{"not_picked":["Deflect","Underhanded Strike","Dodge and Roll"],"picked":"Terror","floor":28.0},{"not_picked":["Endless Agony","Distraction","Quick Slash","All Out Attack+1"],"picked":"SKIP","floor":30.0},{"not_picked":["Envenom","Die Die Die","Unload"],"picked":"Adrenaline","floor":33.0},{"not_picked":["Sucker Punch","Underhanded Strike","All Out Attack"],"picked":"Cloak And Dagger+1","floor":35.0},{"not_picked":["Poisoned Stab+1","Bane","Prepared"],"picked":"Cloak And Dagger+1","floor":36.0},{"not_picked":["Underhanded Strike+1","Quick Slash","Masterful Stab"],"picked":"Backflip+1","floor":41.0},{"not_picked":["Calculated Gamble","All Out Attack","Blur"],"picked":"Outmaneuver+1","floor":44.0},{"not_picked":["Deflect","Endless Agony","Well Laid Plans"],"picked":"Finisher+1","floor":47.0},{"not_picked":["Tactician","Quick Slash","Die Die Die","Predator+1"],"picked":"SKIP","floor":48.0},{"not_picked":["Cloak And Dagger","Outmaneuver+1","Caltrops"],"picked":"Bullet Time","floor":54}],"player_experience":455034,"relics_obtained":[{"floor":0.0,"key":"PreservedInsect"},{"floor":0.0,"key":"Question Card"},{"floor":0.0,"key":"Girya"},{"floor":7.0,"key":"Pantograph"},{"floor":12.0,"key":"War Paint"},{"floor":24.0,"key":"CeramicFish"},{"floor":24.0,"key":"Mercury Hourglass"},{"floor":26.0,"key":"Omamori"},{"floor":28.0,"key":"Potion Belt"},{"floor":28.0,"key":"Orichalcum"},{"floor":30.0,"key":"Boot"},{"floor":30.0,"key":"Bag of Preparation"},{"floor":36.0,"key":"Gambling Chip"},{"floor":43.0,"key":"Vajra"},{"floor":54,"key":"Pen Nib"},{"floor":54,"key":"Gremlin Horn"}],"event_choices":[{"damage_healed":17.0,"max_hp_gain":0.0,"max_hp_loss":0.0,"gold_gain":0.0,"event_name":"Mushrooms","player_choice":"Healed and dodged fight","floor":10.0,"gold_loss":0.0,"damage_taken":0.0,"cards_obtained":["Parasite"]},{"cards_removed":["Parasite"],"damage_healed":0.0,"max_hp_gain":0.0,"max_hp_loss":0.0,"gold_gain":0.0,"event_name":"The Cleric","player_choice":"Card Removal","floor":13.0,"gold_loss":50.0,"damage_taken":0.0},{"damage_healed":0.0,"max_hp_gain":0.0,"max_hp_loss":0.0,"gold_gain":0.0,"event_name":"Vampires","player_choice":"Ignored","floor":21.0,"gold_loss":0.0,"damage_taken":0.0},{"damage_healed":0.0,"max_hp_gain":0.0,"max_hp_loss":8.0,"gold_gain":0.0,"event_name":"betterThird:BetterWriting","player_choice":"Simplicity","floor":22.0,"gold_loss":0.0,"damage_taken":0.0},{"cards_removed":["Poisoned Stab"],"damage_healed":5.0,"max_hp_gain":0.0,"max_hp_loss":0.0,"gold_gain":0.0,"event_name":"Bonfire Elementals","player_choice":"Offered Common","floor":31.0,"gold_loss":0.0,"damage_taken":0.0},{"cards_removed":["Poisoned Stab"],"damage_healed":5.0,"max_hp_gain":0.0,"max_hp_loss":0.0,"gold_gain":0.0,"event_name":"Bonfire Elementals","player_choice":"Offered Special","floor":31.0,"gold_loss":0.0,"damage_taken":0.0},{"damage_healed":0.0,"max_hp_gain":0.0,"max_hp_loss":0.0,"gold_gain":0.0,"event_name":"MindBloom","player_choice":"Fight","floor":36.0,"gold_loss":0.0,"damage_taken":0.0},{"cards_removed":["Noxious Fumes"],"damage_healed":0.0,"max_hp_gain":0.0,"max_hp_loss":0.0,"gold_gain":0.0,"event_name":"Falling","player_choice":"Removed Power","floor":38.0,"gold_loss":0.0,"damage_taken":0.0},{"damage_healed":0.0,"max_hp_gain":0.0,"max_hp_loss":0.0,"gold_gain":0.0,"event_name":"Tomb of Lord Red Mask","player_choice":"Paid","floor":39.0,"gold_loss":66.0,"damage_taken":0.0,"relics_obtained":["Red Mask"]},{"damage_healed":0.0,"max_hp_gain":0.0,"max_hp_loss":0.0,"gold_gain":0.0,"event_name":"Upgrade Shrine","player_choice":"Upgraded","floor":46.0,"gold_loss":0.0,"damage_taken":0.0,"cards_upgraded":["Terror"]}],"is_beta":false,"boss_relics":[{"not_picked":["Velvet Choker","Sozu"],"picked":"Black Star"},{"not_picked":["Empty Cage","Cursed Key"],"picked":"WristBlade"}],"items_purged_floors":[4],"is_endless":false,"potions_floor_spawned":[1,3,5,16,18,19,24,33,35,44,48,54],"killed_by":"The Heart","ascension_level":11}}