{"host":"6wux4armhsntp4yb","time":1607715185,"event":{"mods":["BaseMod","Colored Map","DeckTracker","Minty Spire (QoL Compilation)","Relic Stats"],"gold_per_floor":[118,129,129,129,146,146,176,176,176,207,19,19,34,34,34,113,113,129,139,152,180,180,180,180,274,274,274,301,321,6,18,18,95,95,108,119,341,301,319,319,159,189,214,231,259,275,309,325,325,325,325,325,325,4,37,37,37],"floor_reached":56,"playtime":4364,"items_purged":["Strike_G"],"score":2095,"play_id":"4538bbc7-a287-4feb-8566-01d5f7ffbeb6","local_time":"20201212043305","is_ascension_mode":true,"campfire_choices":[{"data":"Bane","floor":6.0,"key":"SMITH"},{"data":"Neutralize","floor":8.0,"key":"SMITH"},{"data":"Calculated Gamble","floor":12.0,"key":"SMITH"},{"floor":15.0,"key":"REST"},{"data":"Burst","floor":23.0,"key":"SMITH"},{"data":"Blade Dance","floor":27.0,"key":"SMITH"},{"data":"Ghostly","floor":32.0,"key":"SMITH"},{"floor":40.0,"key":"RECALL"},{"floor":49.0,"key":"REST"},{"floor":53.0,"key":"REST"}],"circlet_count":0,"master_deck":["AscendersBane","Defend_G","Defend_G","Defend_G","Defend_G","Survivor","Neutralize+1","Tools of the Trade+1","Escape Plan+1","Envenom+1","Infinite Blades","Bane+1","Escape Plan","Calculated Gamble+1","Blade Dance+1","Burst+1","Leg Sweep","Deflect+1","Ghostly+1","Ghostly","Ghostly","Finisher","Backflip","Corpse Explosion","Accuracy","PiercingWail+1","Venomology","Well Laid Plans","Venomology","Noxious Fumes","Catalyst"],"relics":["Astrolabe","Mercury Hourglass","Vajra","Blue Candle","SacredBark","Red Mask","Ninja Scroll","HornCleat","Mummified Hand","Fusion Hammer","Incense Burner","Bag of Marbles","Prayer Wheel","Bottled Lightning","The Specimen","Gremlin Horn"],"acts_visited":["Exordium","TheCity","TheBeyond","TheEnding"],"potions_floor_usage":[56,56,56,56],"damage_taken":[{"damage":23.0,"enemies":"Jaw Worm","floor":1.0,"turns":18.0},{"damage":2.0,"enemies":"Small Slimes","floor":2.0,"turns":7.0},{"damage":1.0,"enemies":"2 Louse","floor":5.0,"turns":3.0},{"damage":17.0,"enemies":"3 Sentries","floor":7.0,"turns":12.0},{"damage":6.0,"enemies":"Gremlin Nob","floor":10.0,"turns":3.0},{"damage":1.0,"enemies":"Red Slaver","floor":13.0,"turns":3.0},{"damage":7.0,"enemies":"The Guardian","floor":16.0,"turns":8.0},{"damage":0.0,"enemies":"3 Byrds","floor":18.0,"turns":2.0},{"damage":3.0,"enemies":"2 Thieves","floor":19.0,"turns":4.0},{"damage":24.0,"enemies":"Sentry and Sphere","floor":20.0,"turns":11.0},{"damage":40.0,"enemies":"Masked Bandits","floor":21.0,"turns":8.0},{"damage":4.0,"enemies":"Slavers","floor":25.0,"turns":6.0},{"damage":0.0,"enemies":"Book of Stabbing","floor":28.0,"turns":6.0},{"damage":1.0,"enemies":"Snake Plant","floor":29.0,"turns":5.0},{"damage":0.0,"enemies":"Centurion and Healer","floor":31.0,"turns":4.0},{"damage":2.0,"enemies":"Champ","floor":33.0,"turns":12.0},{"damage":3.0,"enemies":"Orb Walker","floor":35.0,"turns":4.0},{"damage":1.0,"enemies":"3 Shapes","floor":36.0,"turns":2.0},{"damage":2.0,"enemies":"Spire Growth","floor":39.0,"turns":5.0},{"damage":9.0,"enemies":"Giant Head","floor":42.0,"turns":7.0},{"damage":0.0,"enemies":"Jaw Worm Horde","floor":44.0,"turns":4.0},{"damage":1.0,"enemies":"Reptomancer","floor":45.0,"turns":8.0},{"damage":15.0,"enemies":"4 Shapes","floor":46.0,"turns":9.0},{"damage":12.0,"enemies":"Nemesis","floor":47.0,"turns":5.0},{"damage":1.0,"enemies":"Writhing Mass","floor":48.0,"turns":7.0},{"damage":4.0,"enemies":"Donu and Deca","floor":50.0,"turns":6.0},{"damage":16.0,"enemies":"Awakened One","floor":51.0,"turns":13.0},{"damage":0.0,"enemies":"Shield and Spear","floor":55.0,"turns":7.0},{"damage":44,"enemies":"The Heart","floor":56,"turns":2}],"seed_played":"-4350735471390164618","potions_obtained":[{"floor":1.0,"key":"Regen Potion"},{"floor":13.0,"key":"Energy Potion"},{"floor":16.0,"key":"Fire Potion"},{"floor":18.0,"key":"Regen Potion"},{"floor":20.0,"key":"Ancient Potion"},{"floor":21.0,"key":"Fruit Juice"},{"floor":24.0,"key":"SkillPotion"},{"floor":24.0,"key":"ColorlessPotion"},{"floor":29.0,"key":"BlessingOfTheForge"},{"floor":33.0,"key":"Ancient Potion"},{"floor":36.0,"key":"Fire Potion"},{"floor":38.0,"key":"Strength Potion"},{"floor":38.0,"key":"SpeedPotion"},{"floor":42.0,"key":"LiquidBronze"},{"floor":48.0,"key":"PowerPotion"}],"is_trial":false,"path_per_floor":["M","M","?","?","M","R","E","R","T","E","$","R","M","?","R","B",null,"M","M","M","?","?","R","?","E","T","R","E","M","$","M","R","B",null,"M","M","?","?","M","R","$","E","T","M","E","M","E","M","R","B","B",null,"R","$","E","B"],"character_chosen":"THE_SILENT","items_purchased":["EntropicBrew","Mummified Hand","Backflip","Venomology","The Specimen"],"campfire_rested":3,"item_purchase_floors":[11,30,30,41,54],"current_hp_per_floor":[36,49,49,42,41,41,24,24,24,18,18,18,17,17,36,29,57,57,54,30,39,43,43,43,39,39,39,39,38,38,38,38,36,41,38,37,37,37,35,35,35,26,26,26,25,43,31,30,42,38,28,39,43,43,43,0,0],"gold":37,"neow_bonus":"BOSS_RELIC","is_daily":false,"chose_seed":false,"campfire_upgraded":6,"win_rate":0.0,"timestamp":1607715185,"path_taken":["M","M","?","?","M","R","E","R","T","E","$","R","M","?","R","BOSS","M","M","M","?","?","R","?","E","T","R","E","M","$","M","R","BOSS","M","M","?","?","M","R","$","E","T","M","E","?","E","M","R","BOSS","BOSS","R","$","E","BOSS"],"items_purchased_type":["Potion","Relic","Card","Card","Relic"],"build_version":"2020-11-30","purchased_purges":1,"victory":false,"max_hp_per_floor":[66,66,66,66,66,66,66,66,66,66,66,66,66,66,66,66,66,66,66,66,66,43,43,43,43,43,43,43,43,43,43,43,43,43,43,43,43,43,43,43,43,43,43,43,43,43,43,43,43,43,43,43,43,43,43,43,43],"relic_stats":{"Gremlin Horn":[0,0],"counters":[29,190],"Mummified Hand":[68],"Astrolabe":["Tools of the Trade","Escape Plan","Envenom"],"Blue Candle":[0],"Prayer Wheel":2,"obtain_stats":[{"The Specimen":54,"Gremlin Horn":55,"Astrolabe":0,"Blue Candle":10,"SacredBark":17,"Vajra":9,"Incense Burner":42,"Mercury Hourglass":7,"HornCleat":28,"Ninja Scroll":25,"Mummified Hand":30,"Prayer Wheel":45,"Fusion Hammer":34,"Red Mask":21,"Bag of Marbles":43,"Bottled Lightning":47,"Ring of the Snake":0},{"The Specimen":27,"Gremlin Horn":28,"Astrolabe":0,"Blue Candle":5,"SacredBark":7,"Vajra":4,"Incense Burner":20,"Mercury Hourglass":4,"HornCleat":13,"Ninja Scroll":12,"Mummified Hand":14,"Prayer Wheel":22,"Fusion Hammer":16,"Red Mask":11,"Bag of Marbles":20,"Bottled Lightning":24,"Ring of the Snake":0},{"The Specimen":181,"Gremlin Horn":188,"Astrolabe":0,"Blue Candle":43,"SacredBark":54,"Vajra":40,"Incense Burner":129,"Mercury Hourglass":40,"HornCleat":90,"Ninja Scroll":84,"Mummified Hand":95,"Prayer Wheel":141,"Fusion Hammer":111,"Red Mask":78,"Bag of Marbles":129,"Bottled Lightning":155,"Ring of the Snake":0}],"Mercury Hourglass":[538]},"card_choices":[{"not_picked":["Backstab","Sucker Punch"],"picked":"Infinite Blades","floor":1.0},{"not_picked":["Poisoned Stab","Deadly Poison"],"picked":"Bane","floor":2.0},{"not_picked":["Prepared","Expertise"],"picked":"Escape Plan","floor":5.0},{"not_picked":["Caltrops","Acrobatics"],"picked":"Calculated Gamble","floor":7.0},{"not_picked":["Distraction","Acrobatics"],"picked":"Blade Dance","floor":10.0},{"not_picked":["Sucker Punch","Quick Slash","Bane"],"picked":"SKIP","floor":13.0},{"not_picked":["Malaise","Phantasmal Killer"],"picked":"Burst","floor":16.0},{"not_picked":["Expertise","Leg Sweep","Bane"],"picked":"SKIP","floor":18.0},{"not_picked":["Expertise","Bane"],"picked":"Leg Sweep","floor":18.0},{"not_picked":["Concentrate","Dodge and Roll"],"picked":"Deflect+1","floor":19.0},{"not_picked":["Outmaneuver","Underhanded Strike","Flying Knee"],"picked":"SKIP","floor":20.0},{"not_picked":["Flying Knee","Eviscerate","Quick Slash"],"picked":"SKIP","floor":25.0},{"not_picked":["Flying Knee","Eviscerate","Quick Slash"],"picked":"SKIP","floor":25.0},{"not_picked":["Skewer","Setup","Prepared"],"picked":"SKIP","floor":28.0},{"not_picked":["Bane","Dash"],"picked":"Finisher","floor":29.0},{"not_picked":["Backstab","Poisoned Stab","Finisher"],"picked":"SKIP","floor":31.0},{"not_picked":["Backstab","Poisoned Stab","Finisher"],"picked":"SKIP","floor":31.0},{"not_picked":["Backstab","Poisoned Stab","Finisher"],"picked":"SKIP","floor":31.0},{"not_picked":["Malaise","Doppelganger"],"picked":"Corpse Explosion","floor":33.0},{"not_picked":["Deflect","Bane+1"],"picked":"Accuracy","floor":35.0},{"not_picked":["Distraction","Slice"],"picked":"PiercingWail+1","floor":36.0},{"not_picked":["Prepared","Acrobatics","Choke"],"picked":"SKIP","floor":39.0},{"not_picked":["Underhanded Strike","Sucker Punch+1","Dodge and Roll"],"picked":"SKIP","floor":42.0},{"not_picked":["Setup","Deflect"],"picked":"Well Laid Plans","floor":44.0},{"not_picked":["Underhanded Strike+1","Eviscerate"],"picked":"Venomology","floor":45.0},{"not_picked":["Predator+1","Catalyst"],"picked":"Noxious Fumes","floor":46.0},{"not_picked":["Accuracy","Deadly Poison"],"picked":"Catalyst","floor":46.0},{"not_picked":["Heel Hook+1","Outmaneuver","Dagger Throw"],"picked":"SKIP","floor":47.0},{"not_picked":["Dagger Throw","Deflect","Outmaneuver"],"picked":"SKIP","floor":48.0},{"not_picked":["Underhanded Strike","Deadly Poison+1","Outmaneuver"],"picked":"SKIP","floor":48.0},{"not_picked":["Bane","Blade Dance","Dagger Spray"],"picked":"SKIP","floor":55.0}],"player_experience":5618523,"relics_obtained":[{"floor":7.0,"key":"Mercury Hourglass"},{"floor":9.0,"key":"Vajra"},{"floor":10.0,"key":"Blue Candle"},{"floor":21.0,"key":"Red Mask"},{"floor":25.0,"key":"Ninja Scroll"},{"floor":28.0,"key":"HornCleat"},{"floor":42.0,"key":"Incense Burner"},{"floor":43.0,"key":"Bag of Marbles"},{"floor":45.0,"key":"Prayer Wheel"},{"floor":47.0,"key":"Bottled Lightning"},{"floor":55.0,"key":"Gremlin Horn"}],"event_choices":[{"damage_healed":0.0,"max_hp_gain":0.0,"max_hp_loss":0.0,"gold_gain":0.0,"event_name":"Shining Light","player_choice":"Ignored","floor":3.0,"gold_loss":0.0,"damage_taken":0.0},{"cards_removed":["Strike_G"],"damage_healed":0.0,"max_hp_gain":0.0,"max_hp_loss":0.0,"gold_gain":0.0,"event_name":"Golden Wing","player_choice":"Card Removal","floor":4.0,"gold_loss":0.0,"damage_taken":7.0},{"cards_removed":["Defend_G"],"damage_healed":0.0,"max_hp_gain":0.0,"max_hp_loss":0.0,"gold_gain":0.0,"event_name":"Purifier","player_choice":"Purged","floor":14.0,"gold_loss":0.0,"damage_taken":0.0},{"damage_healed":0.0,"max_hp_gain":0.0,"max_hp_loss":0.0,"gold_gain":0.0,"event_name":"Masked Bandits","player_choice":"Fought Bandits","floor":21.0,"gold_loss":0.0,"damage_taken":0.0},{"damage_healed":0.0,"max_hp_gain":0.0,"max_hp_loss":33.0,"gold_gain":0.0,"event_name":"Ghosts","player_choice":"Became a Ghost","floor":22.0,"gold_loss":0.0,"damage_taken":0.0,"cards_obtained":["Ghostly","Ghostly","Ghostly"]},{"damage_healed":0.0,"max_hp_gain":0.0,"max_hp_loss":0.0,"gold_gain":0.0,"event_name":"Lab","player_choice":"Got Potions","floor":24.0,"gold_loss":0.0,"damage_taken":0.0},{"damage_healed":0.0,"max_hp_gain":0.0,"max_hp_loss":0.0,"gold_gain":222.0,"event_name":"Tomb of Lord Red Mask","player_choice":"Wore Mask","floor":37.0,"gold_loss":0.0,"damage_taken":0.0},{"damage_healed":0.0,"max_hp_gain":0.0,"max_hp_loss":0.0,"gold_gain":0.0,"event_name":"The Woman in Blue","player_choice":"Bought 3 Potions","floor":38.0,"gold_loss":0.0,"damage_taken":0.0}],"is_beta":false,"boss_relics":[{"not_picked":["WristBlade","Runic Dome"],"picked":"SacredBark"},{"not_picked":["Snecko Eye","Black Star"],"picked":"Fusion Hammer"}],"items_purged_floors":[11],"is_endless":false,"potions_floor_spawned":[1,13,16,18,20,21,29,33,36,39,42,48],"killed_by":"The Heart","ascension_level":20}}