{"host":"x0g9zc8ypjv50zb0","time":1607655048,"event":{"mods":["BaseMod","Better Third Choice","Downfall","Minty Spire (QoL Compilation)","Replay The Spire","Spicy Shops","StSLib","The Bug Knight","The Cursed","The Servant 0.9.4","WarShipGirlsR/’ΩΩ¢…Ÿ≈ÆR mod"],"gold_per_floor":[112,132,143,143,160,188,188,20,20,33,33,33,45,62,62,62,62],"floor_reached":16,"playtime":1450,"items_purged":["HollowMod:FocusHealStart"],"score":135,"play_id":"48ce4468-8d70-4997-80d2-9ae66935d33a","local_time":"20201211105048","is_ascension_mode":true,"campfire_choices":[{"data":"HollowMod:MothsMistake","floor":7,"key":"SMITH"},{"data":"1","floor":11,"key":"LIFT"},{"data":"2","floor":15,"key":"LIFT"}],"circlet_count":0,"master_deck":["HollowMod:NailStrikeStart","HollowMod:NailStrikeStart","HollowMod:NailStrikeStart","HollowMod:NailStrikeStart","HollowMod:QuickDashStart","HollowMod:QuickDashStart","HollowMod:QuickDashStart","HollowMod:QuickDashStart","HollowMod:PogoStrike","HollowMod:MothsMistake","HollowMod:SoulSplash","HollowMod:BrokenVessel","HollowMod:MothsMistake+1","HollowMod:SoulShaman+1","Pain","HollowMod:MawleksShell+1","HollowMod:CornifersMapStart+1"],"relics":["HollowMod:VesselMask","Toy Ornithopter","Incense Burner","Girya","Toxic Egg 2","WarpedTongs"],"acts_visited":["Exordium"],"potions_floor_usage":[6,16],"damage_taken":[{"damage":0,"enemies":"Cultist","floor":1,"turns":3},{"damage":0,"enemies":"2 Louse","floor":2,"turns":3},{"damage":0,"enemies":"Small Slimes","floor":3,"turns":4},{"damage":12,"enemies":"Gremlin Gang","floor":5,"turns":6},{"damage":0,"enemies":"HollowMod:MossKnight","floor":6,"turns":8},{"damage":13,"enemies":"HollowMod:HuskWarrior","floor":10,"turns":4},{"damage":11,"enemies":"3 Louse","floor":13,"turns":4},{"damage":32,"enemies":"Exordium Wildlife","floor":14,"turns":4},{"damage":36,"enemies":"The Guardian","floor":16,"turns":7}],"seed_played":"-2130909391090310617","potions_obtained":[{"floor":5,"key":"EssenceOfSteel"},{"floor":13,"key":"FearPotion"},{"floor":14,"key":"FearPotion"}],"is_trial":false,"path_per_floor":["M","M","M","?","M","E","R","$","T","M","R","?","M","M","R","B"],"character_chosen":"THE_BUGKNIGHT","items_purchased":["Girya"],"campfire_rested":0,"item_purchase_floors":[8],"current_hp_per_floor":[82,82,82,82,80,82,82,82,82,69,69,69,58,26,26,0,0],"gold":62,"neow_bonus":"TEN_PERCENT_HP_BONUS","is_daily":false,"chose_seed":false,"campfire_upgraded":1,"win_rate":0.0,"timestamp":1607655048,"path_taken":["M","M","M","?","M","E","R","?","T","?","R","?","?","M","R","BOSS"],"items_purchased_type":["Relic"],"build_version":"2020-11-30","purchased_purges":1,"victory":false,"max_hp_per_floor":[82,82,82,82,82,82,82,82,82,82,82,82,82,82,82,82,82],"card_choices":[{"not_picked":["HollowMod:DescendingDark","HollowMod:WraithStrike"],"picked":"HollowMod:MothsMistake","floor":1},{"not_picked":["HollowMod:NewLittleFool","HollowMod:DoubleDash"],"picked":"HollowMod:SoulSplash","floor":2},{"not_picked":["HollowMod:PureNailStrike","HollowMod:AbyssShriek"],"picked":"HollowMod:SoulStrike","floor":3},{"not_picked":["HollowMod:CoiledNail","HollowMod:InfectedCysts"],"picked":"HollowMod:BrokenVessel","floor":5},{"not_picked":["HollowMod:VoidDash","HollowMod:InfectionAssault"],"picked":"HollowMod:MothsMistake","floor":6},{"not_picked":["HollowMod:PureNailStrike","HollowMod:HowlingWraiths"],"picked":"HollowMod:SoulShaman+1","floor":10},{"not_picked":["HollowMod:ShapeofUnn","HollowMod:DescendingDark"],"picked":"HollowMod:MawleksShell+1","floor":13},{"not_picked":["HollowMod:CloakDash+1","HollowMod:InfectedAttack"],"picked":"HollowMod:CornifersMapStart+1","floor":14}],"player_experience":134694,"relics_obtained":[{"floor":6,"key":"Incense Burner"},{"floor":9,"key":"Toxic Egg 2"}],"event_choices":[{"cards_removed":["HollowMod:SoulStrike"],"damage_healed":0,"gold_gain":0,"player_choice":"Gave Card","damage_taken":0,"relics_obtained":["Toy Ornithopter"],"max_hp_gain":0,"max_hp_loss":0,"event_name":"WeMeetAgain","floor":4,"gold_loss":0},{"damage_healed":0,"gold_gain":0,"player_choice":"Rummage","damage_taken":0,"relics_obtained":["WarpedTongs"],"max_hp_gain":0,"max_hp_loss":0,"event_name":"Accursed Blacksmith","floor":12,"gold_loss":0,"cards_obtained":["Pain"]}],"is_beta":false,"boss_relics":[],"items_purged_floors":[8],"is_endless":false,"potions_floor_spawned":[5,13,14],"killed_by":"The Guardian","ascension_level":1}}