{"host":"jm9833yuloeli2yd","time":1607653852,"event":{"mods":["BaseMod","StSLib","AchievementEnabler","Colored Map","Minty Spire (QoL Compilation)","Permanent Neow","SuperFastMode","Better Note","Better Altar","Better Match","Better Sensory Stone","Better Skull","DeckTracker","Better Vampires","Colored Powertips","Quick Restart"],"gold_per_floor":[119,137,151,151,151,151,191,212,239,270,345,364,378,378,378,471,471,484,484,499,549,64,64,103,28,28,67,117,136,10,10,10,108,108,130,30,30,58,82,82,415,415,415,434,450,450,450,450,450],"floor_reached":48,"playtime":2891,"items_purged":["Well Laid Plans+1","Strike_G"],"score":939,"play_id":"3e2666e1-1ad4-4e72-90f6-128cd2de9134","local_time":"20201210213052","is_ascension_mode":true,"campfire_choices":[{"floor":6.0,"key":"REST"},{"data":"Terror","floor":15.0,"key":"SMITH"},{"data":"Footwork","floor":23.0,"key":"SMITH"},{"floor":32.0,"key":"REST"},{"data":"A Thousand Cuts","floor":40.0,"key":"SMITH"},{"data":"Footwork","floor":42.0,"key":"SMITH"},{"floor":46.0,"key":"RECALL"}],"circlet_count":0,"master_deck":["AscendersBane","Defend_G","Defend_G","Defend_G","Defend_G","Defend_G","Survivor","Neutralize","Footwork+1","Flying Knee","Predator","Blade Dance","Malaise","Backstab","Terror+1","Die Die Die","Deadly Poison+1","Tactician+1","Night Terror+1","Wraith Form v2","Tools of the Trade","PiercingWail","PiercingWail","All Out Attack+1","A Thousand Cuts+1","Adrenaline","Infinite Blades+1","Escape Plan","Footwork+1"],"special_seed":0,"relics":["Runic Pyramid","Golden Idol","Lantern","Ancient Tea Set","Boot","Anchor","Bag of Preparation","Paper Crane","Astrolabe","OrangePellets","Tiny Chest","Bag of Marbles","CeramicFish","Red Mask","Bottled Tornado","Coffee Dripper","Old Coin","Snake Skull"],"acts_visited":["Exordium","TheCity","TheBeyond"],"potions_floor_usage":[],"damage_taken":[{"damage":4.0,"enemies":"Cultist","floor":1.0,"turns":4.0},{"damage":0.0,"enemies":"Jaw Worm","floor":2.0,"turns":5.0},{"damage":0.0,"enemies":"2 Louse","floor":3.0,"turns":3.0},{"damage":22.0,"enemies":"Gremlin Nob","floor":7.0,"turns":4.0},{"damage":6.0,"enemies":"Exordium Wildlife","floor":8.0,"turns":5.0},{"damage":2.0,"enemies":"Lagavulin","floor":10.0,"turns":10.0},{"damage":0.0,"enemies":"2 Fungi Beasts","floor":12.0,"turns":2.0},{"damage":0.0,"enemies":"Large Slime","floor":13.0,"turns":3.0},{"damage":37.0,"enemies":"Slime Boss","floor":16.0,"turns":12.0},{"damage":2.0,"enemies":"Chosen","floor":18.0,"turns":5.0},{"damage":0.0,"enemies":"3 Byrds","floor":20.0,"turns":4.0},{"damage":23.0,"enemies":"Book of Stabbing","floor":24.0,"turns":10.0},{"damage":6.0,"enemies":"Slavers","floor":27.0,"turns":7.0},{"damage":9.0,"enemies":"Masked Bandits","floor":28.0,"turns":6.0},{"damage":0.0,"enemies":"Snecko","floor":29.0,"turns":5.0},{"damage":9.0,"enemies":"Automaton","floor":33.0,"turns":12.0},{"damage":15.0,"enemies":"3 Darklings","floor":35.0,"turns":3.0},{"damage":0.0,"enemies":"3 Shapes","floor":38.0,"turns":6.0},{"damage":16.0,"enemies":"Writhing Mass","floor":39.0,"turns":6.0},{"damage":8.0,"enemies":"Reptomancer","floor":41.0,"turns":5.0},{"damage":3.0,"enemies":"Maw","floor":44.0,"turns":8.0},{"damage":0.0,"enemies":"3 Darklings","floor":45.0,"turns":6.0},{"damage":19,"enemies":"Writhing Mass","floor":48,"turns":3}],"seed_played":"-2553508790690627159","potions_obtained":[{"floor":1.0,"key":"Poison Potion"},{"floor":3.0,"key":"PowerPotion"},{"floor":8.0,"key":"FairyPotion"},{"floor":18.0,"key":"CunningPotion"},{"floor":28.0,"key":"SkillPotion"},{"floor":29.0,"key":"Swift Potion"},{"floor":33.0,"key":"Swift Potion"},{"floor":35.0,"key":"Fire Potion"},{"floor":37.0,"key":"Energy Potion"},{"floor":41.0,"key":"SteroidPotion"},{"floor":44.0,"key":"PowerPotion"}],"is_trial":false,"path_per_floor":["M","M","M","?","?","R","E","M","T","E","T","M","M","?","R","B",null,"M","?","M","?","$","R","E","?","T","E","?","M","$","T","R","B",null,"M","$","?","M","M","R","E","R","T","M","M","R","T","M"],"character_chosen":"THE_SILENT","items_purchased":["OrangePellets","Tools of the Trade","Regen Potion","PiercingWail","A Thousand Cuts"],"campfire_rested":2,"item_purchase_floors":[22,22,22,22,30],"current_hp_per_floor":[55,55,55,55,26,44,22,16,16,14,14,14,14,19,19,10,51,49,33,33,33,33,33,25,25,25,19,10,10,10,10,29,20,54,39,39,39,39,23,23,15,15,15,12,12,12,12,0,0],"gold":450,"neow_bonus":"BOSS_RELIC","is_daily":false,"chose_seed":false,"campfire_upgraded":4,"win_rate":0,"timestamp":1607653852,"path_taken":["M","M","M","?","?","R","E","?","T","E","?","?","M","?","R","BOSS","M","?","M","?","$","R","E","?","T","E","?","M","?","?","R","BOSS","M","$","?","M","?","R","E","R","T","M","?","R","?","M"],"build_version":"2020-11-30","purchased_purges":2,"victory":false,"max_hp_per_floor":[66,66,66,60,60,60,60,60,60,60,60,60,60,65,65,65,65,65,65,65,65,65,65,65,65,65,65,65,65,65,65,65,65,65,65,65,65,65,65,65,65,65,65,65,65,65,65,65,65],"card_choices":[{"not_picked":["Setup","Calculated Gamble"],"picked":"Footwork","floor":1.0},{"not_picked":["Deadly Poison","Backflip"],"picked":"Flying Knee","floor":2.0},{"not_picked":["Dagger Throw","Blade Dance"],"picked":"Predator","floor":3.0},{"not_picked":["Slice","Deflect"],"picked":"Blade Dance","floor":7.0},{"not_picked":["PiercingWail","Prepared"],"picked":"Malaise","floor":8.0},{"not_picked":["Acrobatics","Skewer"],"picked":"Backstab","floor":10.0},{"not_picked":["Cloak And Dagger","Calculated Gamble"],"picked":"Terror","floor":12.0},{"not_picked":["Riddle With Holes","Prepared","Distraction"],"picked":"SKIP","floor":13.0},{"not_picked":["Phantasmal Killer","Malaise"],"picked":"Die Die Die","floor":16.0},{"not_picked":["Backflip","Sucker Punch+1"],"picked":"Well Laid Plans+1","floor":18.0},{"not_picked":["Deadly Poison","Dodge and Roll","Outmaneuver"],"picked":"SKIP","floor":20.0},{"not_picked":["Slice","Dagger Spray"],"picked":"PiercingWail","floor":24.0},{"not_picked":["All Out Attack","Quick Slash","Slice"],"picked":"SKIP","floor":27.0},{"not_picked":["Calculated Gamble","Crippling Poison"],"picked":"All Out Attack+1","floor":28.0},{"not_picked":["Quick Slash+1","Predator","Reflex"],"picked":"SKIP","floor":29.0},{"not_picked":["Venomology","Glass Knife"],"picked":"Adrenaline","floor":33.0},{"not_picked":["Sucker Punch","Heel Hook+1"],"picked":"Infinite Blades+1","floor":35.0},{"not_picked":["Dagger Spray","Reflex"],"picked":"Escape Plan","floor":38.0},{"not_picked":["Backflip+1","Blade Dance"],"picked":"Footwork","floor":39.0},{"not_picked":["Blade Dance","Poisoned Stab+1","Skewer"],"picked":"SKIP","floor":41.0},{"not_picked":["Dash","All Out Attack","Riddle With Holes"],"picked":"SKIP","floor":44.0},{"not_picked":["Reflex+1","Backflip","Sucker Punch"],"picked":"SKIP","floor":45.0}],"player_experience":1018187,"relics_obtained":[{"floor":7.0,"key":"Boot"},{"floor":9.0,"key":"Anchor"},{"floor":10.0,"key":"Bag of Preparation"},{"floor":11.0,"key":"Paper Crane"},{"floor":24.0,"key":"Tiny Chest"},{"floor":26.0,"key":"Bag of Marbles"},{"floor":27.0,"key":"CeramicFish"},{"floor":28.0,"key":"Red Mask"},{"floor":31.0,"key":"Bottled Tornado"},{"floor":41.0,"key":"Old Coin"},{"floor":47.0,"key":"Snake Skull"}],"event_choices":[{"damage_healed":0.0,"max_hp_gain":0.0,"max_hp_loss":6.0,"gold_gain":0.0,"event_name":"Golden Idol","player_choice":"Lose Max HP","floor":4.0,"gold_loss":0.0,"damage_taken":0.0,"relics_obtained":["Golden Idol"]},{"damage_healed":0.0,"max_hp_gain":0.0,"max_hp_loss":0.0,"gold_gain":0.0,"event_name":"betterSkull:BetterSkull","player_choice":"RE RE ","floor":5.0,"gold_loss":0.0,"damage_taken":33.0,"cards_upgraded":[],"relics_obtained":["Lantern","Ancient Tea Set"]},{"damage_healed":0.0,"max_hp_gain":5.0,"max_hp_loss":0.0,"gold_gain":0.0,"event_name":"Big Fish","player_choice":"Donut","floor":14.0,"gold_loss":0.0,"damage_taken":0.0},{"damage_healed":0.0,"max_hp_gain":0.0,"max_hp_loss":16.0,"gold_gain":2.0,"event_name":"betterStone:BetterStone","player_choice":"2","floor":19.0,"gold_loss":0.0,"damage_taken":0.0},{"damage_healed":0.0,"max_hp_gain":0.0,"max_hp_loss":0.0,"gold_gain":50.0,"event_name":"Nest","player_choice":"Stole From Cult","floor":21.0,"gold_loss":0.0,"damage_taken":0.0},{"cards_removed":["Strike_G"],"damage_healed":0.0,"max_hp_gain":0.0,"max_hp_loss":0.0,"gold_gain":0.0,"event_name":"Beggar","player_choice":"Gave Gold","floor":25.0,"gold_loss":75.0,"damage_taken":0.0},{"damage_healed":0.0,"max_hp_gain":0.0,"max_hp_loss":0.0,"gold_gain":0.0,"event_name":"Masked Bandits","player_choice":"Fought Bandits","floor":28.0,"gold_loss":0.0,"damage_taken":0.0},{"damage_healed":0.0,"max_hp_gain":0.0,"max_hp_loss":0.0,"gold_gain":0.0,"event_name":"Lab","player_choice":"Got Potions","floor":37.0,"gold_loss":0.0,"damage_taken":0.0}],"is_beta":false,"boss_relics":[{"not_picked":["Pandora\u0027s Box","Snecko Eye"],"picked":"Astrolabe"},{"not_picked":["Calling Bell","Empty Cage"],"picked":"Coffee Dripper"}],"items_purged_floors":[22,36],"is_endless":false,"potions_floor_spawned":[1,3,8,18,28,29,33,35,41,44],"killed_by":"Writhing Mass","ascension_level":15}}