{"host":"w811868i7dqaax32","time":1607728494,"event":{"mods":["BaseMod","Infinite Spire","Minty Spire (QoL Compilation)","Replay The Spire","StSLib","The Poker Player"],"gold_per_floor":[110,110,110,35,35,35,57,57,105,117,148,192,204,236,248,383,395,424,453,518,544,556,601,628,640,733,774,906,948,960,1008,1020,1145,1157,1186,1198,1212,837,837,837,863,904,904,943,1071,1371,1416,1437,1437,1569,1569,1582,829,839,96,108,145,145,162,162,171,193,195,225,227,227,323,323,329,329,337,337,349,383,383,383,408,45,84,96,114,147,147,248,257,280,289,51,75,75,75,51,59,133,136,227,227,216,216,216],"floor_reached":98,"playtime":7137,"items_purged":["Regret"],"score":2240,"play_id":"6d9624f9-5177-44e8-9540-29efda4e75af","local_time":"20201212001454","is_ascension_mode":true,"metric_token":402,"campfire_choices":[{"data":"PokerPlayerMod:TrumpStrike","floor":6.0,"key":"SMITH"},{"floor":8.0,"key":"RECALL"},{"data":"PokerPlayerMod:Mulligan","floor":10.0,"key":"SMITH"},{"floor":25.0,"key":"REST"},{"data":"PokerPlayerMod:ItsShowtime","floor":32.0,"key":"SMITH"},{"data":"infinitespire:NeuralNetwork","floor":40.0,"key":"SMITH"},{"data":"ReplayTheSpireMod:??????????????????????","floor":49.0,"key":"SMITH"},{"data":"infinitespire:Punishment","floor":58.0,"key":"SMITH"},{"floor":66.0,"key":"DIG"},{"floor":75.0,"key":"REST"},{"data":"PokerPlayerMod:Manipulation","floor":75.0,"key":"SMITH"},{"data":"PokerPlayerMod:ClubStrike","floor":83.0,"key":"SMITH"},{"data":"infinitespire:Menacing","floor":91,"key":"SMITH"}],"circlet_count":21,"master_deck":["PokerPlayerMod:Diamond7","PokerPlayerMod:Diamond4","PokerPlayerMod:Diamond5","PokerPlayerMod:Spade4","PokerPlayerMod:TrumpStrike+1","PokerPlayerMod:BadJoker+1","PokerPlayerMod:Mulligan+1","Metamorphosis+1","PokerPlayerMod:MagicTrick+1","PokerPlayerMod:Club3","PokerPlayerMod:Club4","PokerPlayerMod:Club5","PokerPlayerMod:Club6","PokerPlayerMod:ClubDance+1","PokerPlayerMod:ClubsClub","PokerPlayerMod:Club7","PokerPlayerMod:ItsShowtime+1","PokerPlayerMod:Heart10+","PokerPlayerMod:Club8","PokerPlayerMod:FillThePot","PokerPlayerMod:Diamond6","PokerPlayerMod:Configure","infinitespire:NeuralNetwork+1","PokerPlayerMod:DiamondStrike","PokerPlayerMod:MagicTrick","PokerPlayerMod:Club5","PokerPlayerMod:HeartStrike","PokerPlayerMod:Manipulation+1","PokerPlayerMod:ThinkingTime","PokerPlayerMod:SpadeStrike","PokerPlayerMod:Diamond9","Replay:Parry+1","Apotheosis+1","Flash of Steel","PokerPlayerMod:Diamond7","PokerPlayerMod:FillThePot","PokerPlayerMod:SpadeStrike+1","PokerPlayerMod:Diamond10+","PokerPlayerMod:MagicTrick+1","PokerPlayerMod:Club4","PokerPlayerMod:Diamond10+","Shame","PokerPlayerMod:BadJoker+1","PokerPlayerMod:WildCard+1","Jack Of All Trades+1","infinitespire:Punishment+1","PokerPlayerMod:SpadeStrike","Midas Touch+1","PokerPlayerMod:Heart4","PokerPlayerMod:Heart4","PokerPlayerMod:ClubDance+1","PokerPlayerMod:MagicTrick+1","ReplayTheSpireMod:Brewmster+1","PokerPlayerMod:Club9","Dark Shackles+1","PokerPlayerMod:Club8","PokerPlayerMod:ClubDance+1","PokerPlayerMod:Heart4","PokerPlayerMod:Raise+1","PokerPlayerMod:Configure+1","PokerPlayerMod:ClubDance+1","PokerPlayerMod:TheDieIsCast+1","infinitespire:Execution+1","PokerPlayerMod:ClubStrike+1","PokerPlayerMod:CloakAndDiamond+1","PokerPlayerMod:Diamond10+","PokerPlayerMod:DartThrow","PokerPlayerMod:Spade8","PokerPlayerMod:Configure+1","Master of Strategy+1","Sadistic Nature+1","Transmutation+1","PokerPlayerMod:Spade9","PokerPlayerMod:Configure+1","PokerPlayerMod:Raise+1","PokerPlayerMod:Club5","PokerPlayerMod:CloakAndDiamond+1","PokerPlayerMod:Diamond5","PokerPlayerMod:DartThrow","PokerPlayerMod:WasteCollection+1","Injury","PokerPlayerMod:CloakAndDiamond+1","PokerPlayerMod:DiamondStrike+1","ReplayTheSpireMod:Brewmster+1","PokerPlayerMod:Heart10+","PokerPlayerMod:VarietyAttack+1","PokerPlayerMod:ClubStrike+1","Replay:Dark Deal","Impatience","Sadistic Nature","infinitespire:Menacing+1","PokerPlayerMod:Club10+","PokerPlayerMod:Diamond10+","PokerPlayerMod:ClubsClub+1","Looming Evil","PokerPlayerMod:SpadeStrike","Writhe"],"relics":["ReplayTheSpireMod:ShopPack","Honey Jar","Chemical X","Basket Of Snakes","Pandora\u0027s Box","Replay:PocketPolymizer","Onion Ring","HolyWater","ReplayTheSpireMod:Ring of Collecting","HoveringKite","Blue Doll","Carrot","Paper Frog","Strawberry","WingedGreaves","Divine Protection","The Courier","PokerPlayerMod:PenAndEraser","Replay:Towering Pillar of Hats","Replay:Antivirus Software","infinitespire:Bottled Soul","Circlet","infinitespire:Chaos","Pet Ghost","Ring of Greed","Whetstone","Golden Idol","Membership Card","ReplayTheSpireMod:Lightbulb"],"acts_visited":["TheBeyond","Exordium","TheCity","TheBeyond"],"potions_floor_usage":[92,92,92,93,98,98],"damage_taken":[{"damage":0.0,"enemies":"Small Slimes","floor":1.0,"turns":2.0},{"damage":1.0,"enemies":"2 Louse","floor":7.0,"turns":2.0},{"damage":7.0,"enemies":"Jaw Worm","floor":11.0,"turns":2.0},{"damage":3.0,"enemies":"3 Sentries","floor":12.0,"turns":2.0},{"damage":10.0,"enemies":"Lots of Slimes","floor":14.0,"turns":2.0},{"damage":0.0,"enemies":"Slime Boss","floor":16.0,"turns":3.0},{"damage":0.0,"enemies":"Spheric Guardian","floor":18.0,"turns":2.0},{"damage":0.0,"enemies":"3 Byrds","floor":19.0,"turns":1.0},{"damage":39.0,"enemies":"Snake Plant","floor":21.0,"turns":4.0},{"damage":38.0,"enemies":"Nightmare","floor":23.0,"turns":6.0},{"damage":8.0,"enemies":"Centurion and Healer","floor":24.0,"turns":4.0},{"damage":10.0,"enemies":"Cultist and Chosen","floor":27.0,"turns":2.0},{"damage":12.0,"enemies":"Colosseum Slavers","floor":28.0,"turns":2.0},{"damage":7.0,"enemies":"Colosseum Nobs","floor":28.0,"turns":3.0},{"damage":22.0,"enemies":"Shelled Parasite and Fungi","floor":29.0,"turns":4.0},{"damage":13.0,"enemies":"Slavers","floor":31.0,"turns":3.0},{"damage":32.0,"enemies":"Collector","floor":33.0,"turns":6.0},{"damage":15.0,"enemies":"Orb Walker","floor":35.0,"turns":2.0},{"damage":0.0,"enemies":"3 Shapes","floor":41.0,"turns":2.0},{"damage":14.0,"enemies":"Reptomancer","floor":42.0,"turns":5.0},{"damage":3.0,"enemies":"Nemesis","floor":44.0,"turns":4.0},{"damage":18.0,"enemies":"infinitespire:Three Voidlings","floor":45.0,"turns":3.0},{"damage":55.0,"enemies":"Nightmare_Alpha","floor":45.0,"turns":11.0},{"damage":27.0,"enemies":"Nightmare","floor":47.0,"turns":6.0},{"damage":0.0,"enemies":"Spire Growth","floor":48.0,"turns":4.0},{"damage":40.0,"enemies":"Donu and Deca","floor":50.0,"turns":5.0},{"damage":0.0,"enemies":"Cultist","floor":52.0,"turns":2.0},{"damage":0.0,"enemies":"Small Slimes","floor":54.0,"turns":2.0},{"damage":0.0,"enemies":"2 Louse","floor":56.0,"turns":2.0},{"damage":0.0,"enemies":"3 Sentries","floor":57.0,"turns":1.0},{"damage":0.0,"enemies":"Large Slime","floor":59.0,"turns":1.0},{"damage":0.0,"enemies":"Exordium Thugs","floor":61.0,"turns":3.0},{"damage":0.0,"enemies":"Gremlin Gang","floor":62.0,"turns":1.0},{"damage":0.0,"enemies":"Lagavulin","floor":64.0,"turns":1.0},{"damage":0.0,"enemies":"Slime Boss","floor":67.0,"turns":2.0},{"damage":5.0,"enemies":"2 Thieves","floor":69.0,"turns":2.0},{"damage":0.0,"enemies":"Shell Parasite","floor":73.0,"turns":1.0},{"damage":11.0,"enemies":"Book of Stabbing","floor":74.0,"turns":2.0},{"damage":0.0,"enemies":"Gremlin Leader","floor":79.0,"turns":4.0},{"damage":0.0,"enemies":"Snecko","floor":80.0,"turns":4.0},{"damage":0.0,"enemies":"Cultist and Chosen","floor":82.0,"turns":1.0},{"damage":0.0,"enemies":"Collector","floor":84.0,"turns":4.0},{"damage":0.0,"enemies":"Orb Walker","floor":86.0,"turns":2.0},{"damage":0.0,"enemies":"3 Shapes","floor":89.0,"turns":1.0},{"damage":0,"enemies":"Transient","floor":92,"turns":5},{"damage":32,"enemies":"Reptomancer","floor":93,"turns":3},{"damage":0,"enemies":"Sphere and 2 Shapes","floor":95,"turns":2},{"damage":19,"enemies":"3 Darklings","floor":98,"turns":1}],"seed_played":"1329901910884676120","potions_obtained":[{"floor":1.0,"key":"FearPotion"},{"floor":7.0,"key":"Toxic Potion"},{"floor":16.0,"key":"FairyPotion"},{"floor":19.0,"key":"AttackPotion"},{"floor":29.0,"key":"Regen Potion"},{"floor":31.0,"key":"DuplicationPotion"},{"floor":33.0,"key":"LiquidMemories"},{"floor":42.0,"key":"Strength Potion"},{"floor":44.0,"key":"ColorlessPotion"},{"floor":48.0,"key":"PowerPotion"},{"floor":54.0,"key":"Energy Potion"},{"floor":57.0,"key":"SteroidPotion"},{"floor":59.0,"key":"Fire Potion"},{"floor":64.0,"key":"ColorlessPotion"},{"floor":73.0,"key":"DuplicationPotion"},{"floor":86.0,"key":"Flashbang"},{"floor":89.0,"key":"LifebloodPotion"},{"floor":96,"key":"Languid Potion"},{"floor":96,"key":"PowerPotion"}],"is_trial":false,"path_per_floor":["M","?","?","$","?","R","M","R","T","R","M","E","T","M","R","B",null,"M","M","T","M","T","NM","M","R","T","M","?","M","?","E","R","B",null,"M","?","?","$","?","R","M","E","T","E","?","?","NM","M","R","B",null,"M","$","M","$","M","E","R","M","T","M","M","?","E","?","R","B",null,"M","?","?","?","M","E","R","AVR","T","$","E","M","?","M","R","B",null,"M","?","$","M","AVR","R","M","E","T","M","?","?","M"],"character_chosen":"THE_POKER_PLAYER","items_purchased":["Iron Hammer","Guide Book","Ancient Tea Set","ReplayFunnel","Toolbox","Midas Touch+1","PokerPlayerMod:Heart4","PokerPlayerMod:ClubDance+1","ReplayTheSpireMod:Brewmster+1","Strange Spoon","HornCleat","PokerPlayerMod:Club9","Dark Shackles+1","ReplayTheSpireMod:ShopPack","PokerPlayerMod:CoolBox","PokerPlayerMod:Heart10+","PokerPlayerMod:VarietyAttack"],"campfire_rested":2,"item_purchase_floors":[38,38,53,53,53,53,53,53,55,55,55,55,55,78,78,88,88],"current_hp_per_floor":[52,52,52,52,52,52,51,51,51,51,46,43,43,33,33,52,49,49,49,49,31,31,5,21,35,35,25,46,38,38,40,40,33,49,49,49,39,39,39,39,49,49,49,49,3,3,41,49,49,45,49,49,49,49,49,49,49,49,49,49,49,49,46,46,36,36,49,49,44,44,28,28,28,23,37,37,37,49,49,49,49,49,49,49,49,49,49,49,49,56,56,56,24,24,24,2,16,0,0,0],"gold":216,"neow_bonus":"RANDOM_COLORLESS_2","is_daily":false,"chose_seed":false,"campfire_upgraded":9,"win_rate":0.0,"timestamp":1607728494,"path_taken":["M","?","?","$","?","R","?","R","T","R","M","E","?","M","R","BOSS","M","M","?","M","?","NM","?","R","T","M","?","M","?","E","R","BOSS","M","?","?","$","?","R","M","E","T","E","?","?","NM","M","R","BOSS","M","$","M","$","?","E","R","M","T","M","?","?","E","?","R","BOSS","M","?","?","?","M","E","R","AVR","T","$","E","M","?","M","R","BOSS","M","?","$","M","AVR","R","M","E","T","?","?","?","M"],"items_purchased_type":["Relic","Relic","Relic","Relic","Relic","Card","Card","Card","Card","Relic","Relic","Card","Card","Relic","Relic","Undefined","Card"],"build_version":"2020-11-30","purchased_purges":1,"victory":false,"max_hp_per_floor":[52,52,52,52,52,52,52,52,52,52,52,52,52,52,52,52,49,49,49,49,49,49,49,49,49,49,49,49,49,49,49,49,49,49,49,49,49,49,49,49,49,49,49,49,49,49,49,49,49,49,49,49,49,49,49,49,49,49,49,49,49,49,49,49,49,49,49,49,49,49,49,49,49,49,49,49,49,49,49,49,49,49,49,49,49,49,49,49,49,56,56,56,56,56,56,56,56,56,56,56],"card_choices":[{"not_picked":["Violence","The Bomb"],"picked":"Metamorphosis","floor":0.0},{"not_picked":["PokerPlayerMod:Fold","PokerPlayerMod:Diamond1"],"picked":"PokerPlayerMod:MagicTrick","floor":1.0},{"not_picked":["PokerPlayerMod:Sharpen","PokerPlayerMod:Raise"],"picked":"PokerPlayerMod:ClubDance","floor":7.0},{"not_picked":["PokerPlayerMod:Diamond3","PokerPlayerMod:Diamond1"],"picked":"PokerPlayerMod:ClubsClub","floor":11.0},{"not_picked":["PokerPlayerMod:SpadeStrike","PokerPlayerMod:Club4"],"picked":"PokerPlayerMod:Club7","floor":12.0},{"not_picked":["PokerPlayerMod:SecondChance","PokerPlayerMod:HotShotCut"],"picked":"PokerPlayerMod:ItsShowtime","floor":14.0},{"not_picked":["PokerPlayerMod:VarietyAttack","PokerPlayerMod:FakeSymbols"],"picked":"PokerPlayerMod:Club8","floor":16.0},{"not_picked":["PokerPlayerMod:ClubsClub","PokerPlayerMod:Fold"],"picked":"PokerPlayerMod:FillThePot","floor":18.0},{"not_picked":["PokerPlayerMod:Diamond3","PokerPlayerMod:Harden"],"picked":"PokerPlayerMod:Diamond6","floor":19.0},{"not_picked":["PokerPlayerMod:Spade3","PokerPlayerMod:DartThrow"],"picked":"PokerPlayerMod:Configure","floor":21.0},{"not_picked":["infinitespire:SevenWalls","infinitespire:FinalStrike"],"picked":"infinitespire:NeuralNetwork","floor":23.0},{"not_picked":["PokerPlayerMod:DamnStraight","PokerPlayerMod:Spade1"],"picked":"PokerPlayerMod:DiamondStrike","floor":23.0},{"not_picked":["PokerPlayerMod:Heart3","PokerPlayerMod:Club1"],"picked":"PokerPlayerMod:MagicTrick","floor":24.0},{"not_picked":["PokerPlayerMod:CardBurn","PokerPlayerMod:Raise"],"picked":"PokerPlayerMod:Club5","floor":25.0},{"not_picked":["PokerPlayerMod:Fold","PokerPlayerMod:Heart2"],"picked":"PokerPlayerMod:ClubsClub","floor":27.0},{"not_picked":["PokerPlayerMod:Diamond1","PokerPlayerMod:Spade4"],"picked":"PokerPlayerMod:HeartStrike","floor":28.0},{"not_picked":["PokerPlayerMod:Sharpen","PokerPlayerMod:StackedDeck"],"picked":"PokerPlayerMod:Manipulation","floor":29.0},{"not_picked":["PokerPlayerMod:Trickery","PokerPlayerMod:Diamond2"],"picked":"PokerPlayerMod:SpadeStrike","floor":31.0},{"not_picked":["PokerPlayerMod:SecretDealer","PokerPlayerMod:Spade8"],"picked":"PokerPlayerMod:Diamond9","floor":33.0},{"not_picked":["PokerPlayerMod:Heart1","PokerPlayerMod:Spade3","PokerPlayerMod:Club2"],"picked":"SKIP","floor":35.0},{"not_picked":["Thinking Ahead","Panache"],"picked":"Replay:Parry","floor":37.0},{"not_picked":["Blind","Poisoned Strike"],"picked":"Apotheosis","floor":37.0},{"not_picked":["Swift Strike","PanicButton"],"picked":"Flash of Steel","floor":37.0},{"not_picked":["PokerPlayerMod:Trickery","PokerPlayerMod:Spade3"],"picked":"PokerPlayerMod:Diamond6","floor":41.0},{"not_picked":["PokerPlayerMod:Configure","PokerPlayerMod:Diamond1"],"picked":"PokerPlayerMod:FillThePot","floor":42.0},{"not_picked":["PokerPlayerMod:Diamond3","PokerPlayerMod:DiamondStrike+1"],"picked":"PokerPlayerMod:SpadeStrike+1","floor":44.0},{"not_picked":["infinitespire:Menacing","infinitespire:NeuralNetwork"],"picked":"ReplayTheSpireMod:??????????????????????","floor":45.0},{"not_picked":["PokerPlayerMod:DamnStraight+1","PokerPlayerMod:PoorCopy+1"],"picked":"PokerPlayerMod:Diamond10+","floor":45.0},{"not_picked":["PokerPlayerMod:Fold+1","PokerPlayerMod:SpadeStrike+1"],"picked":"PokerPlayerMod:MagicTrick+1","floor":47.0},{"not_picked":["PokerPlayerMod:Diamond3","PokerPlayerMod:DartThrow"],"picked":"PokerPlayerMod:Club4","floor":48.0},{"not_picked":["PokerPlayerMod:Diamond9","PokerPlayerMod:RoyalStrike"],"picked":"PokerPlayerMod:Diamond10+","floor":50.0},{"not_picked":["Eruption","PokerPlayerMod:Mulligan"],"picked":"PokerPlayerMod:BadJoker","floor":51.0},{"not_picked":["PokerPlayerMod:RoyalStrike","PokerPlayerMod:WasteCollection"],"picked":"PokerPlayerMod:WildCard","floor":51.0},{"not_picked":["Dramatic Entrance","Survey Options"],"picked":"Jack Of All Trades","floor":51.0},{"not_picked":["infinitespire:Execution","infinitespire:Menacing"],"picked":"infinitespire:Punishment","floor":51.0},{"not_picked":["PokerPlayerMod:Spade4","PokerPlayerMod:Spade1"],"picked":"PokerPlayerMod:SpadeStrike","floor":52.0},{"not_picked":["PokerPlayerMod:RiskyBet+1","PokerPlayerMod:SecondChance"],"picked":"PokerPlayerMod:MagicTrick+1","floor":54.0},{"not_picked":["PokerPlayerMod:Fold+1","PokerPlayerMod:Diamond4"],"picked":"PokerPlayerMod:Club5","floor":56.0},{"not_picked":["PokerPlayerMod:Spade2","PokerPlayerMod:Spade3","PokerPlayerMod:Fold+1"],"picked":"SKIP","floor":57.0},{"not_picked":["PokerPlayerMod:Spade3","PokerPlayerMod:HeartStrike"],"picked":"PokerPlayerMod:ClubDance+1","floor":59.0},{"not_picked":["PokerPlayerMod:Heart3","PokerPlayerMod:HotShotCut"],"picked":"PokerPlayerMod:Heart4","floor":61.0},{"not_picked":["PokerPlayerMod:Heart2","PokerPlayerMod:Diamond8"],"picked":"PokerPlayerMod:Raise+1","floor":61.0},{"not_picked":["PokerPlayerMod:HeartStrike","PokerPlayerMod:CardBurn+1"],"picked":"PokerPlayerMod:Configure+1","floor":62.0},{"not_picked":["PokerPlayerMod:Diamond5","PokerPlayerMod:Club1","PokerPlayerMod:Spade3"],"picked":"SKIP","floor":62.0},{"not_picked":["PokerPlayerMod:SecondChance","PokerPlayerMod:Raise+1"],"picked":"PokerPlayerMod:ClubDance+1","floor":64.0},{"not_picked":["PokerPlayerMod:Diamond8","PokerPlayerMod:Diamond9"],"picked":"PokerPlayerMod:TheDieIsCast+1","floor":67.0},{"not_picked":["infinitespire:Fortify","infinitespire:FutureSight"],"picked":"infinitespire:Execution","floor":67.0},{"not_picked":["PokerPlayerMod:Spade6","PokerPlayerMod:Club6"],"picked":"PokerPlayerMod:ClubStrike","floor":69.0},{"not_picked":["PokerPlayerMod:Spade1","PokerPlayerMod:Club1"],"picked":"PokerPlayerMod:CloakAndDiamond+1","floor":69.0},{"not_picked":["PokerPlayerMod:Spade6","PokerPlayerMod:Heart2"],"picked":"PokerPlayerMod:DartThrow","floor":73.0},{"not_picked":["PokerPlayerMod:Diamond4","PokerPlayerMod:RiskyBet+1","PokerPlayerMod:DartThrow"],"picked":"SKIP","floor":73.0},{"not_picked":["PokerPlayerMod:Diamond4","PokerPlayerMod:RiskyBet+1","PokerPlayerMod:DartThrow"],"picked":"SKIP","floor":73.0},{"not_picked":["PokerPlayerMod:Club1","PokerPlayerMod:MagicTrick+1"],"picked":"PokerPlayerMod:Spade8","floor":74.0},{"not_picked":["PokerPlayerMod:FillThePot+1","PokerPlayerMod:Club3"],"picked":"PokerPlayerMod:Configure+1","floor":75.0},{"not_picked":["ReplayTheSpireMod:Necrogeddon","Sadistic Nature"],"picked":"Master of Strategy","floor":78.0},{"not_picked":["The Bomb","Purity"],"picked":"Sadistic Nature","floor":78.0},{"not_picked":["Jack Of All Trades","Dramatic Entrance"],"picked":"Transmutation","floor":78.0},{"not_picked":["PokerPlayerMod:Heart3","PokerPlayerMod:MagicTrick+1"],"picked":"PokerPlayerMod:Spade9","floor":79.0},{"not_picked":["PokerPlayerMod:Diamond7","PokerPlayerMod:CloakAndDiamond+1"],"picked":"PokerPlayerMod:Configure+1","floor":80.0},{"not_picked":["PokerPlayerMod:Fold+1","PokerPlayerMod:Harden+1"],"picked":"PokerPlayerMod:Raise+1","floor":80.0},{"not_picked":["PokerPlayerMod:Heart2","PokerPlayerMod:Club3"],"picked":"PokerPlayerMod:Diamond5","floor":82.0},{"not_picked":["PokerPlayerMod:Diamond1","PokerPlayerMod:Spade1"],"picked":"PokerPlayerMod:DartThrow","floor":82.0},{"not_picked":["PokerPlayerMod:Heart7","PokerPlayerMod:Club8"],"picked":"PokerPlayerMod:WasteCollection+1","floor":84.0},{"not_picked":["PokerPlayerMod:Spade5","PokerPlayerMod:MagicTrick+1"],"picked":"PokerPlayerMod:CloakAndDiamond+1","floor":86.0},{"not_picked":["PokerPlayerMod:Diamond3","PokerPlayerMod:Club2"],"picked":"PokerPlayerMod:DiamondStrike+1","floor":86.0},{"not_picked":["PokerPlayerMod:Diamond2","PokerPlayerMod:Club1"],"picked":"PokerPlayerMod:ClubStrike+1","floor":89.0},{"not_picked":["PokerPlayerMod:Spade4","PokerPlayerMod:HotShotCut+1","PokerPlayerMod:Diamond1"],"picked":"SKIP","floor":89.0},{"not_picked":["ReplayTheSpireMod:Necrogeddon","ReplayUltimateDefense","Panache"],"picked":"Replay:Dark Deal","floor":90.0},{"not_picked":["Trip","Replay:Sssssssssshield","Madness"],"picked":"Impatience","floor":90.0},{"not_picked":["Deep Breath","Good Instincts","Panache"],"picked":"Sadistic Nature","floor":90.0},{"not_picked":["PokerPlayerMod:Spade2","PokerPlayerMod:DiamondStrike+1","PokerPlayerMod:Spade4"],"picked":"PokerPlayerMod:Club10+","floor":92},{"not_picked":["PokerPlayerMod:Club2","PokerPlayerMod:CardBurn","PokerPlayerMod:Heart1"],"picked":"PokerPlayerMod:Diamond10+","floor":93},{"not_picked":["PokerPlayerMod:MagicTrick+1","PokerPlayerMod:Harden","PokerPlayerMod:Spade3"],"picked":"PokerPlayerMod:ClubsClub+1","floor":95},{"not_picked":["PokerPlayerMod:DiamondStrike","PokerPlayerMod:Diamond3","PokerPlayerMod:Club1"],"picked":"PokerPlayerMod:SpadeStrike","floor":96}],"player_experience":738557,"relics_obtained":[{"floor":9.0,"key":"MawBank"},{"floor":12.0,"key":"War Paint"},{"floor":13.0,"key":"Quantum Egg"},{"floor":20.0,"key":"Replay:Rubber Ducky"},{"floor":22.0,"key":"Dream Catcher"},{"floor":23.0,"key":"infinitespire:Midas Blood"},{"floor":28.0,"key":"Incense Burner"},{"floor":28.0,"key":"Bottled Flame"},{"floor":31.0,"key":"Letter Opener"},{"floor":42.0,"key":"MealTicket"},{"floor":43.0,"key":"Frozen Egg 2"},{"floor":44.0,"key":"Simple Rune"},{"floor":45.0,"key":"infinitespire:Magic Flask"},{"floor":47.0,"key":"Toxic Egg 2"},{"floor":57.0,"key":"infinitespire:FocusingShard"},{"floor":60.0,"key":"Prayer Wheel"},{"floor":64.0,"key":"Lizard Tail"},{"floor":66.0,"key":"Omamori"},{"floor":68.0,"key":"infinitespire:PuzzleCube"},{"floor":68.0,"key":"Pantograph"},{"floor":68.0,"key":"Du-Vu Doll"},{"floor":71.0,"key":"Replay:Blank Codex"},{"floor":74.0,"key":"Tiny Chest"},{"floor":77.0,"key":"ReplayTheSpireMod:TigerMarble"},{"floor":79.0,"key":"CeramicFish"},{"floor":93,"key":"Pet Ghost"},{"floor":94,"key":"Ring of Greed"},{"floor":94,"key":"Whetstone"},{"floor":94,"key":"Golden Idol"},{"floor":94,"key":"Membership Card"},{"floor":96,"key":"ReplayTheSpireMod:Lightbulb"}],"event_choices":[{"damage_healed":0.0,"max_hp_gain":0.0,"max_hp_loss":0.0,"gold_gain":0.0,"event_name":"PokerPlayerMod:ExordiumClub","player_choice":"Jackpot","floor":2.0,"gold_loss":0.0,"damage_taken":0.0,"cards_obtained":["PokerPlayerMod:Club2","PokerPlayerMod:Club3","PokerPlayerMod:Club4","PokerPlayerMod:Club5","PokerPlayerMod:Club6"]},{"damage_healed":0.0,"max_hp_gain":0.0,"max_hp_loss":0.0,"gold_gain":0.0,"event_name":"PokerPlayerMod:ExordiumClub","player_choice":"Jackpot","floor":2.0,"gold_loss":0.0,"damage_taken":0.0,"cards_obtained":["PokerPlayerMod:Club2","PokerPlayerMod:Club3","PokerPlayerMod:Club4","PokerPlayerMod:Club5","PokerPlayerMod:Club6"]},{"damage_healed":0.0,"max_hp_gain":0.0,"max_hp_loss":0.0,"gold_gain":0.0,"event_name":"PokerPlayerMod:ExordiumClub","player_choice":"Jackpot","floor":2.0,"gold_loss":0.0,"damage_taken":0.0,"cards_obtained":["PokerPlayerMod:Club2","PokerPlayerMod:Club3","PokerPlayerMod:Club4","PokerPlayerMod:Club5","PokerPlayerMod:Club6"]},{"damage_healed":0.0,"max_hp_gain":0.0,"max_hp_loss":0.0,"gold_gain":0.0,"event_name":"PokerPlayerMod:ExordiumClub","player_choice":"Jackpot","floor":2.0,"gold_loss":0.0,"damage_taken":0.0,"cards_obtained":["PokerPlayerMod:Club2","PokerPlayerMod:Club3","PokerPlayerMod:Club4","PokerPlayerMod:Club5","PokerPlayerMod:Club6"]},{"damage_healed":0.0,"max_hp_gain":0.0,"max_hp_loss":0.0,"gold_gain":0.0,"event_name":"PokerPlayerMod:ExordiumClub","player_choice":"Jackpot","floor":2.0,"gold_loss":0.0,"damage_taken":0.0,"cards_obtained":["PokerPlayerMod:Club2","PokerPlayerMod:Club3","PokerPlayerMod:Club4","PokerPlayerMod:Club5","PokerPlayerMod:Club6"]},{"damage_healed":0.0,"max_hp_gain":0.0,"max_hp_loss":0.0,"gold_gain":0.0,"event_name":"Big Fish","player_choice":"Box","floor":3.0,"gold_loss":0.0,"damage_taken":0.0,"relics_obtained":["Replay:Bandana"],"cards_obtained":["Regret"]},{"damage_healed":0.0,"max_hp_gain":0.0,"max_hp_loss":0.0,"gold_gain":0.0,"event_name":"Upgrade Shrine","player_choice":"Upgraded","floor":5.0,"gold_loss":0.0,"damage_taken":0.0,"cards_upgraded":["Metamorphosis"]},{"damage_healed":0.0,"max_hp_gain":0.0,"max_hp_loss":0.0,"gold_gain":0.0,"event_name":"Colosseum","player_choice":"Fight","floor":28.0,"gold_loss":0.0,"damage_taken":0.0},{"damage_healed":0.0,"max_hp_gain":0.0,"max_hp_loss":0.0,"gold_gain":0.0,"event_name":"Colosseum","player_choice":"Fought Nobs","floor":28.0,"gold_loss":0.0,"damage_taken":0.0},{"damage_healed":0.0,"max_hp_gain":0.0,"max_hp_loss":0.0,"gold_gain":0.0,"event_name":"PokerPlayerMod:Vampires","player_choice":"Think Hard","floor":30.0,"gold_loss":0.0,"damage_taken":0.0,"cards_obtained":["PokerPlayerMod:ThinkingTime"]},{"cards_removed":["PokerPlayerMod:ClubsClub"],"damage_healed":0.0,"max_hp_gain":0.0,"max_hp_loss":0.0,"gold_gain":0.0,"event_name":"Falling","player_choice":"Removed Attack","floor":36.0,"gold_loss":0.0,"damage_taken":0.0},{"damage_healed":0.0,"max_hp_gain":0.0,"max_hp_loss":0.0,"gold_gain":0.0,"event_name":"SensoryStone","player_choice":"Memory 3","floor":37.0,"gold_loss":0.0,"damage_taken":10.0},{"damage_healed":0.0,"max_hp_gain":0.0,"max_hp_loss":0.0,"gold_gain":0.0,"event_name":"Tomb of Lord Red Mask","player_choice":"Ignored","floor":39.0,"gold_loss":0.0,"damage_taken":0.0},{"damage_healed":0.0,"max_hp_gain":0.0,"max_hp_loss":0.0,"gold_gain":0.0,"event_name":"Tomb of Lord Red Mask","player_choice":"Ignored","floor":45.0,"gold_loss":0.0,"damage_taken":0.0},{"damage_healed":0.0,"max_hp_gain":0.0,"max_hp_loss":0.0,"gold_gain":300.0,"event_name":"Wheel of Change","player_choice":"Gold","floor":46.0,"gold_loss":0.0,"damage_taken":0.0},{"damage_healed":0.0,"max_hp_gain":0.0,"max_hp_loss":0.0,"gold_gain":0.0,"event_name":"Scrap Ooze","player_choice":"Success","floor":63.0,"gold_loss":0.0,"damage_taken":3.0,"relics_obtained":["PokerPlayerMod:Splitter"]},{"damage_healed":0.0,"max_hp_gain":0.0,"max_hp_loss":0.0,"gold_gain":0.0,"event_name":"Shining Light","player_choice":"Entered Light","floor":65.0,"gold_loss":0.0,"damage_taken":10.0,"cards_upgraded":["PokerPlayerMod:Diamond7","PokerPlayerMod:Diamond4"]},{"damage_healed":0.0,"max_hp_gain":0.0,"max_hp_loss":0.0,"gold_gain":0.0,"event_name":"Beggar","player_choice":"Ignored","floor":70.0,"gold_loss":0.0,"damage_taken":0.0},{"damage_healed":0.0,"max_hp_gain":0.0,"max_hp_loss":0.0,"gold_gain":0.0,"event_name":"Cursed Tome","player_choice":"Obtained Book","floor":71.0,"gold_loss":0.0,"damage_taken":16.0},{"damage_healed":0.0,"max_hp_gain":0.0,"max_hp_loss":0.0,"gold_gain":0.0,"event_name":"The Library","player_choice":"Read","floor":72.0,"gold_loss":0.0,"damage_taken":0.0,"cards_obtained":["PokerPlayerMod:Diamond10"]},{"damage_healed":0.0,"max_hp_gain":0.0,"max_hp_loss":0.0,"gold_gain":0.0,"cards_transformed":["PokerPlayerMod:Club1","PokerPlayerMod:Spade2"],"event_name":"Drug Dealer","player_choice":"Became Test Subject","floor":81.0,"gold_loss":0.0,"damage_taken":0.0,"cards_obtained":["PokerPlayerMod:Club5","PokerPlayerMod:CloakAndDiamond"]},{"damage_healed":0.0,"max_hp_gain":0.0,"max_hp_loss":0.0,"gold_gain":0.0,"event_name":"Duplicator","player_choice":"Copied","floor":87.0,"gold_loss":0.0,"damage_taken":0.0,"cards_obtained":["ReplayTheSpireMod:Brewmster"]},{"damage_healed":14,"gold_gain":0,"player_choice":"Writhe","damage_taken":0,"max_hp_gain":0,"max_hp_loss":0,"event_name":"Winding Halls","floor":97,"gold_loss":0,"cards_obtained":["Writhe"]}],"is_beta":false,"boss_relics":[{"not_picked":["Replay:Ancient Bell","Replay:Bronze Core"],"picked":"Empty Cage"},{"not_picked":["Kintsugi","Replay:Drink Me"],"picked":"SacredBark"},{"not_picked":["Philosopher\u0027s Stone","SlaversCollar"],"picked":"ReplayTheSpireMod:SealedPack"},{"not_picked":["Tiny House","Busted Crown"],"picked":"Calling Bell"},{"not_picked":["Ring of Chaos","Astrolabe"],"picked":"Kintsugi"}],"items_purged_floors":[4],"is_endless":true,"potions_floor_spawned":[1,7,16,19,28,29,31,33,42,44,48,54,57,59,64,73,80,82,86,89],"killed_by":"3 Darklings","ascension_level":1}}