{"host":"j0xplkvqphkjqyt2","time":1607692165,"event":{"mods":["Act Like it!","BaseMod","Library of Ruina","Library of Ruina Extra","Lobotomy","LobotomyExtend","Minty Spire (QoL Compilation)","MostiFishMod","Replay The Spire","RumiaBox-露米娅的神秘盒子","Spicy Shops","StSLib","TestMod","Waifu the Spire","【遗物卡牌】REMEMod"],"gold_per_floor":[111,128,78,128,141,173,193,193,219,63,92,108,108,150,150,262,262,278,278,278,297,180,180,214,32,32,32,48,65,75,86,86,185,185,197,197,197,211,151,151,167,45,45,75,75,95,126,141,141,142],"floor_reached":51,"playtime":1496,"items_purged":["testmod-PerfectCombo+8"],"score":1454,"play_id":"5e5c8844-97a0-4405-9f85-02e5b1f8560d","local_time":"20201211210925","is_ascension_mode":true,"campfire_choices":[{"floor":8.0,"key":"REST"},{"floor":13,"key":"RECALL"},{"data":"MostiFishMod:IntelligentEquipment","floor":15,"key":"SMITH"},{"floor":27,"key":"REST"},{"data":"testmod-PerfectCombo+4","floor":32,"key":"SMITH"},{"floor":40,"key":"REST"},{"floor":49,"key":"REST"}],"circlet_count":0,"master_deck":["DegradedFairy+1","DegradedFairy+1","DegradedFairy+1","DegradedChain+1","DegradedChain+1","DegradedLock+1","DegradedPillar+1","DegradedPillar+1","DegradedShockwave+1","MostiFishMod:IntelligentEquipment+1","MostiFishMod:Tomorrow+1"],"relics":["PageOfLibrarian","testmod-TestBox","DaveBox","REME_ComplimentaryCards","testmod-Nyarlathotep","DSteel32","RabbitCall","Question Card","PrismaticShard","LetterFromLob","testmod-Acrobat","Omamori","PageOfBloodbath","CeramicFish","ImportantClient","testmod-Nine","ReplayTheSpireMod:CursedCoin","Bottled Tornado","Replay:Rubber Ducky","PageOfSnowWhitesApple","Blue Candle","GreenFoldingFan","BargainBundle","testmod-IndustrialRevolution","The Courier","Eternal Feather","REME_IWantAll"],"acts_visited":["Exordium","TheCity","TheBeyond"],"potions_floor_usage":[18,28],"damage_taken":[{"damage":0.0,"enemies":"Small Slimes","floor":1.0,"turns":1.0},{"damage":0.0,"enemies":"Jaw Worm","floor":2.0,"turns":1.0},{"damage":0.0,"enemies":"2 Louse","floor":5.0,"turns":1.0},{"damage":4.0,"enemies":"3 Sentries","floor":6.0,"turns":2.0},{"damage":3.0,"enemies":"Exordium Wildlife","floor":7.0,"turns":2.0},{"damage":0.0,"enemies":"Gremlin Nob","floor":11.0,"turns":2.0},{"damage":0,"enemies":"Looter","floor":12,"turns":1},{"damage":0,"enemies":"Replay:BlueRogue","floor":14,"turns":1},{"damage":0,"enemies":"The Guardian","floor":16,"turns":2},{"damage":0,"enemies":"Shell Parasite","floor":18,"turns":1},{"damage":0,"enemies":"Spheric Guardian","floor":21,"turns":2},{"damage":0,"enemies":"Slavers","floor":24,"turns":2},{"damage":0,"enemies":"Cultist and Chosen","floor":28,"turns":2},{"damage":0,"enemies":"Shelled Parasite and Fungi","floor":29,"turns":2},{"damage":0,"enemies":"Sentry and Sphere","floor":30,"turns":2},{"damage":0,"enemies":"Snecko","floor":31,"turns":2},{"damage":0,"enemies":"KingOfGreed","floor":33,"turns":3},{"damage":4,"enemies":"3 Shapes","floor":35,"turns":2},{"damage":4,"enemies":"Orb Walker","floor":38,"turns":2},{"damage":8,"enemies":"Transient","floor":41,"turns":4},{"damage":4,"enemies":"R_Hoarder","floor":44,"turns":2},{"damage":4,"enemies":"Spire Growth","floor":46,"turns":2},{"damage":6,"enemies":"Giant Head","floor":47,"turns":3},{"damage":4,"enemies":"Maw","floor":48,"turns":2},{"damage":8,"enemies":"Awakened One","floor":50,"turns":4},{"damage":4,"enemies":"Malkuth","floor":51,"turns":2},{"damage":10,"enemies":"Hod","floor":51,"turns":5},{"damage":18,"enemies":"Geburah","floor":51,"turns":9},{"damage":20,"enemies":"Binah","floor":51,"turns":10},{"damage":12,"enemies":"Angela","floor":51,"turns":6}],"seed_played":"-819540096726372357","potions_obtained":[{"floor":6.0,"key":"Languid Potion"},{"floor":7.0,"key":"LiquidMemories"},{"floor":12,"key":"Energy Potion"},{"floor":21,"key":"FearPotion"},{"floor":30,"key":"DuplicationPotion"}],"is_trial":false,"path_per_floor":["M","M","?","T","M","E","M","R","T","$","E","M","R","E","R","B",null,"M","?","?","M","$","?","E","$","T","R","M","M","M","M","R","B",null,"M","?","?","M","$","R","M","$","T","E","?","M","E","M","R","B",null],"character_chosen":"Librarian","items_purchased":["PageOfBloodbath","REME_FirmDetermination","ReplayTheSpireMod:CursedCoin","Bottled Tornado","PageOfSnowWhitesApple","testmod-PerfectCombo","BargainBundle","testmod-IndustrialRevolution","FairyPotion"],"campfire_rested":4,"item_purchase_floors":[10,22,22,22,25,25,42,42,42],"current_hp_per_floor":[60,60,60,60,60,56,53,80,80,80,80,80,80,80,80,80,90,90,90,90,90,90,90,90,90,90,90,90,90,90,90,90,90,90,90,90,90,90,90,90,90,90,90,90,90,90,90,90,90,90],"gold":165,"neow_bonus":"","is_daily":false,"chose_seed":false,"campfire_upgraded":2,"win_rate":0.0,"timestamp":1607692165,"path_taken":["M","M","?","?","M","E","M","R","T","$","E","M","R","E","R","BOSS","M","?","?","M","$","?","E","$","T","R","M","M","?","M","R","BOSS","M","?","?","?","$","R","M","$","T","E","?","M","E","M","R","BOSS"],"items_purchased_type":["Relic","Card","Relic","Relic","Relic","Card","Relic","Relic","Potion"],"build_version":"2020-11-30","purchased_purges":1,"victory":true,"max_hp_per_floor":[90,90,90,90,90,90,90,90,90,90,90,90,90,90,90,90,90,90,90,90,90,90,90,90,90,90,90,90,90,90,90,90,90,90,90,90,90,90,90,90,90,90,90,90,90,90,90,90,90,90],"card_choices":[{"not_picked":["InhaleSmoke","UnavoidableGaze","LoosenUp","Juggling","AsThePrescriptOrders","Pound","Thrust","SharpenedBlade","EndlessBattle"],"picked":"SKIP","floor":1.0},{"not_picked":["Conserve Battery","Poisoned Stab","BiteOff","Dagger Spray","HandleRequest","Self Repair","Anger","Thrust","FeelinGood","BackAttack"],"picked":"SKIP","floor":2.0},{"not_picked":["Rebound","Purity","Noise","ReachHeaven","JustLucky","TendonChords","Prepared","AutonomousRush","Cleave","Deadly Poison"],"picked":"SKIP","floor":5.0},{"not_picked":["Perfected Strike","JustLucky","EnergyCycle","DeceiveReality","CutIn","EmptyBody","Pinks","Standoff","Bane","Redo"],"picked":"SKIP","floor":6.0},{"not_picked":["Prepared","CherryBlossom","Compile Driver","BackAttack","HighKick","Halt","ProselytesBlade","WreathOfFlame","Redo","Reflex"],"picked":"SKIP","floor":7.0},{"not_picked":["Undo","Deadly Poison","SignatureMove","Wallop","MostiFishMod:Confrontation","BladeWhirl","HighSpeedStabbing","Pound","Catalyst","FrontalAssault"],"picked":"SKIP","floor":11},{"not_picked":["MostiFishMod:ThornCasing","Rampage_lor","Hidden Blade","HighKick","testmod-Automaton","SilentMist","Study","White Noise","ReplayTheSpireMod:Tripwire","Infinite Blades"],"picked":"SKIP","floor":12},{"not_picked":["Bane","SummaryJudgment","Twin Strike","Hidden Blade","HighSpeedStabbing","MostiFishMod:PerfectParry","Standoff","ThirdEye","Perfected Strike"],"picked":"MostiFishMod:IntelligentEquipment","floor":14},{"not_picked":["MostiFishMod:StarHerder","Reaper","MostiFishMod:WingOfPhoenix"],"picked":"MostiFishMod:Tomorrow","floor":16},{"not_picked":["HighKick+1","Unlock1","Track","FlurryOfBlows+1","FollowUp","Crippling Poison","Steam Power","Harmony+1","Headbutt","Dodge and Roll"],"picked":"SKIP","floor":18},{"not_picked":["Flying Knee","Defragment+1","SunsetBlade","CrushJoints","Seek","Bane+1","Perfected Strike+1","Leap+1","Dagger Throw","Metallicize"],"picked":"SKIP","floor":21},{"not_picked":["MostiFishMod:ElfcollectionBox","MostiFishMod:Moonprays","HandleRequest","PathToVictory+1","FlashOfSunup","Eject","DaringDecision","Rip and Tear","CrushJoints","Pray"],"picked":"SKIP","floor":24},{"not_picked":["Redo","ThirdEye","Dagger Throw","Headbutt","Protect","Sword Boomerang","DesperateStruggle","Quickness","REME_FearOfPain","ClearTheMind"],"picked":"SKIP","floor":28},{"not_picked":["FierceOnslaught","Metallicize","REME_Scribble","SmokingPipe","Diversion","EmptyFist","Riposte","Gash","Galaxy","Thrust"],"picked":"SKIP","floor":29},{"not_picked":["Biased Cognition","BearPaw","Eliminate+1","CombatPreparation","MostiFishMod:ReprogramOld","Sentinel","Gash","WillOfThePrescript+1","Zzzzzap","TodaysExpression"],"picked":"SKIP","floor":30},{"not_picked":["Beak+1","Replay:Parry","FlyingSleeves","Steam","Slice+1","Blood for Blood","SearingSword","GuardingStance","WristCuter","BowlingBash"],"picked":"SKIP","floor":31},{"not_picked":["Slice","Gash+1","WreathOfFlame+1","YouOnlyLiveOnce+1","UnavoidableGaze+1","Genetic Algorithm","Meditate+1","Capacitor+1","Blade Dance+1","Dagger Throw+1"],"picked":"SKIP","floor":35},{"not_picked":["WindmillStrike+1","REME_MagicPocketWatch","Armaments","CutThroughFate","MostiFishMod:Mottled","Horn","SmokingPipe","Anger","Reload","Feast"],"picked":"SKIP","floor":38},{"not_picked":["Havoc+1","MultiHit","QuickAttack+1","Gash","GaleKick","MostiFishMod:PerfectParry+1","Sword Boomerang","Ball Lightning+1","Bane","Lamp"],"picked":"SKIP","floor":41},{"not_picked":["FollowUp","Laetitia_ego+1","Fiend Fire","Gash+1","Go for the Eyes+1","Violence","FlurryOfBlows","ThirdEye+1","AutomatedMovement","ReplayTheSpireMod:Strike From Hell+1"],"picked":"SKIP","floor":44},{"not_picked":["Gash","GaleKick","Loneliness+1","SpearedSweep","Streamline+1","Standoff+1","Replay:Poison Smokescreen","Quick Slash+1","EmptyFist+1","Replay:Bootleg Shield Generator"],"picked":"SKIP","floor":46},{"not_picked":["Rage","Auto Shields+1","CUTE","DeepDrag+1","Amplify","Slice+1","ThirdEye+1","ReplayTheSpireMod:GoodbyeWorld","ConjureBlade","Quick Slash+1"],"picked":"SKIP","floor":47},{"not_picked":["RapturousDream+1","Beam Cell","FierceOnslaught+1","CUTE","BizarreAttack+1","LikeWater+1","Unlock1+1","BattleHymn+1","Gash+1","Hidden Blade"],"picked":"SKIP","floor":48}],"player_experience":100207,"relics_obtained":[{"floor":1.0,"key":"Question Card"},{"floor":1.0,"key":"PrismaticShard"},{"floor":1.0,"key":"LetterFromLob"},{"floor":6.0,"key":"testmod-Acrobat"},{"floor":9.0,"key":"Omamori"},{"floor":14,"key":"CeramicFish"},{"floor":16,"key":"ImportantClient"},{"floor":24,"key":"Replay:Rubber Ducky"},{"floor":26,"key":"Blue Candle"},{"floor":43,"key":"The Courier"},{"floor":44,"key":"Eternal Feather"},{"floor":47,"key":"REME_IWantAll"}],"event_choices":[{"cards_removed":["testmod-SelfRegulatingSystem"],"damage_healed":0.0,"max_hp_gain":0.0,"max_hp_loss":0.0,"gold_gain":0.0,"event_name":"The Cleric","player_choice":"Card Removal","floor":3.0,"gold_loss":50.0,"damage_taken":0.0},{"damage_healed":0,"gold_gain":0,"player_choice":"Ignored","damage_taken":0,"max_hp_gain":0,"max_hp_loss":0,"event_name":"给自己的盒子","floor":19,"gold_loss":0},{"damage_healed":0,"gold_gain":0,"player_choice":"Ignored","damage_taken":0,"max_hp_gain":0,"max_hp_loss":0,"event_name":"Vampires","floor":20,"gold_loss":0},{"damage_healed":0,"gold_gain":0,"player_choice":"Cursed","damage_taken":0,"max_hp_gain":0,"max_hp_loss":0,"event_name":"Wheel of Change","floor":37,"gold_loss":0,"cards_obtained":["Decay"]},{"cards_removed":["REME_FirmDetermination"],"damage_healed":0,"gold_gain":0,"player_choice":"Removed Power","damage_taken":0,"max_hp_gain":0,"max_hp_loss":0,"event_name":"Falling","floor":45,"gold_loss":0}],"is_beta":false,"boss_relics":[{"not_picked":["testmod-Temperance","Transparent"],"picked":"testmod-Nine"},{"not_picked":["testmod-CardMagician","Kintsugi"],"picked":"GreenFoldingFan"}],"items_purged_floors":[39],"is_endless":false,"potions_floor_spawned":[6,7,12,14,16,21,30,35,47,48],"ascension_level":3}}