{"host":"eketvm4dld8igxnv","time":1607730249,"event":{"mods":["BaseMod","Downfall","Googly Eyes","Hermit","Minty Spire (QoL Compilation)","StSLib"],"gold_per_floor":[413,413,190,206,281,296,325,325,377,377,388,417,417,434,434,538,538,555,529,548,548,548,579,579,579,579],"floor_reached":25,"playtime":6451,"items_purged":[],"score":221,"play_id":"417a1c84-a3df-4b50-aa82-9f84183e6fee","local_time":"20201211184409","is_ascension_mode":false,"campfire_choices":[{"floor":10,"key":"REST"},{"data":"hermit:Covet","floor":13,"key":"SMITH"},{"floor":15,"key":"REST"},{"floor":24,"key":"REST"}],"circlet_count":0,"master_deck":["hermit:Strike_Hermit","hermit:Strike_Hermit","hermit:Strike_Hermit","hermit:Strike_Hermit","hermit:Defend_Hermit","hermit:Defend_Hermit","hermit:Defend_Hermit","hermit:Defend_Hermit","hermit:Snapshot","hermit:Covet+1","Parasite","hermit:PistolWhip","hermit:Spite","hermit:Combo","hermit:Cheat","hermit:Glare","hermit:ShadowCloak","hermit:Maintenance","hermit:Reprieve","hermit:BodyArmor","hermit:TakeCover","hermit:FlashPowder","hermit:Shortfuse","hermit:ShadowCloak+1"],"relics":["hermit:Momento","Old Coin","hermit:Horseshoe","Bag of Preparation","Odd Mushroom","Bag of Marbles","Regal Pillow","Empty Cage","Lantern"],"acts_visited":["Exordium","TheCity"],"potions_floor_usage":[7,12,12,19,20],"damage_taken":[{"damage":3,"enemies":"2 Louse","floor":1,"turns":2},{"damage":0,"enemies":"Small Slimes","floor":4,"turns":2},{"damage":0,"enemies":"Cultist","floor":6,"turns":2},{"damage":15,"enemies":"The Mushroom Lair","floor":7,"turns":6},{"damage":12,"enemies":"Large Slime","floor":11,"turns":4},{"damage":10,"enemies":"Lagavulin","floor":12,"turns":4},{"damage":14,"enemies":"Blue Slaver","floor":14,"turns":3},{"damage":56,"enemies":"Hexaghost","floor":16,"turns":16},{"damage":1,"enemies":"Chosen","floor":18,"turns":6},{"damage":7,"enemies":"2 Thieves","floor":19,"turns":5},{"damage":26,"enemies":"Snake Plant","floor":20,"turns":6},{"damage":38,"enemies":"Slavers","floor":23,"turns":9},{"damage":61,"enemies":"Cultist and Chosen","floor":25,"turns":12}],"seed_played":"2906713646176641750","potions_obtained":[{"floor":1,"key":"Energy Potion"},{"floor":4,"key":"Block Potion"},{"floor":11,"key":"hermit:Tonic"},{"floor":18,"key":"DistilledChaos"},{"floor":19,"key":"BlessingOfTheForge"}],"is_trial":false,"path_per_floor":["M","?","$","M","?","M","?","?","T","R","M","E","R","M","R","B",null,"M","M","M","?","?","E","R","M"],"character_chosen":"HERMIT","items_purchased":["hermit:PistolWhip","Bag of Preparation"],"campfire_rested":3,"item_purchase_floors":[3,3],"current_hp_per_floor":[72,72,72,72,61,61,46,46,46,68,56,46,46,32,69,13,75,75,68,46,46,46,12,49,0,0],"gold":579,"neow_bonus":"ONE_RARE_RELIC","is_daily":false,"chose_seed":false,"campfire_upgraded":1,"win_rate":0.0,"timestamp":1607730249,"path_taken":["M","?","$","M","?","M","?","?","T","R","M","E","R","M","R","BOSS","M","M","?","?","?","E","R","M"],"items_purchased_type":["Card","Relic"],"build_version":"2020-11-30","purchased_purges":0,"victory":false,"max_hp_per_floor":[75,75,75,75,75,75,75,75,75,75,75,75,75,75,75,75,75,75,75,75,75,75,75,75,75,75],"card_choices":[{"not_picked":["hermit:Brawl","hermit:LowProfile"],"picked":"hermit:Feint","floor":1},{"not_picked":["hermit:Roulette","hermit:Scavenge"],"picked":"hermit:Spite","floor":4},{"not_picked":["hermit:Misfire","hermit:CalledShot"],"picked":"hermit:Combo","floor":6},{"not_picked":["hermit:Ricochet","hermit:Combo"],"picked":"hermit:Cheat","floor":7},{"not_picked":["hermit:HoleUp","hermit:RoundhouseKick"],"picked":"hermit:Glare","floor":11},{"not_picked":["hermit:CalledShot","hermit:BodyArmor"],"picked":"hermit:ShadowCloak","floor":12},{"not_picked":["hermit:DeadMansHand","hermit:Dive"],"picked":"hermit:Maintenance","floor":14},{"not_picked":["hermit:FromBeyond","hermit:HighNoon"],"picked":"hermit:Reprieve","floor":16},{"not_picked":["hermit:Glare","hermit:Coalescence"],"picked":"hermit:BodyArmor","floor":18},{"not_picked":["hermit:Snipe","hermit:TrackingShot"],"picked":"hermit:TakeCover","floor":19},{"not_picked":["hermit:Spite","hermit:Vantage"],"picked":"hermit:FlashPowder","floor":20},{"not_picked":["hermit:Feint","hermit:LoneWolf"],"picked":"hermit:ShadowCloak+1","floor":23}],"player_experience":275502,"relics_obtained":[{"floor":7,"key":"Odd Mushroom"},{"floor":9,"key":"Bag of Marbles"},{"floor":12,"key":"Regal Pillow"},{"floor":23,"key":"Lantern"}],"event_choices":[{"damage_healed":0,"gold_gain":0,"player_choice":"Box","damage_taken":0,"relics_obtained":["hermit:Horseshoe"],"max_hp_gain":0,"max_hp_loss":0,"event_name":"Big Fish","floor":2,"gold_loss":0,"cards_obtained":["Regret"]},{"damage_healed":0,"gold_gain":75,"player_choice":"Gather Gold","damage_taken":11,"max_hp_gain":0,"max_hp_loss":0,"event_name":"World of Goop","floor":5,"gold_loss":0},{"damage_healed":0,"gold_gain":0,"player_choice":"Fought Mushrooms","damage_taken":0,"max_hp_gain":0,"max_hp_loss":0,"event_name":"Mushrooms","floor":7,"gold_loss":0},{"damage_healed":0,"gold_gain":0,"player_choice":"Ignored","damage_taken":0,"max_hp_gain":0,"max_hp_loss":0,"event_name":"NoteForYourself","floor":8,"gold_loss":0},{"damage_healed":0,"gold_gain":0,"player_choice":"Read","damage_taken":0,"max_hp_gain":0,"max_hp_loss":0,"event_name":"The Library","floor":21,"gold_loss":0,"cards_obtained":["hermit:Shortfuse"]}],"is_beta":false,"boss_relics":[{"not_picked":["Snecko Eye","Cursed Key"],"picked":"Empty Cage"}],"items_purged_floors":[],"is_endless":false,"potions_floor_spawned":[1,4,11,18,19],"killed_by":"Cultist and Chosen","ascension_level":0}}