{"host":"jqa9y4qkalbx8qgz","time":1607673219,"event":{"mods":["2.2 Compatiblity","BaseMod","Bestiary","BetterRewards","CCEM","Downfall","Infinite Spire","Minty Spire (QoL Compilation)","Permanent Neow","Relic Stats","Replay The Spire","StSLib","Wandering Minibosses"],"gold_per_floor":[119,136,146,37,50,50,85,85,85,97,129,129,142,153,153,255,305,317,242,242,242,256,276,24,42,67,100,110,110,144,160,160,264,264,281,281,291,291,291,291,302,302,302,302,302,363,410,120,120,120,120,148],"floor_reached":53,"playtime":3800,"items_purged":["theextravagant:Fence","theextravagant:Fence","theextravagant:Fence","theextravagant:QuickAttack"],"score":814,"play_id":"1f88f5cc-c3ad-4f03-bf55-2c21eec18d0b","local_time":"20201211105339","is_ascension_mode":false,"campfire_choices":[{"data":"theextravagant:Triumph","floor":6.0,"key":"SMITH"},{"data":"theextravagant:Pushthrough","floor":8.0,"key":"SMITH"},{"data":"theextravagant:AuroraForm","floor":15.0,"key":"SMITH"},{"data":"theextravagant:ManifestIllusion","floor":32,"key":"SMITH"},{"floor":42,"key":"REST"},{"data":"theextravagant:GlyphOfChoice","floor":44,"key":"SMITH"},{"data":"ReplayTheSpireMod:Black Plague","floor":51,"key":"SMITH"}],"circlet_count":0,"master_deck":["theextravagant:Fence+1","theextravagant:Triumph+1","theextravagant:SharpTalons","theextravagant:Pushthrough+1","theextravagant:Firework","theextravagant:FocusStab","theextravagant:SnakeEyes","theextravagant:GarbageCannon","Pot Of Greed","Pot Of Greed","theextravagant:AuroraForm+1","theextravagant:StepBack","theextravagant:SnakeEyes","theextravagant:Clairvoyance","infinitespire:DeathsTouch","theextravagant:StepBack+1","theextravagant:Firework","theextravagant:RustyBuckler+1","theextravagant:ManifestIllusion+1","theextravagant:RustyBuckler","theextravagant:ZeroHero","theextravagant:Pluck","Pot Of Greed","Madness","Madness","theextravagant:Repell+1","theextravagant:GlyphOfChoice+1","theextravagant:Swirl","expansioncontent:Chronoboost","theextravagant:RisingPhoenix","ReplayTheSpireMod:Black Plague+1"],"relics":["Replay:Drink Me","Grinning Jar","Onion Ring","Ancient Tea Set","Tiny House","Pen Nib","CCEMRelics:BiPhaseBiplane","Philosopher\u0027s Stone","Replay:Baseball","Lantern","Blood Vial","Nilry\u0027s Codex","Toy Ornithopter","Replay:Bronze Core","CCEMRelics:HistoryBook","Replay:Bandana","CCEMRelics:GrindingGear"],"acts_visited":["Exordium","TheCity","TheBeyond"],"potions_floor_usage":[52,52,52],"damage_taken":[{"damage":0.0,"enemies":"Cultist","floor":1.0,"turns":6.0},{"damage":0.0,"enemies":"2 Louse","floor":2.0,"turns":3.0},{"damage":0.0,"enemies":"Small Slimes","floor":3.0,"turns":3.0},{"damage":3.0,"enemies":"Blue Slaver","floor":5.0,"turns":3.0},{"damage":10.0,"enemies":"3 Sentries","floor":7.0,"turns":7.0},{"damage":0.0,"enemies":"Looter","floor":10.0,"turns":1.0},{"damage":14.0,"enemies":"Gremlin Nob","floor":11.0,"turns":4.0},{"damage":0.0,"enemies":"2 Fungi Beasts","floor":13.0,"turns":1.0},{"damage":0.0,"enemies":"3 Louse","floor":14.0,"turns":2.0},{"damage":4.0,"enemies":"Hexaghost","floor":16.0,"turns":7.0},{"damage":0.0,"enemies":"Spheric Guardian","floor":18.0,"turns":4.0},{"damage":0.0,"enemies":"Shell Parasite","floor":22.0,"turns":3.0},{"damage":6.0,"enemies":"3 Cultists","floor":23.0,"turns":4.0},{"damage":0.0,"enemies":"Shelled Parasite and Fungi","floor":25.0,"turns":4.0},{"damage":0.0,"enemies":"Replay:Snechameleon","floor":27.0,"turns":5.0},{"damage":0.0,"enemies":"Cultist and Chosen","floor":28.0,"turns":4.0},{"damage":0.0,"enemies":"Nightmare","floor":30.0,"turns":5.0},{"damage":0,"enemies":"Centurion and Healer","floor":31,"turns":6},{"damage":0,"enemies":"Collector","floor":33,"turns":7},{"damage":0,"enemies":"Orb Walker","floor":35,"turns":4},{"damage":36,"enemies":"3 Shapes","floor":37,"turns":3},{"damage":12,"enemies":"Sphere and 2 Shapes","floor":41,"turns":4},{"damage":0,"enemies":"R_Hoarder","floor":46,"turns":6},{"damage":0,"enemies":"3 Darklings","floor":47,"turns":4},{"damage":9,"enemies":"Donu and Deca","floor":52,"turns":6}],"seed_played":"7915582896441458222","potions_obtained":[{"floor":1.0,"key":"SneckoOil"},{"floor":2.0,"key":"BlessingOfTheForge"},{"floor":5.0,"key":"Guardian:BlockOnCardUsePotion"},{"floor":7.0,"key":"Dexterity Potion"},{"floor":17.0,"key":"DistilledChaos"},{"floor":22.0,"key":"GamblersBrew"},{"floor":23.0,"key":"Slimebound:ThreeZeroPotion"},{"floor":33,"key":"Adrenaline Potion"},{"floor":46,"key":"Venom Potion"}],"is_trial":false,"path_per_floor":["M","M","M","$","M","R","E","R","T","M","E","?","M","M","R","B",null,"M","?","?","AVR","M","M","$","M","T","E","M","?","NM","M","R","B",null,"M","?","M","?","PTL","PTL","M","R","AVR","R","T","E","M","$","?","?","R","B",null],"character_chosen":"THE_EXTRAVAGANT","items_purchased":["theextravagant:FocusStab","Replay:Baseball","expansioncontent:Chronoboost","theextravagant:RisingPhoenix"],"campfire_rested":1,"item_purchase_floors":[4,24,48,48],"current_hp_per_floor":[57,57,57,57,54,54,44,44,44,44,30,30,30,30,30,26,62,62,62,62,62,62,56,56,56,56,56,58,42,44,46,46,48,62,62,54,20,20,20,20,10,28,28,28,28,30,32,32,17,54,54,50],"gold":148,"neow_bonus":"BOSS_RELIC","is_daily":false,"chose_seed":false,"campfire_upgraded":6,"win_rate":0.0,"timestamp":1607673219,"path_taken":["M","M","M","$","M","R","E","R","T","M","E","?","?","M","R","BOSS","BOSS","M","?","?","AVR","M","M","$","?","T","E","M","?","NM","M","R","BOSS","M","?","M","?","PTL","PTL","M","R","AVR","R","T","E","M","$","?","?","R","BOSS"],"items_purchased_type":["Card","Relic","Card","Card"],"build_version":"2020-11-30","purchased_purges":4,"victory":true,"max_hp_per_floor":[57,57,57,57,57,57,57,57,57,57,57,57,57,57,57,57,62,62,62,62,62,62,62,62,62,62,62,62,62,62,62,62,62,62,62,62,62,62,62,62,62,62,62,62,62,62,62,62,62,54,54,54],"relic_stats":{"Blood Vial":16,"counters":[170,786],"Pen Nib":[18],"obtain_stats":[{"Golden Egg":54,"Replay:Accelerometer":24,"Whetstone":28,"Boot":13,"Sling":0,"Old Coin":44,"CCEMRelics:DerglesHeadphones":3,"Blood Vial":27,"Replay:Bronze Core":34,"HandDrill":53,"Replay:Wax Seal":44,"Replay:Bottled Steam":9,"Pear":0,"Pen Nib":43,"Guardian:PocketSentry":15,"SlaversCollar":17,"MutagenicStrength":19,"Unceasing Top":13,"Abe\u0027s Treasure":17,"Regal Pillow":40,"Lantern":26,"CCEMRelics:WrappedPresent":29,"Magic Flower":39,"Blue Doll":0,"wanderingMiniBosses:AbyssPearl":35,"Replay:Multitool":47,"Bag of Preparation":3,"Ancient Tea Set":29,"Burning Blood":20,"Pet Ghost":42,"Replay:Rubber Ducky":40,"Shovel":14,"Toolbox":0,"Replay:Bottled Eggs":46,"CCEMRelics:WhiteRose":9,"InkBottle":40,"Potion Belt":23,"Replay:M_StaffOfTheSnake":4,"Damaru":23,"PreservedInsect":11,"Omamori":7,"Ring of Greed":44,"infinitespire:Lucky Rock":9,"MawBank":46,"Replay:Arrowhead":31,"sneckomod:BabySnecko":28,"Ornamental Fan":7,"CCEMRelics:BiPhaseBiplane":21,"Ring of Misfortune":44,"Garlic":42,"Durian":0,"Art of War":47,"ReplayTheSpireMod:Lightbulb":29,"Toy Ornithopter":41,"wanderingMiniBosses:Inkheart":31,"Tiny House":17,"Nilry\u0027s Codex":31,"CeramicFish":40,"Vajra":21,"HornCleat":53,"Strawberry":9,"Honey Jar":34,"Prayer Wheel":41,"Philosopher\u0027s Stone":21,"Iron Hammer":54,"Toxic Egg 2":41,"Happy Flower":43,"Oddly Smooth Stone":38,"Ring of Chaos":17,"Charon\u0027s Ashes":0,"theextravagant:TranslucentFeather":0,"War Paint":30,"OrangePellets":0,"Replay:Baseball":24,"ReplayTheSpireMod:Shallot":13,"Bronze Scales":11,"Simple Rune":46,"Onion Ring":9,"Black Star":34,"Nloth\u0027s Gift":28,"ReplayTheSpireMod:TigerMarble":43,"Grinning Jar":11,"Pocketwatch":0,"ReplayFunnel":42,"Replay:PocketPolymizer":30,"Melange":38,"Mango":7,"CloakClasp":0,"Incense Burner":0,"Juzu Bracelet":47,"Replay:Mystery Machine":45,"ClockworkSouvenir":0,"Replay:Bandana":39,"Nunchaku":45,"Mummified Hand":27,"CCEMRelics:OverlyComfyChair":14,"Pantograph":45,"Gambling Chip":44,"Tiny Chest":25,"Red Mask":25,"Replay:Drink Me":0,"Red Skull":26,"CCEMRelics:Barrel":47,"CCEMRelics:HistoryBook":43,"ReplayTheSpireMod:Ninjato":2,"White Beast Statue":44,"CCEMRelics:SpiritsEdge":36,"Anchor":9,"CaptainsWheel":42,"CCEMRelics:GrindingGear":46,"Snack Pack":0,"Coffee Dripper":17,"PureWater":0,"FossilizedHelix":0,"ReplayTheSpireMod:ShopPack":45},{"Golden Egg":27,"Replay:Accelerometer":70,"Whetstone":98,"Boot":36,"Sling":55,"Old Coin":79,"CCEMRelics:DerglesHeadphones":108,"Blood Vial":160,"Replay:Bronze Core":164,"HandDrill":26,"Replay:Wax Seal":79,"Replay:Bottled Steam":33,"Pear":132,"Pen Nib":22,"Guardian:PocketSentry":7,"SlaversCollar":8,"MutagenicStrength":39,"Unceasing Top":63,"Abe\u0027s Treasure":93,"Regal Pillow":127,"Lantern":159,"CCEMRelics:WrappedPresent":122,"Magic Flower":101,"Blue Doll":55,"wanderingMiniBosses:AbyssPearl":125,"Replay:Multitool":81,"Bag of Preparation":85,"Ancient Tea Set":122,"Burning Blood":94,"Pet Ghost":129,"Replay:Rubber Ducky":20,"Shovel":7,"Toolbox":83,"Replay:Bottled Eggs":24,"CCEMRelics:WhiteRose":110,"InkBottle":127,"Potion Belt":42,"Replay:M_StaffOfTheSnake":57,"Damaru":13,"PreservedInsect":90,"Omamori":88,"Ring of Greed":79,"infinitespire:Lucky Rock":135,"MawBank":24,"Replay:Arrowhead":15,"sneckomod:BabySnecko":14,"Ornamental Fan":3,"CCEMRelics:BiPhaseBiplane":156,"Ring of Misfortune":79,"Garlic":22,"Durian":28,"Art of War":54,"ReplayTheSpireMod:Lightbulb":72,"Toy Ornithopter":51,"wanderingMiniBosses:Inkheart":74,"Tiny House":155,"Nilry\u0027s Codex":98,"CeramicFish":20,"Vajra":11,"HornCleat":26,"Strawberry":89,"Honey Jar":75,"Prayer Wheel":79,"Philosopher\u0027s Stone":156,"Iron Hammer":27,"Toxic Egg 2":51,"Happy Flower":79,"Oddly Smooth Stone":77,"Ring of Chaos":38,"Charon\u0027s Ashes":107,"theextravagant:TranslucentFeather":0,"War Paint":98,"OrangePellets":28,"Replay:Baseball":158,"ReplayTheSpireMod:Shallot":114,"Bronze Scales":5,"Simple Rune":104,"Onion Ring":150,"Black Star":16,"Nloth\u0027s Gift":43,"ReplayTheSpireMod:TigerMarble":52,"Grinning Jar":61,"Pocketwatch":28,"ReplayFunnel":22,"Replay:PocketPolymizer":45,"Melange":77,"Mango":110,"CloakClasp":0,"Incense Burner":28,"Juzu Bracelet":54,"Replay:Mystery Machine":53,"ClockworkSouvenir":28,"Replay:Bandana":19,"Nunchaku":80,"Mummified Hand":71,"CCEMRelics:OverlyComfyChair":139,"Pantograph":53,"Gambling Chip":130,"Tiny Chest":14,"Red Mask":43,"Replay:Drink Me":145,"Red Skull":121,"CCEMRelics:Barrel":130,"CCEMRelics:HistoryBook":167,"ReplayTheSpireMod:Ninjato":133,"White Beast Statue":130,"CCEMRelics:SpiritsEdge":125,"Anchor":3,"CaptainsWheel":129,"CCEMRelics:GrindingGear":168,"Snack Pack":28,"Coffee Dripper":65,"PureWater":0,"FossilizedHelix":132,"ReplayTheSpireMod:ShopPack":130},{"Golden Egg":172,"Replay:Accelerometer":347,"Whetstone":439,"Boot":206,"Sling":288,"Old Coin":380,"CCEMRelics:DerglesHeadphones":478,"Blood Vial":737,"Replay:Bronze Core":759,"HandDrill":164,"Replay:Wax Seal":380,"Replay:Bottled Steam":198,"Pear":612,"Pen Nib":133,"Guardian:PocketSentry":41,"SlaversCollar":53,"MutagenicStrength":220,"Unceasing Top":314,"Abe\u0027s Treasure":423,"Regal Pillow":585,"Lantern":732,"CCEMRelics:WrappedPresent":557,"Magic Flower":454,"Blue Doll":288,"wanderingMiniBosses:AbyssPearl":575,"Replay:Multitool":386,"Bag of Preparation":401,"Ancient Tea Set":557,"Burning Blood":426,"Pet Ghost":595,"Replay:Rubber Ducky":122,"Shovel":41,"Toolbox":394,"Replay:Bottled Eggs":147,"CCEMRelics:WhiteRose":486,"InkBottle":585,"Potion Belt":227,"Replay:M_StaffOfTheSnake":292,"Damaru":79,"PreservedInsect":413,"Omamori":406,"Ring of Greed":380,"infinitespire:Lucky Rock":624,"MawBank":147,"Replay:Arrowhead":90,"sneckomod:BabySnecko":86,"Ornamental Fan":19,"CCEMRelics:BiPhaseBiplane":721,"Ring of Misfortune":380,"Garlic":133,"Durian":181,"Art of War":281,"ReplayTheSpireMod:Lightbulb":356,"Toy Ornithopter":260,"wanderingMiniBosses:Inkheart":364,"Tiny House":717,"Nilry\u0027s Codex":439,"CeramicFish":122,"Vajra":70,"HornCleat":164,"Strawberry":409,"Honey Jar":371,"Prayer Wheel":380,"Philosopher\u0027s Stone":721,"Iron Hammer":172,"Toxic Egg 2":260,"Happy Flower":380,"Oddly Smooth Stone":375,"Ring of Chaos":217,"Charon\u0027s Ashes":474,"theextravagant:TranslucentFeather":0,"War Paint":439,"OrangePellets":181,"Replay:Baseball":728,"ReplayTheSpireMod:Shallot":506,"Bronze Scales":28,"Simple Rune":461,"Onion Ring":702,"Black Star":98,"Nloth\u0027s Gift":229,"ReplayTheSpireMod:TigerMarble":267,"Grinning Jar":309,"Pocketwatch":181,"ReplayFunnel":133,"Replay:PocketPolymizer":237,"Melange":375,"Mango":486,"CloakClasp":0,"Incense Burner":181,"Juzu Bracelet":281,"Replay:Mystery Machine":274,"ClockworkSouvenir":181,"Replay:Bandana":115,"Nunchaku":383,"Mummified Hand":351,"CCEMRelics:OverlyComfyChair":643,"Pantograph":274,"Gambling Chip":601,"Tiny Chest":86,"Red Mask":229,"Replay:Drink Me":680,"Red Skull":552,"CCEMRelics:Barrel":601,"CCEMRelics:HistoryBook":770,"ReplayTheSpireMod:Ninjato":616,"White Beast Statue":601,"CCEMRelics:SpiritsEdge":575,"Anchor":19,"CaptainsWheel":595,"CCEMRelics:GrindingGear":776,"Snack Pack":181,"Coffee Dripper":327,"PureWater":0,"FossilizedHelix":612,"ReplayTheSpireMod:ShopPack":601}],"Toy Ornithopter":5},"card_choices":[{"not_picked":["theextravagant:Glamour","theextravagant:Firework"],"picked":"theextravagant:SharpTalons","floor":1.0},{"not_picked":["theextravagant:Flashback","theextravagant:Twitch"],"picked":"theextravagant:Pushthrough","floor":2.0},{"not_picked":["theextravagant:SpontaneousStrike","theextravagant:Comeback"],"picked":"theextravagant:Firework","floor":3.0},{"not_picked":["theextravagant:IronPlumes","theextravagant:Glamour"],"picked":"theextravagant:SnakeEyes","floor":5.0},{"not_picked":["theextravagant:Radiance","theextravagant:Flashback"],"picked":"theextravagant:GarbageCannon","floor":7.0},{"not_picked":["theextravagant:ShootingStar","theextravagant:Antiquity","theextravagant:HeavyBlows"],"picked":"SKIP","floor":10.0},{"not_picked":["theextravagant:Shake","theextravagant:Twitch"],"picked":"theextravagant:AuroraForm","floor":11.0},{"not_picked":["theextravagant:Defy","theextravagant:Glamour","theextravagant:Shove"],"picked":"SKIP","floor":13.0},{"not_picked":["theextravagant:Defy","theextravagant:Glamour","theextravagant:Shove"],"picked":"SKIP","floor":13.0},{"not_picked":["theextravagant:Urgency","theextravagant:Riot"],"picked":"theextravagant:StepBack","floor":14.0},{"not_picked":["theextravagant:Redemption","theextravagant:AuroraForm"],"picked":"theextravagant:SnakeEyes","floor":16.0},{"not_picked":["theextravagant:Flashback","theextravagant:Thrill"],"picked":"theextravagant:Clairvoyance","floor":17.0},{"not_picked":["theextravagant:Shake+1","theextravagant:SpontaneousStrike+1","theextravagant:SharpTalons"],"picked":"SKIP","floor":18.0},{"not_picked":["theextravagant:PuffUp","theextravagant:Urgency","theextravagant:HeavyBlows+1"],"picked":"SKIP","floor":22.0},{"not_picked":["theextravagant:PerfectTheBasics","theextravagant:FocusStab"],"picked":"theextravagant:StepBack+1","floor":23.0},{"not_picked":["theextravagant:ShootingStar","theextravagant:Riot+1"],"picked":"theextravagant:Firework","floor":25.0},{"not_picked":["theextravagant:PuffUp+1","theextravagant:Foil"],"picked":"theextravagant:RustyBuckler+1","floor":27.0},{"not_picked":["theextravagant:Meditation","theextravagant:ShootingStar"],"picked":"theextravagant:ManifestIllusion","floor":28.0},{"not_picked":["theextravagant:Twitch","theextravagant:HeavyBlows"],"picked":"theextravagant:RustyBuckler","floor":30.0},{"not_picked":["theextravagant:StepBack","theextravagant:Ambush"],"picked":"theextravagant:ZeroHero","floor":31},{"not_picked":["theextravagant:Redemption","theextravagant:SnakeOil"],"picked":"theextravagant:Pluck","floor":33},{"not_picked":["theextravagant:Ravage+1","theextravagant:Foil+1","theextravagant:PerfectTheBasics"],"picked":"SKIP","floor":35},{"not_picked":["theextravagant:Pushthrough","theextravagant:Defy"],"picked":"theextravagant:Repell+1","floor":37},{"not_picked":["theextravagant:Precaution+1","theextravagant:Drift+1"],"picked":"theextravagant:GlyphOfChoice","floor":41},{"not_picked":["theextravagant:Urgency","theextravagant:RustyBuckler","theextravagant:Dazzle+1"],"picked":"SKIP","floor":46},{"not_picked":["theextravagant:Urgency","theextravagant:Impulse+1"],"picked":"theextravagant:Swirl","floor":47},{"not_picked":["infinitespire:NeuralNetwork","Replay:Fractal Strike"],"picked":"ReplayTheSpireMod:Black Plague","floor":49}],"player_experience":181051,"relics_obtained":[{"floor":7.0,"key":"Grinning Jar"},{"floor":9.0,"key":"Onion Ring"},{"floor":11.0,"key":"Ancient Tea Set"},{"floor":26.0,"key":"Lantern"},{"floor":27.0,"key":"Blood Vial"},{"floor":29.0,"key":"Nilry\u0027s Codex"},{"floor":30.0,"key":"Toy Ornithopter"},{"floor":45,"key":"Replay:Bandana"},{"floor":46,"key":"CCEMRelics:GrindingGear"}],"event_choices":[{"damage_healed":0.0,"max_hp_gain":0.0,"max_hp_loss":0.0,"gold_gain":0.0,"event_name":"NoteForYourself","player_choice":"Ignored","floor":12.0,"gold_loss":0.0,"damage_taken":0.0},{"cards_removed":["theextravagant:SlyStrike"],"damage_healed":0.0,"max_hp_gain":0.0,"max_hp_loss":0.0,"gold_gain":0.0,"event_name":"Beggar","player_choice":"Gave Gold","floor":19.0,"gold_loss":75.0,"damage_taken":0.0},{"damage_healed":0.0,"max_hp_gain":0.0,"max_hp_loss":0.0,"gold_gain":0.0,"event_name":"WeMeetAgain","player_choice":"Gave Potion","floor":20.0,"gold_loss":0.0,"damage_taken":0.0,"relics_obtained":["Pen Nib"]},{"damage_healed":0.0,"max_hp_gain":0.0,"max_hp_loss":0.0,"gold_gain":0.0,"event_name":"Cursed Tome","player_choice":"Obtained Book","floor":29.0,"gold_loss":0.0,"damage_taken":16.0},{"damage_healed":0,"gold_gain":0,"player_choice":"Embrace Madness","damage_taken":8,"max_hp_gain":0,"max_hp_loss":0,"event_name":"Winding Halls","floor":36,"gold_loss":0,"cards_obtained":["Madness","Madness"]},{"damage_healed":0,"gold_gain":0,"player_choice":"Ignored","damage_taken":0,"max_hp_gain":0,"max_hp_loss":0,"event_name":"Tomb of Lord Red Mask","floor":38,"gold_loss":0},{"damage_healed":54,"gold_gain":0,"player_choice":"Heal","damage_taken":0,"max_hp_gain":0,"max_hp_loss":8,"event_name":"The Moai Head","floor":50,"gold_loss":0}],"is_beta":false,"boss_relics":[{"not_picked":["Replay:Ancient Bell","theextravagant:CuffLinks"],"picked":"Tiny House"},{"not_picked":["Replay:Wanted Poster","ReplayTheSpireMod:DimensionalGlitch"],"picked":"Replay:Bronze Core"}],"items_purged_floors":[4,21,24,48],"is_endless":false,"potions_floor_spawned":[1,2,5,7,13,22,23,30,33,41,46,47],"ascension_level":0}}