{"host":"utqe55yv0jihe4d6","time":1607656780,"event":{"mods":["2.2 Compatiblity","AchievementEnabler","BaseMod","Block Reminder","Colored Map","Colored Powertips","Minty Spire (QoL Compilation)","Quick Restart","Rare Cards Sparkle","Relic Stats","SuperFastMode"],"gold_per_floor":[369,388,398,76,93,93,130,130,130,130,151,170,170,170],"floor_reached":13,"playtime":324,"items_purged":[],"score":174,"play_id":"e1bf2bdd-6ab1-48e8-bc80-7bd763c60b38","local_time":"20201210221940","is_ascension_mode":true,"campfire_choices":[{"data":"Battle Trance","floor":6,"key":"SMITH"},{"data":"True Grit","floor":8,"key":"SMITH"},{"floor":10,"key":"REST"}],"circlet_count":0,"master_deck":["AscendersBane","Strike_R","Strike_R","Strike_R","Strike_R","Strike_R","Defend_R","Defend_R","Defend_R","Defend_R","Bash","Bloodletting","Clothesline","Sword Boomerang","Feel No Pain","Feed","Battle Trance+1","True Grit+1","Thunderclap","Spot Weakness"],"relics":["Burning Blood","Medical Kit","CeramicFish","Shuriken"],"acts_visited":["Exordium"],"potions_floor_usage":[7,12],"damage_taken":[{"damage":7,"enemies":"Cultist","floor":1,"turns":4},{"damage":28,"enemies":"Jaw Worm","floor":2,"turns":8},{"damage":4,"enemies":"Small Slimes","floor":3,"turns":5},{"damage":17,"enemies":"Blue Slaver","floor":5,"turns":7},{"damage":49,"enemies":"Gremlin Nob","floor":7,"turns":5},{"damage":8,"enemies":"Red Slaver","floor":11,"turns":3},{"damage":7,"enemies":"Lots of Slimes","floor":12,"turns":3},{"damage":40,"enemies":"Lagavulin","floor":13,"turns":5}],"seed_played":"-1904943458366597563","potions_obtained":[{"floor":1,"key":"BloodPotion"},{"floor":3,"key":"Explosive Potion"},{"floor":11,"key":"LiquidBronze"}],"is_trial":false,"path_per_floor":["M","M","M","$","M","R","E","R","T","R","M","M","E"],"character_chosen":"IRONCLAD","items_purchased":["Medical Kit","Feel No Pain","Feed"],"campfire_rested":1,"item_purchase_floors":[4,4,4],"current_hp_per_floor":[67,45,47,47,39,39,10,10,10,31,32,34,0,0],"gold":170,"neow_bonus":"TWO_FIFTY_GOLD","is_daily":false,"chose_seed":false,"campfire_upgraded":2,"win_rate":0.0,"timestamp":1607656780,"path_taken":["M","M","M","$","M","R","E","R","T","R","?","M","E"],"items_purchased_type":["Relic","Card","Card"],"build_version":"2020-11-30","purchased_purges":0,"victory":false,"max_hp_per_floor":[68,68,68,68,71,71,71,71,71,71,74,77,77,77],"relic_stats":{"counters":[8,40],"Shuriken":[2],"CeramicFish":27,"Medical Kit":[0],"obtain_stats":[{"Shuriken":9,"CeramicFish":7,"Medical Kit":4,"Burning Blood":0},{"Shuriken":5,"CeramicFish":5,"Medical Kit":3,"Burning Blood":0},{"Shuriken":29,"CeramicFish":29,"Medical Kit":17,"Burning Blood":0}],"Burning Blood":42},"card_choices":[{"not_picked":["Reckless Charge","Wild Strike"],"picked":"Bloodletting","floor":1},{"not_picked":["Bloodletting","Headbutt"],"picked":"Clothesline","floor":2},{"not_picked":["Havoc","Metallicize"],"picked":"Sword Boomerang","floor":3},{"not_picked":["Perfected Strike","Iron Wave"],"picked":"Battle Trance","floor":5},{"not_picked":["Thunderclap","Perfected Strike"],"picked":"True Grit","floor":7},{"not_picked":["Wild Strike","Intimidate"],"picked":"Thunderclap","floor":11},{"not_picked":["Exhume","Body Slam"],"picked":"Spot Weakness","floor":12}],"player_experience":2732572,"relics_obtained":[{"floor":7,"key":"CeramicFish"},{"floor":9,"key":"Shuriken"}],"event_choices":[],"is_beta":false,"boss_relics":[],"items_purged_floors":[],"is_endless":false,"potions_floor_spawned":[1,3,11],"killed_by":"Lagavulin","ascension_level":20}}