{"host":"sst22apzgpn07t8v","time":1607684607,"event":{"mods":["Act Like it!","BaseMod","Hallownest","HololiveMod","Lobotomy","LobotomyExtend","Minty Spire (QoL Compilation)","Replay The Spire","Shop Mod","StSLib"],"gold_per_floor":[111,128,128,128,80,110,110,110,184,204,169,94,94,108,108,108,108],"floor_reached":16,"playtime":757,"items_purged":["Strike_G"],"score":96,"play_id":"b0ff3c89-d582-4414-a038-c704021ce0ab","local_time":"20201211190327","is_ascension_mode":false,"campfire_choices":[{"data":"ReplayTheSpireMod:Scrap Shanks","floor":8,"key":"SMITH"}],"circlet_count":0,"master_deck":["Strike_G","Strike_G","Strike_G+1","Defend_G+1","Defend_G","Defend_G","Defend_G","Defend_G","Survivor","Neutralize","ReplayTheSpireMod:Scrap Shanks+1","Flechettes","Dagger Throw","Riddle With Holes+1","Blade Dance","Glass Knife","Bouncing Flask"],"relics":["Coffee Dripper","WingedGreaves","Matryoshka","Darkstone Periapt","Replay:Wax Seal","Ornamental Fan"],"acts_visited":["Exordium"],"potions_floor_usage":[],"damage_taken":[{"damage":0,"enemies":"Cultist","floor":1,"turns":4},{"damage":23,"enemies":"Lagavulin","floor":6,"turns":8},{"damage":0,"enemies":"Jaw Worm","floor":10,"turns":4},{"damage":0,"enemies":"Small Slimes","floor":14,"turns":2},{"damage":47,"enemies":"Slime Boss","floor":16,"turns":11}],"seed_played":"6640681819889410566","potions_obtained":[{"floor":1,"key":"BlessingOfTheForge"}],"is_trial":false,"path_per_floor":["M","?","?","?","$","E","?","R","T","M","?","$","?","M","R","B"],"character_chosen":"THE_SILENT","items_purchased":["Dagger Throw"],"campfire_rested":0,"item_purchase_floors":[5],"current_hp_per_floor":[70,53,53,46,46,23,9,9,9,9,26,26,26,26,47,0,0],"gold":108,"neow_bonus":"BOSS_RELIC","is_daily":false,"chose_seed":false,"campfire_upgraded":1,"win_rate":0.0,"timestamp":1607684607,"path_taken":["M","?","?","?","?","E","?","R","T","?","?","$","?","M","R","BOSS"],"items_purchased_type":["Card"],"build_version":"2020-11-30","purchased_purges":1,"victory":false,"max_hp_per_floor":[70,70,70,70,70,70,70,70,70,70,70,70,70,70,70,70,70],"card_choices":[{"not_picked":["Well Laid Plans","Dodge and Roll","PiercingWail"],"picked":"SKIP","floor":1},{"not_picked":["Flechettes","Bane"],"picked":"ReplayTheSpireMod:Scrap Shanks","floor":2},{"not_picked":["Quick Slash","Terror"],"picked":"Riddle With Holes","floor":6},{"not_picked":["Deadly Poison","Dodge and Roll"],"picked":"Blade Dance","floor":10},{"not_picked":["Flying Knee","Quick Slash"],"picked":"Bouncing Flask","floor":14}],"player_experience":118068,"relics_obtained":[{"floor":2,"key":"WingedGreaves"},{"floor":6,"key":"Darkstone Periapt"},{"floor":9,"key":"Replay:Wax Seal"},{"floor":9,"key":"Ornamental Fan"}],"event_choices":[{"damage_healed":0,"gold_gain":0,"cards_transformed":["Strike_G"],"player_choice":"Change","damage_taken":0,"max_hp_gain":0,"max_hp_loss":0,"event_name":"Living Wall","floor":3,"gold_loss":0,"cards_obtained":["Flechettes"]},{"damage_healed":0,"gold_gain":0,"player_choice":"Success","damage_taken":7,"relics_obtained":["Matryoshka"],"max_hp_gain":0,"max_hp_loss":0,"event_name":"Scrap Ooze","floor":4,"gold_loss":0},{"damage_healed":0,"gold_gain":0,"player_choice":"Entered Light","damage_taken":14,"max_hp_gain":0,"max_hp_loss":0,"event_name":"Shining Light","floor":7,"gold_loss":0,"cards_upgraded":["Strike_G","Defend_G"]},{"damage_healed":17,"gold_gain":0,"player_choice":"Healed","damage_taken":0,"max_hp_gain":0,"max_hp_loss":0,"event_name":"The Cleric","floor":11,"gold_loss":35},{"damage_healed":0,"gold_gain":0,"player_choice":"1 cards matched","damage_taken":0,"max_hp_gain":0,"max_hp_loss":0,"event_name":"Match and Keep!","floor":13,"gold_loss":0,"cards_obtained":["Glass Knife"]}],"is_beta":false,"boss_relics":[],"items_purged_floors":[12],"is_endless":false,"potions_floor_spawned":[1],"killed_by":"Slime Boss","ascension_level":0}}