{"host":"51f0ad793vly1w6u","time":1607676018,"event":{"mods":["BaseMod","Colored Map","DeckTracker","Minty Spire (QoL Compilation)","StSLib","SuperFastMode"],"gold_per_floor":[114,128,144,156,170,170,197,197,247,247,305,305,355,372,372,444,444,460,474,490,490,501,534,534,534,534],"floor_reached":25,"playtime":611,"items_purged":[],"score":450,"play_id":"d275cb8f-0053-475b-98f5-84cc8c1e5278","local_time":"20201211174018","is_ascension_mode":true,"campfire_choices":[{"data":"Cloak And Dagger","floor":6.0,"key":"SMITH"},{"data":"Phantasmal Killer","floor":8.0,"key":"SMITH"},{"data":"Accuracy","floor":10.0,"key":"SMITH"},{"data":"Blade Dance","floor":15.0,"key":"SMITH"},{"data":"Storm of Steel","floor":24,"key":"SMITH"}],"circlet_count":0,"master_deck":["AscendersBane","Strike_G","Strike_G","Defend_G","Defend_G","Defend_G","Defend_G","Defend_G","Survivor","Neutralize","Cloak And Dagger+1","Accuracy+1","Dagger Throw","Dash","Accuracy","Phantasmal Killer+1","Blade Dance+1","Reflex","Night Terror","Blur+1","Well Laid Plans+1","Envenom+1","Blade Dance","Cloak And Dagger+1","Blade Dance","Storm of Steel+1"],"relics":["Ring of the Snake","Calipers","Art of War","Shuriken","Astrolabe","Bronze Scales"],"acts_visited":["Exordium","TheCity"],"potions_floor_usage":[23,23,23],"damage_taken":[{"damage":0.0,"enemies":"Cultist","floor":1.0,"turns":4.0},{"damage":0.0,"enemies":"Small Slimes","floor":2.0,"turns":5.0},{"damage":8.0,"enemies":"2 Louse","floor":3.0,"turns":3.0},{"damage":0.0,"enemies":"Looter","floor":4.0,"turns":4.0},{"damage":0.0,"enemies":"Gremlin Gang","floor":5.0,"turns":5.0},{"damage":9.0,"enemies":"3 Sentries","floor":7.0,"turns":8.0},{"damage":30.0,"enemies":"3 Sentries","floor":11.0,"turns":9.0},{"damage":0.0,"enemies":"2 Fungi Beasts","floor":14.0,"turns":2.0},{"damage":33.0,"enemies":"The Guardian","floor":16.0,"turns":6.0},{"damage":5.0,"enemies":"3 Byrds","floor":18.0,"turns":6.0},{"damage":0.0,"enemies":"Chosen","floor":19.0,"turns":5.0},{"damage":6.0,"enemies":"3 Cultists","floor":20.0,"turns":5.0},{"damage":6,"enemies":"Chosen and Byrds","floor":22,"turns":4},{"damage":16,"enemies":"Slavers","floor":23,"turns":5},{"damage":28,"enemies":"Gremlin Leader","floor":25,"turns":2}],"seed_played":"1606950562038548211","potions_obtained":[{"floor":1.0,"key":"Explosive Potion"},{"floor":3.0,"key":"EntropicBrew"},{"floor":4.0,"key":"BlessingOfTheForge"},{"floor":14.0,"key":"SkillPotion"},{"floor":16.0,"key":"CunningPotion"},{"floor":19.0,"key":"EntropicBrew"}],"is_trial":false,"path_per_floor":["M","M","M","M","M","R","E","R","T","R","?","?","?","M","R","B",null,"M","M","M","?","M","E","R","E"],"character_chosen":"THE_SILENT","items_purchased":[],"campfire_rested":0,"item_purchase_floors":[],"current_hp_per_floor":[65,65,57,57,57,57,48,48,48,48,18,42,35,35,35,2,55,50,50,44,44,38,22,22,0,0],"gold":534,"neow_bonus":"TEN_PERCENT_HP_BONUS","is_daily":false,"chose_seed":false,"campfire_upgraded":5,"win_rate":0.0,"timestamp":1607676018,"path_taken":["M","M","M","?","M","R","E","R","T","R","?","?","?","M","R","BOSS","M","M","?","?","M","E","R","E"],"items_purchased_type":[],"build_version":"2020-11-30","purchased_purges":0,"victory":false,"max_hp_per_floor":[72,72,72,72,72,72,72,72,72,72,72,72,72,72,72,72,72,72,72,72,72,72,72,72,72,72],"card_choices":[{"not_picked":["Well Laid Plans","Catalyst"],"picked":"Cloak And Dagger","floor":1.0},{"not_picked":["Slice","Acrobatics"],"picked":"Accuracy","floor":2.0},{"not_picked":["Outmaneuver","Sucker Punch"],"picked":"Dagger Throw","floor":3.0},{"not_picked":["Quick Slash","Catalyst"],"picked":"Dash","floor":4.0},{"not_picked":["Flying Knee","Noxious Fumes"],"picked":"Accuracy","floor":5.0},{"not_picked":["Crippling Poison","Outmaneuver"],"picked":"Phantasmal Killer","floor":7.0},{"not_picked":["Finisher","Deflect"],"picked":"Blade Dance","floor":11.0},{"not_picked":["Dagger Spray","Dodge and Roll"],"picked":"Reflex","floor":14.0},{"not_picked":["Phantasmal Killer","Glass Knife"],"picked":"Night Terror","floor":16.0},{"not_picked":["Leg Sweep","Quick Slash","Catalyst"],"picked":"SKIP","floor":18.0},{"not_picked":["Finisher","Cloak And Dagger"],"picked":"Blade Dance","floor":19.0},{"not_picked":["Dagger Throw","Bouncing Flask"],"picked":"Cloak And Dagger+1","floor":20.0},{"not_picked":["Deadly Poison","Outmaneuver"],"picked":"Blade Dance","floor":22},{"not_picked":["Concentrate","Dagger Spray"],"picked":"Storm of Steel","floor":23}],"player_experience":1362064,"relics_obtained":[{"floor":7.0,"key":"Calipers"},{"floor":9.0,"key":"Art of War"},{"floor":23,"key":"Bronze Scales"}],"event_choices":[{"damage_healed":0.0,"max_hp_gain":0.0,"max_hp_loss":0.0,"gold_gain":0.0,"event_name":"Dead Adventurer","player_choice":"Searched \u00272\u0027 times","floor":11.0,"gold_loss":0.0,"damage_taken":0.0,"relics_obtained":["Shuriken"]},{"damage_healed":24.0,"max_hp_gain":0.0,"max_hp_loss":0.0,"gold_gain":0.0,"event_name":"Big Fish","player_choice":"Banana","floor":12.0,"gold_loss":0.0,"damage_taken":0.0},{"damage_healed":0.0,"max_hp_gain":0.0,"max_hp_loss":0.0,"gold_gain":50.0,"event_name":"FaceTrader","player_choice":"Touch","floor":13.0,"gold_loss":0.0,"damage_taken":7.0},{"damage_healed":0,"gold_gain":0,"player_choice":"Ignored","damage_taken":0,"max_hp_gain":0,"max_hp_loss":0,"event_name":"The Mausoleum","floor":21,"gold_loss":0}],"is_beta":false,"boss_relics":[{"not_picked":["Ring of the Serpent","Coffee Dripper"],"picked":"Astrolabe"}],"items_purged_floors":[],"is_endless":false,"potions_floor_spawned":[1,3,4,14,16,19],"killed_by":"Gremlin Leader","ascension_level":20}}