{"host":"i2s4iw62z1dejrqn","time":1607685522,"event":{"mods":["AchievementEnabler","BaseMod","Minty Spire (QoL Compilation)","Random Character Button","SuperFastMode"],"gold_per_floor":[118,129,144,144,167,167,167,180,180,224,1,1,15,33,33,33,33],"floor_reached":16,"playtime":410,"items_purged":["Strike_G"],"score":181,"play_id":"e057176b-8e2e-4ece-8713-43ccfe6524e9","local_time":"20201211201842","is_ascension_mode":true,"campfire_choices":[{"data":"Neutralize","floor":6,"key":"SMITH"},{"data":"Phantasmal Killer","floor":15,"key":"SMITH"}],"circlet_count":0,"master_deck":["Strike_G","Strike_G","Strike_G","Strike_G","Defend_G","Defend_G","Defend_G","Defend_G","Defend_G","Survivor","Neutralize+1","Deadly Poison","Dash","Phantasmal Killer+1","Acrobatics","Dagger Spray","Heel Hook","Blade Dance"],"relics":["Ring of the Snake","NeowsBlessing","Golden Idol","HornCleat","Matryoshka","Strange Spoon"],"acts_visited":["Exordium"],"potions_floor_usage":[10,10,16,16],"damage_taken":[{"damage":0.0,"enemies":"2 Louse","floor":1.0,"turns":1.0},{"damage":0.0,"enemies":"Cultist","floor":2.0,"turns":1.0},{"damage":0.0,"enemies":"Small Slimes","floor":3.0,"turns":1.0},{"damage":15,"enemies":"2 Fungi Beasts","floor":5,"turns":4},{"damage":0,"enemies":"Looter","floor":8,"turns":3},{"damage":0,"enemies":"Gremlin Nob","floor":10,"turns":3},{"damage":12,"enemies":"Lots of Slimes","floor":13,"turns":3},{"damage":0,"enemies":"Blue Slaver","floor":14,"turns":4},{"damage":41,"enemies":"Hexaghost","floor":16,"turns":9}],"seed_played":"-648374798174408784","potions_obtained":[{"floor":2.0,"key":"FearPotion"},{"floor":8,"key":"LiquidMemories"},{"floor":13,"key":"Fire Potion"},{"floor":14,"key":"Swift Potion"}],"is_trial":false,"path_per_floor":["M","M","M","?","M","R","?","M","T","E","$","?","M","M","R","B"],"character_chosen":"THE_SILENT","items_purchased":["Strange Spoon"],"campfire_rested":0,"item_purchase_floors":[11],"current_hp_per_floor":[63,63,63,63,48,48,53,53,53,53,53,53,41,41,41,0,0],"gold":33,"neow_bonus":"THREE_ENEMY_KILL","is_daily":false,"chose_seed":false,"campfire_upgraded":2,"win_rate":0.0,"timestamp":1607685522,"path_taken":["M","M","M","?","M","R","?","M","T","E","$","?","M","M","R","BOSS"],"items_purchased_type":["Relic"],"build_version":"2020-11-30","purchased_purges":1,"victory":false,"max_hp_per_floor":[70,70,70,65,65,65,70,70,70,70,70,70,70,70,70,70,70],"card_choices":[{"not_picked":["Deflect","Outmaneuver"],"picked":"Deadly Poison","floor":1.0},{"not_picked":["Prepared","Masterful Stab"],"picked":"Dash","floor":2.0},{"not_picked":["Underhanded Strike","Quick Slash","Deadly Poison"],"picked":"SKIP","floor":3.0},{"not_picked":["Blur","Accuracy"],"picked":"Phantasmal Killer","floor":5},{"not_picked":["Flechettes","PiercingWail"],"picked":"Acrobatics","floor":8},{"not_picked":["Flying Knee","Acrobatics"],"picked":"Dagger Spray","floor":10},{"not_picked":["Sucker Punch","Setup"],"picked":"Heel Hook","floor":13},{"not_picked":["Calculated Gamble","Skewer"],"picked":"Blade Dance","floor":14}],"player_experience":416777,"relics_obtained":[{"floor":9,"key":"HornCleat"},{"floor":10,"key":"Matryoshka"}],"event_choices":[{"damage_healed":0.0,"max_hp_gain":0.0,"max_hp_loss":5.0,"gold_gain":0.0,"event_name":"Golden Idol","player_choice":"Lose Max HP","floor":4.0,"gold_loss":0.0,"damage_taken":0.0,"relics_obtained":["Golden Idol"]},{"damage_healed":0,"gold_gain":0,"player_choice":"Donut","damage_taken":0,"max_hp_gain":5,"max_hp_loss":0,"event_name":"Big Fish","floor":7,"gold_loss":0},{"damage_healed":0,"gold_gain":0,"player_choice":"0 cards matched","damage_taken":0,"max_hp_gain":0,"max_hp_loss":0,"event_name":"Match and Keep!","floor":12,"gold_loss":0,"cards_obtained":[]}],"is_beta":false,"boss_relics":[],"items_purged_floors":[11],"is_endless":false,"potions_floor_spawned":[2,8,13,14],"killed_by":"Hexaghost","ascension_level":8}}