{"host":"fq1bpa5mgr3rtgnr","time":1607669043,"event":{"mods":["AchievementEnabler","BaseMod","Colored Map","Colored Powertips","Highlight Path","Minty Spire (QoL Compilation)","Relic Stats","StSLib"],"gold_per_floor":[110,124,124,136,7,7,36,36,114,114,133,165,178,205,205,205,205],"floor_reached":16,"playtime":810,"items_purged":["Strike_B"],"score":144,"play_id":"bb207894-6532-4b8a-866b-bc864db7c25f","local_time":"20201211014403","is_ascension_mode":true,"campfire_choices":[{"data":"Doom and Gloom","floor":6.0,"key":"SMITH"},{"data":"Chaos","floor":8.0,"key":"SMITH"},{"data":"Hologram","floor":15.0,"key":"SMITH"}],"circlet_count":0,"master_deck":["Strike_B","Strike_B","Defend_B","Defend_B","Defend_B","Defend_B","Zap+1","Dualcast","Capacitor","Doom and Gloom+1","Chaos+1","Ball Lightning","Core Surge","Loop+1","Hologram+1","Seek"],"relics":["Cracked Core","Potion Belt","Tiny Chest","Frozen Egg 2","The Courier","Anchor"],"acts_visited":["Exordium"],"potions_floor_usage":[16],"damage_taken":[{"damage":1.0,"enemies":"2 Louse","floor":1.0,"turns":2.0},{"damage":3.0,"enemies":"Small Slimes","floor":2.0,"turns":3.0},{"damage":1.0,"enemies":"Cultist","floor":4.0,"turns":4.0},{"damage":25.0,"enemies":"Lagavulin","floor":7.0,"turns":4.0},{"damage":9.0,"enemies":"Blue Slaver","floor":11.0,"turns":3.0},{"damage":20.0,"enemies":"3 Sentries","floor":12.0,"turns":4.0},{"damage":2.0,"enemies":"2 Fungi Beasts","floor":13.0,"turns":3.0},{"damage":10.0,"enemies":"Gremlin Nob","floor":14.0,"turns":3.0},{"damage":6,"enemies":"Hexaghost","floor":16,"turns":4}],"seed_played":"2739790445116485098","potions_obtained":[{"floor":1.0,"key":"LiquidMemories"},{"floor":2.0,"key":"DuplicationPotion"},{"floor":4.0,"key":"Regen Potion"},{"floor":14.0,"key":"SneckoOil"}],"is_trial":false,"path_per_floor":["M","M","?","M","$","R","E","R","T","?","M","E","M","E","R","B"],"character_chosen":"DEFECT","items_purchased":["Ball Lightning"],"campfire_rested":0,"item_purchase_floors":[5],"current_hp_per_floor":[74,71,64,63,63,63,38,38,38,38,29,9,16,6,6,0,0],"gold":205,"neow_bonus":"UPGRADE_CARD","is_daily":false,"chose_seed":false,"campfire_upgraded":3,"win_rate":0.0,"timestamp":1607669043,"path_taken":["M","M","?","M","$","R","E","R","T","?","?","E","M","E","R","BOSS"],"items_purchased_type":["Card"],"build_version":"2020-11-30","purchased_purges":1,"victory":false,"max_hp_per_floor":[75,75,75,75,75,75,75,75,75,75,75,75,75,75,75,75,75],"relic_stats":{"counters":[9,30],"Tiny Chest":0,"obtain_stats":[{"Potion Belt":3,"Anchor":14,"Tiny Chest":7,"The Courier":12,"Frozen Egg 2":9,"Cracked Core":0},{"Potion Belt":2,"Anchor":8,"Tiny Chest":4,"The Courier":6,"Frozen Egg 2":4,"Cracked Core":0},{"Potion Belt":5,"Anchor":26,"Tiny Chest":13,"The Courier":20,"Frozen Egg 2":13,"Cracked Core":0}]},"card_choices":[{"not_picked":["Coolheaded","Gash"],"picked":"Capacitor","floor":1.0},{"not_picked":["Leap","Scrape"],"picked":"Doom and Gloom","floor":2.0},{"not_picked":["Steam","Buffer"],"picked":"Chaos","floor":4.0},{"not_picked":["Compile Driver","Rebound"],"picked":"Core Surge","floor":7.0},{"not_picked":["Go for the Eyes","Conserve Battery"],"picked":"Loop+1","floor":11.0},{"not_picked":["Sweeping Beam","Auto Shields"],"picked":"Hologram","floor":12.0},{"not_picked":["Gash","Steam"],"picked":"Seek","floor":13.0},{"not_picked":["Barrage","Beam Cell","Reprogram"],"picked":"SKIP","floor":14.0}],"player_experience":347643,"relics_obtained":[{"floor":7.0,"key":"Tiny Chest"},{"floor":9.0,"key":"Frozen Egg 2"},{"floor":12.0,"key":"The Courier"},{"floor":14.0,"key":"Anchor"}],"event_choices":[{"damage_healed":0.0,"max_hp_gain":0.0,"max_hp_loss":0.0,"gold_gain":0.0,"event_name":"Scrap Ooze","player_choice":"Success","floor":3.0,"gold_loss":0.0,"damage_taken":7.0,"relics_obtained":["Potion Belt"]},{"cards_removed":["Strike_B"],"damage_healed":0.0,"max_hp_gain":0.0,"max_hp_loss":0.0,"gold_gain":0.0,"event_name":"Purifier","player_choice":"Purged","floor":10.0,"gold_loss":0.0,"damage_taken":0.0}],"is_beta":false,"boss_relics":[],"items_purged_floors":[5],"is_endless":false,"potions_floor_spawned":[1,2,4,14],"killed_by":"Hexaghost","ascension_level":4}}