{"host":"j61pjxqytd94o6ng","time":1607673235,"event":{"mods":["BaseMod","Colored Map","Colored Powertips","Minty Spire (QoL Compilation)","StSLib"],"gold_per_floor":[113,133,150,150,165,193,193,225,248,248,16,49,63,138,138,213,213,224,253,271,297,297,297],"floor_reached":22,"playtime":1665,"items_purged":["Regret"],"score":378,"play_id":"0b463dda-2ce8-4d44-8c85-69dc3c316c79","local_time":"20201211005355","is_ascension_mode":true,"campfire_choices":[{"data":"Dash","floor":7.0,"key":"SMITH"},{"floor":15.0,"key":"REST"}],"circlet_count":0,"master_deck":["AscendersBane","Strike_G","Strike_G","Strike_G+1","Strike_G","Strike_G","Defend_G","Defend_G","Defend_G","Defend_G","Defend_G","Survivor","Neutralize","Riddle With Holes","Distraction","Tactician","Dash+1","After Image","Riddle With Holes+1","Crippling Poison","Noxious Fumes","Phantasmal Killer","Terror"],"relics":["Ring of the Snake","NeowsBlessing","Akabeko","Potion Belt","Tiny Chest","Nunchaku","Bronze Scales","Art of War","TungstenRod","HoveringKite","Red Mask","Whetstone"],"acts_visited":["Exordium","TheCity"],"potions_floor_usage":[],"damage_taken":[{"damage":0.0,"enemies":"2 Louse","floor":1.0,"turns":1.0},{"damage":0.0,"enemies":"Jaw Worm","floor":2.0,"turns":1.0},{"damage":0.0,"enemies":"Small Slimes","floor":3.0,"turns":1.0},{"damage":0.0,"enemies":"Looter","floor":5.0,"turns":3.0},{"damage":0.0,"enemies":"Gremlin Nob","floor":6.0,"turns":1.0},{"damage":19.0,"enemies":"3 Sentries","floor":8.0,"turns":11.0},{"damage":19.0,"enemies":"Lagavulin","floor":12.0,"turns":5.0},{"damage":0.0,"enemies":"Exordium Wildlife","floor":13.0,"turns":3.0},{"damage":20,"enemies":"Slime Boss","floor":16,"turns":11},{"damage":9,"enemies":"3 Byrds","floor":18,"turns":3},{"damage":14,"enemies":"Masked Bandits","floor":19,"turns":6},{"damage":15,"enemies":"Spheric Guardian","floor":20,"turns":5},{"damage":17,"enemies":"Snake Plant","floor":22,"turns":3}],"seed_played":"3744739139141002657","potions_obtained":[{"floor":1.0,"key":"Fire Potion"},{"floor":5.0,"key":"SteroidPotion"},{"floor":6.0,"key":"DuplicationPotion"},{"floor":13.0,"key":"Explosive Potion"},{"floor":19,"key":"Weak Potion"}],"is_trial":false,"path_per_floor":["M","M","M","?","M","E","R","E","T","?","$","E","M","?","R","B",null,"M","?","M","T","M"],"character_chosen":"THE_SILENT","items_purchased":["Art of War"],"campfire_rested":1,"item_purchase_floors":[11],"current_hp_per_floor":[63,63,63,51,51,51,51,32,32,32,32,13,13,3,24,4,54,45,31,16,16,0,0],"gold":297,"neow_bonus":"THREE_ENEMY_KILL","is_daily":false,"chose_seed":false,"campfire_upgraded":1,"win_rate":0.0,"timestamp":1607673235,"path_taken":["M","M","M","?","M","E","R","E","T","?","$","E","M","?","R","BOSS","M","?","M","?","M"],"items_purchased_type":["Relic"],"build_version":"2020-11-30","purchased_purges":1,"victory":false,"max_hp_per_floor":[70,70,70,70,70,70,70,70,70,70,70,70,70,70,70,70,70,70,70,70,70,70,70],"card_choices":[{"not_picked":["Choke","Dagger Spray"],"picked":"Riddle With Holes","floor":1.0},{"not_picked":["Backflip","Deflect"],"picked":"Distraction","floor":2.0},{"not_picked":["Deflect","Acrobatics"],"picked":"Tactician","floor":3.0},{"not_picked":["Prepared","Choke"],"picked":"Dash","floor":5.0},{"not_picked":["Escape Plan","Eviscerate"],"picked":"After Image","floor":6.0},{"not_picked":["Expertise","Quick Slash"],"picked":"Riddle With Holes","floor":8.0},{"not_picked":["Sucker Punch","Acrobatics"],"picked":"Crippling Poison","floor":12.0},{"not_picked":["Quick Slash","Flying Knee"],"picked":"Noxious Fumes","floor":13.0},{"not_picked":["Grand Finale","Wraith Form v2"],"picked":"Phantasmal Killer","floor":16},{"not_picked":["Deflect","Concentrate+1","Flying Knee"],"picked":"SKIP","floor":18},{"not_picked":["Dodge and Roll","Prepared"],"picked":"Terror","floor":20}],"player_experience":441769,"relics_obtained":[{"floor":6.0,"key":"Potion Belt"},{"floor":8.0,"key":"Tiny Chest"},{"floor":9.0,"key":"Nunchaku"},{"floor":12.0,"key":"TungstenRod"},{"floor":19,"key":"Red Mask"},{"floor":21,"key":"Whetstone"}],"event_choices":[{"damage_healed":0.0,"max_hp_gain":0.0,"max_hp_loss":0.0,"gold_gain":0.0,"event_name":"Scrap Ooze","player_choice":"Success","floor":4.0,"gold_loss":0.0,"damage_taken":12.0,"relics_obtained":["Akabeko"]},{"damage_healed":0.0,"max_hp_gain":0.0,"max_hp_loss":0.0,"gold_gain":0.0,"event_name":"Big Fish","player_choice":"Box","floor":10.0,"gold_loss":0.0,"damage_taken":0.0,"relics_obtained":["Bronze Scales"],"cards_obtained":["Regret"]},{"damage_healed":0.0,"max_hp_gain":0.0,"max_hp_loss":0.0,"gold_gain":75.0,"event_name":"World of Goop","player_choice":"Gather Gold","floor":14.0,"gold_loss":0.0,"damage_taken":11.0},{"damage_healed":0,"gold_gain":0,"player_choice":"Fought Bandits","damage_taken":0,"max_hp_gain":0,"max_hp_loss":0,"event_name":"Masked Bandits","floor":19,"gold_loss":0}],"is_beta":false,"boss_relics":[{"not_picked":["Cursed Key","Astrolabe"],"picked":"HoveringKite"}],"items_purged_floors":[11],"is_endless":false,"potions_floor_spawned":[1,5,6,13,19],"killed_by":"Snake Plant","ascension_level":13}}