{"host":"5pvsezzv96u4cz40","time":1607707646,"event":{"mods":["Act Like it!","BaseMod","BetterRewards","CapriCore","Colored Map","Colored Powertips","GifTheSpireLib","Hubris","Menagerie","Minty Spire (QoL Compilation)","Remilia??????","Replay The Spire","Shop Mod","StSLib","[IsaacMod]????"],"gold_per_floor":[117,117,117,132,144,171,187,44,44,44,44,64,14,29,29,128,128,146,146,109,5,15,15,15,30,30,46,46,57,83,83,83,184,184,202,42,56,73,91,91,104,104,180,34,34,53,69,80,80,80],"floor_reached":51,"playtime":5729,"items_purged":[],"score":650,"play_id":"d16c8325-5929-43d5-b26f-ab5830a4283a","local_time":"20201211182726","is_ascension_mode":false,"campfire_choices":[{"data":"RedMoon","floor":10,"key":"SMITH"},{"data":"KillingBlow","floor":15,"key":"SMITH"},{"data":"DemonKingCradle","floor":23,"key":"SMITH"},{"data":"EternalNight","floor":28,"key":"SMITH"},{"floor":32,"key":"REST"},{"data":"Flash of Steel","floor":40,"key":"SMITH"},{"floor":42,"key":"REST"}],"circlet_count":0,"master_deck":["Menagerie:LightningHelix+1","Strike_RM+1","Strike_RM","Strike_RM","Strike_RM+1","Defend_RM","Defend_RM","Defend_RM","Defend_RM","RedMoon+1","ScarletShoot","Ultimatum","ScarletDevil","Maim","BombardNight+1","KillingBlow+1","DemonKingCradle+1","FitfulNightmare","ScarletDevil+1","FitfulNightmare+1","ScarletDevil+1","ScarletSymphony","EternalNight+1","HunterOfTheNight","BombardNight","UnstableMagic","Necronomicurse","BloodHunter+1","Flash of Steel+1","Stigmanizer+1","hubris:NaturalOne","RedRainbow+1","VampireKiss+1","VampireKiss+1","EquivalentExchange","VampireKiss+1"],"relics":["ScarletHat","HushsDoor","TheBean","NeowsBlessing","Regal Pillow","TuHaoJin","Lee\u0027s Waffle","Runic Pyramid","Incubus","hubris:Icosahedron","AntiCross","Bag of Preparation","Necronomicon","hubris:Backtick","Lizard Tail","Mummified Hand","Replay:Baseball","InkBottle"],"acts_visited":["Exordium","TheCity","TheBeyond"],"potions_floor_usage":[16,16,16,21,25,33,50,50],"damage_taken":[{"damage":0,"enemies":"2 Louse","floor":1,"turns":1},{"damage":0,"enemies":"Small Slimes","floor":4,"turns":1},{"damage":0,"enemies":"Cultist","floor":5,"turns":1},{"damage":20,"enemies":"Replay:BlueRogue","floor":6,"turns":8},{"damage":3,"enemies":"Exordium Wildlife","floor":7,"turns":4},{"damage":0,"enemies":"3 Louse","floor":12,"turns":4},{"damage":2,"enemies":"Blue Slaver","floor":14,"turns":4},{"damage":18,"enemies":"Fading Forest","floor":16,"turns":11},{"damage":3,"enemies":"Shell Parasite","floor":18,"turns":4},{"damage":7,"enemies":"2 Thieves","floor":20,"turns":3},{"damage":7,"enemies":"Centurion and Healer","floor":22,"turns":7},{"damage":20,"enemies":"Snake Plant","floor":25,"turns":5},{"damage":0,"enemies":"3 Cultists","floor":27,"turns":2},{"damage":9,"enemies":"Sentry and Sphere","floor":29,"turns":4},{"damage":16,"enemies":"Gremlin Leader","floor":30,"turns":3},{"damage":36,"enemies":"Collector","floor":33,"turns":8},{"damage":0,"enemies":"Orb Walker","floor":35,"turns":1},{"damage":9,"enemies":"3 Shapes","floor":37,"turns":3},{"damage":0,"enemies":"Maw","floor":38,"turns":5},{"damage":28,"enemies":"Transient","floor":39,"turns":5},{"damage":22,"enemies":"4 Shapes","floor":41,"turns":1},{"damage":12,"enemies":"3 Darklings","floor":46,"turns":3},{"damage":49,"enemies":"Writhing Mass","floor":47,"turns":3},{"damage":24,"enemies":"Spire Growth","floor":48,"turns":3},{"damage":54,"enemies":"Donu and Deca","floor":50,"turns":5}],"seed_played":"-7533439583784541762","potions_obtained":[{"floor":6,"key":"Venom Potion"},{"floor":14,"key":"Fire Potion"},{"floor":22,"key":"Regen Potion"},{"floor":27,"key":"Doom Potion"},{"floor":29,"key":"Dexterity Potion"},{"floor":37,"key":"FairyPotion"}],"is_trial":false,"path_per_floor":["M","?","?","M","M","E","M","$","T","R","?","M","$","M","R","B",null,"M","?","M","$","M","R","?","M","T","M","R","M","E","?","R","B",null,"M","$","M","M","M","R","M","R","T","$","T","M","M","M","R_BF","B",null],"character_chosen":"REMILIA","items_purchased":["Lee\u0027s Waffle","AttackPotion","Incubus","Fruit Juice","DuplicationPotion","Flash of Steel","Replay:Baseball"],"campfire_rested":2,"item_purchase_floors":[8,13,17,21,36,36,44],"current_hp_per_floor":[75,60,48,53,58,46,48,82,82,82,82,82,82,82,82,78,62,62,62,60,65,67,67,67,61,61,63,63,54,48,32,67,60,67,67,67,61,66,67,67,45,67,67,67,67,63,34,36,67,52],"gold":80,"neow_bonus":"THREE_ENEMY_KILL","is_daily":false,"chose_seed":false,"campfire_upgraded":5,"win_rate":0.0,"timestamp":1607707646,"path_taken":["M","?","?","M","M","E","?","$","T","R","?","M","$","M","R","BOSS","M","?","M","$","M","R","?","M","T","M","R","M","E","?","R","BOSS","M","$","M","?","M","R","M","R","T","$","?","M","?","?","R_BF","BOSS"],"items_purchased_type":["Relic","Potion","Relic","Potion","Potion","Card","Relic"],"build_version":"2020-11-30","purchased_purges":0,"victory":true,"max_hp_per_floor":[75,75,75,75,75,75,75,82,82,82,82,82,82,82,82,82,62,62,62,62,67,67,67,67,67,67,67,67,67,67,67,67,67,67,67,67,67,67,67,67,67,67,67,67,67,67,67,67,67,67],"card_choices":[{"not_picked":["Septette","RedRainbow"],"picked":"Ultimatum","floor":1},{"not_picked":["VampireFantasy","MastersStateliness"],"picked":"ScarletDevil","floor":4},{"not_picked":["CharismaGuard","UltimateOffering"],"picked":"Maim","floor":5},{"not_picked":["ScarletCoffin","VampireSweep","RedRainbow"],"picked":"SKIP","floor":6},{"not_picked":["DiffusionOfMisfortune","BloodHunter"],"picked":"BombardNight","floor":7},{"not_picked":["VampireFantasy","BloodHunter"],"picked":"Bomb","floor":12},{"not_picked":["FavorOfDestiny","Stigmanizer"],"picked":"KillingBlow","floor":14},{"not_picked":["CurseOfVladTepes","BloodySeventeenLaser"],"picked":"DemonKingCradle","floor":16},{"not_picked":["CharismaGuard","DiffusionOfMisfortune+1"],"picked":"FitfulNightmare","floor":18},{"not_picked":["FavorOfDestiny+1","ScarletGensokyo"],"picked":"ScarletDevil+1","floor":20},{"not_picked":["UnderTheZenith","ScarletDream"],"picked":"FitfulNightmare+1","floor":22},{"not_picked":["DiffusionOfMisfortune","UnstableMagic"],"picked":"ScarletDevil+1","floor":22},{"not_picked":["ReincarnationDial+1","LeisurelyOfLord"],"picked":"ScarletSymphony","floor":25},{"not_picked":["EndlessAdversity+1","VampireSweep"],"picked":"EternalNight","floor":27},{"not_picked":["VampireFantasy","DiffusionOfMisfortune"],"picked":"HunterOfTheNight","floor":29},{"not_picked":["Stigmanizer+1","NightDance"],"picked":"BombardNight","floor":29},{"not_picked":["Stigmanizer+1","LeisurelyOfLord"],"picked":"UnstableMagic","floor":30},{"not_picked":["StarOfDavid+1","ScarletGensokyo"],"picked":"BloodHunter+1","floor":35},{"not_picked":["CharismaGuard","NightDance"],"picked":"Stigmanizer+1","floor":37},{"not_picked":["RedMagic","BlasphemousPunishment"],"picked":"RedRainbow+1","floor":38},{"not_picked":["ChainGang","NightDance+1"],"picked":"VampireKiss","floor":38},{"not_picked":["Stigmanizer+1","EternalNight"],"picked":"VampireKiss+1","floor":39},{"not_picked":["UnderTheZenith","NightDance+1"],"picked":"EquivalentExchange","floor":41},{"not_picked":["RedRainbow+1","FitfulNightmare+1","RedNightlessCastle"],"picked":"SKIP","floor":46},{"not_picked":["MastersStateliness+1","DiffusionOfMisfortune+1"],"picked":"VampireKiss+1","floor":47},{"not_picked":["FavorOfDestiny+1","BlasphemousPunishment","RedRainbow"],"picked":"SKIP","floor":48}],"player_experience":26311,"relics_obtained":[{"floor":6,"key":"TuHaoJin"},{"floor":26,"key":"AntiCross"},{"floor":30,"key":"Bag of Preparation"},{"floor":31,"key":"Necronomicon"},{"floor":43,"key":"Mummified Hand"},{"floor":45,"key":"InkBottle"}],"event_choices":[{"damage_healed":0,"gold_gain":0,"player_choice":"Entered Light","damage_taken":15,"max_hp_gain":0,"max_hp_loss":0,"event_name":"Shining Light","floor":2,"gold_loss":0,"cards_upgraded":["Strike_RM","Strike_RM"]},{"damage_healed":0,"gold_gain":0,"player_choice":"Success","damage_taken":12,"relics_obtained":["Regal Pillow"],"max_hp_gain":0,"max_hp_loss":0,"event_name":"Scrap Ooze","floor":3,"gold_loss":0},{"damage_healed":0,"gold_gain":0,"player_choice":"Grow","damage_taken":0,"max_hp_gain":0,"max_hp_loss":0,"event_name":"Living Wall","floor":11,"gold_loss":0,"cards_upgraded":["BombardNight"]},{"damage_healed":0,"gold_gain":0,"player_choice":"Obtained Book","damage_taken":16,"max_hp_gain":0,"max_hp_loss":0,"event_name":"Cursed Tome","floor":31,"gold_loss":0}],"is_beta":false,"boss_relics":[{"not_picked":["hubris:VirtuousBlindfold","ReplayTheSpireMod:DimensionalGlitch"],"picked":"Runic Pyramid"},{"not_picked":[]},{"not_picked":["Snecko Eye","Cursed Key"],"picked":"hubris:Backtick"},{"not_picked":[]}],"items_purged_floors":[],"is_endless":false,"potions_floor_spawned":[6,14,22,27,29,37,41,46,47,48],"ascension_level":0}}