{"host":"54xlu8utfq6njvlm","time":1607652866,"event":{"mods":["Aspiration","Bard","BaseMod","Beaked The Cultist","Better Altar","Better Match","Better Note","Better Sensory Stone","Better Skull","Better Third Choice","BetterRewards","CCEM","Colored Map","Conspire","Friendly Minions","GifTheSpireLib","Halation","Hermit","Highlight Path","Infinite Spire","Jorbs\u0027s Wanderer Trilogy","Koishi","Marisa????????","Minty Spire (QoL Compilation)","Permanent Neow","Remilia??????","Replay The Spire","Shade Mod","Shop Mod","Spicy Shops","StSLib","Stuff the Spire","The Animator","The Bug Knight","The Cursed","The Jungle","The Mystic","The Servant 0.9.4","The Witch","Unceasing Turn Reminder","everything is the same but u backflip on backflip"],"gold_per_floor":[115,127,142,159,7,7,24,0,23,83,99,39,39,54,54,54,54],"floor_reached":16,"playtime":852,"items_purged":[],"score":94,"play_id":"197ad2a3-0f4e-4933-bcb4-4d477e5fd885","local_time":"20201210191426","is_ascension_mode":false,"campfire_choices":[{"data":"hermit:DeadMansHand","floor":6,"key":"SMITH"}],"circlet_count":0,"master_deck":["hermit:Strike_Hermit","hermit:Strike_Hermit","hermit:Strike_Hermit","hermit:Strike_Hermit","hermit:Defend_Hermit","hermit:Defend_Hermit","hermit:Defend_Hermit","hermit:Defend_Hermit","hermit:Snapshot","hermit:Covet","hermit:DeadMansHand+1","hermit:Virtue","hermit:ItchyTrigger","hermit:Gambit","hermit:Snipe","hermit:Glare","hermit:FatalDesire","hermit:Combo","hermit:Combo","hermit:Dive"],"relics":["hermit:Momento","aspiration:Nostalgia","m_ChordRing","Lee\u0027s Waffle","StuffTheSpire:Gunfinga","Replay:Multitool","CCEMRelics:JestersCrown","halation:PrussianBluePaint"],"acts_visited":["Exordium"],"potions_floor_usage":[4,4,10],"damage_taken":[{"damage":1,"enemies":"Cultist","floor":1,"turns":3},{"damage":0,"enemies":"2 Louse","floor":2,"turns":3},{"damage":8,"enemies":"Jaw Worm","floor":3,"turns":3},{"damage":16,"enemies":"Large Slime","floor":4,"turns":2},{"damage":10,"enemies":"Looter","floor":7,"turns":3},{"damage":36,"enemies":"Gremlin Nob","floor":10,"turns":4},{"damage":23,"enemies":"Lots of Slimes","floor":11,"turns":4},{"damage":2,"enemies":"Blue Slaver","floor":14,"turns":2},{"damage":19,"enemies":"The Guardian","floor":16,"turns":2}],"seed_played":"3499945916886048969","potions_obtained":[{"floor":1,"key":"Fire Potion"},{"floor":2,"key":"ColorlessPotion"},{"floor":3,"key":"Cursed Concoction"}],"is_trial":false,"path_per_floor":["M","M","M","M","$","R","M","?","T","?","M","$","?","M","R_BF","B"],"character_chosen":"HERMIT","items_purchased":["Lee\u0027s Waffle","hermit:Combo"],"campfire_rested":0,"item_purchase_floors":[5,12],"current_hp_per_floor":[74,74,66,50,82,82,72,72,72,36,13,13,13,11,4,0,0],"gold":54,"neow_bonus":"NOSTALGIA","is_daily":false,"chose_seed":false,"campfire_upgraded":1,"win_rate":0.0,"timestamp":1607652866,"path_taken":["M","M","?","M","?","R","M","?","T","?","?","$","?","M","R_BF","BOSS"],"items_purchased_type":["Relic","Card"],"build_version":"2020-11-30","purchased_purges":0,"victory":false,"max_hp_per_floor":[75,75,75,75,82,82,82,82,82,82,82,82,82,82,82,82,82],"card_choices":[{"not_picked":["hermit:NoHoldsBarred","hermit:Desperado"],"picked":"hermit:DeadMansHand","floor":1},{"not_picked":["Heel Hook","hermit:Malice"],"picked":"hermit:Virtue","floor":2},{"not_picked":["hermit:SprayPray","hermit:Manifest"],"picked":"hermit:ItchyTrigger","floor":3},{"not_picked":["hermit:Vantage","hermit:HoleUp"],"picked":"hermit:Gambit","floor":4},{"not_picked":["bard:ViciousMockery","hermit:Coalescence"],"picked":"hermit:Snipe","floor":7},{"not_picked":["hermit:Desperado","hermit:Manifest"],"picked":"hermit:Glare","floor":10},{"not_picked":["hermit:LoneWolf","hermit:EyeOfTheStorm"],"picked":"hermit:FatalDesire","floor":11},{"not_picked":["hermit:CalledShot","hermit:Feint"],"picked":"hermit:Dive","floor":14}],"player_experience":198516,"relics_obtained":[{"floor":9,"key":"StuffTheSpire:Gunfinga"},{"floor":10,"key":"Replay:Multitool"},{"floor":13,"key":"CCEMRelics:JestersCrown"}],"event_choices":[{"damage_healed":0,"gold_gain":0,"player_choice":"Left","damage_taken":0,"max_hp_gain":0,"max_hp_loss":0,"event_name":"betterThird:BetterGoop","floor":8,"gold_loss":24},{"damage_healed":0,"gold_gain":0,"player_choice":"Searched \u00272\u0027 times","damage_taken":0,"max_hp_gain":0,"max_hp_loss":0,"event_name":"Dead Adventurer","floor":10,"gold_loss":0},{"damage_healed":0,"gold_gain":0,"player_choice":"Relic ","damage_taken":7,"max_hp_gain":0,"max_hp_loss":0,"event_name":"betterThird:BetterScrap","floor":15,"gold_loss":0,"cards_obtained":["Footwork"]}],"is_beta":false,"boss_relics":[],"items_purged_floors":[],"is_endless":false,"potions_floor_spawned":[1,2,3],"killed_by":"The Guardian","ascension_level":0}}