{"host":"m6aaltr68g9tvoay","time":1607720335,"event":{"mods":["AchievementEnabler","BaseMod","Colored Map","Minty Spire (QoL Compilation)","StSLib"],"gold_per_floor":[109,120,23,23,23,23,63,63,63,39,58,91,51,70,70,70,70],"floor_reached":16,"playtime":474,"items_purged":[],"score":191,"play_id":"ffa03ad9-22b5-46ad-b8b7-ee84b95e80ed","local_time":"20201211125855","is_ascension_mode":true,"campfire_choices":[{"floor":6.0,"key":"REST"},{"floor":8.0,"key":"REST"},{"floor":15.0,"key":"REST"}],"circlet_count":0,"master_deck":["AscendersBane","Strike_G","Strike_G","Strike_G","Strike_G","Strike_G","Defend_G","Defend_G","Defend_G","Defend_G","Defend_G","Survivor","Neutralize","Dagger Throw","Storm of Steel","Dark Shackles","Injury","Blade Dance","PiercingWail","Backstab","Underhanded Strike","Dash","Backstab"],"relics":["Ring of the Snake","Golden Idol","Anchor","Question Card","Odd Mushroom"],"acts_visited":["Exordium"],"potions_floor_usage":[16],"damage_taken":[{"damage":13.0,"enemies":"Jaw Worm","floor":1.0,"turns":6.0},{"damage":6.0,"enemies":"2 Louse","floor":2.0,"turns":3.0},{"damage":33.0,"enemies":"Gremlin Nob","floor":7.0,"turns":5.0},{"damage":8.0,"enemies":"Small Slimes","floor":11.0,"turns":3.0},{"damage":9.0,"enemies":"The Mushroom Lair","floor":12.0,"turns":4.0},{"damage":4.0,"enemies":"Exordium Wildlife","floor":14.0,"turns":3.0},{"damage":46,"enemies":"Slime Boss","floor":16,"turns":8}],"seed_played":"3071854457232411108","potions_obtained":[{"floor":0.0,"key":"EssenceOfSteel"},{"floor":0.0,"key":"BlessingOfTheForge"},{"floor":11.0,"key":"EssenceOfSteel"},{"floor":12.0,"key":"SpeedPotion"}],"is_trial":false,"path_per_floor":["M","M","$","?","?","R","E","R","T","$","M","?","$","M","R","B"],"character_chosen":"THE_SILENT","items_purchased":["Dark Shackles","PiercingWail","Dash"],"campfire_rested":3,"item_purchase_floors":[3,10,13],"current_hp_per_floor":[46,40,40,40,40,59,26,45,45,45,37,28,28,24,43,0,0],"gold":70,"neow_bonus":"THREE_SMALL_POTIONS","is_daily":false,"chose_seed":false,"campfire_upgraded":0,"win_rate":0.0,"timestamp":1607720335,"path_taken":["M","M","$","?","?","R","E","R","T","?","M","?","$","?","R","BOSS"],"items_purchased_type":["Card","Card","Card"],"build_version":"2020-11-30","purchased_purges":0,"victory":false,"max_hp_per_floor":[66,66,66,66,66,66,66,66,66,66,66,66,66,66,66,66,66],"card_choices":[{"not_picked":["Slice","Quick Slash"],"picked":"Dagger Throw","floor":1.0},{"not_picked":["Blade Dance","Prepared"],"picked":"Storm of Steel","floor":2.0},{"not_picked":["Eviscerate","Dagger Throw"],"picked":"Blade Dance","floor":7.0},{"not_picked":["Dagger Spray","All Out Attack","Riddle With Holes"],"picked":"Backstab","floor":11.0},{"not_picked":["Poisoned Stab","Slice","Dagger Throw"],"picked":"Underhanded Strike","floor":12.0},{"not_picked":["Cloak And Dagger","Predator","Unload"],"picked":"Backstab","floor":14.0}],"player_experience":1221720,"relics_obtained":[{"floor":7.0,"key":"Anchor"},{"floor":9.0,"key":"Question Card"},{"floor":12.0,"key":"Odd Mushroom"}],"event_choices":[{"damage_healed":0.0,"max_hp_gain":0.0,"max_hp_loss":0.0,"gold_gain":0.0,"event_name":"Shining Light","player_choice":"Ignored","floor":4.0,"gold_loss":0.0,"damage_taken":0.0},{"damage_healed":0.0,"max_hp_gain":0.0,"max_hp_loss":0.0,"gold_gain":0.0,"event_name":"Golden Idol","player_choice":"Take Wound","floor":5.0,"gold_loss":0.0,"damage_taken":0.0,"relics_obtained":["Golden Idol"],"cards_obtained":["Injury"]},{"damage_healed":0.0,"max_hp_gain":0.0,"max_hp_loss":0.0,"gold_gain":0.0,"event_name":"Mushrooms","player_choice":"Fought Mushrooms","floor":12.0,"gold_loss":0.0,"damage_taken":0.0}],"is_beta":false,"boss_relics":[],"items_purged_floors":[],"is_endless":false,"potions_floor_spawned":[11,12],"killed_by":"Slime Boss","ascension_level":19}}