{"host":"o5or1zybx7au40zl","time":1607694628,"event":{"mods":["2.2 Compatiblity","Act Like it!","BaseMod","Better Third Choice","Conspire","Dota2Spire","GifTheSpireLib","Hubris","Infinite Spire","Minty Spire (QoL Compilation)","Replay The Spire","StSLib","The Bug Knight"],"gold_per_floor":[109,124,140,20,20,20,50,67,137,137,148,177,197,3,3,98,98,111,111,121,121,121,121,136,154,154,154,164,191,201,212,212,312,312,327,327,339,339,339,368,368,381,405,439,456,456,456,481,481,481,481,481,6,36,133],"floor_reached":56,"playtime":1421,"items_purged":["HollowMod:TaintedHusks"],"score":1419,"play_id":"b3f6ecc1-3811-4add-a2b6-2f84a7228c3e","local_time":"20201211145028","is_ascension_mode":false,"campfire_choices":[{"floor":6,"key":"RECALL"},{"data":"HollowMod:WraithStrike","floor":10,"key":"SMITH"},{"data":"HollowMod:SiblingsSouls","floor":15,"key":"SMITH"},{"floor":23,"key":"REST"},{"data":"HollowMod:LordofShades","floor":32,"key":"SMITH"},{"data":"HollowMod:GreatSlash","floor":41,"key":"SMITH"},{"floor":47,"key":"REST"},{"floor":49,"key":"REST"},{"data":"HollowMod:SoulMaster","floor":52,"key":"SMITH"}],"circlet_count":0,"master_deck":["HollowMod:FocusHealStart","HollowMod:PogoStrike","HollowMod:VengefulVoid","HollowMod:WraithStrike+1","HollowMod:BlackTendrils+1","HollowMod:PerfectDash+1","HollowMod:GreatSlash+1","HollowMod:SiblingsSouls+1","HollowMod:HornetsHelp+1","HollowMod:BlackTendrils+1","HollowMod:DashSlash","HollowMod:WhiteLadysBlessing","HollowMod:CloakDash","HollowMod:ZotesMagnificence","HollowMod:CycloneSlash","HollowMod:WraithStrike","HollowMod:ShapeofUnn","HollowMod:BlackTendrils+1","HollowMod:HowlingWraiths","HollowMod:SoulShaman","HollowMod:LordofShades+1","Necronomicurse","HollowMod:WraithStrike+1","HollowMod:DescendingDark","HollowMod:SharpenedShadows+1","HollowMod:SoulMaster+1","HollowMod:CycloneSlash+1","HollowMod:VengefulVoid","HollowMod:CloakDash+1","HollowMod:WraithStrike+1","HollowMod:ShadowDash+1","HollowMod:HuntersJournal+1"],"relics":["HollowMod:VesselMask","NeowsBlessing","HornCleat","infinitespire:EmpoweringShard","infinitespire:Beetle Shell","Guide Book","Pandora\u0027s Box","ReplayTheSpireMod:Ring of Collecting","ReplayTheSpireMod:Ring of Challenge","Necronomicon","Dota2Spire:RefresherOrb","hubris:EmptyBottle","Ring of Searing","PreservedInsect","Dota2Spire:Bloodstone","hubris:Towel","Dota2Spire:EchoSabre","Replay:Baseball","hubris:TenFootPole","hubris:64BitClover","Replay:Bottled Eggs","Membership Card","Dota2Spire:Vanguard","hubris:SphereOfDissonance","Anchor"],"acts_visited":["Exordium","TheCity","TheBeyond","TheEnding"],"potions_floor_usage":[7,16,20,29,33,33,33,40,42,42,50,50,50,54,55,55,55,55],"damage_taken":[{"damage":0,"enemies":"Jaw Worm","floor":1,"turns":1},{"damage":0,"enemies":"Cultist","floor":2,"turns":1},{"damage":0,"enemies":"Small Slimes","floor":3,"turns":1},{"damage":7,"enemies":"Gremlin Nob","floor":7,"turns":3},{"damage":12,"enemies":"2 Fungi Beasts","floor":8,"turns":2},{"damage":0,"enemies":"3 Louse","floor":11,"turns":1},{"damage":13,"enemies":"3 Sentries","floor":12,"turns":8},{"damage":0,"enemies":"Blue Slaver","floor":13,"turns":3},{"damage":38,"enemies":"Hexaghost","floor":16,"turns":11},{"damage":26,"enemies":"HollowMod:HuskSentry","floor":18,"turns":4},{"damage":1,"enemies":"conspire:FuzzyDice","floor":20,"turns":5},{"damage":0,"enemies":"Snake Plant","floor":24,"turns":3},{"damage":0,"enemies":"Shelled Parasite and Fungi","floor":25,"turns":4},{"damage":25,"enemies":"conspire:HollyBat","floor":28,"turns":7},{"damage":13,"enemies":"conspire:SneckoGhost","floor":29,"turns":3},{"damage":10,"enemies":"Centurion and Healer","floor":30,"turns":3},{"damage":0,"enemies":"3 Cultists","floor":31,"turns":2},{"damage":20,"enemies":"Collector","floor":33,"turns":5},{"damage":0,"enemies":"Orb Walker","floor":35,"turns":1},{"damage":5,"enemies":"3 Shapes","floor":37,"turns":2},{"damage":0,"enemies":"Nemesis","floor":40,"turns":1},{"damage":0,"enemies":"Jaw Worm Horde","floor":42,"turns":1},{"damage":29,"enemies":"Reptomancer","floor":44,"turns":4},{"damage":46,"enemies":"HollowMod:SlobberingHusk","floor":45,"turns":4},{"damage":72,"enemies":"Nightmare","floor":48,"turns":5},{"damage":61,"enemies":"infinitespire:MassOfShapes","floor":50,"turns":4},{"damage":5,"enemies":"Shield and Spear","floor":54,"turns":2},{"damage":16,"enemies":"The Heart","floor":55,"turns":4}],"seed_played":"2801188589128453160","potions_obtained":[{"floor":1,"key":"Explosive Potion"},{"floor":2,"key":"EssenceOfSteel"},{"floor":7,"key":"Swift Potion"},{"floor":8,"key":"Swift Potion"},{"floor":12,"key":"AttackPotion"},{"floor":18,"key":"ColorlessPotion"},{"floor":28,"key":"EssenceOfSteel"},{"floor":35,"key":"Adrenaline Potion"},{"floor":37,"key":"LifebloodPotion"},{"floor":48,"key":"GamblersBrew"},{"floor":55,"key":"infinitespire:BlackPotion"}],"is_trial":false,"path_per_floor":["M","M","M","$","?","R","E","M","T","R","M","E","M","$","R","B",null,"M","?","M","?","AVR","R","M","M","T","?","M","E","M","M","R","B",null,"M","?","M","?","T","E","R","M","T","E","M","?","R","NM","R","B",null,"R","$","E","B",null],"character_chosen":"THE_BUGKNIGHT","items_purchased":["HollowMod:BlackTendrils","HollowMod:PerfectDash+1","Guide Book","HollowMod:DashSlash","Membership Card","Dota2Spire:Vanguard","HollowMod:ShadowDash+1","hubris:SphereOfDissonance","Weak Potion","Ancient Potion"],"campfire_rested":3,"item_purchase_floors":[4,4,14,14,53,53,53,53,53,53],"current_hp_per_floor":[75,75,75,75,75,75,68,59,59,59,59,49,49,49,49,17,75,50,50,63,47,47,69,74,75,75,75,62,52,52,55,55,52,75,75,75,70,70,70,70,70,70,70,63,47,47,69,7,29,7,75,75,75,70,69],"gold":133,"neow_bonus":"THREE_ENEMY_KILL","is_daily":false,"chose_seed":false,"campfire_upgraded":5,"win_rate":0.0,"timestamp":1607694628,"path_taken":["M","M","M","$","?","R","E","M","T","R","M","E","M","?","R","BOSS","M","?","M","?","AVR","R","M","M","T","?","M","E","M","M","R","BOSS","M","?","M","?","?","E","R","M","T","E","M","?","R","NM","R","BOSS","R","$","E","BOSS"],"items_purchased_type":["Card","Undefined","Relic","Card","Relic","Relic","Undefined","Relic","Potion","Potion"],"build_version":"2020-11-30","purchased_purges":1,"victory":true,"max_hp_per_floor":[75,75,75,75,75,75,75,75,75,75,75,75,75,75,75,75,75,75,75,75,75,75,75,75,75,75,75,75,75,75,75,75,75,75,75,75,75,75,75,75,75,75,75,75,75,75,75,75,75,75,75,75,75,75,75],"card_choices":[{"not_picked":["HollowMod:DungDefenderAura","HollowMod:DashSlash"],"picked":"HollowMod:VengefulVoid","floor":1},{"not_picked":["HollowMod:TaintedHusks","HollowMod:SoulSplash","HollowMod:NewLittleFool"],"picked":"SKIP","floor":2},{"not_picked":["HollowMod:NewJinnsSoul","HollowMod:HeavyBlow"],"picked":"HollowMod:WraithStrike","floor":3},{"not_picked":["HollowMod:CoiledNail","HollowMod:LifebloodCocoon","HollowMod:BrokenVessel"],"picked":"SKIP","floor":7},{"not_picked":["HollowMod:SiblingsSouls","HollowMod:ChannelNail"],"picked":"HollowMod:GreatSlash","floor":8},{"not_picked":["HollowMod:GoodIntentions","HollowMod:VengefulSpirit"],"picked":"HollowMod:SiblingsSouls","floor":11},{"not_picked":["HollowMod:InfectedAttack","HollowMod:SoulStrike"],"picked":"HollowMod:HornetsHelp","floor":12},{"not_picked":["HollowMod:CloakDash","HollowMod:CycloneSlash"],"picked":"HollowMod:BlackTendrils","floor":13},{"not_picked":["HollowMod:Hiveblood","HollowMod:Weaversong"],"picked":"HollowMod:WhiteLadysBlessing","floor":16},{"not_picked":["HollowMod:SharpenedNail","HollowMod:LifebloodCocoon"],"picked":"HollowMod:SoulShaman","floor":18},{"not_picked":["HollowMod:NewLittleFool+1","HollowMod:BrokenVessel"],"picked":"HollowMod:LordofShades","floor":20},{"not_picked":["HollowMod:DashSlash","HollowMod:CloakDash"],"picked":"HollowMod:WraithStrike+1","floor":24},{"not_picked":["HollowMod:CycloneSlash","HollowMod:HeavyBlow","HollowMod:SoulStrike"],"picked":"SKIP","floor":25},{"not_picked":["HollowMod:CornifersMapStart","HollowMod:TaintedHusks+1","HollowMod:SharpenedNail"],"picked":"SKIP","floor":28},{"not_picked":["HollowMod:ElderbugsWisdom","HollowMod:DungDefenderAura","HollowMod:ShapeofUnn"],"picked":"SKIP","floor":29},{"not_picked":["HollowMod:HeavyBlow","HollowMod:VengefulSpirit","HollowMod:SoulVessel"],"picked":"SKIP","floor":30},{"not_picked":["HollowMod:CornifersMapStart","HollowMod:CycloneSlash"],"picked":"HollowMod:SharpenedShadows+1","floor":31},{"not_picked":["HollowMod:ZotesMagnificence","HollowMod:HerrahsAnger"],"picked":"HollowMod:SoulMaster","floor":33},{"not_picked":["HollowMod:ChannelNail","HollowMod:NewGlowingWomb+1","HollowMod:DashSlash"],"picked":"SKIP","floor":35},{"not_picked":["HollowMod:NewLittleFool","HollowMod:DashSlash","HollowMod:SoulShaman"],"picked":"SKIP","floor":37},{"not_picked":["HollowMod:ElderbugsWisdom","HollowMod:PureNailStrike"],"picked":"HollowMod:CycloneSlash+1","floor":40},{"not_picked":["HollowMod:DungDefenderAura","HollowMod:NewGlowingWomb+1"],"picked":"HollowMod:VengefulVoid","floor":42},{"not_picked":["HollowMod:TaintedHusks+1","HollowMod:PureVessel","HollowMod:NewLittleFool"],"picked":"SKIP","floor":44},{"not_picked":["HollowMod:CornifersMapStart","HollowMod:HeavyBlow+1"],"picked":"HollowMod:CloakDash+1","floor":45},{"not_picked":["HollowMod:DashSlash+1","HollowMod:InfectedAttack"],"picked":"HollowMod:WraithStrike+1","floor":48},{"not_picked":["HollowMod:ChannelNail","HollowMod:SoulSplash+1"],"picked":"HollowMod:HuntersJournal+1","floor":54}],"player_experience":958914,"relics_obtained":[{"floor":7,"key":"HornCleat"},{"floor":9,"key":"infinitespire:EmpoweringShard"},{"floor":12,"key":"infinitespire:Beetle Shell"},{"floor":19,"key":"ReplayTheSpireMod:Ring of Collecting"},{"floor":19,"key":"ReplayTheSpireMod:Ring of Challenge"},{"floor":21,"key":"Necronomicon"},{"floor":26,"key":"Ring of Searing"},{"floor":29,"key":"PreservedInsect"},{"floor":39,"key":"Dota2Spire:EchoSabre"},{"floor":40,"key":"Replay:Baseball"},{"floor":43,"key":"hubris:TenFootPole"},{"floor":44,"key":"hubris:64BitClover"},{"floor":48,"key":"Replay:Bottled Eggs"},{"floor":54,"key":"Anchor"}],"event_choices":[{"damage_healed":0,"gold_gain":0,"player_choice":"Obtained Book","damage_taken":16,"max_hp_gain":0,"max_hp_loss":0,"event_name":"Cursed Tome","floor":21,"gold_loss":0},{"damage_healed":0,"gold_gain":0,"player_choice":"Read","damage_taken":0,"max_hp_gain":0,"max_hp_loss":0,"event_name":"The Library","floor":27,"gold_loss":0,"cards_obtained":["HollowMod:DescendingDark"]},{"damage_healed":0,"gold_gain":0,"player_choice":"Ignored","damage_taken":0,"max_hp_gain":0,"max_hp_loss":0,"event_name":"Tomb of Lord Red Mask","floor":36,"gold_loss":0},{"damage_healed":0,"gold_gain":0,"player_choice":"Leave","damage_taken":0,"max_hp_gain":0,"max_hp_loss":0,"event_name":"conspire:Investor","floor":46,"gold_loss":0}],"is_beta":false,"boss_relics":[{"not_picked":["Tiny House","Replay:Drink Me"],"picked":"Pandora\u0027s Box"},{"not_picked":["Snecko Eye","hubris:ScarierMask"],"picked":"Dota2Spire:Bloodstone"}],"items_purged_floors":[53],"is_endless":true,"potions_floor_spawned":[1,2,7,8,12,13,18,28,29,30,35,37,48,55],"ascension_level":0}}