{"host":"udzsrhbqdxqtlypj","time":1607727496,"event":{"mods":["BaseMod","Minty Spire (QoL Compilation)","Relic Stats"],"gold_per_floor":[117,135,135,189,202,236,311,344,344,370,382,394,406,444,456,570,582,612,624,636,662,214,244,264,264,289,214,249,249,348,361,361,464,464,476,476,576,250,250,250,282,282,308,337,353,353,366,413,413,413,413,413,9,38,38],"floor_reached":56,"playtime":4749,"items_purged":["Strike_B+1","Strike_B+1"],"score":1781,"play_id":"98676779-6fab-4a2c-b882-07481514ae94","local_time":"20201211165816","is_ascension_mode":true,"campfire_choices":[{"floor":11.0,"key":"REST"},{"data":"Darkness","floor":15.0,"key":"SMITH"},{"data":"Buffer","floor":25.0,"key":"SMITH"},{"data":"Buffer","floor":29.0,"key":"SMITH"},{"data":"Blind","floor":32.0,"key":"SMITH"},{"data":"Force Field","floor":40.0,"key":"SMITH"},{"floor":42.0,"key":"RECALL"},{"data":"Fusion","floor":46.0,"key":"SMITH"},{"data":"Creative AI","floor":49.0,"key":"SMITH"},{"data":"Ghostly","floor":52.0,"key":"SMITH"}],"circlet_count":0,"master_deck":["Strike_B+1","Defend_B+1","Defend_B+1","Defend_B+1","Defend_B+1","Zap","Dualcast","Melter","Genetic Algorithm","Buffer+1","Buffer+1","Doom and Gloom","Darkness+1","Echo Form","Turbo","Ghostly+1","Ghostly","Ghostly","Ghostly","Ghostly","Coolheaded","Multi-Cast","Blind+1","Fusion+1","Hologram+1","Turbo","Undo+1","Creative AI+1","Conserve Battery","Force Field+1","Conserve Battery+1","Lockon+1","Skim+1","Multi-Cast","Force Field"],"relics":["Cracked Core","Pen Nib","Meat on the Bone","Art of War","Akabeko","MawBank","Nunchaku","SlaversCollar","Strawberry","Centennial Puzzle","PreservedInsect","Tiny Chest","Coffee Dripper","Blood Vial","Orichalcum","Dream Catcher","Bag of Preparation","Pocketwatch","Incense Burner","Anchor"],"acts_visited":["Exordium","TheCity","TheBeyond","TheEnding"],"potions_floor_usage":[55],"damage_taken":[{"damage":0.0,"enemies":"Small Slimes","floor":1.0,"turns":3.0},{"damage":0.0,"enemies":"2 Louse","floor":2.0,"turns":2.0},{"damage":2.0,"enemies":"Jaw Worm","floor":5.0,"turns":2.0},{"damage":16.0,"enemies":"Gremlin Nob","floor":6.0,"turns":3.0},{"damage":35.0,"enemies":"3 Sentries","floor":8.0,"turns":6.0},{"damage":39.0,"enemies":"Gremlin Nob","floor":10.0,"turns":6.0},{"damage":15.0,"enemies":"3 Sentries","floor":14.0,"turns":6.0},{"damage":26.0,"enemies":"The Guardian","floor":16.0,"turns":8.0},{"damage":27.0,"enemies":"Shell Parasite","floor":18.0,"turns":5.0},{"damage":2.0,"enemies":"Chosen","floor":21.0,"turns":8.0},{"damage":0.0,"enemies":"Book of Stabbing","floor":23.0,"turns":9.0},{"damage":6.0,"enemies":"Snake Plant","floor":24.0,"turns":8.0},{"damage":5.0,"enemies":"Slavers","floor":28.0,"turns":8.0},{"damage":4.0,"enemies":"Cultist and Chosen","floor":31.0,"turns":10.0},{"damage":0.0,"enemies":"Collector","floor":33.0,"turns":11.0},{"damage":0.0,"enemies":"3 Shapes","floor":35.0,"turns":11.0},{"damage":0.0,"enemies":"Reptomancer","floor":41.0,"turns":9.0},{"damage":0.0,"enemies":"Giant Head","floor":44.0,"turns":11.0},{"damage":0.0,"enemies":"Orb Walker","floor":45.0,"turns":11.0},{"damage":0.0,"enemies":"3 Darklings","floor":47.0,"turns":10.0},{"damage":11.0,"enemies":"2 Orb Walkers","floor":48.0,"turns":10.0},{"damage":0.0,"enemies":"Time Eater","floor":50.0,"turns":8.0},{"damage":0.0,"enemies":"Shield and Spear","floor":54.0,"turns":11.0},{"damage":20,"enemies":"The Heart","floor":55,"turns":15}],"seed_played":"-8262188371997997835","potions_obtained":[{"floor":0.0,"key":"Strength Potion"},{"floor":0.0,"key":"FairyPotion"},{"floor":0.0,"key":"DistilledChaos"},{"floor":5.0,"key":"AttackPotion"},{"floor":6.0,"key":"ColorlessPotion"},{"floor":10.0,"key":"Energy Potion"},{"floor":16.0,"key":"AttackPotion"},{"floor":18.0,"key":"Regen Potion"},{"floor":24.0,"key":"SkillPotion"},{"floor":44.0,"key":"BlessingOfTheForge"}],"is_trial":false,"path_per_floor":["M","M","?","?","M","E","?","E","T","E","R","?","$","E","R","B",null,"M","?","?","M","$","E","M","R","T","?","E","R","?","M","R","B",null,"M","?","?","$","T","R","E","R","T","E","M","R","M","?","R","B",null,"R","$","E","B",null],"character_chosen":"DEFECT","items_purchased":["Strawberry","Multi-Cast","Blind","Force Field","Blood Vial","Incense Burner","Force Field","FocusPotion"],"campfire_rested":1,"item_purchase_floors":[22,22,22,38,38,53,53,53],"current_hp_per_floor":[75,75,68,68,66,50,39,16,16,13,35,40,40,37,37,23,66,51,40,40,38,45,45,39,39,39,39,47,47,47,43,43,43,46,46,46,46,46,46,46,47,47,47,47,47,47,47,36,36,38,45,45,45,47,27],"gold":38,"neow_bonus":"THREE_SMALL_POTIONS","is_daily":false,"chose_seed":false,"campfire_upgraded":8,"win_rate":0.0,"timestamp":1607727496,"path_taken":["M","M","?","?","M","E","?","E","T","E","R","?","$","E","R","BOSS","M","?","?","M","$","E","M","R","T","?","E","R","?","M","R","BOSS","M","?","?","$","?","R","E","R","T","E","M","R","M","?","R","BOSS","R","$","E","BOSS"],"items_purchased_type":["Relic","Card","Card","Card","Relic","Relic","Card","Potion"],"build_version":"2020-11-30","purchased_purges":2,"victory":true,"max_hp_per_floor":[75,75,75,75,75,75,75,75,75,75,75,80,80,80,80,80,80,80,40,40,40,47,47,47,47,47,47,47,47,47,47,47,47,47,47,47,47,47,47,47,47,47,47,47,47,47,47,47,47,47,47,47,47,47,47],"relic_stats":{"counters":[24,191],"Pen Nib":[9],"PreservedInsect":322,"Bag of Preparation":[12],"Orichalcum":[150],"MawBank":144,"Blood Vial":5,"Nunchaku":[6],"Centennial Puzzle":[15],"Dream Catcher":0,"Tiny Chest":1,"Art of War":[112],"obtain_stats":[{"Pen Nib":3,"PreservedInsect":26,"Bag of Preparation":44,"Incense Burner":53,"Orichalcum":39,"MawBank":10,"Akabeko":9,"Blood Vial":38,"SlaversCollar":17,"Nunchaku":14,"Centennial Puzzle":23,"Dream Catcher":41,"Anchor":54,"Strawberry":22,"Tiny Chest":28,"Art of War":8,"Coffee Dripper":34,"Cracked Core":0,"Meat on the Bone":6,"Pocketwatch":48},{"Pen Nib":2,"PreservedInsect":12,"Bag of Preparation":18,"Incense Burner":22,"Orichalcum":16,"MawBank":6,"Akabeko":5,"Blood Vial":16,"SlaversCollar":8,"Nunchaku":7,"Centennial Puzzle":11,"Dream Catcher":17,"Anchor":23,"Strawberry":10,"Tiny Chest":13,"Art of War":5,"Coffee Dripper":15,"Cracked Core":0,"Meat on the Bone":4,"Pocketwatch":21},{"Pen Nib":5,"PreservedInsect":66,"Bag of Preparation":126,"Incense Burner":165,"Orichalcum":106,"MawBank":22,"Akabeko":16,"Blood Vial":106,"SlaversCollar":36,"Nunchaku":28,"Centennial Puzzle":58,"Dream Catcher":115,"Anchor":176,"Strawberry":49,"Tiny Chest":74,"Art of War":16,"Coffee Dripper":95,"Cracked Core":0,"Meat on the Bone":10,"Pocketwatch":157}],"Meat on the Bone":60,"Pocketwatch":[21]},"card_choices":[{"not_picked":["Tempest","Compile Driver"],"picked":"Melter","floor":1.0},{"not_picked":["Redo","Coolheaded"],"picked":"Compile Driver","floor":2.0},{"not_picked":["Force Field","Reprogram"],"picked":"Genetic Algorithm","floor":5.0},{"not_picked":["Reinforced Body","Blizzard"],"picked":"Buffer","floor":6.0},{"not_picked":["Loop","Ball Lightning"],"picked":"Buffer","floor":8.0},{"not_picked":["Stack","Streamline"],"picked":"Doom and Gloom","floor":10.0},{"not_picked":["Hologram","Thunder Strike"],"picked":"Darkness","floor":14.0},{"not_picked":["Fission","Hyperbeam"],"picked":"Echo Form","floor":16.0},{"not_picked":["Redo","Barrage"],"picked":"Turbo","floor":18.0},{"not_picked":["Storm+1","Sweeping Beam"],"picked":"Coolheaded","floor":21.0},{"not_picked":["Rebound","Meteor Strike"],"picked":"Fusion","floor":23.0},{"not_picked":["Steam","Coolheaded+1"],"picked":"Hologram+1","floor":24.0},{"not_picked":["Rainbow","Rebound"],"picked":"Turbo","floor":28.0},{"not_picked":["Streamline","Beam Cell"],"picked":"Undo+1","floor":31.0},{"not_picked":["Thunder Strike","Machine Learning"],"picked":"Creative AI","floor":33.0},{"not_picked":["Coolheaded","Sweeping Beam+1"],"picked":"Conserve Battery","floor":35.0},{"not_picked":["Hello World","Defragment"],"picked":"Conserve Battery+1","floor":41.0},{"not_picked":["Leap","Biased Cognition"],"picked":"Lockon+1","floor":44.0},{"not_picked":["Coolheaded+1","Conserve Battery"],"picked":"Skim+1","floor":45.0},{"not_picked":["Tempest+1","Hologram+1","Compile Driver+1"],"picked":"SKIP","floor":47.0},{"not_picked":["Undo+1","Go for the Eyes+1"],"picked":"Multi-Cast","floor":48.0},{"not_picked":["Scrape","Defragment+1","Steam Power+1"],"picked":"SKIP","floor":54}],"player_experience":2587366,"relics_obtained":[{"floor":6.0,"key":"Meat on the Bone"},{"floor":8.0,"key":"Art of War"},{"floor":9.0,"key":"Akabeko"},{"floor":10.0,"key":"MawBank"},{"floor":14.0,"key":"Nunchaku"},{"floor":23.0,"key":"Centennial Puzzle"},{"floor":26.0,"key":"PreservedInsect"},{"floor":28.0,"key":"Tiny Chest"},{"floor":39.0,"key":"Orichalcum"},{"floor":41.0,"key":"Dream Catcher"},{"floor":44.0,"key":"Bag of Preparation"},{"floor":48.0,"key":"Pocketwatch"},{"floor":54,"key":"Anchor"}],"event_choices":[{"damage_healed":0.0,"max_hp_gain":0.0,"max_hp_loss":0.0,"gold_gain":0.0,"event_name":"Scrap Ooze","player_choice":"Success","floor":3.0,"gold_loss":0.0,"damage_taken":7.0,"relics_obtained":["Pen Nib"]},{"damage_healed":0.0,"max_hp_gain":0.0,"max_hp_loss":0.0,"gold_gain":54.0,"event_name":"Golden Wing","player_choice":"Gained Gold","floor":4.0,"gold_loss":0.0,"damage_taken":0.0},{"damage_healed":0.0,"max_hp_gain":0.0,"max_hp_loss":0.0,"gold_gain":75.0,"event_name":"World of Goop","player_choice":"Gather Gold","floor":7.0,"gold_loss":0.0,"damage_taken":11.0},{"damage_healed":0.0,"max_hp_gain":5.0,"max_hp_loss":0.0,"gold_gain":0.0,"event_name":"Big Fish","player_choice":"Donut","floor":12.0,"gold_loss":0.0,"damage_taken":0.0},{"damage_healed":0.0,"max_hp_gain":0.0,"max_hp_loss":40.0,"gold_gain":0.0,"event_name":"Ghosts","player_choice":"Became a Ghost","floor":19.0,"gold_loss":0.0,"damage_taken":0.0,"cards_obtained":["Ghostly","Ghostly","Ghostly","Ghostly","Ghostly"]},{"damage_healed":0.0,"max_hp_gain":0.0,"max_hp_loss":0.0,"gold_gain":0.0,"event_name":"Back to Basics","player_choice":"Simplicity","floor":20.0,"gold_loss":0.0,"damage_taken":0.0,"cards_upgraded":["Strike_B","Strike_B","Strike_B","Strike_B","Defend_B","Defend_B","Defend_B","Defend_B"]},{"cards_removed":["Strike_B"],"damage_healed":0.0,"max_hp_gain":0.0,"max_hp_loss":0.0,"gold_gain":0.0,"event_name":"Beggar","player_choice":"Gave Gold","floor":27.0,"gold_loss":75.0,"damage_taken":0.0},{"damage_healed":0.0,"max_hp_gain":0.0,"max_hp_loss":0.0,"gold_gain":99.0,"event_name":"Nest","player_choice":"Stole From Cult","floor":30.0,"gold_loss":0.0,"damage_taken":0.0},{"cards_removed":["Compile Driver"],"damage_healed":0.0,"max_hp_gain":0.0,"max_hp_loss":0.0,"gold_gain":0.0,"event_name":"Falling","player_choice":"Removed Attack","floor":36.0,"gold_loss":0.0,"damage_taken":0.0},{"damage_healed":0.0,"max_hp_gain":0.0,"max_hp_loss":0.0,"gold_gain":100.0,"event_name":"Golden Shrine","player_choice":"Pray","floor":37.0,"gold_loss":0.0,"damage_taken":0.0},{"damage_healed":0.0,"max_hp_gain":0.0,"max_hp_loss":0.0,"gold_gain":0.0,"event_name":"Mysterious Sphere","player_choice":"Fight","floor":48.0,"gold_loss":0.0,"damage_taken":0.0}],"is_beta":false,"boss_relics":[{"not_picked":["Black Star","Busted Crown"],"picked":"SlaversCollar"},{"not_picked":["Velvet Choker","Runic Pyramid"],"picked":"Coffee Dripper"}],"items_purged_floors":[22,38],"is_endless":false,"potions_floor_spawned":[5,6,10,16,18,21,24,44],"ascension_level":5}}