{"host":"2lo6hma6kymb0g9i","time":1607692243,"event":{"mods":["BaseMod","Colored Map","DeckTracker","Minty Spire (QoL Compilation)"],"gold_per_floor":[117,135,135,60,71,71,98,98,125,125,159,159,159,170,170,265,265,280,309,329,347,365,365,365,365,365,118,118,132,145,160,160,257,257,267,142,142,161,180,180,192,192,215,215,234,244,244,259,259,259,259],"floor_reached":50,"playtime":3649,"items_purged":["Strike_G","Strike_G","Defend_G"],"score":673,"play_id":"ed120ad1-7e64-45d0-819d-85411538553a","local_time":"20201211221043","is_ascension_mode":true,"campfire_choices":[{"data":"Predator","floor":6.0,"key":"SMITH"},{"data":"Deflect","floor":8.0,"key":"SMITH"},{"data":"Blade Dance","floor":10.0,"key":"SMITH"},{"floor":15.0,"key":"REST"},{"data":"Well Laid Plans","floor":23.0,"key":"SMITH"},{"data":"Terror","floor":25.0,"key":"SMITH"},{"data":"Phantasmal Killer","floor":32.0,"key":"SMITH"},{"data":"Calculated Gamble","floor":40.0,"key":"SMITH"},{"data":"Storm of Steel","floor":42.0,"key":"SMITH"},{"floor":47,"key":"RECALL"},{"data":"Survivor","floor":49,"key":"SMITH"}],"circlet_count":0,"master_deck":["Defend_G+1","Defend_G+1","Defend_G","Survivor+1","Neutralize+1","Deflect+1","Predator+1","Blade Dance+1","Unload","Calculated Gamble+1","Well Laid Plans+1","Corpse Explosion","Terror+1","Dodge and Roll+1","Phantasmal Killer+1","Storm of Steel+1","Dagger Throw+1"],"relics":["Ring of the Snake","Ancient Tea Set","Anchor","Pen Nib","Blood Vial","Busted Crown","Red Mask","Tiny Chest","Empty Cage","Bag of Marbles"],"acts_visited":["Exordium","TheCity","TheBeyond"],"potions_floor_usage":[50,50],"damage_taken":[{"damage":6.0,"enemies":"2 Louse","floor":1.0,"turns":2.0},{"damage":0.0,"enemies":"Cultist","floor":2.0,"turns":3.0},{"damage":2.0,"enemies":"Small Slimes","floor":5.0,"turns":6.0},{"damage":20.0,"enemies":"Lagavulin","floor":7.0,"turns":6.0},{"damage":5.0,"enemies":"3 Sentries","floor":11.0,"turns":6.0},{"damage":0.0,"enemies":"Looter","floor":14.0,"turns":2.0},{"damage":7.0,"enemies":"The Guardian","floor":16.0,"turns":14.0},{"damage":0.0,"enemies":"Chosen","floor":18.0,"turns":4.0},{"damage":2.0,"enemies":"Masked Bandits","floor":19.0,"turns":2.0},{"damage":0.0,"enemies":"3 Byrds","floor":20.0,"turns":3.0},{"damage":3.0,"enemies":"Centurion and Healer","floor":21.0,"turns":5.0},{"damage":0.0,"enemies":"3 Cultists","floor":22.0,"turns":2.0},{"damage":6.0,"enemies":"Shelled Parasite and Fungi","floor":29.0,"turns":3.0},{"damage":0.0,"enemies":"Sentry and Sphere","floor":30.0,"turns":3.0},{"damage":0.0,"enemies":"3 Cultists","floor":31.0,"turns":2.0},{"damage":16.0,"enemies":"Automaton","floor":33.0,"turns":5.0},{"damage":0.0,"enemies":"3 Darklings","floor":35.0,"turns":2.0},{"damage":0.0,"enemies":"3 Shapes","floor":38.0,"turns":2.0},{"damage":0.0,"enemies":"Spire Growth","floor":39.0,"turns":2.0},{"damage":4.0,"enemies":"Jaw Worm Horde","floor":41.0,"turns":2.0},{"damage":10.0,"enemies":"Maw","floor":45.0,"turns":4.0},{"damage":0.0,"enemies":"3 Darklings","floor":46.0,"turns":2.0},{"damage":0,"enemies":"Sphere and 2 Shapes","floor":48,"turns":3},{"damage":61,"enemies":"Awakened One","floor":50,"turns":14}],"seed_played":"-5631382025280297213","potions_obtained":[{"floor":7.0,"key":"PowerPotion"},{"floor":11.0,"key":"Explosive Potion"},{"floor":14.0,"key":"SneckoOil"},{"floor":31.0,"key":"CunningPotion"},{"floor":35.0,"key":"Swift Potion"},{"floor":38.0,"key":"PowerPotion"}],"is_trial":false,"path_per_floor":["M","M","?","$","M","R","E","R","T","R","E","?","?","M","R","B",null,"M","?","M","M","M","R","?","R","T","$","?","M","M","M","R","B",null,"M","$","?","M","M","R","M","R","T","T","M","M","R","M","R","B"],"character_chosen":"THE_SILENT","items_purchased":["Phantasmal Killer"],"campfire_rested":1,"item_purchase_floors":[27],"current_hp_per_floor":[57,57,57,57,55,55,35,35,35,35,30,16,16,18,39,34,61,63,63,65,64,66,66,66,66,66,66,66,62,64,66,66,52,66,68,68,66,66,66,66,62,62,62,62,54,56,56,58,58,0,0],"gold":259,"neow_bonus":"UPGRADE_CARD","is_daily":false,"chose_seed":false,"campfire_upgraded":9,"win_rate":0.0,"timestamp":1607692243,"path_taken":["M","M","?","?","M","R","E","R","T","R","E","?","?","M","R","BOSS","M","?","M","M","M","R","?","R","T","$","?","M","M","?","R","BOSS","M","$","?","M","M","R","M","R","T","?","M","M","R","M","R","BOSS"],"items_purchased_type":["Card"],"build_version":"2020-11-30","purchased_purges":3,"victory":false,"max_hp_per_floor":[70,70,70,70,70,70,70,70,70,70,70,70,70,70,70,70,70,70,70,70,70,70,70,70,70,70,70,70,70,70,70,70,70,70,70,70,66,66,66,66,66,66,66,66,66,66,66,66,66,66,66],"card_choices":[{"not_picked":["PiercingWail","Blade Dance"],"picked":"All Out Attack","floor":1.0},{"not_picked":["Acrobatics","Prepared"],"picked":"Deflect","floor":2.0},{"not_picked":["Outmaneuver","Masterful Stab"],"picked":"Predator","floor":5.0},{"not_picked":["Dagger Spray","Dodge and Roll"],"picked":"Blade Dance","floor":7.0},{"not_picked":["Flying Knee","Outmaneuver"],"picked":"Unload","floor":11.0},{"not_picked":["All Out Attack","Deflect"],"picked":"Well Laid Plans","floor":14.0},{"not_picked":["Wraith Form v2","Die Die Die"],"picked":"Corpse Explosion","floor":16.0},{"not_picked":["Dagger Spray"],"picked":"SKIP","floor":18.0},{"not_picked":[],"picked":"Terror","floor":19.0},{"not_picked":["Dodge and Roll"],"picked":"SKIP","floor":20.0},{"not_picked":[],"picked":"Dodge and Roll+1","floor":21.0},{"not_picked":["Flying Knee"],"picked":"SKIP","floor":22.0},{"not_picked":["Bane"],"picked":"SKIP","floor":29.0},{"not_picked":["Deflect"],"picked":"SKIP","floor":30.0},{"not_picked":["Sucker Punch"],"picked":"SKIP","floor":31.0},{"not_picked":[],"picked":"Storm of Steel","floor":33.0},{"not_picked":["PiercingWail"],"picked":"SKIP","floor":35.0},{"not_picked":["Reflex"],"picked":"SKIP","floor":38.0},{"not_picked":["Masterful Stab"],"picked":"SKIP","floor":39.0},{"not_picked":["Deflect"],"picked":"SKIP","floor":41.0},{"not_picked":["Flying Knee"],"picked":"SKIP","floor":45.0},{"not_picked":[],"picked":"Dagger Throw+1","floor":46},{"not_picked":["Crippling Poison+1"],"picked":"SKIP","floor":48}],"player_experience":760902,"relics_obtained":[{"floor":7.0,"key":"Anchor"},{"floor":9.0,"key":"Pen Nib"},{"floor":11.0,"key":"Blood Vial"},{"floor":19.0,"key":"Red Mask"},{"floor":26.0,"key":"Tiny Chest"},{"floor":44.0,"key":"Bag of Marbles"}],"event_choices":[{"cards_removed":["All Out Attack"],"damage_healed":0.0,"max_hp_gain":0.0,"max_hp_loss":0.0,"gold_gain":0.0,"event_name":"WeMeetAgain","player_choice":"Gave Card","floor":3.0,"gold_loss":0.0,"damage_taken":0.0,"relics_obtained":["Ancient Tea Set"]},{"damage_healed":0.0,"max_hp_gain":0.0,"max_hp_loss":0.0,"gold_gain":0.0,"event_name":"Shining Light","player_choice":"Entered Light","floor":12.0,"gold_loss":0.0,"damage_taken":14.0,"cards_upgraded":["Defend_G","Defend_G"]},{"damage_healed":0.0,"max_hp_gain":0.0,"max_hp_loss":0.0,"gold_gain":0.0,"cards_transformed":["Strike_G"],"event_name":"Living Wall","player_choice":"Change","floor":13.0,"gold_loss":0.0,"damage_taken":0.0,"cards_obtained":["Calculated Gamble"]},{"damage_healed":0.0,"max_hp_gain":0.0,"max_hp_loss":0.0,"gold_gain":0.0,"event_name":"Masked Bandits","player_choice":"Fought Bandits","floor":19.0,"gold_loss":0.0,"damage_taken":0.0},{"damage_healed":0.0,"max_hp_gain":0.0,"max_hp_loss":0.0,"gold_gain":0.0,"event_name":"The Mausoleum","player_choice":"Ignored","floor":24.0,"gold_loss":0.0,"damage_taken":0.0},{"cards_removed":["Strike_G"],"damage_healed":0.0,"max_hp_gain":0.0,"max_hp_loss":0.0,"gold_gain":0.0,"event_name":"Purifier","player_choice":"Purged","floor":28.0,"gold_loss":0.0,"damage_taken":0.0},{"damage_healed":0.0,"max_hp_gain":0.0,"max_hp_loss":4.0,"gold_gain":0.0,"event_name":"Winding Halls","player_choice":"Max HP","floor":37.0,"gold_loss":0.0,"damage_taken":0.0}],"is_beta":false,"boss_relics":[{"not_picked":["Runic Dome","Black Star"],"picked":"Busted Crown"},{"not_picked":["HoveringKite","Tiny House"],"picked":"Empty Cage"}],"items_purged_floors":[4,27,36],"is_endless":false,"potions_floor_spawned":[7,11,14,18,21,30,31,35,38,39],"killed_by":"Awakened One","ascension_level":8}}