{"host":"v5q6ggeyvx3goqgy","time":1607706022,"event":{"mods":["AchievementEnabler","BaseMod","BetterRewards","Minty Spire (QoL Compilation)","StSLib","Uncapped"],"gold_per_floor":[117,117,135,135,155,155,190,190,190,88,107,107,107,58,58,158,158,177,197,37,37,61,89,36,36,60,72,107,122,135,164,164,260,260,271,271,39,94,111,111,143,143,170,196,212,222,0,31,31,31,31,31,31,65,65],"floor_reached":56,"playtime":4323,"items_purged":["Defend_B","Strike_B","Strike_B"],"score":2361,"play_id":"1959668d-ae8f-4d2f-b009-ec6e13337f60","local_time":"20201211170022","is_ascension_mode":true,"campfire_choices":[{"floor":6.0,"key":"REST"},{"data":"Auto Shields","floor":8.0,"key":"SMITH"},{"data":"Doom and Gloom","floor":12.0,"key":"SMITH"},{"data":"Defragment","floor":15.0,"key":"SMITH"},{"data":"Darkness","floor":32.0,"key":"SMITH"},{"data":"Defragment","floor":40.0,"key":"SMITH"},{"data":"Loop","floor":42.0,"key":"SMITH"},{"floor":49.0,"key":"RECALL"},{"data":"Glacier","floor":52.0,"key":"SMITH"}],"circlet_count":1,"master_deck":["Strike_B","Defend_B","Defend_B","Defend_B","Zap","Dualcast","Conserve Battery","Doom and Gloom","Defragment+1","Doom and Gloom","Leap","Loop+1","Doom and Gloom+1","Cold Snap","Auto Shields+1","Glacier+1","Defragment+1","Redo","Consume","Coolheaded","Electrodynamics","Beam Cell+1","Self Repair","Darkness+1","Conserve Battery","Echo Form","Glacier+1","Storm","Storm","Multi-Cast","Storm+1","Heatsinks","Hologram+1","Steam+1","Leap+1","Undo+1"],"relics":["Cracked Core","Strawberry","Blood Vial","Bag of Preparation","Medical Kit","DataDisk","ClockworkSouvenir","Girya","Bottled Lightning","Bottled Flame","Coffee Dripper","PreservedInsect","FossilizedHelix","Oddly Smooth Stone","Centennial Puzzle","Vajra","SlaversCollar","Lee\u0027s Waffle","StoneCalendar","Nunchaku","Boot","Red Mask","Eternal Feather","Bag of Marbles","Bird Faced Urn","Circlet","HornCleat","Inserter","Tingsha","Torii","Self Forming Clay"],"acts_visited":["Exordium","TheCity","TheBeyond","TheEnding"],"potions_floor_usage":[55,55,55],"damage_taken":[{"damage":0.0,"enemies":"Cultist","floor":1.0,"turns":3.0},{"damage":0.0,"enemies":"Small Slimes","floor":3.0,"turns":3.0},{"damage":0.0,"enemies":"Jaw Worm","floor":5.0,"turns":2.0},{"damage":3.0,"enemies":"3 Sentries","floor":7.0,"turns":5.0},{"damage":0.0,"enemies":"Exordium Wildlife","floor":11.0,"turns":3.0},{"damage":0.0,"enemies":"Slime Boss","floor":16.0,"turns":7.0},{"damage":0.0,"enemies":"3 Byrds","floor":18.0,"turns":2.0},{"damage":4.0,"enemies":"2 Thieves","floor":19.0,"turns":2.0},{"damage":0.0,"enemies":"Gremlin Leader","floor":23.0,"turns":4.0},{"damage":14.0,"enemies":"Shelled Parasite and Fungi","floor":27.0,"turns":4.0},{"damage":0.0,"enemies":"Book of Stabbing","floor":28.0,"turns":4.0},{"damage":0.0,"enemies":"Snecko","floor":29.0,"turns":4.0},{"damage":0.0,"enemies":"Centurion and Healer","floor":30.0,"turns":5.0},{"damage":0.0,"enemies":"Slavers","floor":31.0,"turns":2.0},{"damage":0.0,"enemies":"Collector","floor":33.0,"turns":6.0},{"damage":0.0,"enemies":"Orb Walker","floor":35.0,"turns":3.0},{"damage":19.0,"enemies":"2 Orb Walkers","floor":38.0,"turns":3.0},{"damage":0.0,"enemies":"3 Darklings","floor":39.0,"turns":3.0},{"damage":0.0,"enemies":"Nemesis","floor":41.0,"turns":5.0},{"damage":0.0,"enemies":"Giant Head","floor":44.0,"turns":6.0},{"damage":22.0,"enemies":"Sphere and 2 Shapes","floor":45.0,"turns":4.0},{"damage":8.0,"enemies":"Transient","floor":46.0,"turns":5.0},{"damage":0.0,"enemies":"Reptomancer","floor":48.0,"turns":2.0},{"damage":0.0,"enemies":"Donu and Deca","floor":50.0,"turns":5.0},{"damage":39.0,"enemies":"Shield and Spear","floor":54.0,"turns":5.0},{"damage":15,"enemies":"The Heart","floor":55,"turns":10}],"seed_played":"1376567335696131544","potions_obtained":[{"floor":5.0,"key":"BlessingOfTheForge"},{"floor":7.0,"key":"SpeedPotion"},{"floor":11.0,"key":"PowerPotion"},{"floor":16.0,"key":"EntropicBrew"},{"floor":23.0,"key":"LiquidBronze"},{"floor":28.0,"key":"Ancient Potion"},{"floor":29.0,"key":"ColorlessPotion"},{"floor":35.0,"key":"BlessingOfTheForge"},{"floor":36.0,"key":"PotionOfCapacity"},{"floor":36.0,"key":"EssenceOfDarkness"},{"floor":41.0,"key":"CultistPotion"},{"floor":44.0,"key":"SpeedPotion"},{"floor":46.0,"key":"SteroidPotion"},{"floor":48.0,"key":"Energy Potion"},{"floor":54.0,"key":"CultistPotion"}],"is_trial":false,"path_per_floor":["M","?","M","?","M","R","E","R","T","$","M","R","?","$","R","B",null,"M","M","$","?","T","E","$","?","T","M","E","M","M","E","R","B",null,"M","?","$","?","M","R","E","R","T","E","M","M","?","E","R","B",null,"R","$","E","B",null],"character_chosen":"DEFECT","items_purchased":["Strawberry","Blood Vial","Conserve Battery","Doom and Gloom","Defragment","Bag of Preparation","Medical Kit","Doom and Gloom","Leap","DataDisk","Loop","ClockworkSouvenir","Doom and Gloom","Defragment","Redo","Coolheaded","Self Repair","Conserve Battery","Lee\u0027s Waffle","Heatsinks"],"campfire_rested":1,"item_purchase_floors":[0,0,0,0,0,0,0,0,0,0,0,0,0,10,10,14,20,24,37,37],"current_hp_per_floor":[30,23,25,25,27,51,50,50,50,50,52,52,45,45,45,47,73,75,73,73,73,73,82,82,82,82,75,82,82,82,82,82,82,82,82,82,89,70,72,72,88,88,88,89,74,68,68,77,89,89,89,89,89,57,71],"gold":65,"neow_bonus":"","is_daily":false,"chose_seed":false,"campfire_upgraded":7,"win_rate":0.0,"timestamp":1607706022,"path_taken":["M","?","M","?","M","R","E","R","T","$","M","R","?","$","R","BOSS","M","M","$","?","?","E","?","?","T","M","E","M","M","E","R","BOSS","M","?","?","?","?","R","E","R","T","E","M","M","?","E","R","BOSS","R","$","E","BOSS"],"items_purchased_type":["Relic","Relic","Card","Card","Card","Relic","Relic","Card","Card","Relic","Card","Relic","Card","Card","Card","Card","Card","Card","Relic","Card"],"build_version":"2020-11-30","purchased_purges":3,"victory":true,"max_hp_per_floor":[82,82,82,82,82,82,82,82,82,82,82,82,82,82,82,82,82,82,82,82,82,82,82,82,82,82,82,82,82,82,82,82,82,82,82,82,89,89,89,89,89,89,89,89,89,89,89,89,89,89,89,89,89,89,89],"card_choices":[{"not_picked":["Steam","Stack"],"picked":"Cold Snap","floor":1.0},{"not_picked":["Lockon","Reprogram","Tempest"],"picked":"SKIP","floor":3.0},{"not_picked":["Turbo","Aggregate"],"picked":"Auto Shields","floor":5.0},{"not_picked":["Chaos","Streamline"],"picked":"Glacier","floor":7.0},{"not_picked":["Conserve Battery","Double Energy"],"picked":"Consume","floor":11.0},{"not_picked":["Creative AI","Seek"],"picked":"Electrodynamics","floor":16.0},{"not_picked":["Rebound","Scrape"],"picked":"Beam Cell+1","floor":18.0},{"not_picked":["Coolheaded","Cold Snap","Doom and Gloom"],"picked":"SKIP","floor":19.0},{"not_picked":["Redo","Thunder Strike","FTL"],"picked":"SKIP","floor":23.0},{"not_picked":["Cold Snap","Coolheaded","Compile Driver"],"picked":"SKIP","floor":27.0},{"not_picked":["Recycle","Heatsinks"],"picked":"Echo Form","floor":28.0},{"not_picked":["Darkness","Redo"],"picked":"Glacier+1","floor":29.0},{"not_picked":["Rebound","Streamline"],"picked":"Storm","floor":30.0},{"not_picked":["Core Surge","FTL"],"picked":"Storm","floor":31.0},{"not_picked":["Fission","Amplify"],"picked":"Multi-Cast","floor":33.0},{"not_picked":["Tempest","Scrape+1"],"picked":"Storm+1","floor":35.0},{"not_picked":["Leap","Blizzard+1"],"picked":"Hologram+1","floor":38.0},{"not_picked":["Cold Snap","Beam Cell+1"],"picked":"Steam+1","floor":39.0},{"not_picked":["Melter+1","Steam","Gash+1"],"picked":"SKIP","floor":41.0},{"not_picked":["Rebound+1","Beam Cell+1","Fission"],"picked":"SKIP","floor":44.0},{"not_picked":["Turbo","FTL","Beam Cell"],"picked":"SKIP","floor":45.0},{"not_picked":["Coolheaded","Recycle"],"picked":"Leap+1","floor":46.0},{"not_picked":["Gash+1","Genetic Algorithm+1","Barrage"],"picked":"SKIP","floor":48.0},{"not_picked":["Rainbow","Self Repair"],"picked":"Undo+1","floor":54.0}],"player_experience":455831,"relics_obtained":[{"floor":7.0,"key":"Bottled Lightning"},{"floor":9.0,"key":"Bottled Flame"},{"floor":22.0,"key":"PreservedInsect"},{"floor":23.0,"key":"FossilizedHelix"},{"floor":26.0,"key":"Oddly Smooth Stone"},{"floor":28.0,"key":"Centennial Puzzle"},{"floor":31.0,"key":"Vajra"},{"floor":38.0,"key":"StoneCalendar"},{"floor":41.0,"key":"Nunchaku"},{"floor":44.0,"key":"Boot"},{"floor":48.0,"key":"Eternal Feather"},{"floor":54.0,"key":"Bag of Marbles"}],"event_choices":[{"damage_healed":0.0,"max_hp_gain":0.0,"max_hp_loss":0.0,"gold_gain":0.0,"event_name":"Scrap Ooze","player_choice":"Success","floor":2.0,"gold_loss":0.0,"damage_taken":7.0,"relics_obtained":["Girya"]},{"damage_healed":0.0,"max_hp_gain":0.0,"max_hp_loss":0.0,"gold_gain":0.0,"event_name":"Liars Game","player_choice":"Ignored","floor":4.0,"gold_loss":0.0,"damage_taken":0.0},{"cards_removed":["Strike_B"],"damage_healed":0.0,"max_hp_gain":0.0,"max_hp_loss":0.0,"gold_gain":0.0,"event_name":"Golden Wing","player_choice":"Card Removal","floor":13.0,"gold_loss":0.0,"damage_taken":7.0},{"damage_healed":0.0,"max_hp_gain":0.0,"max_hp_loss":0.0,"gold_gain":0.0,"event_name":"The Library","player_choice":"Read","floor":21.0,"gold_loss":0.0,"damage_taken":0.0,"cards_obtained":["Darkness"]},{"damage_healed":0.0,"max_hp_gain":0.0,"max_hp_loss":0.0,"gold_gain":0.0,"event_name":"Ghosts","player_choice":"Ignored","floor":25.0,"gold_loss":0.0,"damage_taken":0.0},{"damage_healed":0.0,"max_hp_gain":0.0,"max_hp_loss":0.0,"gold_gain":0.0,"event_name":"Lab","player_choice":"Got Potions","floor":36.0,"gold_loss":0.0,"damage_taken":0.0},{"damage_healed":0.0,"max_hp_gain":0.0,"max_hp_loss":0.0,"gold_gain":0.0,"event_name":"Mysterious Sphere","player_choice":"Fight","floor":38.0,"gold_loss":0.0,"damage_taken":0.0},{"damage_healed":0.0,"max_hp_gain":0.0,"max_hp_loss":0.0,"gold_gain":0.0,"event_name":"Tomb of Lord Red Mask","player_choice":"Paid","floor":47.0,"gold_loss":222.0,"damage_taken":0.0,"relics_obtained":["Red Mask"]}],"is_beta":false,"boss_relics":[{"not_picked":["Black Star","Inserter"],"picked":"Coffee Dripper"},{"not_picked":["Pandora\u0027s Box","Nuclear Battery"],"picked":"SlaversCollar"}],"items_purged_floors":[0,0,20],"is_endless":false,"potions_floor_spawned":[5,7,11,16,23,28,29,35,41,44,46,48,54],"ascension_level":6}}