{"host":"e2ju6k0wppswbhbd","time":1607731167,"event":{"mods":["BaseMod","Minty Spire (QoL Compilation)","Rare Cards Sparkle","StSLib"],"gold_per_floor":[110,126,140,153,153,187,187,17,17,36,53,53,4,24,24,126,126,146,157,207,50,66,401,401,401,401,401,414,47,47,47,47,150,150,160,160,176,176,191,216,233,233,233,233,233],"floor_reached":44,"playtime":6055,"items_purged":[],"score":560,"play_id":"37fc15c4-bfc5-4d1e-9c89-e3bbe6197ac7","local_time":"20201212005927","is_ascension_mode":false,"campfire_choices":[{"floor":7.0,"key":"RECALL"},{"data":"Eruption","floor":15.0,"key":"SMITH"},{"data":"Vigilance","floor":25.0,"key":"SMITH"},{"data":"Protect","floor":27.0,"key":"SMITH"},{"data":"PathToVictory","floor":32.0,"key":"SMITH"},{"data":"Wallop","floor":42,"key":"SMITH"}],"circlet_count":0,"master_deck":["Strike_P","Strike_P","Strike_P","Defend_P","Eruption+1","Vigilance+1","Protect+1","Wireheading","EmptyBody","DeusExMachina","MentalFortress","Halt","ClearTheMind","Prostrate","PathToVictory+1","Conclude","Brilliance","Consecrate","Prostrate","Wallop+1","PathToVictory","BattleHymn","CutThroughFate","WheelKick","Writhe","WindmillStrike+1","Alpha","Pray+1","Indignation+1","Ragnarok+1","Fasting2+1","Study","SandsOfTime+1","FearNoEvil","Evaluate+1","Parasite"],"relics":["Coffee Dripper","TeardropLocket","MealTicket","White Beast Statue","StrikeDummy","VioletLotus","Old Coin","Pear","Bird Faced Urn","Astrolabe","Unceasing Top","Strawberry"],"acts_visited":["Exordium","TheCity","TheBeyond"],"potions_floor_usage":[35,39,39,40,41,44],"damage_taken":[{"damage":0.0,"enemies":"Small Slimes","floor":1.0,"turns":3.0},{"damage":0.0,"enemies":"Cultist","floor":2.0,"turns":3.0},{"damage":6.0,"enemies":"Jaw Worm","floor":3.0,"turns":3.0},{"damage":0.0,"enemies":"Blue Slaver","floor":4.0,"turns":6.0},{"damage":0.0,"enemies":"Lagavulin","floor":6.0,"turns":4.0},{"damage":0.0,"enemies":"Exordium Thugs","floor":10.0,"turns":7.0},{"damage":0.0,"enemies":"2 Fungi Beasts","floor":11.0,"turns":5.0},{"damage":0.0,"enemies":"3 Louse","floor":14.0,"turns":5.0},{"damage":6.0,"enemies":"Slime Boss","floor":16.0,"turns":8.0},{"damage":3.0,"enemies":"Shell Parasite","floor":18.0,"turns":8.0},{"damage":16.0,"enemies":"2 Thieves","floor":19.0,"turns":2.0},{"damage":15.0,"enemies":"Centurion and Healer","floor":22.0,"turns":6.0},{"damage":37.0,"enemies":"Book of Stabbing","floor":23.0,"turns":6.0},{"damage":29.0,"enemies":"Sentry and Sphere","floor":28.0,"turns":9.0},{"damage":41.0,"enemies":"Collector","floor":33.0,"turns":11.0},{"damage":7,"enemies":"3 Shapes","floor":35,"turns":7},{"damage":16,"enemies":"Orb Walker","floor":37,"turns":3},{"damage":10,"enemies":"Transient","floor":39,"turns":5},{"damage":26,"enemies":"Giant Head","floor":40,"turns":7},{"damage":28,"enemies":"Spire Growth","floor":41,"turns":5},{"damage":38,"enemies":"Writhing Mass","floor":44,"turns":6}],"seed_played":"927636700605842217","potions_obtained":[{"floor":2.0,"key":"CultistPotion"},{"floor":5.0,"key":"SteroidPotion"},{"floor":5.0,"key":"FearPotion"},{"floor":6.0,"key":"Energy Potion"},{"floor":10.0,"key":"SteroidPotion"},{"floor":11.0,"key":"DistilledChaos"},{"floor":14.0,"key":"LiquidBronze"},{"floor":16.0,"key":"FairyPotion"},{"floor":18.0,"key":"Weak Potion"},{"floor":19.0,"key":"BottledMiracle"},{"floor":22.0,"key":"LiquidBronze"},{"floor":23.0,"key":"SpeedPotion"},{"floor":28.0,"key":"Strength Potion"},{"floor":33.0,"key":"DuplicationPotion"},{"floor":35,"key":"Fire Potion"},{"floor":37,"key":"FearPotion"},{"floor":39,"key":"Ambrosia"},{"floor":40,"key":"SkillPotion"},{"floor":41,"key":"Weak Potion"}],"is_trial":false,"path_per_floor":["M","M","M","M","?","E","R","$","T","M","M","?","$","M","R","B",null,"M","M","?","$","M","E","?","R","T","R","M","$","?","?","R","B",null,"M","?","M","?","M","E","M","R","T","M"],"character_chosen":"WATCHER","items_purchased":["MealTicket","Halt","PathToVictory","Wallop","PathToVictory","BattleHymn","Bird Faced Urn","Regen Potion"],"campfire_rested":0,"item_purchase_floors":[8,8,13,21,21,21,29,29],"current_hp_per_floor":[72,72,66,66,66,66,66,66,66,66,66,54,69,69,69,63,72,69,53,53,68,53,16,26,26,26,26,24,39,39,39,39,19,82,82,82,68,68,60,46,24,24,31,0,0],"gold":233,"neow_bonus":"BOSS_RELIC","is_daily":false,"chose_seed":false,"campfire_upgraded":5,"win_rate":0.0,"timestamp":1607731167,"path_taken":["M","M","M","M","?","E","R","$","T","M","?","?","?","M","R","BOSS","M","M","?","?","M","E","?","R","T","R","M","$","?","?","R","BOSS","M","?","M","?","M","E","?","R","T","M"],"items_purchased_type":["Relic","Card","Card","Card","Card","Card","Relic","Potion"],"build_version":"2020-11-30","purchased_purges":0,"victory":false,"max_hp_per_floor":[72,72,72,72,72,72,72,72,72,72,72,72,72,72,72,72,72,72,72,72,72,72,72,82,82,82,82,82,82,82,82,82,82,82,82,82,82,82,82,82,82,82,89,89,89],"card_choices":[{"not_picked":["Evaluate","CrushJoints"],"picked":"Protect","floor":1.0},{"not_picked":["InnerPeace","Adaptation"],"picked":"Wireheading","floor":2.0},{"not_picked":["Crescendo","FlyingSleeves"],"picked":"EmptyBody","floor":3.0},{"not_picked":["FollowUp","EmptyFist"],"picked":"DeusExMachina","floor":4.0},{"not_picked":["ThirdEye","Fasting2"],"picked":"MentalFortress","floor":6.0},{"not_picked":["Nirvana","FlurryOfBlows"],"picked":"ClearTheMind","floor":10.0},{"not_picked":["Perseverance","Tantrum"],"picked":"Prostrate","floor":11.0},{"not_picked":["CutThroughFate","Pray"],"picked":"Conclude","floor":14.0},{"not_picked":["Blasphemy","MasterReality"],"picked":"Brilliance","floor":16.0},{"not_picked":["CrushJoints","Tantrum"],"picked":"Consecrate","floor":18.0},{"not_picked":["EmptyMind","FlyingSleeves"],"picked":"Prostrate","floor":19.0},{"not_picked":["Wireheading","Worship"],"picked":"CutThroughFate","floor":22.0},{"not_picked":["CrushJoints","BattleHymn"],"picked":"WheelKick","floor":23.0},{"not_picked":["Pray","Meditate+1"],"picked":"WindmillStrike+1","floor":28.0},{"not_picked":["DeusExMachina","SpiritShield"],"picked":"Alpha","floor":33.0},{"not_picked":["EmptyBody","EmptyFist"],"picked":"Fasting2+1","floor":35},{"not_picked":["WindmillStrike","EmptyMind"],"picked":"Study","floor":37},{"not_picked":["FlurryOfBlows+1","BowlingBash"],"picked":"SandsOfTime+1","floor":39},{"not_picked":["EmptyFist+1","Wallop"],"picked":"FearNoEvil","floor":40},{"not_picked":["Indignation","PathToVictory+1"],"picked":"Evaluate+1","floor":41}],"player_experience":2500957,"relics_obtained":[{"floor":6.0,"key":"TeardropLocket"},{"floor":9.0,"key":"White Beast Statue"},{"floor":23.0,"key":"Old Coin"},{"floor":40,"key":"Unceasing Top"},{"floor":43,"key":"Strawberry"}],"event_choices":[{"damage_healed":0.0,"max_hp_gain":0.0,"max_hp_loss":0.0,"gold_gain":0.0,"event_name":"Lab","player_choice":"Got Potions","floor":5.0,"gold_loss":0.0,"damage_taken":0.0},{"damage_healed":0.0,"max_hp_gain":0.0,"max_hp_loss":0.0,"gold_gain":0.0,"event_name":"Scrap Ooze","player_choice":"Success","floor":12.0,"gold_loss":0.0,"damage_taken":12.0,"relics_obtained":["StrikeDummy"]},{"damage_healed":0.0,"max_hp_gain":0.0,"max_hp_loss":0.0,"gold_gain":100.0,"event_name":"The Joust","player_choice":"Bet on Murderer","floor":20.0,"gold_loss":50.0,"damage_taken":0.0},{"damage_healed":0.0,"max_hp_gain":0.0,"max_hp_loss":0.0,"gold_gain":0.0,"event_name":"The Mausoleum","player_choice":"Opened","floor":24.0,"gold_loss":0.0,"damage_taken":0.0,"relics_obtained":["Pear"],"cards_obtained":["Writhe"]},{"damage_healed":0.0,"max_hp_gain":0.0,"max_hp_loss":0.0,"gold_gain":0.0,"event_name":"Vampires","player_choice":"Ignored","floor":30.0,"gold_loss":0.0,"damage_taken":0.0},{"damage_healed":0.0,"max_hp_gain":0.0,"max_hp_loss":0.0,"gold_gain":0.0,"event_name":"Ghosts","player_choice":"Ignored","floor":31.0,"gold_loss":0.0,"damage_taken":0.0},{"cards_removed":["Defend_P"],"damage_healed":0,"gold_gain":0,"player_choice":"Removed Skill","damage_taken":0,"max_hp_gain":0,"max_hp_loss":0,"event_name":"Falling","floor":36,"gold_loss":0},{"damage_healed":0,"gold_gain":0,"player_choice":"Ignored","damage_taken":0,"max_hp_gain":0,"max_hp_loss":0,"event_name":"NoteForYourself","floor":38,"gold_loss":0}],"is_beta":false,"boss_relics":[{"not_picked":["Snecko Eye","Ectoplasm"],"picked":"VioletLotus"},{"not_picked":["Empty Cage","Busted Crown"],"picked":"Astrolabe"}],"items_purged_floors":[],"is_endless":false,"potions_floor_spawned":[2,6,10,11,14,16,18,19,22,23,28,33,35,37,39,40,41],"killed_by":"Writhing Mass","ascension_level":0}}