{"host":"1qw5suc8h0lmr1yi","time":1607687112,"event":{"mods":["2.2 Compatiblity","Act Like it!","BaseMod","Better Note","BetterRewards","Block Reminder","Colored Map","Custom Start","DeckTracker","GifTheSpireLib","Highlight Path","Hubris","Infinite Spire","Melee Mod","Mimic Mod","Minty Spire (QoL Compilation)","Quick Restart","Rare Cards Sparkle","Replay The Spire","Robot Space Explorer","Say the Spire","Shop Mod","StSLib","SuperFastMode","Td1madao Mod","The Animator","The Cursed","The Disciple","The Edgeheg","The Factory","The Jungle"],"gold_per_floor":[117,132,232,247,247,247,280,280,318,318,336,336,346,52,52,155,155,175,37,37,37,37,37,70,70,70,96,111,111,411,431,431,529,529,543,543,556,571,611,611,611,611],"floor_reached":41,"playtime":3878,"items_purged":["Strike_R"],"score":523,"play_id":"9823d4a5-7f0b-4082-a378-7736bf4e0e94","local_time":"20201211034512","is_ascension_mode":true,"campfire_choices":[{"data":"hubris:CleavingFinish","floor":6,"key":"SMITH"},{"data":"ReplayTheSpireMod:Limb From Limb","floor":10,"key":"SMITH"},{"data":"Life Link","floor":12,"key":"SMITH"},{"floor":15,"key":"REST"},{"data":"Replay:Dark Deal","floor":23,"key":"SMITH"},{"data":"ReplayTheSpireMod:Strike From Hell","floor":25,"key":"SMITH"},{"floor":32,"key":"REST"},{"data":"Chrysalis","floor":40,"key":"SMITH"}],"circlet_count":0,"master_deck":["hubris:CleavingFinish+1","True Grit","Inflame","Dark Embrace","ReplayTheSpireMod:Limb From Limb+1","Reaper+1","ReplayTheSpireMod:LeadingStrike","Life Link+1","Barricade+1","Hemogenesis","hubris:CleavingFinish","Bloodletting","Second Wind","Dark Embrace","Blind","Replay:Dark Deal+1","Immolate","Metallicize+1","Entrench+1","Metallicize","theJungle:Gourd","theJungle:Gourd","theJungle:Gourd","theJungle:Gourd","theJungle:Gourd","ReplayTheSpireMod:Strike From Hell+1","Blood for Blood","Dual Wield+1","infinitespire:Menacing","Heavy Blade","Sword Boomerang","Spot Weakness","Shrug It Off","Evolve","Enlightenment","Chrysalis+1","Flex","Exhume","Reaper","Heavy Blade","Burning Pact","ReplayTheSpireMod:Strike From Hell+1","Pommel Strike+1","Sword Boomerang+1","True Grit+1"],"relics":["Burning Blood","ReplayTheSpireMod:Lightbulb","Tiny Chest","BargainBundle","Ring of Chaos","StoneCalendar","hubris:PeanutButter","Pocketwatch","Gremlin Horn","Strawberry","Sundial","Guide Book","Pandora\u0027s Box","Mango"],"acts_visited":["Exordium","Exordium","TheBeyond"],"potions_floor_usage":[7,9,16,16,18,18,30,30,31,31,31,31,33,35,37,37,38,39],"damage_taken":[{"damage":0,"enemies":"Small Slimes","floor":1,"turns":3},{"damage":5,"enemies":"Cultist","floor":2,"turns":4},{"damage":11,"enemies":"Jaw Worm","floor":4,"turns":4},{"damage":20,"enemies":"Gremlin Nob","floor":7,"turns":4},{"damage":4,"enemies":"Lots of Slimes","floor":9,"turns":7},{"damage":26,"enemies":"Lots of Slimes","floor":11,"turns":3},{"damage":19,"enemies":"Blue Slaver","floor":13,"turns":2},{"damage":49,"enemies":"The Guardian","floor":16,"turns":9},{"damage":2,"enemies":"theJungle:MUSHROOMGANG","floor":18,"turns":3},{"damage":19,"enemies":"theJungle:2_Phrogs","floor":24,"turns":9},{"damage":28,"enemies":"Nightmare","floor":27,"turns":11},{"damage":35,"enemies":"theJungle:Flameango_and_Byrd","floor":28,"turns":5},{"damage":0,"enemies":"hubris:Merchant","floor":30,"turns":3},{"damage":45,"enemies":"theJungle:2_Flameangoes","floor":31,"turns":7},{"damage":2,"enemies":"theJungle:FunGuy","floor":33,"turns":15},{"damage":3,"enemies":"Orb Walker","floor":35,"turns":4},{"damage":31,"enemies":"3 Darklings","floor":37,"turns":5},{"damage":15,"enemies":"Maw","floor":38,"turns":12},{"damage":9,"enemies":"Sphere and 2 Shapes","floor":39,"turns":15},{"damage":107,"enemies":"Giant Head","floor":41,"turns":8}],"seed_played":"5137388466553772171","potions_obtained":[{"floor":1,"key":"SkillPotion"},{"floor":7,"key":"SneckoOil"},{"floor":13,"key":"DuplicationPotion"},{"floor":16,"key":"ColorlessPotion"},{"floor":24,"key":"LifebloodPotion"},{"floor":27,"key":"Fire Potion"},{"floor":30,"key":"ElixirPotion"},{"floor":30,"key":"Weak Potion"},{"floor":30,"key":"EntropicBrew"},{"floor":31,"key":"SteroidPotion"},{"floor":35,"key":"Explosive Potion"},{"floor":36,"key":"DistilledChaos"},{"floor":36,"key":"Block Potion"},{"floor":38,"key":"ColorlessPotion"}],"is_trial":false,"path_per_floor":["M","M","?","M","?","R","E","?","MIM","R","M","R","M","$","R","B",null,"M","$","?","?","T","R","E","R","T","NM","M","AVR","$","M","R","B",null,"M","?","M","M","MIM","R","E"],"character_chosen":"IRONCLAD","items_purchased":["BargainBundle","Hemogenesis","hubris:CleavingFinish","Bloodletting","Second Wind","Dark Embrace","Explosive Potion","DistilledChaos","Blind","Replay:Dark Deal","Entrench+1","Metallicize"],"campfire_rested":2,"item_purchase_floors":[14,14,14,14,14,14,14,14,14,14,19,19],"current_hp_per_floor":[80,80,80,75,68,68,54,54,62,62,60,60,47,47,71,35,80,80,80,80,80,80,80,75,75,75,58,35,35,48,28,54,75,87,87,87,73,83,94,94,0,0],"gold":611,"neow_bonus":"THREE_CARDS","is_daily":false,"chose_seed":false,"campfire_upgraded":6,"win_rate":0.0,"timestamp":1607687112,"path_taken":["M","M","?","?","?","R","E","?","MIM","R","M","R","?","$","R","BOSS","M","$","?","?","?","R","E","R","T","NM","M","AVR","?","M","R","BOSS","M","?","?","M","?","R","E"],"items_purchased_type":["Relic","Card","Card","Card","Card","Card","Potion","Potion","Card","Card","Undefined","Card"],"build_version":"2020-11-30","purchased_purges":1,"victory":false,"max_hp_per_floor":[80,80,80,80,80,80,80,80,80,80,80,80,80,80,80,80,80,80,80,80,80,80,80,80,80,80,80,80,80,87,87,87,87,87,87,87,87,87,101,101,101,101],"card_choices":[{"not_picked":["Anger","Iron Wave"],"picked":"hubris:CleavingFinish","floor":0},{"not_picked":["Pommel Strike","hubris:SharpeningStone"],"picked":"True Grit","floor":1},{"not_picked":["Run Through","Clash"],"picked":"Inflame","floor":2},{"not_picked":["Sword Boomerang","Reckless Charge"],"picked":"Dark Embrace","floor":4},{"not_picked":["Bloodletting","Whirlwind"],"picked":"ReplayTheSpireMod:Limb From Limb","floor":7},{"not_picked":["Flex","Sentinel"],"picked":"ReplayTheSpireMod:LeadingStrike","floor":9},{"not_picked":["Rampage","Warcry"],"picked":"Life Link","floor":11},{"not_picked":["Battle Trance","Body Slam"],"picked":"Barricade","floor":13},{"not_picked":["Replay:Many Hands","Juggernaut"],"picked":"Immolate","floor":16},{"not_picked":["Spot Weakness+1","Blood for Blood+1"],"picked":"Metallicize+1","floor":18},{"not_picked":["Armaments","Defy Death"],"picked":"ReplayTheSpireMod:Strike From Hell","floor":24},{"not_picked":["Clothesline","ReplayTheSpireMod:Corrosion Curse"],"picked":"Blood for Blood","floor":27},{"not_picked":["Warcry","Barricade"],"picked":"Dual Wield+1","floor":28},{"not_picked":[],"picked":"Heavy Blade","floor":30},{"not_picked":[],"picked":"Sword Boomerang","floor":30},{"not_picked":[],"picked":"Spot Weakness","floor":30},{"not_picked":[],"picked":"Shrug It Off","floor":30},{"not_picked":[],"picked":"Evolve","floor":30},{"not_picked":[],"picked":"Enlightenment","floor":30},{"not_picked":[],"picked":"Chrysalis","floor":30},{"not_picked":["Armaments","Warcry+1"],"picked":"Flex","floor":31},{"not_picked":["Limit Break","Fiend Fire"],"picked":"Exhume","floor":33},{"not_picked":["Iron Wave","Flame Barrier"],"picked":"ReplayTheSpireMod:Strike From Hell+1","floor":35},{"not_picked":["ReplayReversal+1","Flex"],"picked":"Pommel Strike+1","floor":37},{"not_picked":["Dark Embrace+1","Perfected Strike"],"picked":"Sword Boomerang+1","floor":38},{"not_picked":["Iron Wave","Havoc"],"picked":"True Grit+1","floor":39}],"player_experience":114389,"relics_obtained":[{"floor":7,"key":"ReplayTheSpireMod:Lightbulb"},{"floor":9,"key":"Tiny Chest"},{"floor":22,"key":"StoneCalendar"},{"floor":24,"key":"hubris:PeanutButter"},{"floor":26,"key":"Pocketwatch"},{"floor":27,"key":"Gremlin Horn"},{"floor":30,"key":"Strawberry"},{"floor":30,"key":"Sundial"},{"floor":30,"key":"Guide Book"},{"floor":39,"key":"Mango"}],"event_choices":[{"damage_healed":0,"gold_gain":100,"player_choice":"Gold","damage_taken":0,"max_hp_gain":0,"max_hp_loss":0,"event_name":"Wheel of Change","floor":3,"gold_loss":0},{"cards_removed":["Strike_R"],"damage_healed":0,"gold_gain":0,"player_choice":"Card Removal","damage_taken":7,"max_hp_gain":0,"max_hp_loss":0,"event_name":"Golden Wing","floor":5,"gold_loss":0},{"damage_healed":0,"gold_gain":0,"player_choice":"1 cards matched","damage_taken":0,"max_hp_gain":0,"max_hp_loss":0,"event_name":"Match and Keep!","floor":8,"gold_loss":0,"cards_obtained":["Reaper"]},{"cards_removed":["Bash"],"damage_healed":0,"gold_gain":0,"player_choice":"Purged","damage_taken":0,"max_hp_gain":0,"max_hp_loss":0,"event_name":"Purifier","floor":21,"gold_loss":0},{"damage_healed":0,"gold_gain":0,"player_choice":"Got Potions","damage_taken":0,"max_hp_gain":0,"max_hp_loss":0,"event_name":"Lab","floor":36,"gold_loss":0}],"is_beta":false,"boss_relics":[{"not_picked":["ReplayTheSpireMod:SealedPack","Honey Jar"],"picked":"Ring of Chaos"},{"not_picked":["Sozu","hubris:RunicObelisk"],"picked":"Pandora\u0027s Box"}],"items_purged_floors":[14],"is_endless":true,"potions_floor_spawned":[1,7,13,16,24,27,31,35,38],"killed_by":"Giant Head","ascension_level":1}}