{"host":"dbo0lztt1pyfwysk","time":1607686112,"event":{"mods":["Act Like it!","BaseMod","Conspire","Downfall","Gensokyo","GifTheSpireLib","Hubris","Infinite Spire","KinomotoSakuraMod(????)","Koishi","Luminous","Marisa????????","Minty Spire (QoL Compilation)","Prisma Mod","Remilia??????","Replay The Spire","Shade Mod","Shop Mod","StSLib","The Gatherer"],"gold_per_floor":[109,109,126,74,97,97,123,123,123,123,142,242,255,288,288,288,288],"floor_reached":16,"playtime":437,"items_purged":[],"score":206,"play_id":"0299f13c-fce3-43b0-83d0-593ba002c171","local_time":"20201211122832","is_ascension_mode":true,"campfire_choices":[{"data":"Toxin Wave","floor":6,"key":"SMITH"},{"data":"Terror","floor":8,"key":"SMITH"},{"data":"Underhanded Strike","floor":15,"key":"SMITH"}],"circlet_count":0,"master_deck":["AscendersBane","Strike_G","Strike_G","Strike_G","Strike_G","Strike_G","Defend_G","Defend_G","Defend_G","Defend_G","Defend_G","Survivor","Neutralize","Toxin Wave+1","Underhanded Strike+1","Prepared","Terror+1"],"relics":["Ring of the Snake","NeowsBlessing","ReplayFunnel","Tiny Chest","InkBottle","Shuriken","hubris:MysteriousPyramids"],"acts_visited":["Exordium"],"potions_floor_usage":[13,14,14,14],"damage_taken":[{"damage":0,"enemies":"Small Slimes","floor":1,"turns":1},{"damage":0,"enemies":"Cultist","floor":3,"turns":1},{"damage":0,"enemies":"Gremlin Nob","floor":7,"turns":1},{"damage":4,"enemies":"Jaw Worm","floor":11,"turns":3},{"damage":0,"enemies":"Large Slime","floor":13,"turns":3},{"damage":11,"enemies":"Lagavulin","floor":14,"turns":7},{"damage":0,"enemies":"Fading Forest","floor":16,"turns":1}],"seed_played":"-7694915955352478478","potions_obtained":[{"floor":3,"key":"Fire Potion"},{"floor":11,"key":"LifebloodPotion"},{"floor":13,"key":"EntropicBrew"}],"is_trial":false,"path_per_floor":["M","?","M","$","T","R","E","R","T","?","M","?","M","E","R","B"],"character_chosen":"THE_SILENT","items_purchased":["Prepared"],"campfire_rested":0,"item_purchase_floors":[4],"current_hp_per_floor":[63,63,63,63,63,63,63,63,63,56,52,52,52,41,41,41,41],"gold":288,"neow_bonus":"THREE_ENEMY_KILL","is_daily":false,"chose_seed":false,"campfire_upgraded":3,"win_rate":0.0,"timestamp":1607686112,"path_taken":["M","?","M","$","?","R","E","R","T","?","M","?","?","E","R","BOSS"],"items_purchased_type":["Card"],"build_version":"2020-11-30","purchased_purges":0,"victory":false,"max_hp_per_floor":[70,70,70,70,70,70,70,70,70,70,70,70,70,70,70,70,70],"card_choices":[{"not_picked":["Quick Slash","Dagger Spray"],"picked":"Toxin Wave","floor":1},{"not_picked":["Expertise","Eviscerate"],"picked":"Underhanded Strike","floor":3},{"not_picked":["Slice","Endless Agony"],"picked":"Terror","floor":7},{"not_picked":["Slice","Infinite Blades","Backflip"],"picked":"SKIP","floor":11},{"not_picked":["hubris:SlightOfHand","Cloak And Dagger","Flechettes"],"picked":"SKIP","floor":13},{"not_picked":["Well Laid Plans","Skewer","Flying Knee"],"picked":"SKIP","floor":14}],"player_experience":598297,"relics_obtained":[{"floor":5,"key":"ReplayFunnel"},{"floor":7,"key":"Tiny Chest"},{"floor":9,"key":"InkBottle"},{"floor":14,"key":"hubris:MysteriousPyramids"}],"event_choices":[{"damage_healed":0,"gold_gain":0,"player_choice":"Bought 0 Potions","damage_taken":0,"max_hp_gain":0,"max_hp_loss":0,"event_name":"The Woman in Blue","floor":2,"gold_loss":0},{"damage_healed":0,"gold_gain":0,"player_choice":"Success","damage_taken":7,"relics_obtained":["Shuriken"],"max_hp_gain":0,"max_hp_loss":0,"event_name":"Scrap Ooze","floor":10,"gold_loss":0},{"damage_healed":0,"gold_gain":100,"player_choice":"Pray","damage_taken":0,"max_hp_gain":0,"max_hp_loss":0,"event_name":"Golden Shrine","floor":12,"gold_loss":0}],"is_beta":false,"boss_relics":[],"items_purged_floors":[],"is_endless":false,"potions_floor_spawned":[3,11,13],"killed_by":"Fading Forest","ascension_level":11}}