{"host":"f7oa3d5f3fx74imu","time":1607648746,"event":{"mods":["AchievementEnabler","Aspiration","BaseMod","Better Altar","Better Third Choice","BetterRewards","Conspire","Downfall","Hubris","Infinite Spire","Lobotomy","Minty Spire (QoL Compilation)","Replay The Spire","Shop Mod","Spicy Shops","StSLib"],"gold_per_floor":[112,112,123,123,93,93,93],"floor_reached":6,"playtime":223,"items_purged":[],"score":99,"play_id":"3bef8f41-c75c-46e7-9bbf-38f117375a79","local_time":"20201210170546","is_ascension_mode":true,"campfire_choices":[],"circlet_count":0,"master_deck":["conspire:GhostlyStrike","conspire:GhostlyStrike","conspire:GhostlyStrike","conspire:GhostlyStrike","conspire:GhostlyDefend","conspire:GhostlyDefend","conspire:GhostlyDefend+1","conspire:GhostlyDefend","Zap","Dualcast","Cold Snap","FairyFestival","CherryBlossoms","Leap"],"relics":["Cracked Core","CogitoBucket"],"acts_visited":["Exordium"],"potions_floor_usage":[6,6,6,6,6],"damage_taken":[{"damage":3,"enemies":"2 Louse","floor":1,"turns":4},{"damage":0,"enemies":"Cultist","floor":3,"turns":4},{"damage":80,"enemies":"Gremlin Nob","floor":6,"turns":6}],"seed_played":"8661010898900215578","potions_obtained":[{"floor":3,"key":"SpeedPotion"},{"floor":5,"key":"SmokeBomb"},{"floor":5,"key":"EntropicBrew"}],"is_trial":false,"path_per_floor":["M","?","M","?","?","E"],"character_chosen":"DEFECT","items_purchased":[],"campfire_rested":0,"item_purchase_floors":[],"current_hp_per_floor":[65,65,70,70,70,0,0],"gold":93,"neow_bonus":"","is_daily":false,"chose_seed":false,"campfire_upgraded":0,"win_rate":0.0,"timestamp":1607648746,"path_taken":["M","?","M","?","?","E"],"items_purchased_type":[],"build_version":"2020-11-30","purchased_purges":0,"victory":false,"max_hp_per_floor":[75,75,75,75,75,75,75],"card_choices":[{"not_picked":["Capacitor","Redo"],"picked":"Cold Snap","floor":1},{"not_picked":["CrumblingArmor","WallGazer"],"picked":"FairyFestival","floor":1},{"not_picked":["Bloodbath","SpiderBud"],"picked":"CherryBlossoms","floor":3},{"not_picked":["Steam","All For One"],"picked":"Leap","floor":3}],"player_experience":201852,"relics_obtained":[],"event_choices":[{"damage_healed":0,"gold_gain":0,"player_choice":"Agree","damage_taken":0,"max_hp_gain":0,"max_hp_loss":0,"event_name":"conspire:LoneGhost","floor":2,"gold_loss":0},{"damage_healed":0,"gold_gain":0,"player_choice":"Bought 2 Potions","damage_taken":0,"max_hp_gain":0,"max_hp_loss":0,"event_name":"The Woman in Blue","floor":5,"gold_loss":0}],"is_beta":false,"boss_relics":[],"items_purged_floors":[],"is_endless":false,"potions_floor_spawned":[3],"killed_by":"Gremlin Nob","ascension_level":9}}