{"host":"wnbfov91sqg45vrw","time":1607704915,"event":{"mods":["BaseMod","Downfall","GifTheSpireLib","Marisa????????","Minty Spire (QoL Compilation)","StSLib","The Jungle","The Necromancer","The Servant 0.9.4"],"gold_per_floor":[115,129,304,254,269,269,279,279,303,303,303,1,12,46,46,46,46],"floor_reached":16,"playtime":442,"items_purged":["Strike_W"],"score":105,"play_id":"a40f23ce-4a05-42c8-8e21-a1b564eaac51","local_time":"20201211104155","is_ascension_mode":true,"campfire_choices":[{"data":"Flesh_Made_Foul","floor":6,"key":"SMITH"},{"data":"Toxic_Smoke_Screen","floor":11,"key":"SMITH"},{"data":"Plague_Bolt","floor":15,"key":"SMITH"}],"circlet_count":0,"master_deck":["Strike_W+1","Strike_W","Strike_W+1","Defend_W","Defend_W","Defend_W","Defend_W","Negative_Energy_Arrows","Bone_Wall","Hellfire","Toxic_Smoke_Screen","Finger_Of_Death","Flesh_Made_Foul+1","Toxic_Smoke_Screen+1","Summon_Lich","Toxic_Smoke_Screen+1","Strike_from_Beyond","Plague_Bolt+1"],"relics":["Vampire_Amulet","MealTicket","Bag of Preparation","DollysMirror","Blood Vial"],"acts_visited":["Exordium"],"potions_floor_usage":[14],"damage_taken":[{"damage":5,"enemies":"2 Louse","floor":1,"turns":2},{"damage":0,"enemies":"Jaw Worm","floor":2,"turns":3},{"damage":5,"enemies":"Small Slimes","floor":5,"turns":3},{"damage":10,"enemies":"Looter","floor":7,"turns":3},{"damage":6,"enemies":"Exordium Thugs","floor":13,"turns":4},{"damage":8,"enemies":"Gremlin Nob","floor":14,"turns":3},{"damage":2,"enemies":"The Guardian","floor":16,"turns":2}],"seed_played":"5440280064113612249","potions_obtained":[{"floor":1,"key":"Dexterity Potion"},{"floor":2,"key":"Weak Potion"},{"floor":13,"key":"LiquidMemories"}],"is_trial":false,"path_per_floor":["M","M","?","?","M","R","M","?","T","?","R","$","M","E","R","B"],"character_chosen":"NECROMANCER","items_purchased":["Summon_Lich","DollysMirror"],"campfire_rested":0,"item_purchase_floors":[12,12],"current_hp_per_floor":[72,74,74,74,72,72,64,49,49,24,24,39,37,31,31,31,31],"gold":46,"neow_bonus":"ONE_RANDOM_RARE_CARD","is_daily":false,"chose_seed":false,"campfire_upgraded":3,"win_rate":0.0,"timestamp":1607704915,"path_taken":["M","M","?","?","M","R","M","?","T","?","R","?","M","E","R","BOSS"],"items_purchased_type":["Card","Relic"],"build_version":"2020-11-30","purchased_purges":1,"victory":false,"max_hp_per_floor":[75,75,75,75,75,75,75,75,75,75,75,75,75,75,75,75,75],"card_choices":[{"not_picked":["Bone_Spikes","Necromantic_Selection"],"picked":"Toxic_Smoke_Screen","floor":1},{"not_picked":["Chill_Blood","Negative_Energy_Sphere"],"picked":"Finger_Of_Death","floor":2},{"not_picked":["Strike_from_Beyond","Blood_for_Blood"],"picked":"Flesh_Made_Foul","floor":5},{"not_picked":["Bone_Spikes","Finger_Of_Death"],"picked":"Toxic_Smoke_Screen","floor":7},{"not_picked":["Death_March_Dance","Finger_Of_Death"],"picked":"Strike_from_Beyond","floor":13},{"not_picked":["Spectral_Walk","Blood_Curse"],"picked":"Plague_Bolt","floor":14}],"player_experience":1727604,"relics_obtained":[{"floor":9,"key":"MealTicket"},{"floor":14,"key":"Blood Vial"}],"event_choices":[{"damage_healed":0,"gold_gain":175,"player_choice":"AGREE","damage_taken":0,"max_hp_gain":0,"max_hp_loss":0,"event_name":"Liars Game","floor":3,"gold_loss":0,"cards_obtained":["Doubt"]},{"cards_removed":["Doubt"],"damage_healed":0,"gold_gain":0,"player_choice":"Card Removal","damage_taken":0,"max_hp_gain":0,"max_hp_loss":0,"event_name":"The Cleric","floor":4,"gold_loss":50},{"damage_healed":0,"gold_gain":0,"player_choice":"Entered Light","damage_taken":15,"max_hp_gain":0,"max_hp_loss":0,"event_name":"Shining Light","floor":8,"gold_loss":0,"cards_upgraded":["Strike_W","Strike_W"]},{"damage_healed":0,"gold_gain":0,"player_choice":"Success","damage_taken":25,"relics_obtained":["Bag of Preparation"],"max_hp_gain":0,"max_hp_loss":0,"event_name":"Scrap Ooze","floor":10,"gold_loss":0}],"is_beta":false,"boss_relics":[],"items_purged_floors":[12],"is_endless":false,"potions_floor_spawned":[1,2,13],"killed_by":"The Guardian","ascension_level":1}}