{"host":"951sez6ulsv0fw1i","time":1607701576,"event":{"mods":["2.2 Compatiblity","Aspiration","BaseMod","BetterRewards","Conspire","Downfall","Googly Eyes","Infinite Spire","JesterMod","Luminous","Marisa????????","Minty Spire (QoL Compilation)","StSLib","The Cursed","The Mystic","The Poker Player","The Servant 0.9.4"],"gold_per_floor":[115,115,115,128,143,143,143],"floor_reached":6,"playtime":264,"items_purged":[],"score":36,"play_id":"dd54b5d5-5003-4a02-adfc-e6292b6afae3","local_time":"20201211164616","is_ascension_mode":false,"campfire_choices":[],"circlet_count":0,"master_deck":["jesterMod:Strike","jesterMod:Strike","jesterMod:Strike","jesterMod:Strike","jesterMod:Sickle","jesterMod:Defend","jesterMod:Defend","jesterMod:Defend","jesterMod:Defend","jesterMod:Dodge","jesterMod:SelfMockery","Injury","jesterMod:Anticipation+1","jesterMod:Momentum","jesterMod:Inspiration+1","jesterMod:Haste+1"],"relics":["jesterMod:JesterCap","NeowsBlessing","Toxic Egg 2"],"acts_visited":["Exordium"],"potions_floor_usage":[],"damage_taken":[{"damage":0,"enemies":"Jaw Worm","floor":1,"turns":1},{"damage":0,"enemies":"infinitespire:Voidling","floor":4,"turns":1},{"damage":0,"enemies":"Small Slimes","floor":5,"turns":2},{"damage":66,"enemies":"Gremlin Nob","floor":6,"turns":6}],"seed_played":"-8048042678939070831","potions_obtained":[{"floor":1,"key":"sneckomod:MuddlingPotion"},{"floor":4,"key":"SpeedPotion"}],"is_trial":false,"path_per_floor":["M","?","?","M","M","E"],"character_chosen":"THE_JESTER","items_purchased":[],"campfire_rested":0,"item_purchase_floors":[],"current_hp_per_floor":[70,70,70,70,70,4,4],"gold":143,"neow_bonus":"THREE_ENEMY_KILL","is_daily":false,"chose_seed":false,"campfire_upgraded":0,"win_rate":0.0,"timestamp":1607701576,"path_taken":["M","?","?","M","?","E"],"items_purchased_type":[],"build_version":"2020-11-30","purchased_purges":0,"victory":false,"max_hp_per_floor":[70,70,70,70,70,70,70],"card_choices":[{"not_picked":["jesterMod:DancingMad","jesterMod:Anticipation"],"picked":"jesterMod:SelfMockery","floor":1},{"not_picked":["jesterMod:Precipitation","jesterMod:HitAndRun"],"picked":"jesterMod:Inspiration+1","floor":4},{"not_picked":["jesterMod:Loot+1","jesterMod:Twirl"],"picked":"jesterMod:Haste+1","floor":5}],"player_experience":470155,"relics_obtained":[],"event_choices":[{"damage_healed":0,"gold_gain":0,"player_choice":"2 cards matched","damage_taken":0,"max_hp_gain":0,"max_hp_loss":0,"event_name":"Match and Keep!","floor":3,"gold_loss":0,"cards_obtained":["jesterMod:Anticipation","jesterMod:Momentum"]}],"is_beta":false,"boss_relics":[],"items_purged_floors":[],"is_endless":false,"potions_floor_spawned":[1,4],"killed_by":"Gremlin Nob","ascension_level":0}}