{"host":"xcuflocadasoaqda","time":1607654738,"event":{"mods":["BaseMod","Bestiary","Filter the Spire","Minty Spire (QoL Compilation)","Relic Stats"],"gold_per_floor":[112,129,129,129,145,145,181,181,181,216,88,104,117,151,151,247,247,261,261,161,176,200,200,235,235,261,302,320,270,286,89,89,180,180,194,219,219,238,252,252,293,293,293,331,331,352,368,384,384,384,384,384],"floor_reached":51,"playtime":2762,"items_purged":["Combust","Pain"],"score":1638,"play_id":"f6c0c0b5-d863-49b1-8923-0520fc6e7e67","local_time":"20201210204538","is_ascension_mode":true,"campfire_choices":[{"data":"Hemokinesis","floor":6,"key":"SMITH"},{"data":"Demon Form","floor":8,"key":"SMITH"},{"data":"Feed","floor":15,"key":"SMITH"},{"data":"Disarm","floor":23,"key":"SMITH"},{"data":"True Grit","floor":25,"key":"SMITH"},{"floor":32,"key":"REST"},{"data":"True Grit","floor":40,"key":"SMITH"},{"floor":42,"key":"RECALL"},{"floor":45,"key":"REST"},{"floor":49,"key":"REST"}],"circlet_count":0,"master_deck":["AscendersBane","Bash","Sentinel","Demon Form+1","Intimidate","Ghostly Armor+1","Sword Boomerang+1","Hemokinesis+1","Cleave+1","Shockwave+1","Anger","Disarm+1","True Grit+1","Feed+1","Corruption","Shrug It Off+1","Sentinel","Spot Weakness","True Grit+1","Shrug It Off","Impervious","Impervious","Heavy Blade+1","Regret","Ghostly Armor","Flame Barrier","Dual Wield"],"relics":["Pandora\u0027s Box","Golden Idol","Blood Vial","Meat on the Bone","StoneCalendar","War Paint","Cursed Key","WarpedTongs","Whetstone","PreservedInsect","Empty Cage","Anchor","Letter Opener","Oddly Smooth Stone"],"acts_visited":["Exordium","TheCity","TheBeyond"],"potions_floor_usage":[13,22,24,24,33,44,51],"damage_taken":[{"damage":2,"enemies":"Jaw Worm","floor":1,"turns":2},{"damage":13,"enemies":"Small Slimes","floor":2,"turns":4},{"damage":6,"enemies":"Cultist","floor":5,"turns":3},{"damage":8,"enemies":"Gremlin Nob","floor":7,"turns":3},{"damage":5,"enemies":"Lagavulin","floor":10,"turns":5},{"damage":13,"enemies":"Exordium Wildlife","floor":12,"turns":3},{"damage":18,"enemies":"Gremlin Gang","floor":13,"turns":4},{"damage":28,"enemies":"Gremlin Nob","floor":14,"turns":4},{"damage":34,"enemies":"Slime Boss","floor":16,"turns":6},{"damage":23,"enemies":"Spheric Guardian","floor":18,"turns":4},{"damage":11,"enemies":"3 Byrds","floor":21,"turns":7},{"damage":23,"enemies":"Snake Plant","floor":22,"turns":5},{"damage":2,"enemies":"Slavers","floor":24,"turns":2},{"damage":43,"enemies":"Book of Stabbing","floor":27,"turns":6},{"damage":10,"enemies":"Snecko","floor":28,"turns":4},{"damage":23,"enemies":"Shelled Parasite and Fungi","floor":30,"turns":5},{"damage":68,"enemies":"Collector","floor":33,"turns":8},{"damage":21,"enemies":"3 Darklings","floor":35,"turns":5},{"damage":5,"enemies":"3 Shapes","floor":36,"turns":7},{"damage":12,"enemies":"Spire Growth","floor":38,"turns":5},{"damage":9,"enemies":"3 Darklings","floor":39,"turns":5},{"damage":0,"enemies":"Nemesis","floor":41,"turns":7},{"damage":49,"enemies":"Reptomancer","floor":44,"turns":8},{"damage":7,"enemies":"4 Shapes","floor":46,"turns":6},{"damage":19,"enemies":"Maw","floor":47,"turns":6},{"damage":21,"enemies":"Writhing Mass","floor":48,"turns":7},{"damage":86,"enemies":"Awakened One","floor":50,"turns":12},{"damage":30,"enemies":"Donu and Deca","floor":51,"turns":5}],"seed_played":"476375926018688766","potions_obtained":[{"floor":1,"key":"DistilledChaos"},{"floor":7,"key":"SkillPotion"},{"floor":10,"key":"BloodPotion"},{"floor":13,"key":"Explosive Potion"},{"floor":14,"key":"PowerPotion"},{"floor":22,"key":"ColorlessPotion"},{"floor":27,"key":"BloodPotion"},{"floor":28,"key":"Swift Potion"},{"floor":33,"key":"FearPotion"},{"floor":48,"key":"Swift Potion"}],"is_trial":false,"path_per_floor":["M","M","?","?","M","R","E","R","T","E","$","M","M","E","R","B",null,"M","?","$","M","M","R","E","R","T","E","M","?","M","$","R","B",null,"M","M","$","M","M","R","E","R","T","E","R","M","M","M","R","B","B"],"character_chosen":"IRONCLAD","items_purchased":["True Grit","Shrug It Off","Impervious"],"campfire_rested":3,"item_purchase_floors":[11,31,31],"current_hp_per_floor":[66,53,53,58,52,52,44,44,44,41,41,42,56,42,42,26,67,50,50,50,45,40,40,56,56,56,31,35,35,26,26,56,26,85,70,67,67,57,66,66,68,68,68,37,71,70,65,58,94,26,0,0],"gold":384,"neow_bonus":"BOSS_RELIC","is_daily":false,"chose_seed":false,"campfire_upgraded":6,"win_rate":0.0,"timestamp":1607654738,"path_taken":["M","M","?","?","M","R","E","R","T","E","$","M","M","E","R","BOSS","M","?","$","M","?","R","E","R","T","E","M","?","M","$","R","BOSS","M","M","$","M","M","R","E","R","T","E","R","M","M","M","R","BOSS","BOSS"],"items_purchased_type":["Card","Card","Card"],"build_version":"2020-11-30","purchased_purges":2,"victory":false,"max_hp_per_floor":[75,75,68,73,73,73,73,73,73,73,73,73,76,76,76,80,80,84,84,84,88,92,92,96,96,96,100,100,100,100,100,100,104,104,108,108,108,108,112,112,112,112,112,116,116,120,120,120,120,124,124,124],"relic_stats":{"counters":[28,148],"Golden Idol":161,"StoneCalendar":[246],"PreservedInsect":111,"Whetstone":["Sword Boomerang","Cleave"],"Letter Opener":[125],"War Paint":["Ghostly Armor","Shockwave"],"Cursed Key":2,"WarpedTongs":[104],"Blood Vial":48,"Pandora\u0027s Box":["Sentinel","Demon Form","Sever Soul","Intimidate","Ghostly Armor","Sword Boomerang","Combust","Hemokinesis","Cleave"],"obtain_stats":[{"Golden Idol":3,"Oddly Smooth Stone":44,"StoneCalendar":10,"PreservedInsect":27,"Whetstone":24,"Letter Opener":43,"War Paint":14,"Cursed Key":17,"Empty Cage":34,"Burning Blood":0,"WarpedTongs":19,"Blood Vial":7,"Anchor":41,"Pandora\u0027s Box":0,"Meat on the Bone":9},{"Golden Idol":2,"Oddly Smooth Stone":23,"StoneCalendar":5,"PreservedInsect":14,"Whetstone":13,"Letter Opener":22,"War Paint":8,"Cursed Key":9,"Empty Cage":17,"Burning Blood":0,"WarpedTongs":10,"Blood Vial":4,"Anchor":22,"Pandora\u0027s Box":0,"Meat on the Bone":4},{"Golden Idol":6,"Oddly Smooth Stone":112,"StoneCalendar":17,"PreservedInsect":58,"Whetstone":52,"Letter Opener":104,"War Paint":28,"Cursed Key":34,"Empty Cage":75,"Burning Blood":0,"WarpedTongs":38,"Blood Vial":12,"Anchor":104,"Pandora\u0027s Box":0,"Meat on the Bone":12}],"Meat on the Bone":180},"card_choices":[{"not_picked":["Clash","Anger"],"picked":"Shockwave","floor":1},{"not_picked":["Dual Wield","Uppercut"],"picked":"Anger","floor":2},{"not_picked":["Inflame","Pommel Strike","Carnage"],"picked":"SKIP","floor":5},{"not_picked":["Fire Breathing","Headbutt","Sword Boomerang"],"picked":"SKIP","floor":7},{"not_picked":["Dark Embrace","Uppercut"],"picked":"Disarm","floor":10},{"not_picked":["Dark Embrace","True Grit"],"picked":"Feed","floor":12},{"not_picked":["Warcry","Evolve","Sword Boomerang"],"picked":"SKIP","floor":13},{"not_picked":["Perfected Strike","Sword Boomerang","Rupture"],"picked":"SKIP","floor":14},{"not_picked":["Berserk","Barricade"],"picked":"Corruption","floor":16},{"not_picked":["Wild Strike","Uppercut+1","Havoc"],"picked":"SKIP","floor":18},{"not_picked":["Intimidate","Sever Soul","Pommel Strike"],"picked":"SKIP","floor":21},{"not_picked":["Havoc","Body Slam","Anger"],"picked":"SKIP","floor":22},{"not_picked":["Barricade","Combust"],"picked":"Shrug It Off+1","floor":24},{"not_picked":["True Grit","Sever Soul"],"picked":"Sentinel","floor":27},{"not_picked":["Clash","Anger"],"picked":"Spot Weakness","floor":28},{"not_picked":["Clothesline","Thunderclap"],"picked":"True Grit","floor":30},{"not_picked":["Feed","Juggernaut"],"picked":"Impervious","floor":33},{"not_picked":["Anger+1","Sword Boomerang"],"picked":"Heavy Blade+1","floor":35},{"not_picked":["Combust","Headbutt","Second Wind"],"picked":"SKIP","floor":36},{"not_picked":["Dropkick","Cleave","Havoc"],"picked":"SKIP","floor":38},{"not_picked":["Sentinel","Pommel Strike","Perfected Strike"],"picked":"SKIP","floor":39},{"not_picked":["Hemokinesis","Demon Form","Thunderclap"],"picked":"SKIP","floor":41},{"not_picked":["Thunderclap","Flex+1"],"picked":"Ghostly Armor","floor":44},{"not_picked":["Uppercut","True Grit","Dropkick"],"picked":"SKIP","floor":46},{"not_picked":["Iron Wave","Thunderclap+1"],"picked":"Flame Barrier","floor":47},{"not_picked":["Perfected Strike","Carnage+1"],"picked":"Dual Wield","floor":48}],"player_experience":1695028,"relics_obtained":[{"floor":7,"key":"Blood Vial"},{"floor":9,"key":"Meat on the Bone"},{"floor":10,"key":"StoneCalendar"},{"floor":14,"key":"War Paint"},{"floor":24,"key":"Whetstone"},{"floor":27,"key":"PreservedInsect"},{"floor":41,"key":"Anchor"},{"floor":43,"key":"Letter Opener"},{"floor":44,"key":"Oddly Smooth Stone"}],"event_choices":[{"damage_healed":0,"gold_gain":0,"player_choice":"Lose Max HP","damage_taken":0,"relics_obtained":["Golden Idol"],"max_hp_gain":0,"max_hp_loss":7,"event_name":"Golden Idol","floor":3,"gold_loss":0},{"damage_healed":0,"gold_gain":0,"player_choice":"Donut","damage_taken":0,"max_hp_gain":5,"max_hp_loss":0,"event_name":"Big Fish","floor":4,"gold_loss":0},{"damage_healed":0,"gold_gain":0,"player_choice":"Rummage","damage_taken":0,"relics_obtained":["WarpedTongs"],"max_hp_gain":0,"max_hp_loss":0,"event_name":"Accursed Blacksmith","floor":19,"gold_loss":0,"cards_obtained":["Pain"]},{"damage_healed":0,"gold_gain":0,"player_choice":"Bet on Murderer","damage_taken":0,"max_hp_gain":0,"max_hp_loss":0,"event_name":"The Joust","floor":29,"gold_loss":50}],"is_beta":false,"boss_relics":[{"not_picked":["Busted Crown","Calling Bell"],"picked":"Cursed Key"},{"not_picked":["Sozu","SlaversCollar"],"picked":"Empty Cage"}],"items_purged_floors":[11,20],"is_endless":false,"potions_floor_spawned":[1,7,10,13,14,22,27,28,33,36,38,39,48],"killed_by":"Donu and Deca","ascension_level":20}}