{"host":"qwv9nni2x0umspiu","time":1607661207,"event":{"mods":["BaseMod","Downfall","Minty Spire (QoL Compilation)","Replay The Spire","StSLib","The Hierophant","Wandering Minibosses"],"gold_per_floor":[116,116,116,30,45,45,71,71,97,120,120,120,140,172,172,206,206,219,3,3,3,3,3],"floor_reached":22,"playtime":737,"items_purged":[],"score":496,"play_id":"11fd35f8-64f2-4219-b8be-dd7c1d6c9747","local_time":"20201210203327","is_ascension_mode":true,"campfire_choices":[{"data":"hierophant:ChurchCoffers","floor":6,"key":"SMITH"},{"data":"hierophant:Punish","floor":11,"key":"SMITH"},{"data":"hierophant:HammerAndAnvil","floor":15,"key":"SMITH"}],"circlet_count":0,"master_deck":["AscendersBane","hierophant:Strike_Hierophant+1","hierophant:Strike_Hierophant+1","hierophant:Strike_Hierophant+1","hierophant:Strike_Hierophant","hierophant:Punish+1","hierophant:Defend_Hierophant","hierophant:Defend_Hierophant","hierophant:Defend_Hierophant","hierophant:Defend_Hierophant","hierophant:ChurchCoffers+1","hierophant:Smite","hierophant:HammerAndAnvil+1","hierophant:Shelter"],"relics":["hierophant:PropheticMaskRelic","NeowsBlessing","Nunchaku","Anchor","Divine Protection","Replay:Ringing Soul","Replay:Bronze Core","Omamori"],"acts_visited":["Exordium","TheCity"],"potions_floor_usage":[10,10,14],"damage_taken":[{"damage":0,"enemies":"2 Louse","floor":1,"turns":1},{"damage":0,"enemies":"Jaw Worm","floor":5,"turns":1},{"damage":0,"enemies":"Gremlin Nob","floor":7,"turns":1},{"damage":0,"enemies":"3 Sentries","floor":10,"turns":2},{"damage":0,"enemies":"Cultist","floor":13,"turns":2},{"damage":16,"enemies":"Replay:BlueRogue","floor":14,"turns":4},{"damage":23,"enemies":"Fading Forest","floor":16,"turns":13},{"damage":0,"enemies":"Chosen","floor":18,"turns":3},{"damage":0,"enemies":"Spheric Guardian","floor":22,"turns":3}],"seed_played":"2575934948714501361","potions_obtained":[{"floor":1,"key":"SpeedPotion"},{"floor":5,"key":"AttackPotion"},{"floor":7,"key":"DistilledChaos"},{"floor":10,"key":"Energy Potion"},{"floor":18,"key":"LiquidBronze"}],"is_trial":false,"path_per_floor":["M","?","?","?","M","R","E","?","T","E","R","?","M","E","R","B",null,"M","$","?","$","M"],"character_chosen":"HIEROPHANT","items_purchased":["hierophant:Shelter","Omamori"],"campfire_rested":0,"item_purchase_floors":[19,19],"current_hp_per_floor":[68,68,45,45,45,45,45,45,45,45,45,70,70,57,57,34,67,67,70,70,70,70,70],"gold":3,"neow_bonus":"THREE_ENEMY_KILL","is_daily":false,"chose_seed":false,"campfire_upgraded":3,"win_rate":0.0,"timestamp":1607661207,"path_taken":["M","?","?","?","?","R","E","?","T","E","R","?","M","E","R","BOSS","M","$","?","?","M"],"items_purchased_type":["Card","Relic"],"build_version":"2020-11-30","purchased_purges":0,"victory":false,"max_hp_per_floor":[75,75,75,75,75,75,75,75,75,75,75,75,75,78,78,78,78,78,81,81,81,81,81],"card_choices":[{"not_picked":["hierophant:Flagellation","hierophant:ThreeLashes","hierophant:SecretStash"],"picked":"SKIP","floor":1},{"not_picked":["hierophant:HolyVerse","hierophant:EyeForCoin","hierophant:PassingBell"],"picked":"SKIP","floor":5},{"not_picked":["hierophant:Zeal","hierophant:Mercenaries"],"picked":"hierophant:Smite","floor":7},{"not_picked":["hierophant:AuricBeam","hierophant:Blessing","hierophant:Invocation"],"picked":"SKIP","floor":10},{"not_picked":["hierophant:Doomsaying","hierophant:RustyCrate","hierophant:Endure"],"picked":"SKIP","floor":13},{"not_picked":["hierophant:SealAway","hierophant:Encroach"],"picked":"hierophant:HammerAndAnvil","floor":14},{"not_picked":["hierophant:SolarFlare+1","hierophant:Remorse","hierophant:RecallFunds+1"],"picked":"SKIP","floor":18}],"player_experience":1265707,"relics_obtained":[{"floor":7,"key":"Anchor"},{"floor":10,"key":"Divine Protection"},{"floor":14,"key":"Replay:Ringing Soul"}],"event_choices":[{"damage_healed":0,"gold_gain":0,"player_choice":"Entered Light","damage_taken":23,"max_hp_gain":0,"max_hp_loss":0,"event_name":"Shining Light","floor":3,"gold_loss":0,"cards_upgraded":["hierophant:Strike_Hierophant","hierophant:Strike_Hierophant"]},{"damage_healed":0,"gold_gain":0,"player_choice":"Paid Gold","damage_taken":0,"relics_obtained":["Nunchaku"],"max_hp_gain":0,"max_hp_loss":0,"event_name":"WeMeetAgain","floor":4,"gold_loss":86},{"damage_healed":0,"gold_gain":0,"player_choice":"Ignored","damage_taken":0,"max_hp_gain":0,"max_hp_loss":0,"event_name":"Golden Idol","floor":8,"gold_loss":0},{"damage_healed":25,"gold_gain":0,"player_choice":"Banana","damage_taken":0,"max_hp_gain":0,"max_hp_loss":0,"event_name":"Big Fish","floor":12,"gold_loss":0},{"damage_healed":0,"gold_gain":0,"player_choice":"Ignored","damage_taken":0,"max_hp_gain":0,"max_hp_loss":0,"event_name":"The Mausoleum","floor":20,"gold_loss":0}],"is_beta":false,"boss_relics":[{"not_picked":["Runic Pyramid","Astrolabe"],"picked":"Replay:Bronze Core"}],"items_purged_floors":[],"is_endless":false,"potions_floor_spawned":[1,5,7,10,18],"killed_by":"Spheric Guardian","ascension_level":20}}