{"host":"cglr1m0d8tytrlaz","time":1607657859,"event":{"mods":["2.2 Compatiblity","Alarm Clock","BaseMod","Bestiary","Block Reminder","Colored Powertips","Curses Come First","Hermit","Highlight Path","Jorbs\u0027s Wanderer Trilogy","Minty Spire (QoL Compilation)","Quick Restart","Relic Sorter","Relic Stats","StSLib","The Runesmith"],"gold_per_floor":[361,380,392,408,424,424,299,331,331,331,386,429,429,429,429,533,533,547,128,128,158,158,158,191,191,216,216,246,246,246,246,246,361,361,375,375,392,392,404,404,404,404,428,428,479,511,241,270,270,270,270,270,21,46,46],"floor_reached":56,"playtime":6141,"items_purged":["stsjorbsmod:Defend_Wanderer","stsjorbsmod:Strike_Wanderer","stsjorbsmod:Strike_Wanderer+1"],"score":1392,"play_id":"06122218-d214-435d-a24c-72ab1a4bff2e","local_time":"20201210213739","is_ascension_mode":true,"campfire_choices":[{"data":"stsjorbsmod:Stalwart","floor":6.0,"key":"SMITH"},{"data":"stsjorbsmod:Thorns","floor":10.0,"key":"SMITH"},{"floor":13.0,"key":"REST"},{"floor":15.0,"key":"REST"},{"data":"stsjorbsmod:IvoryTower","floor":23.0,"key":"SMITH"},{"data":"stsjorbsmod:Prestidigitation","floor":25.0,"key":"SMITH"},{"data":"stsjorbsmod:Channel","floor":27.0,"key":"SMITH"},{"data":"stsjorbsmod:FindFamiliar","floor":30.0,"key":"SMITH"},{"floor":32.0,"key":"RECALL"},{"data":"stsjorbsmod:FracturedMind","floor":40,"key":"SMITH"},{"data":"stsjorbsmod:TinyHut","floor":42,"key":"SMITH"},{"data":"stsjorbsmod:FranticSearch","floor":44,"key":"SMITH"},{"data":"stsjorbsmod:EyeOfTheStorm","floor":49,"key":"SMITH"},{"data":"stsjorbsmod:SmithingStrike","floor":52,"key":"SMITH"}],"circlet_count":0,"master_deck":["stsjorbsmod:ForbiddenGrimoire+1","stsjorbsmod:Strike_Wanderer+1","stsjorbsmod:Defend_Wanderer","stsjorbsmod:Defend_Wanderer","stsjorbsmod:Defend_Wanderer+1","stsjorbsmod:FreshAdventure","stsjorbsmod:EyeOfTheStorm+1","stsjorbsmod:Thorns+1","stsjorbsmod:Channel+1","stsjorbsmod:FracturedMind+1","stsjorbsmod:LoseGrip+1","stsjorbsmod:Stalwart+1","stsjorbsmod:RayOfFrost","stsjorbsmod:SmithingStrike+1","stsjorbsmod:Prestidigitation+1","stsjorbsmod:FindFamiliar+1","stsjorbsmod:IvoryTower+1","stsjorbsmod:Will+1","stsjorbsmod:ColorSpray+1","stsjorbsmod:FranticSearch+1","stsjorbsmod:ParryingBlow+1","stsjorbsmod:ChainLightning+1","stsjorbsmod:MageArmor+1","stsjorbsmod:WanderingMind+1","stsjorbsmod:DeathThroes+1","stsjorbsmod:TinyHut+1","stsjorbsmod:FindFamiliar","stsjorbsmod:HedgeWizard+1","stsjorbsmod:FreshAdventure+1","Clumsy","stsjorbsmod:SchoolsOfMagic+1","stsjorbsmod:Firebolt+1","stsjorbsmod:HedgeWizard+1","stsjorbsmod:Patron+1"],"relics":["stsjorbsmod:GrimoireRelic","Ornamental Fan","Dead Branch","stsjorbsmod:MindPalaceRelic","Calipers","Molten Egg 2","Coffee Dripper","PreservedInsect","Red Mask","Letter Opener","Runesmith:AutoHammer","Pear","SlaversCollar","Orichalcum","Turnip","Regal Pillow","Frozen Eye","Anchor","OrangePellets","Gremlin Horn"],"acts_visited":["Exordium","TheCity","TheBeyond","TheEnding"],"potions_floor_usage":[39,50,55,55],"damage_taken":[{"damage":5.0,"enemies":"2 Louse","floor":1.0,"turns":2.0},{"damage":11.0,"enemies":"Jaw Worm","floor":2.0,"turns":5.0},{"damage":0.0,"enemies":"Cultist","floor":3.0,"turns":4.0},{"damage":0.0,"enemies":"3 Louse","floor":4.0,"turns":5.0},{"damage":0.0,"enemies":"Red Slaver","floor":5.0,"turns":4.0},{"damage":25.0,"enemies":"Lagavulin","floor":8.0,"turns":7.0},{"damage":14.0,"enemies":"Gremlin Nob","floor":11.0,"turns":3.0},{"damage":15.0,"enemies":"3 Sentries","floor":12.0,"turns":7.0},{"damage":2.0,"enemies":"Hexaghost","floor":16.0,"turns":6.0},{"damage":0.0,"enemies":"Chosen","floor":18.0,"turns":7.0},{"damage":5.0,"enemies":"Masked Bandits","floor":21.0,"turns":4.0},{"damage":5.0,"enemies":"Gremlin Leader","floor":24.0,"turns":3.0},{"damage":3.0,"enemies":"Slavers","floor":28.0,"turns":4.0},{"damage":15.0,"enemies":"Champ","floor":33.0,"turns":7.0},{"damage":0,"enemies":"3 Darklings","floor":35,"turns":5},{"damage":0,"enemies":"3 Shapes","floor":37,"turns":3},{"damage":11,"enemies":"Sphere and 2 Shapes","floor":39,"turns":4},{"damage":35,"enemies":"2 Orb Walkers","floor":45,"turns":4},{"damage":0,"enemies":"Nemesis","floor":46,"turns":4},{"damage":2,"enemies":"Giant Head","floor":48,"turns":4},{"damage":35,"enemies":"Donu and Deca","floor":50,"turns":7},{"damage":7,"enemies":"Shield and Spear","floor":54,"turns":3},{"damage":0,"enemies":"The Heart","floor":55,"turns":6}],"seed_played":"2221608879594514729","potions_obtained":[{"floor":1.0,"key":"FairyPotion"},{"floor":5.0,"key":"EssenceOfSteel"},{"floor":8.0,"key":"PowerPotion"},{"floor":11.0,"key":"Explosive Potion"},{"floor":18.0,"key":"DuplicationPotion"},{"floor":21.0,"key":"Explosive Potion"},{"floor":28.0,"key":"Strength Potion"},{"floor":39,"key":"Block Potion"}],"is_trial":false,"path_per_floor":["M","M","M","M","M","R","$","E","T","R","?","E","R","?","R","B",null,"M","$","?","?","?","R","E","R","T","R","E","?","R","T","R","B",null,"M","?","M","?","M","R","?","R","T","R","?","E","$","E","R","B",null,"R","$","E","B",null],"character_chosen":"WANDERER","items_purchased":["stsjorbsmod:RayOfFrost","stsjorbsmod:ColorSpray+1","stsjorbsmod:FranticSearch","PreservedInsect","stsjorbsmod:ParryingBlow+1","Frozen Eye","SpeedPotion","OrangePellets","stsjorbsmod:Patron+1"],"campfire_rested":2,"item_purchase_floors":[7,19,19,19,19,47,53,53,53],"current_hp_per_floor":[58,50,54,56,58,58,58,33,33,33,20,9,28,25,44,50,66,66,66,66,65,53,53,52,52,52,52,54,54,54,64,64,61,83,85,85,91,91,86,86,86,86,86,86,58,68,68,77,77,55,92,92,92,92,92],"gold":46,"neow_bonus":"TWO_FIFTY_GOLD","is_daily":false,"chose_seed":false,"campfire_upgraded":11,"win_rate":0.0,"timestamp":1607657859,"path_taken":["M","M","M","M","M","R","$","E","T","R","?","E","R","?","R","BOSS","M","$","?","?","?","R","E","R","T","R","E","?","R","?","R","BOSS","M","?","?","?","?","R","?","R","T","R","?","E","$","E","R","BOSS","R","$","E","BOSS"],"items_purchased_type":["Card","Undefined","Card","Relic","Undefined","Relic","Potion","Relic","Undefined"],"build_version":"2020-11-30","purchased_purges":3,"victory":true,"max_hp_per_floor":[62,64,66,66,66,66,66,66,66,66,66,66,66,66,66,66,66,66,66,66,66,71,71,71,71,71,71,71,71,71,81,81,83,83,85,85,91,91,91,91,86,86,86,86,86,88,88,90,90,92,92,92,92,92,92],"relic_stats":{"OrangePellets":[4],"Regal Pillow":0,"Gremlin Horn":[0,0],"counters":[23,108],"Ornamental Fan":[64],"Dead Branch":[132],"PreservedInsect":323,"Turnip":[2],"Letter Opener":[231],"Orichalcum":[0],"obtain_stats":[{"Regal Pillow":46,"Calipers":12,"Pear":31,"Gremlin Horn":54,"Dead Branch":9,"stsjorbsmod:GrimoireRelic":0,"PreservedInsect":19,"Letter Opener":24,"stsjorbsmod:MindPalaceRelic":11,"Orichalcum":43,"SlaversCollar":34,"Frozen Eye":47,"OrangePellets":53,"Anchor":48,"Ornamental Fan":8,"Molten Egg 2":14,"Turnip":45,"Coffee Dripper":17,"Red Mask":21,"Runesmith:AutoHammer":28},{"Regal Pillow":19,"Calipers":8,"Pear":13,"Gremlin Horn":22,"Dead Branch":6,"stsjorbsmod:GrimoireRelic":0,"PreservedInsect":10,"Letter Opener":12,"stsjorbsmod:MindPalaceRelic":7,"Orichalcum":17,"SlaversCollar":14,"Frozen Eye":19,"OrangePellets":21,"Anchor":20,"Ornamental Fan":6,"Molten Egg 2":8,"Turnip":18,"Coffee Dripper":9,"Red Mask":11,"Runesmith:AutoHammer":13},{"Regal Pillow":88,"Calipers":37,"Pear":61,"Gremlin Horn":102,"Dead Branch":27,"stsjorbsmod:GrimoireRelic":0,"PreservedInsect":50,"Letter Opener":57,"stsjorbsmod:MindPalaceRelic":30,"Orichalcum":80,"SlaversCollar":68,"Frozen Eye":88,"OrangePellets":99,"Anchor":92,"Ornamental Fan":27,"Molten Egg 2":37,"Turnip":84,"Coffee Dripper":43,"Red Mask":54,"Runesmith:AutoHammer":61}]},"card_choices":[{"not_picked":["stsjorbsmod:SchoolsOfMagic","stsjorbsmod:Firebolt"],"picked":"stsjorbsmod:Thorns","floor":1.0},{"not_picked":["stsjorbsmod:Prepare","stsjorbsmod:ParryingBlow"],"picked":"stsjorbsmod:Channel","floor":2.0},{"not_picked":["stsjorbsmod:Materialize","stsjorbsmod:WanderingMind"],"picked":"stsjorbsmod:FracturedMind","floor":3.0},{"not_picked":["stsjorbsmod:RayOfFrost","stsjorbsmod:Pyromancy"],"picked":"stsjorbsmod:LoseGrip","floor":4.0},{"not_picked":["stsjorbsmod:Inferno","stsjorbsmod:ParryingBlow"],"picked":"stsjorbsmod:Stalwart","floor":5.0},{"not_picked":["stsjorbsmod:WanderingMind","stsjorbsmod:TrueStrike"],"picked":"stsjorbsmod:SmithingStrike","floor":8.0},{"not_picked":["stsjorbsmod:UnseenServant","stsjorbsmod:ChatteringStrike"],"picked":"stsjorbsmod:Prestidigitation","floor":11.0},{"not_picked":["stsjorbsmod:Index","stsjorbsmod:UnseenServant"],"picked":"stsjorbsmod:FindFamiliar","floor":12.0},{"not_picked":["stsjorbsmod:CorrodingBarrier","stsjorbsmod:Determination"],"picked":"stsjorbsmod:IvoryTower","floor":16.0},{"not_picked":["stsjorbsmod:Prepare","stsjorbsmod:Hurt+1"],"picked":"stsjorbsmod:Will+1","floor":18.0},{"not_picked":["stsjorbsmod:Determination","stsjorbsmod:DisguiseSelf"],"picked":"stsjorbsmod:MageArmor+1","floor":24.0},{"not_picked":["stsjorbsmod:Mania+1","stsjorbsmod:Channel"],"picked":"stsjorbsmod:WanderingMind+1","floor":28.0},{"not_picked":["stsjorbsmod:Determination","stsjorbsmod:Banish"],"picked":"stsjorbsmod:DeathThroes+1","floor":33.0},{"not_picked":["stsjorbsmod:BlackTentacles+1","stsjorbsmod:UnseenServant"],"picked":"stsjorbsmod:TinyHut","floor":35},{"not_picked":["stsjorbsmod:Channel","stsjorbsmod:UnseenServant+1"],"picked":"stsjorbsmod:HedgeWizard+1","floor":37},{"not_picked":["stsjorbsmod:Mania+1","stsjorbsmod:Will"],"picked":"stsjorbsmod:SchoolsOfMagic+1","floor":39},{"not_picked":["stsjorbsmod:TrueStrike+1","stsjorbsmod:FaerieFire"],"picked":"stsjorbsmod:Firebolt+1","floor":46},{"not_picked":["stsjorbsmod:Index+1","stsjorbsmod:Thorns"],"picked":"stsjorbsmod:HedgeWizard+1","floor":48},{"not_picked":["stsjorbsmod:ParryingBlow+1","stsjorbsmod:Rest+1","stsjorbsmod:Thorns+1"],"picked":"SKIP","floor":54}],"player_experience":1187307,"relics_obtained":[{"floor":8.0,"key":"Ornamental Fan"},{"floor":9.0,"key":"Dead Branch"},{"floor":11.0,"key":"stsjorbsmod:MindPalaceRelic"},{"floor":12.0,"key":"Calipers"},{"floor":21.0,"key":"Red Mask"},{"floor":24.0,"key":"Letter Opener"},{"floor":28.0,"key":"Runesmith:AutoHammer"},{"floor":31.0,"key":"Pear"},{"floor":43,"key":"Orichalcum"},{"floor":45,"key":"Turnip"},{"floor":46,"key":"Regal Pillow"},{"floor":48,"key":"Anchor"},{"floor":54,"key":"Gremlin Horn"}],"event_choices":[{"damage_healed":0.0,"max_hp_gain":0.0,"max_hp_loss":0.0,"gold_gain":0.0,"event_name":"Dead Adventurer","player_choice":"Searched \u00271\u0027 times","floor":11.0,"gold_loss":0.0,"damage_taken":0.0},{"damage_healed":0.0,"max_hp_gain":0.0,"max_hp_loss":0.0,"gold_gain":0.0,"event_name":"Scrap Ooze","player_choice":"Success","floor":14.0,"gold_loss":0.0,"damage_taken":3.0,"relics_obtained":["Molten Egg 2"]},{"damage_healed":0.0,"max_hp_gain":0.0,"max_hp_loss":0.0,"gold_gain":0.0,"event_name":"The Library","player_choice":"Read","floor":20.0,"gold_loss":0.0,"damage_taken":0.0,"cards_obtained":["stsjorbsmod:ChainLightning"]},{"damage_healed":0.0,"max_hp_gain":0.0,"max_hp_loss":0.0,"gold_gain":0.0,"event_name":"Masked Bandits","player_choice":"Fought Bandits","floor":21.0,"gold_loss":0.0,"damage_taken":0.0},{"damage_healed":0.0,"max_hp_gain":5.0,"max_hp_loss":0.0,"gold_gain":0.0,"event_name":"Forgotten Altar","player_choice":"Shed Blood","floor":22.0,"gold_loss":0.0,"damage_taken":17.0},{"damage_healed":0.0,"max_hp_gain":0.0,"max_hp_loss":0.0,"gold_gain":0.0,"event_name":"Vampires","player_choice":"Ignored","floor":29.0,"gold_loss":0.0,"damage_taken":0.0},{"damage_healed":0,"gold_gain":0,"cards_transformed":["stsjorbsmod:Strike_Wanderer"],"player_choice":"Transformed","damage_taken":0,"max_hp_gain":0,"max_hp_loss":0,"event_name":"Transmorgrifier","floor":36,"gold_loss":0,"cards_obtained":["stsjorbsmod:FindFamiliar"]},{"damage_healed":0,"gold_gain":0,"player_choice":"2 cards matched","damage_taken":0,"max_hp_gain":0,"max_hp_loss":0,"event_name":"Match and Keep!","floor":38,"gold_loss":0,"cards_obtained":["stsjorbsmod:FreshAdventure","Clumsy"]},{"damage_healed":0,"gold_gain":0,"player_choice":"Max HP","damage_taken":0,"max_hp_gain":0,"max_hp_loss":5,"event_name":"Winding Halls","floor":41,"gold_loss":0},{"damage_healed":0,"gold_gain":0,"player_choice":"Fight","damage_taken":0,"max_hp_gain":0,"max_hp_loss":0,"event_name":"Mysterious Sphere","floor":45,"gold_loss":0}],"is_beta":false,"boss_relics":[{"not_picked":["Astrolabe","Tiny House"],"picked":"Coffee Dripper"},{"not_picked":["Sozu","Snecko Eye"],"picked":"SlaversCollar"}],"items_purged_floors":[7,19,47],"is_endless":false,"potions_floor_spawned":[1,5,8,11,18,21,28,39,46,54],"ascension_level":2}}