{"host":"p7j7o00jacnw7qzt","time":1607656093,"event":{"mods":["BaseMod","Colored Map","Colored Powertips","DeckTracker","Highlight Path","Minty Spire (QoL Compilation)","Relic Stats"],"gold_per_floor":[119,119,134,134,59,59,90,106,106,123,123,151,216,227,227,304,304,316,316,316,216,243,270,289,47,47,47,47,47,47,75,75,147,147,157,157,157,32,43,78,89,114,114,128,128,146,166,200,200,200,200,200,91,118,118],"floor_reached":56,"playtime":2928,"items_purged":["Strike_R","Bash","Heavy Blade"],"score":2131,"play_id":"291ba63d-29a3-460c-9629-299e3df31b68","local_time":"20201210220813","is_ascension_mode":true,"campfire_choices":[{"data":"Carnage","floor":6.0,"key":"SMITH"},{"data":"Evolve","floor":11.0,"key":"SMITH"},{"data":"Body Slam","floor":15.0,"key":"SMITH"},{"data":"Dark Embrace","floor":27.0,"key":"SMITH"},{"data":"Rupture","floor":29.0,"key":"SMITH"},{"floor":32.0,"key":"RECALL"},{"data":"Bloodletting","floor":49.0,"key":"SMITH"},{"data":"Power Through","floor":52.0,"key":"SMITH"}],"circlet_count":0,"master_deck":["AscendersBane","Carnage+1","Evolve+1","Second Wind","Bloodletting+1","Body Slam+1","Immolate","Dark Embrace+1","Bloodletting","Rampage","Carnage","Juggernaut","Shockwave","Power Through+1","Rupture+1","Warcry","Impervious","Burning Pact+1","Warcry"],"relics":["Burning Blood","NeowsBlessing","Torii","Toy Ornithopter","Ginger","Juzu Bracelet","HornCleat","Pandora\u0027s Box","Enchiridion","Pen Nib","Regal Pillow","Lee\u0027s Waffle","Blood Vial","Busted Crown","Nunchaku","Bronze Scales","Ornamental Fan","Mummified Hand","Magic Flower"],"acts_visited":["Exordium","TheCity","TheBeyond","TheEnding"],"potions_floor_usage":[55,55],"damage_taken":[{"damage":0.0,"enemies":"Small Slimes","floor":1.0,"turns":2.0},{"damage":0.0,"enemies":"Jaw Worm","floor":3.0,"turns":1.0},{"damage":0.0,"enemies":"Lagavulin","floor":7.0,"turns":1.0},{"damage":0.0,"enemies":"2 Louse","floor":8.0,"turns":3.0},{"damage":17.0,"enemies":"Exordium Wildlife","floor":10.0,"turns":4.0},{"damage":13.0,"enemies":"3 Sentries","floor":12.0,"turns":6.0},{"damage":8.0,"enemies":"Gremlin Nob","floor":13.0,"turns":3.0},{"damage":6.0,"enemies":"Looter","floor":14.0,"turns":2.0},{"damage":41.0,"enemies":"Slime Boss","floor":16.0,"turns":9.0},{"damage":15.0,"enemies":"Shell Parasite","floor":18.0,"turns":3.0},{"damage":34.0,"enemies":"Slavers","floor":23.0,"turns":5.0},{"damage":3.0,"enemies":"Chosen","floor":24.0,"turns":3.0},{"damage":16.0,"enemies":"Book of Stabbing","floor":31.0,"turns":5.0},{"damage":48.0,"enemies":"Champ","floor":33.0,"turns":6.0},{"damage":3.0,"enemies":"3 Shapes","floor":35.0,"turns":3.0},{"damage":0.0,"enemies":"Orb Walker","floor":39.0,"turns":3.0},{"damage":22.0,"enemies":"Giant Head","floor":40.0,"turns":5.0},{"damage":8.0,"enemies":"Sphere and 2 Shapes","floor":41.0,"turns":3.0},{"damage":4.0,"enemies":"Nemesis","floor":42.0,"turns":3.0},{"damage":0.0,"enemies":"Jaw Worm Horde","floor":44.0,"turns":1.0},{"damage":9.0,"enemies":"Maw","floor":46.0,"turns":3.0},{"damage":18.0,"enemies":"Transient","floor":47.0,"turns":5.0},{"damage":27.0,"enemies":"Reptomancer","floor":48.0,"turns":2.0},{"damage":34.0,"enemies":"Donu and Deca","floor":50.0,"turns":2.0},{"damage":29,"enemies":"Shield and Spear","floor":54,"turns":2},{"damage":32,"enemies":"The Heart","floor":55,"turns":5}],"seed_played":"-2810305093212125397","potions_obtained":[{"floor":7.0,"key":"Weak Potion"},{"floor":10.0,"key":"DuplicationPotion"},{"floor":12.0,"key":"CultistPotion"},{"floor":16.0,"key":"FearPotion"},{"floor":18.0,"key":"SteroidPotion"},{"floor":39.0,"key":"LiquidBronze"},{"floor":42.0,"key":"FearPotion"},{"floor":47.0,"key":"BlessingOfTheForge"}],"is_trial":false,"path_per_floor":["M","?","M","?","$","R","E","M","T","M","R","E","?","M","R","B",null,"M","?","?","$","T","E","M","$","T","R","?","R","$","E","R","B",null,"M","?","?","$","M","E","M","E","T","M","?","M","M","E","R","B",null,"R","$","E","B",null],"character_chosen":"IRONCLAD","items_purchased":["Lee\u0027s Waffle","Rupture","Swift Potion","Dexterity Potion"],"campfire_rested":0,"item_purchase_floors":[25,25,53,53],"current_hp_per_floor":[74,79,80,54,54,54,60,66,66,55,55,48,51,51,51,16,64,55,55,34,34,34,11,14,87,87,87,87,87,87,77,77,37,75,80,70,70,70,78,64,64,68,68,81,81,80,70,51,51,25,69,69,69,48,44],"gold":118,"neow_bonus":"THREE_ENEMY_KILL","is_daily":false,"chose_seed":false,"campfire_upgraded":7,"win_rate":0.0,"timestamp":1607656093,"path_taken":["M","?","M","?","?","R","E","M","T","M","R","E","?","M","R","BOSS","M","?","?","$","?","E","M","$","T","R","?","R","?","E","R","BOSS","M","?","?","?","M","E","M","E","T","M","?","M","M","E","R","BOSS","R","$","E","BOSS"],"items_purchased_type":["Relic","Card","Potion","Potion"],"build_version":"2020-11-30","purchased_purges":3,"victory":true,"max_hp_per_floor":[75,80,80,80,80,80,80,80,80,80,80,80,80,80,80,80,80,80,80,80,80,80,80,80,87,87,87,87,87,87,87,87,87,87,87,87,83,83,83,83,83,83,83,83,83,83,83,83,83,83,83,83,83,83,83],"relic_stats":{"Regal Pillow":0,"Lee\u0027s Waffle":73,"Torii":46,"counters":[26,90],"Magic Flower":[10],"Pen Nib":[9],"Juzu Bracelet":0,"Ginger":[13],"Burning Blood":154,"Blood Vial":27,"Nunchaku":[5],"Busted Crown":26,"Ornamental Fan":[32],"Mummified Hand":[19],"Bronze Scales":[87],"Pandora\u0027s Box":["Dark Embrace","Bloodletting","Armaments","Dual Wield","Rampage","Iron Wave","Carnage","Juggernaut"],"obtain_stats":[{"Regal Pillow":23,"Lee\u0027s Waffle":25,"NeowsBlessing":0,"Torii":4,"Enchiridion":20,"Magic Flower":54,"Pen Nib":22,"Juzu Bracelet":12,"Ginger":9,"Burning Blood":0,"Blood Vial":31,"Nunchaku":40,"HornCleat":13,"Busted Crown":34,"Ornamental Fan":43,"Mummified Hand":48,"Bronze Scales":42,"Pandora\u0027s Box":17,"Toy Ornithopter":7},{"Regal Pillow":11,"Lee\u0027s Waffle":12,"NeowsBlessing":0,"Torii":2,"Enchiridion":10,"Magic Flower":25,"Pen Nib":10,"Juzu Bracelet":6,"Ginger":4,"Burning Blood":0,"Blood Vial":13,"Nunchaku":17,"HornCleat":7,"Busted Crown":14,"Ornamental Fan":19,"Mummified Hand":23,"Bronze Scales":19,"Pandora\u0027s Box":9,"Toy Ornithopter":3},{"Regal Pillow":39,"Lee\u0027s Waffle":42,"NeowsBlessing":0,"Torii":3,"Enchiridion":34,"Magic Flower":85,"Pen Nib":34,"Juzu Bracelet":17,"Ginger":7,"Burning Blood":0,"Blood Vial":47,"Nunchaku":64,"HornCleat":20,"Busted Crown":53,"Ornamental Fan":70,"Mummified Hand":81,"Bronze Scales":70,"Pandora\u0027s Box":31,"Toy Ornithopter":4}],"Toy Ornithopter":31},"card_choices":[{"not_picked":["Cleave","Clothesline"],"picked":"Carnage","floor":1.0},{"not_picked":["Spot Weakness","Combust","Clash"],"picked":"SKIP","floor":3.0},{"not_picked":["Exhume","Havoc","Warcry"],"picked":"SKIP","floor":7.0},{"not_picked":["Cleave","Reckless Charge","Headbutt"],"picked":"SKIP","floor":8.0},{"not_picked":["Ghostly Armor","Body Slam"],"picked":"Evolve","floor":10.0},{"not_picked":["Burning Pact","Wild Strike"],"picked":"Second Wind","floor":12.0},{"not_picked":["Wild Strike","Reckless Charge"],"picked":"Bloodletting","floor":13.0},{"not_picked":["Entrench","Pommel Strike"],"picked":"Body Slam","floor":14.0},{"not_picked":["Reaper","Exhume"],"picked":"Immolate","floor":16.0},{"not_picked":["Perfected Strike","Heavy Blade"],"picked":"Shockwave","floor":18.0},{"not_picked":["Clothesline","Perfected Strike","Body Slam"],"picked":"SKIP","floor":23.0},{"not_picked":["Carnage","Pommel Strike","Sword Boomerang"],"picked":"SKIP","floor":24.0},{"not_picked":["Armaments","Cleave"],"picked":"Warcry","floor":31.0},{"not_picked":["Juggernaut","Exhume"],"picked":"Impervious","floor":33.0},{"not_picked":["Flex"],"picked":"SKIP","floor":35.0},{"not_picked":["Clothesline"],"picked":"SKIP","floor":39.0},{"not_picked":[],"picked":"Burning Pact+1","floor":40.0},{"not_picked":["Sever Soul+1"],"picked":"SKIP","floor":41.0},{"not_picked":["Carnage+1"],"picked":"SKIP","floor":42.0},{"not_picked":["Clothesline"],"picked":"SKIP","floor":44.0},{"not_picked":["True Grit"],"picked":"SKIP","floor":46.0},{"not_picked":[],"picked":"Warcry","floor":47.0},{"not_picked":["Armaments"],"picked":"SKIP","floor":48.0},{"not_picked":["Clothesline"],"picked":"SKIP","floor":54}],"player_experience":755151,"relics_obtained":[{"floor":7.0,"key":"Toy Ornithopter"},{"floor":9.0,"key":"Ginger"},{"floor":12.0,"key":"Juzu Bracelet"},{"floor":13.0,"key":"HornCleat"},{"floor":20.0,"key":"Enchiridion"},{"floor":22.0,"key":"Pen Nib"},{"floor":23.0,"key":"Regal Pillow"},{"floor":31.0,"key":"Blood Vial"},{"floor":40.0,"key":"Nunchaku"},{"floor":42.0,"key":"Bronze Scales"},{"floor":43.0,"key":"Ornamental Fan"},{"floor":48.0,"key":"Mummified Hand"},{"floor":54,"key":"Magic Flower"}],"event_choices":[{"damage_healed":0.0,"max_hp_gain":5.0,"max_hp_loss":0.0,"gold_gain":0.0,"event_name":"Big Fish","player_choice":"Donut","floor":2.0,"gold_loss":0.0,"damage_taken":0.0},{"damage_healed":0.0,"max_hp_gain":0.0,"max_hp_loss":0.0,"gold_gain":0.0,"event_name":"Scrap Ooze","player_choice":"Success","floor":4.0,"gold_loss":0.0,"damage_taken":26.0,"relics_obtained":["Torii"]},{"damage_healed":0.0,"max_hp_gain":0.0,"max_hp_loss":0.0,"gold_gain":30.0,"event_name":"Dead Adventurer","player_choice":"Searched \u00272\u0027 times","floor":13.0,"gold_loss":0.0,"damage_taken":0.0},{"damage_healed":0.0,"max_hp_gain":0.0,"max_hp_loss":0.0,"gold_gain":0.0,"cards_transformed":["Dual Wield","Iron Wave"],"event_name":"Drug Dealer","player_choice":"Became Test Subject","floor":19.0,"gold_loss":0.0,"damage_taken":0.0,"cards_obtained":["Heavy Blade","Power Through"]},{"damage_healed":0.0,"max_hp_gain":0.0,"max_hp_loss":0.0,"gold_gain":0.0,"event_name":"Cursed Tome","player_choice":"Obtained Book","floor":20.0,"gold_loss":0.0,"damage_taken":21.0},{"damage_healed":0.0,"max_hp_gain":0.0,"max_hp_loss":0.0,"gold_gain":0.0,"event_name":"Ghosts","player_choice":"Ignored","floor":28.0,"gold_loss":0.0,"damage_taken":0.0},{"damage_healed":0.0,"max_hp_gain":0.0,"max_hp_loss":0.0,"gold_gain":0.0,"event_name":"SensoryStone","player_choice":"Memory 3","floor":36.0,"gold_loss":0.0,"damage_taken":10.0},{"damage_healed":0.0,"max_hp_gain":0.0,"max_hp_loss":4.0,"gold_gain":0.0,"event_name":"Winding Halls","player_choice":"Max HP","floor":37.0,"gold_loss":0.0,"damage_taken":0.0},{"cards_removed":["Armaments"],"damage_healed":0.0,"max_hp_gain":0.0,"max_hp_loss":0.0,"gold_gain":0.0,"event_name":"Falling","player_choice":"Removed Skill","floor":45.0,"gold_loss":0.0,"damage_taken":0.0}],"is_beta":false,"boss_relics":[{"not_picked":["Philosopher\u0027s Stone","Calling Bell"],"picked":"Pandora\u0027s Box"},{"not_picked":["Runic Dome","Snecko Eye"],"picked":"Busted Crown"}],"items_purged_floors":[5,21,38],"is_endless":false,"potions_floor_spawned":[7,10,12,16,18,39,42,47,48],"ascension_level":16}}