{"host":"hn9kwncajibu2nw8","time":1607671856,"event":{"mods":["AchievementEnabler","BaseMod","Block Reminder","Colored Powertips","DeckTracker","Highlight Path","KOR Keyword Fix","Minty Spire (QoL Compilation)","Quick Restart","Rare Cards Sparkle"],"gold_per_floor":[115,215,226,246,257,257,292,147,147,147,160,130,130,144,144,245,245,264,278,278,292,307,307,307,307],"floor_reached":24,"playtime":935,"items_purged":["Strike_R"],"score":270,"play_id":"a7d32a3f-3f58-424c-afa0-89db5038fca1","local_time":"20201211163056","is_ascension_mode":true,"campfire_choices":[{"data":"True Grit","floor":6.0,"key":"SMITH"},{"floor":13.0,"key":"REST"},{"data":"Dual Wield","floor":15.0,"key":"SMITH"},{"floor":23,"key":"REST"}],"circlet_count":0,"master_deck":["Bash","Fire Breathing","True Grit+1","Feel No Pain","Metallicize","Juggernaut","Feel No Pain+1","Dual Wield+1","Impervious","Inflame+1","Uppercut","Exhume+1","Wild Strike","Thunderclap","Immolate","Flex","Offering","Body Slam"],"relics":["Burning Blood","Frozen Egg 2","Pandora\u0027s Box"],"acts_visited":["Exordium","TheCity"],"potions_floor_usage":[21,24],"damage_taken":[{"damage":8.0,"enemies":"Small Slimes","floor":1.0,"turns":5.0},{"damage":1.0,"enemies":"Cultist","floor":3.0,"turns":4.0},{"damage":1.0,"enemies":"Jaw Worm","floor":4.0,"turns":6.0},{"damage":12.0,"enemies":"3 Louse","floor":5.0,"turns":7.0},{"damage":52.0,"enemies":"Gremlin Nob","floor":7.0,"turns":6.0},{"damage":6.0,"enemies":"Exordium Thugs","floor":11.0,"turns":5.0},{"damage":0.0,"enemies":"Looter","floor":12.0,"turns":4.0},{"damage":16.0,"enemies":"2 Fungi Beasts","floor":14.0,"turns":6.0},{"damage":30.0,"enemies":"Slime Boss","floor":16.0,"turns":8.0},{"damage":24.0,"enemies":"2 Thieves","floor":18.0,"turns":4.0},{"damage":36.0,"enemies":"Shell Parasite","floor":19.0,"turns":8.0},{"damage":6,"enemies":"Cultist and Chosen","floor":21,"turns":6},{"damage":23,"enemies":"3 Cultists","floor":22,"turns":4},{"damage":47,"enemies":"Book of Stabbing","floor":24,"turns":4}],"seed_played":"-4914901434027910059","potions_obtained":[{"floor":1.0,"key":"Weak Potion"},{"floor":11.0,"key":"Dexterity Potion"},{"floor":16.0,"key":"GamblersBrew"},{"floor":18.0,"key":"Regen Potion"},{"floor":19.0,"key":"Swift Potion"}],"is_trial":false,"path_per_floor":["M","?","M","M","M","R","E","$","T","?","M","M","R","M","R","B",null,"M","M","?","M","M","R","E"],"character_chosen":"IRONCLAD","items_purchased":["Juggernaut"],"campfire_rested":2,"item_purchase_floors":[8],"current_hp_per_floor":[78,78,83,88,82,82,36,36,36,18,18,24,50,40,40,16,70,52,37,37,37,20,46,0,0],"gold":307,"neow_bonus":"TEN_PERCENT_HP_BONUS","is_daily":false,"chose_seed":false,"campfire_upgraded":2,"win_rate":0.0,"timestamp":1607671856,"path_taken":["M","?","M","M","?","R","E","$","T","?","M","M","R","M","R","BOSS","M","M","?","M","M","R","E"],"items_purchased_type":["Card"],"build_version":"2020-11-30","purchased_purges":1,"victory":false,"max_hp_per_floor":[88,88,88,88,88,88,88,88,88,88,88,88,88,88,88,88,88,88,88,88,88,88,88,88,88],"card_choices":[{"not_picked":["Dual Wield","Armaments"],"picked":"Fire Breathing","floor":1.0},{"not_picked":["Wild Strike","Sword Boomerang"],"picked":"True Grit","floor":3.0},{"not_picked":["Pommel Strike","Dual Wield"],"picked":"Feel No Pain","floor":4.0},{"not_picked":["Rage","Blood for Blood","Warcry"],"picked":"SKIP","floor":5.0},{"not_picked":["Entrench","Sentinel"],"picked":"Metallicize","floor":7.0},{"not_picked":["Bloodletting","Sword Boomerang"],"picked":"Feel No Pain+1","floor":11.0},{"not_picked":["Cleave","Rampage"],"picked":"Dual Wield","floor":12.0},{"not_picked":["Sword Boomerang","Twin Strike","Ghostly Armor"],"picked":"SKIP","floor":14.0},{"not_picked":["Berserk+1","Juggernaut+1"],"picked":"Impervious","floor":16.0},{"not_picked":["Pummel","Wild Strike+1","Rage"],"picked":"SKIP","floor":18.0},{"not_picked":["Iron Wave","Spot Weakness","Anger"],"picked":"SKIP","floor":19.0},{"not_picked":["Iron Wave","Flex","Clash"],"picked":"SKIP","floor":21},{"not_picked":["Cleave","Twin Strike"],"picked":"Body Slam","floor":22}],"player_experience":453213,"relics_obtained":[{"floor":9.0,"key":"Frozen Egg 2"}],"event_choices":[{"damage_healed":0.0,"max_hp_gain":0.0,"max_hp_loss":0.0,"gold_gain":100.0,"event_name":"Golden Shrine","player_choice":"Pray","floor":2.0,"gold_loss":0.0,"damage_taken":0.0},{"damage_healed":0.0,"max_hp_gain":0.0,"max_hp_loss":0.0,"gold_gain":0.0,"event_name":"Shining Light","player_choice":"Entered Light","floor":10.0,"gold_loss":0.0,"damage_taken":18.0,"cards_upgraded":["Strike_R","Defend_R"]},{"damage_healed":0.0,"max_hp_gain":0.0,"max_hp_loss":0.0,"gold_gain":0.0,"event_name":"Upgrade Shrine","player_choice":"Upgraded","floor":20.0,"gold_loss":0.0,"damage_taken":0.0,"cards_upgraded":["Exhume"]}],"is_beta":false,"boss_relics":[{"not_picked":["Ectoplasm","Philosopher\u0027s Stone"],"picked":"Pandora\u0027s Box"}],"items_purged_floors":[8],"is_endless":false,"potions_floor_spawned":[1,11,16,18,19],"killed_by":"Book of Stabbing","ascension_level":7}}