{"host":"t0dvmwh9w61bq0j7","time":1607693295,"event":{"mods":["2.2 Compatiblity","AchievementEnabler","BaseMod","Better Note","Block Reminder","Colored Map","DeckTracker","Highlight Path","Jorbs\u0027s Wanderer Trilogy","Minty Spire (QoL Compilation)","Random Character Button","Rare Cards Sparkle","Relic Stats","StSLib","The Cursed","The Hierophant","The Judge","TheVacant","Transform Curses"],"gold_per_floor":[110,110,385,401,419,419,444,515,515,554,573,573,587,141,141,141,141],"floor_reached":16,"playtime":12251,"items_purged":["Regret"],"score":102,"play_id":"996dc788-906d-4c1f-a3b4-56c821425227","local_time":"20201211142815","is_ascension_mode":false,"campfire_choices":[{"data":"TheCursedMod:EmpowerCircles","floor":6,"key":"SMITH"},{"floor":15,"key":"REST"}],"circlet_count":0,"master_deck":["TheCursedMod:Strike_TheCursed","TheCursedMod:Strike_TheCursed","TheCursedMod:Strike_TheCursed","TheCursedMod:Strike_TheCursed","TheCursedMod:Defend_TheCursed","TheCursedMod:Defend_TheCursed","TheCursedMod:Defend_TheCursed","TheCursedMod:Defend_TheCursed","TheCursedMod:CursedWand","TheCursedMod:CleanUpWorkshop","TheCursedMod:Dregs","TheCursedMod:Wield","TheCursedMod:EmpowerCircles+1","TheCursedMod:SpitefulPray","TheCursedMod:HellfireBreathing","TheCursedMod:CursedShiv","TheCursedMod:CircleOfFlame","Parasite","TheCursedMod:ReleasedKnowledge","TheCursedMod:SpitefulPlan"],"relics":["TheCursedMod:BlackMagic101","NeowsBlessing","Golden Idol","HornCleat","Tiny Chest","Calipers"],"acts_visited":["Exordium"],"potions_floor_usage":[16,16],"damage_taken":[{"damage":0,"enemies":"2 Louse","floor":1,"turns":1},{"damage":0,"enemies":"Cultist","floor":4,"turns":1},{"damage":0,"enemies":"Jaw Worm","floor":5,"turns":1},{"damage":9,"enemies":"3 Louse","floor":7,"turns":5},{"damage":36,"enemies":"Gremlin Nob","floor":10,"turns":6},{"damage":3,"enemies":"Looter","floor":11,"turns":3},{"damage":18,"enemies":"Exordium Thugs","floor":13,"turns":6},{"damage":32,"enemies":"The Guardian","floor":16,"turns":9}],"seed_played":"3709555596456797259","potions_obtained":[{"floor":1,"key":"FearPotion"},{"floor":7,"key":"FearPotion"},{"floor":10,"key":"Swift Potion"}],"is_trial":false,"path_per_floor":["M","?","?","M","M","R","M","T","T","E","M","?","M","$","R","B"],"character_chosen":"THE_CURSED","items_purchased":["Calipers","TheCursedMod:SpitefulPlan"],"campfire_rested":1,"item_purchase_floors":[14,14],"current_hp_per_floor":[75,57,57,57,57,57,48,48,48,12,9,27,9,9,31,0,0],"gold":141,"neow_bonus":"THREE_ENEMY_KILL","is_daily":false,"chose_seed":false,"campfire_upgraded":1,"win_rate":0.0,"timestamp":1607693295,"path_taken":["M","?","?","M","?","R","M","?","T","E","M","?","M","$","R","BOSS"],"items_purchased_type":["Relic","Card"],"build_version":"2020-11-30","purchased_purges":1,"victory":false,"max_hp_per_floor":[75,75,75,75,75,75,75,75,75,75,75,75,75,75,75,75,75],"relic_stats":{"counters":[8,29],"Golden Idol":27,"Tiny Chest":0,"obtain_stats":[{"TheCursedMod:BlackMagic101":0,"HornCleat":9,"Calipers":14,"NeowsBlessing":0,"Golden Idol":2,"Tiny Chest":10},{"TheCursedMod:BlackMagic101":0,"HornCleat":4,"Calipers":7,"NeowsBlessing":0,"Golden Idol":1,"Tiny Chest":5},{"TheCursedMod:BlackMagic101":0,"HornCleat":8,"Calipers":20,"NeowsBlessing":0,"Golden Idol":1,"Tiny Chest":13}]},"card_choices":[{"not_picked":["TheCursedMod:BlessingInDisguise","TheCursedMod:RavingStaff"],"picked":"TheCursedMod:Wield","floor":1},{"not_picked":["TheCursedMod:DoubleShield","TheCursedMod:RavingStaff"],"picked":"TheCursedMod:EmpowerCircles","floor":4},{"not_picked":["TheCursedMod:VitalStrike","TheCursedMod:Evocation"],"picked":"TheCursedMod:SpitefulPray","floor":5},{"not_picked":["TheCursedMod:BlessingInDisguise","TheCursedMod:Stigma"],"picked":"TheCursedMod:HellfireBreathing","floor":7},{"not_picked":["TheCursedMod:RavingStaff","TheCursedMod:SurpriseAttack"],"picked":"TheCursedMod:CursedShiv","floor":10},{"not_picked":["TheCursedMod:Stretching","TheCursedMod:TroublousMinions"],"picked":"TheCursedMod:CircleOfFlame","floor":11},{"not_picked":["TheCursedMod:Stretching","TheCursedMod:BlessingInDisguise"],"picked":"TheCursedMod:ReleasedKnowledge","floor":13}],"player_experience":274011,"relics_obtained":[{"floor":9,"key":"HornCleat"},{"floor":10,"key":"Tiny Chest"}],"event_choices":[{"damage_healed":0,"gold_gain":0,"player_choice":"Take Damage","damage_taken":18,"relics_obtained":["Golden Idol"],"max_hp_gain":0,"max_hp_loss":0,"event_name":"Golden Idol","floor":2,"gold_loss":0},{"damage_healed":0,"gold_gain":275,"player_choice":"Desecrate","damage_taken":0,"max_hp_gain":0,"max_hp_loss":0,"event_name":"Golden Shrine","floor":3,"gold_loss":0,"cards_obtained":["Regret"]},{"damage_healed":18,"gold_gain":0,"player_choice":"Healed and dodged fight","damage_taken":0,"max_hp_gain":0,"max_hp_loss":0,"event_name":"Mushrooms","floor":12,"gold_loss":0,"cards_obtained":["Parasite"]}],"is_beta":false,"boss_relics":[],"items_purged_floors":[14],"is_endless":false,"potions_floor_spawned":[1,7,10,13],"killed_by":"The Guardian","ascension_level":0}}