{"host":"jruzzdd1waq9u00d","time":1607662950,"event":{"mods":["BaseMod","Card Forge","Colored Map","Colored Powertips","DeckTracker","KOR Keyword Fix","Minty Spire (QoL Compilation)","Permanent Neow","Quick Restart","Relic Stats","Robot Space Explorer","StSLib","SuperFastMode","Uncapped"],"gold_per_floor":[117,117,131,131,141,166,166,176,176,189,219,238,256,273,273,373,373,391,222,222,147,164,164,164],"floor_reached":23,"playtime":1205,"items_purged":["RobotSpaceExplorer:Strike"],"score":205,"play_id":"31595912-c27d-4caa-bff2-1c145e4aa8a1","local_time":"20201211140230","is_ascension_mode":false,"campfire_choices":[{"data":"RobotSpaceExplorer:PlasmaMissile","floor":7.0,"key":"SMITH"},{"data":"RobotSpaceExplorer:ChargingLaser","floor":15.0,"key":"SMITH"}],"circlet_count":0,"master_deck":["RobotSpaceExplorer:Strike","RobotSpaceExplorer:Defend","RobotSpaceExplorer:Defend","RobotSpaceExplorer:Defend","RobotSpaceExplorer:Defend","RobotSpaceExplorer:Scan","RobotSpaceExplorer:MiniLasers","RobotSpaceExplorer:SurgingShield","RobotSpaceExplorer:Counterblock","RobotSpaceExplorer:PlasmaMissile+1","RobotSpaceExplorer:ChargingLaser+1","RobotSpaceExplorer:SurgingStrike","RobotSpaceExplorer:StarDust","RobotSpaceExplorer:Pulsar","RobotSpaceExplorer:TrailblazerForm","RobotSpaceExplorer:Probe","Impatience","RobotSpaceExplorer:Probe"],"relics":["RobotSpaceExplorer:RoboCore","Hammer of Thor","Seething Fire","Anvil of the Gods","Omamori","Calipers","Blood Vial","RobotSpaceExplorer:SearchSpecs"],"acts_visited":["Exordium","TheCity"],"potions_floor_usage":[22,23],"damage_taken":[{"damage":2.0,"enemies":"Cultist","floor":1.0,"turns":5.0},{"damage":5.0,"enemies":"Small Slimes","floor":3.0,"turns":4.0},{"damage":0.0,"enemies":"2 Louse","floor":5.0,"turns":2.0},{"damage":9.0,"enemies":"Gremlin Nob","floor":6.0,"turns":3.0},{"damage":2.0,"enemies":"Exordium Wildlife","floor":8.0,"turns":3.0},{"damage":0.0,"enemies":"Large Slime","floor":10.0,"turns":7.0},{"damage":9.0,"enemies":"Lagavulin","floor":11.0,"turns":9.0},{"damage":1.0,"enemies":"Red Slaver","floor":12.0,"turns":2.0},{"damage":0.0,"enemies":"2 Fungi Beasts","floor":13.0,"turns":3.0},{"damage":7.0,"enemies":"Blue Slaver","floor":14.0,"turns":3.0},{"damage":18.0,"enemies":"Slime Boss","floor":16.0,"turns":8.0},{"damage":7.0,"enemies":"Chosen","floor":18.0,"turns":5.0},{"damage":16,"enemies":"2 Thieves","floor":22,"turns":5},{"damage":55,"enemies":"Slavers","floor":23,"turns":5}],"seed_played":"-7764703599141207356","potions_obtained":[{"floor":5.0,"key":"EntropicBrew"},{"floor":11.0,"key":"AttackPotion"},{"floor":13.0,"key":"Explosive Potion"},{"floor":16.0,"key":"Regen Potion"},{"floor":18.0,"key":"FearPotion"},{"floor":22,"key":"Weak Potion"}],"is_trial":false,"path_per_floor":["M","?","M","?","M","E","R","M","T","M","E","M","M","M","R","B",null,"M","$","?","?","M","E"],"character_chosen":"RobotSpaceExplorer","items_purchased":["Impatience"],"campfire_rested":0,"item_purchase_floors":[19],"current_hp_per_floor":[73,55,50,50,50,41,41,39,39,39,30,31,33,28,28,12,75,68,68,54,54,52,0,0],"gold":164,"neow_bonus":"REMOVE_CARD","is_daily":false,"chose_seed":false,"campfire_upgraded":2,"win_rate":0.0,"timestamp":1607662950,"path_taken":["M","?","M","?","M","E","R","M","T","M","E","M","M","M","R","BOSS","M","$","?","?","M","E"],"items_purchased_type":["Card"],"build_version":"2020-11-30","purchased_purges":1,"victory":false,"max_hp_per_floor":[75,75,75,75,75,75,75,75,75,75,75,75,75,75,75,75,75,75,75,80,80,80,80,80],"relic_stats":{"Blood Vial":12,"counters":[14,64],"obtain_stats":[{"Blood Vial":11,"Calipers":6,"Anvil of the Gods":0,"RobotSpaceExplorer:RoboCore":0,"Hammer of Thor":0,"Omamori":2,"RobotSpaceExplorer:SearchSpecs":17,"Seething Fire":0},{"Blood Vial":7,"Calipers":4,"Anvil of the Gods":0,"RobotSpaceExplorer:RoboCore":0,"Hammer of Thor":0,"Omamori":1,"RobotSpaceExplorer:SearchSpecs":11,"Seething Fire":0},{"Blood Vial":33,"Calipers":14,"Anvil of the Gods":0,"RobotSpaceExplorer:RoboCore":0,"Hammer of Thor":0,"Omamori":5,"RobotSpaceExplorer:SearchSpecs":49,"Seething Fire":0}]},"card_choices":[{"not_picked":["RobotSpaceExplorer:FranticSearch","RobotSpaceExplorer:Probe"],"picked":"RobotSpaceExplorer:SurgingShield","floor":1.0},{"not_picked":["RobotSpaceExplorer:GlueShot","RobotSpaceExplorer:ShockKick","RobotSpaceExplorer:SurgingShield"],"picked":"SKIP","floor":3.0},{"not_picked":["RobotSpaceExplorer:Ammunition","RobotSpaceExplorer:Probe"],"picked":"RobotSpaceExplorer:Counterblock","floor":5.0},{"not_picked":["RobotSpaceExplorer:Probe","RobotSpaceExplorer:GlueShot"],"picked":"RobotSpaceExplorer:PlasmaMissile","floor":6.0},{"not_picked":["RobotSpaceExplorer:ScrapToss","RobotSpaceExplorer:ToxicBomb","RobotSpaceExplorer:ScrapMissile"],"picked":"SKIP","floor":8.0},{"not_picked":["RobotSpaceExplorer:Ammunition","RobotSpaceExplorer:Probe"],"picked":"RobotSpaceExplorer:ChargingLaser","floor":10.0},{"not_picked":["RobotSpaceExplorer:ImprovisedAttack","RobotSpaceExplorer:ToxicBomb"],"picked":"RobotSpaceExplorer:SurgingStrike","floor":11.0},{"not_picked":["RobotSpaceExplorer:ShockKick","RobotSpaceExplorer:BigMissile","RobotSpaceExplorer:MiniDrones"],"picked":"SKIP","floor":12.0},{"not_picked":["RobotSpaceExplorer:FrostMissile","RobotSpaceExplorer:Counterblock"],"picked":"RobotSpaceExplorer:StarDust","floor":13.0},{"not_picked":["RobotSpaceExplorer:Calculate","RobotSpaceExplorer:Probe"],"picked":"RobotSpaceExplorer:Pulsar","floor":14.0},{"not_picked":["RobotSpaceExplorer:Asteroid","RobotSpaceExplorer:Blaster"],"picked":"RobotSpaceExplorer:TrailblazerForm","floor":16.0},{"not_picked":["RobotSpaceExplorer:StunGrenade+1","RobotSpaceExplorer:SurgingShield+1"],"picked":"RobotSpaceExplorer:Probe","floor":18.0},{"not_picked":["RobotSpaceExplorer:Ammunition","RobotSpaceExplorer:SurgingShield+1"],"picked":"RobotSpaceExplorer:Probe","floor":22}],"player_experience":409628,"relics_obtained":[{"floor":6.0,"key":"Calipers"},{"floor":11.0,"key":"Blood Vial"}],"event_choices":[{"damage_healed":0.0,"max_hp_gain":0.0,"max_hp_loss":0.0,"gold_gain":0.0,"event_name":"Scrap Ooze","player_choice":"Success","floor":2.0,"gold_loss":0.0,"damage_taken":18.0,"relics_obtained":["Omamori"]},{"damage_healed":0.0,"max_hp_gain":0.0,"max_hp_loss":0.0,"gold_gain":0.0,"event_name":"Liars Game","player_choice":"Ignored","floor":4.0,"gold_loss":0.0,"damage_taken":0.0},{"damage_healed":0,"gold_gain":0,"player_choice":"Shed Blood","damage_taken":19,"max_hp_gain":5,"max_hp_loss":0,"event_name":"Forgotten Altar","floor":20,"gold_loss":0},{"cards_removed":["RobotSpaceExplorer:Strike"],"damage_healed":0,"gold_gain":0,"player_choice":"Gave Gold","damage_taken":0,"max_hp_gain":0,"max_hp_loss":0,"event_name":"Beggar","floor":21,"gold_loss":75}],"is_beta":false,"boss_relics":[{"not_picked":["SacredBark","Fusion Hammer"],"picked":"RobotSpaceExplorer:SearchSpecs"}],"items_purged_floors":[19],"is_endless":false,"potions_floor_spawned":[5,11,13,16,18,22],"killed_by":"Slavers","ascension_level":0}}