{"host":"6wux4armhsntp4yb","time":1607697791,"event":{"mods":["BaseMod","Colored Map","DeckTracker","Minty Spire (QoL Compilation)","Relic Stats"],"gold_per_floor":[161,161,176,141,141,141,184,184,208,51,94,115,115,115],"floor_reached":13,"playtime":474,"items_purged":[],"score":182,"play_id":"bd43d7cf-b93f-42c2-a5d6-0102e65e47f3","local_time":"20201211234311","is_ascension_mode":true,"campfire_choices":[{"data":"Eviscerate","floor":6.0,"key":"SMITH"},{"data":"Concentrate","floor":8.0,"key":"SMITH"}],"circlet_count":0,"master_deck":["AscendersBane","Strike_G","Strike_G","Strike_G+1","Strike_G+1","Strike_G","Defend_G","Defend_G","Defend_G","Defend_G","Defend_G","Survivor","Neutralize+1","Deadly Poison","Eviscerate+1","Backflip","Concentrate+1","Calculated Gamble"],"relics":["Tiny House","Golden Idol","Anchor","Vajra","Frozen Eye","Boot"],"acts_visited":["Exordium"],"potions_floor_usage":[13],"damage_taken":[{"damage":0.0,"enemies":"2 Louse","floor":1.0,"turns":4.0},{"damage":0.0,"enemies":"Small Slimes","floor":3.0,"turns":3.0},{"damage":20.0,"enemies":"3 Sentries","floor":7.0,"turns":10.0},{"damage":26.0,"enemies":"Gremlin Nob","floor":11.0,"turns":4.0},{"damage":0.0,"enemies":"Jaw Worm","floor":12.0,"turns":3.0},{"damage":20,"enemies":"3 Sentries","floor":13,"turns":4}],"seed_played":"-4890303782751840646","potions_obtained":[{"floor":0.0,"key":"Ancient Potion"},{"floor":3.0,"key":"CunningPotion"},{"floor":7.0,"key":"BlessingOfTheForge"}],"is_trial":false,"path_per_floor":["M","?","M","?","?","R","E","R","T","$","E","M","E"],"character_chosen":"THE_SILENT","items_purchased":["Frozen Eye"],"campfire_rested":0,"item_purchase_floors":[10],"current_hp_per_floor":[64,43,43,60,60,60,40,40,40,40,14,14,0,0],"gold":115,"neow_bonus":"BOSS_RELIC","is_daily":false,"chose_seed":false,"campfire_upgraded":2,"win_rate":0.0,"timestamp":1607697791,"path_taken":["M","?","M","?","?","R","E","R","T","$","E","?","E"],"items_purchased_type":["Relic"],"build_version":"2020-11-30","purchased_purges":0,"victory":false,"max_hp_per_floor":[71,71,71,71,64,64,64,64,64,64,64,64,64,64],"relic_stats":{"counters":[6,28],"Golden Idol":22,"Boot":[0],"obtain_stats":[{"Frozen Eye":10,"Anchor":7,"Tiny House":0,"Golden Idol":5,"Vajra":9,"Boot":11,"Ring of the Snake":0},{"Frozen Eye":3,"Anchor":3,"Tiny House":0,"Golden Idol":2,"Vajra":3,"Boot":4,"Ring of the Snake":0},{"Frozen Eye":17,"Anchor":17,"Tiny House":0,"Golden Idol":7,"Vajra":17,"Boot":21,"Ring of the Snake":0}]},"card_choices":[{"not_picked":["Deflect","Reflex"],"picked":"Deadly Poison","floor":0.0},{"not_picked":["Acrobatics","Cloak And Dagger"],"picked":"Eviscerate","floor":1.0},{"not_picked":["Accuracy","Poisoned Stab"],"picked":"Backflip","floor":3.0},{"not_picked":["Deadly Poison","Night Terror"],"picked":"Concentrate","floor":7.0},{"not_picked":["Cloak And Dagger","Concentrate","Backstab"],"picked":"SKIP","floor":11.0},{"not_picked":["Backstab","Catalyst"],"picked":"Calculated Gamble","floor":12.0}],"player_experience":5613970,"relics_obtained":[{"floor":7.0,"key":"Anchor"},{"floor":9.0,"key":"Vajra"},{"floor":11.0,"key":"Boot"}],"event_choices":[{"damage_healed":0.0,"max_hp_gain":0.0,"max_hp_loss":0.0,"gold_gain":0.0,"event_name":"Shining Light","player_choice":"Entered Light","floor":2.0,"gold_loss":0.0,"damage_taken":21.0,"cards_upgraded":["Neutralize","Strike_G"]},{"damage_healed":17.0,"max_hp_gain":0.0,"max_hp_loss":0.0,"gold_gain":0.0,"event_name":"The Cleric","player_choice":"Healed","floor":4.0,"gold_loss":35.0,"damage_taken":0.0},{"damage_healed":0.0,"max_hp_gain":0.0,"max_hp_loss":7.0,"gold_gain":0.0,"event_name":"Golden Idol","player_choice":"Lose Max HP","floor":5.0,"gold_loss":0.0,"damage_taken":0.0,"relics_obtained":["Golden Idol"]}],"is_beta":false,"boss_relics":[],"items_purged_floors":[],"is_endless":false,"potions_floor_spawned":[3,7,11],"killed_by":"3 Sentries","ascension_level":20}}