{"host":"jak4ncvfzor9mys0","time":1607646824,"event":{"mods":["2.2 Compatiblity","AchievementEnabler","BaseMod","Better Altar","Better Match","Better Note","Better Sensory Stone","Better Skull","Better Third Choice","BetterRewards","Block Reminder","Colored Map","Colored Powertips","Energized Spire","Gold Saver","Hubris","Infinite Spire","Key Reminder","Minty Spire (QoL Compilation)","Rare Cards Sparkle","Red Circlet Mod","Relic Sorter","Relic Stats","Replay The Spire","Retaliation","StSLib","SuperFastMode","The Blue Laboratory"],"gold_per_floor":[262,116,143,143,167,210,210,252,278,178,197,197,228,108,108,255,255,295,295,295,336,367,367,367,367,367,467,520,520,526,526],"floor_reached":30,"playtime":671,"items_purged":["Strike_B","Strike_B"],"score":356,"play_id":"bdfe9704-b7fa-4072-932e-681f9d9bccfd","local_time":"20201210163344","is_ascension_mode":false,"campfire_choices":[{"data":"Redo","floor":7,"key":"SMITH"},{"floor":12,"key":"REST"},{"data":"Dualcast","floor":15,"key":"SMITH"},{"data":"Doom and Gloom","floor":23,"key":"SMITH"},{"floor":25,"key":"REST"}],"circlet_count":0,"master_deck":["Defend_B","Defend_B","Defend_B","Defend_B","Zap+1","Dualcast+1","Ball Lightning","ReplayTheSpireMod:Calculation Training","Ball Lightning","Redo+1","Doom and Gloom+1","Conserve Battery","FIFO Queue","Barrage","Chill","infinitespire:Oblivion"],"relics":["Cracked Core","Replay:Bandana","infinitespire:ShieldingShard","Torii","Ancient Tea Set","Empty Cage","Shovel","Vajra"],"acts_visited":["Exordium","TheCity"],"potions_floor_usage":[22,28,28,28],"damage_taken":[{"damage":3,"enemies":"2 Louse","floor":1,"turns":2},{"damage":0,"enemies":"Cultist","floor":3,"turns":2},{"damage":1,"enemies":"Jaw Worm","floor":5,"turns":3},{"damage":5,"enemies":"Gremlin Nob","floor":6,"turns":3},{"damage":18,"enemies":"Lagavulin","floor":8,"turns":4},{"damage":1,"enemies":"Red Slaver","floor":11,"turns":2},{"damage":1,"enemies":"Large Slime","floor":13,"turns":4},{"damage":46,"enemies":"Hexaghost","floor":16,"turns":8},{"damage":12,"enemies":"3 Byrds","floor":18,"turns":3},{"damage":8,"enemies":"Shell Parasite","floor":21,"turns":5},{"damage":19,"enemies":"Snake Plant","floor":22,"turns":4},{"damage":46,"enemies":"Nightmare","floor":28,"turns":10},{"damage":13,"enemies":"Shelled Parasite and Fungi","floor":30,"turns":2}],"seed_played":"-5727365450529310392","potions_obtained":[{"floor":13,"key":"AttackPotion"},{"floor":16,"key":"blueLaboratory:BottleOfVodka"},{"floor":20,"key":"DistilledChaos"},{"floor":22,"key":"BlessingOfTheForge"}],"is_trial":false,"path_per_floor":["M","$","M","?","M","E","R","E","T","$","M","R","M","$","R","B",null,"M","?","?","M","M","R","$","R","T","?","NM","AVR","M"],"character_chosen":"DEFECT","items_purchased":["Replay:Bandana","Ball Lightning","ReplayTheSpireMod:Calculation Training","Ball Lightning","Redo","FIFO Queue","Barrage"],"campfire_rested":2,"item_purchase_floors":[0,0,0,2,2,14,14],"current_hp_per_floor":[72,72,72,72,71,66,66,48,48,48,47,69,68,68,68,22,75,63,63,63,55,36,36,36,58,58,58,12,12,0,0],"gold":526,"neow_bonus":"","is_daily":false,"chose_seed":false,"campfire_upgraded":3,"win_rate":0.0,"timestamp":1607646824,"path_taken":["M","$","M","?","M","E","R","E","T","$","M","R","M","?","R","BOSS","M","?","?","M","M","R","$","R","T","?","NM","AVR","M"],"items_purchased_type":["Relic","Card","Card","Card","Card","Card","Card"],"build_version":"2020-11-30","purchased_purges":2,"victory":false,"max_hp_per_floor":[75,75,75,75,75,75,75,75,75,75,75,75,75,75,75,75,75,75,75,75,75,75,75,75,75,75,75,75,75,75,75],"relic_stats":{"Shovel":0,"Torii":22,"counters":[132,621],"obtain_stats":[{"Ice Cream":39,"energizedSpire:UnstableMolecules":20,"Calipers":17,"CeramicFish":24,"Vajra":28,"Whetstone":9,"Sling":0,"Lizard Tail":29,"infinitespire:SolderingIron":28,"Replay:Frozen Program":2,"infinitespire:ShieldingShard":6,"Sundial":11,"infinitespire:Golems Mask":20,"MealTicket":0,"HandDrill":3,"Toxic Egg 2":7,"Counterbalance":40,"hubris:SphereOfDissonance":9,"Oddly Smooth Stone":21,"War Paint":14,"Du-Vu Doll":24,"SlaversCollar":27,"Replay:Baseball":26,"Molten Egg 2":23,"hubris:TenFootPole":43,"ReplayTheSpireMod:TigerMarble":9,"energizedSpire:OldTV":34,"Solar Panel":6,"ReplayFunnel":21,"hubris:Metronome":14,"Carrot":9,"Snecko Heart":17,"Torii":8,"StoneCalendar":37,"hubris:SlimyHat":29,"Incense Burner":9,"Replay:Mystery Machine":46,"Ancient Tea Set":9,"Empty Cage":17,"ClockworkSouvenir":13,"Replay:Bandana":0,"hubris:Backtick":17,"Shovel":26,"hubris:ScarierMask":17,"Replay:Bottled Eggs":10,"Cracked Core":0,"InkBottle":27,"hubris:GlazedTorus":9,"Lee\u0027s Waffle":3,"NeowsBlessing":0,"Golden Idol":4,"The Courier":13,"hubris:MedicalManual":48,"Geode":24,"hubris:Towel":37,"energizedSpire:DeadBattery":17,"Peace Pipe":11,"Anchor":13,"Ornamental Fan":38,"betterThird:SlimedRelic":2,"Snack Pack":26,"Membership Card":28,"ReplayTheSpireMod:Lightbulb":26,"Toy Ornithopter":13,"hubris:OldNail":12,"infinitespire:Midas Blood":9,"hubris:BottledRain":43},{"Ice Cream":55,"energizedSpire:UnstableMolecules":25,"Calipers":45,"CeramicFish":12,"Vajra":131,"Whetstone":42,"Sling":39,"Lizard Tail":50,"infinitespire:SolderingIron":49,"Replay:Frozen Program":109,"infinitespire:ShieldingShard":123,"Sundial":89,"infinitespire:Golems Mask":25,"MealTicket":57,"HandDrill":59,"Toxic Egg 2":42,"Counterbalance":56,"hubris:SphereOfDissonance":63,"Oddly Smooth Stone":117,"War Paint":64,"Du-Vu Doll":48,"SlaversCollar":71,"Replay:Baseball":71,"Molten Egg 2":70,"hubris:TenFootPole":79,"ReplayTheSpireMod:TigerMarble":112,"energizedSpire:OldTV":52,"Solar Panel":62,"ReplayFunnel":93,"hubris:Metronome":22,"Carrot":30,"Snecko Heart":23,"Torii":124,"StoneCalendar":55,"hubris:SlimyHat":73,"Incense Burner":87,"Replay:Mystery Machine":106,"Ancient Tea Set":124,"Empty Cage":127,"ClockworkSouvenir":63,"Replay:Bandana":119,"hubris:Backtick":45,"Shovel":130,"hubris:ScarierMask":65,"Replay:Bottled Eggs":5,"Cracked Core":0,"InkBottle":71,"hubris:GlazedTorus":4,"Lee\u0027s Waffle":17,"NeowsBlessing":0,"Golden Idol":29,"The Courier":22,"hubris:MedicalManual":83,"Geode":95,"hubris:Towel":77,"energizedSpire:DeadBattery":116,"Peace Pipe":43,"Anchor":63,"Ornamental Fan":101,"betterThird:SlimedRelic":17,"Snack Pack":13,"Membership Card":49,"ReplayTheSpireMod:Lightbulb":48,"Toy Ornithopter":33,"hubris:OldNail":43,"infinitespire:Midas Blood":19,"hubris:BottledRain":104},{"Ice Cream":284,"energizedSpire:UnstableMolecules":129,"Calipers":223,"CeramicFish":65,"Vajra":619,"Whetstone":205,"Sling":194,"Lizard Tail":254,"infinitespire:SolderingIron":245,"Replay:Frozen Program":524,"infinitespire:ShieldingShard":579,"Sundial":432,"infinitespire:Golems Mask":129,"MealTicket":294,"HandDrill":302,"Toxic Egg 2":205,"Counterbalance":291,"hubris:SphereOfDissonance":314,"Oddly Smooth Stone":557,"War Paint":319,"Du-Vu Doll":239,"SlaversCollar":351,"Replay:Baseball":351,"Molten Egg 2":349,"hubris:TenFootPole":384,"ReplayTheSpireMod:TigerMarble":532,"energizedSpire:OldTV":269,"Solar Panel":311,"ReplayFunnel":446,"hubris:Metronome":107,"Carrot":150,"Snecko Heart":118,"Torii":583,"StoneCalendar":284,"hubris:SlimyHat":357,"Incense Burner":427,"Replay:Mystery Machine":503,"Ancient Tea Set":583,"Empty Cage":597,"ClockworkSouvenir":314,"Replay:Bandana":569,"hubris:Backtick":223,"Shovel":609,"hubris:ScarierMask":330,"Replay:Bottled Eggs":18,"Cracked Core":0,"InkBottle":351,"hubris:GlazedTorus":8,"Lee\u0027s Waffle":90,"NeowsBlessing":0,"Golden Idol":145,"The Courier":107,"hubris:MedicalManual":406,"Geode":452,"hubris:Towel":376,"energizedSpire:DeadBattery":554,"Peace Pipe":212,"Anchor":314,"Ornamental Fan":480,"betterThird:SlimedRelic":90,"Snack Pack":70,"Membership Card":245,"ReplayTheSpireMod:Lightbulb":239,"Toy Ornithopter":162,"hubris:OldNail":212,"infinitespire:Midas Blood":94,"hubris:BottledRain":493}]},"card_choices":[{"not_picked":["Compile Driver","Coolheaded","Double Energy"],"picked":"SKIP","floor":1},{"not_picked":["Aggregate","Gash"],"picked":"Doom and Gloom","floor":3},{"not_picked":["Scrape","Sunder","Stack"],"picked":"SKIP","floor":5},{"not_picked":["Go for the Eyes","hubris:DoWhile","hubris:SpecializedCircuitry"],"picked":"SKIP","floor":6},{"not_picked":["Rip and Tear","hubris:PowerSurge","Streamline"],"picked":"SKIP","floor":8},{"not_picked":["Rip and Tear","Auto Shields"],"picked":"Conserve Battery","floor":11},{"not_picked":["Turbo","ReplaySort","Crystallizer"],"picked":"SKIP","floor":13},{"not_picked":["Melter","Time Bomb","Doom and Gloom"],"picked":"SKIP","floor":18},{"not_picked":["FIFO Queue","Beam Cell"],"picked":"Chill","floor":21},{"not_picked":["Redo","Chill+1","Coolheaded"],"picked":"SKIP","floor":22},{"not_picked":["Go for the Eyes","Barrage","Echo Form"],"picked":"SKIP","floor":28}],"player_experience":2563747,"relics_obtained":[{"floor":6,"key":"infinitespire:ShieldingShard"},{"floor":8,"key":"Torii"},{"floor":9,"key":"Ancient Tea Set"},{"floor":26,"key":"Shovel"},{"floor":28,"key":"Vajra"}],"event_choices":[{"damage_healed":0,"gold_gain":0,"player_choice":"Bought 0 Potions","damage_taken":0,"max_hp_gain":0,"max_hp_loss":0,"event_name":"The Woman in Blue","floor":19,"gold_loss":0},{"damage_healed":0,"gold_gain":0,"player_choice":"Got Potions","damage_taken":0,"max_hp_gain":0,"max_hp_loss":0,"event_name":"Lab","floor":20,"gold_loss":0},{"damage_healed":0,"gold_gain":100,"player_choice":"Pray","damage_taken":0,"max_hp_gain":0,"max_hp_loss":0,"event_name":"Golden Shrine","floor":27,"gold_loss":0}],"is_beta":false,"boss_relics":[{"not_picked":["Ectoplasm","ReplayTheSpireMod:DimensionalGlitch"],"picked":"Empty Cage"}],"items_purged_floors":[2,10],"is_endless":true,"potions_floor_spawned":[1,13,16,21,22],"killed_by":"Shelled Parasite and Fungi","ascension_level":0}}