{"host":"mmyob72dycyg5z21","time":1607682022,"event":{"mods":["AchievementEnabler","Act Like it!","Aspiration","BaseMod","Better Note","Better Third Choice","Better Vampires","Colored Powertips","Custom Start","Gremlin Skip","Minty Spire (QoL Compilation)","Rare Cards Sparkle","Remilia（蕾米莉亚）","Spicy Shops","StSLib","SuperFastMode","The Animator","【遗物Mod】死灵法师NEW","篝火指南","老伊莉雅"],"gold_per_floor":[113,132,132,146,146,146,146,146,146,146,167,167,183,207,207,332,332,356,68,268,48,48,84,84,120,145,185,1,1,40,59,59,183,183,204,219,219,219,232,275,275,275,275],"floor_reached":42,"playtime":2309,"items_purged":["Injury"],"score":689,"play_id":"5f0f784f-db9d-4900-b863-07d114e5d538","local_time":"20201211182022","is_ascension_mode":true,"campfire_choices":[{"data":"Survivor","floor":6.0,"key":"SMITH"},{"data":"Neutralize","floor":10.0,"key":"SMITH"},{"data":"Defend_G","floor":15.0,"key":"SMITH"},{"data":"Envenom","floor":24.0,"key":"SMITH"},{"floor":29.0,"key":"REST"},{"data":"Catalyst","floor":32.0,"key":"SMITH"},{"data":"After Image","floor":41,"key":"SMITH"}],"circlet_count":0,"master_deck":["Strike_G","Strike_G","Strike_G","Strike_G","Defend_G+1","Defend_G","Defend_G","Defend_G","Defend_G","Survivor+1","Neutralize+1","Slice+1","Catalyst+1","Cloak And Dagger+1","Blade Dance+1","Envenom+1","Prepared+1","Tactician+1","Noxious Fumes","Blur+1","Injury","Acrobatics+1","Reflex+1","Tactician+1","Calculated Gamble+1","Footwork","Envenom","Concentrate+1","After Image+1","Well Laid Plans+1","Quick Slash+1"],"relics":["Ring of the Snake","aspiration:Nostalgia","PrismaMod:PrismaTraceOn","Toxic Egg 2","Golden Idol","Eternal Feather","Sozu","Ninja Scroll","Frozen Eye","Pen Nib","The Courier","Smiling Mask","Membership Card","aspiration:ChemicalBlood","Potion Belt","Coffee Dripper","Darkstone Periapt"],"acts_visited":["TheBeyond"],"potions_floor_usage":[],"damage_taken":[{"damage":0.0,"enemies":"2 Louse","floor":1.0,"turns":4.0},{"damage":0.0,"enemies":"Cultist","floor":2.0,"turns":4.0},{"damage":1.0,"enemies":"Jaw Worm","floor":4.0,"turns":4.0},{"damage":1.0,"enemies":"Looter","floor":11.0,"turns":4.0},{"damage":0.0,"enemies":"3 Louse","floor":13.0,"turns":2.0},{"damage":2.0,"enemies":"Exordium Thugs","floor":14.0,"turns":5.0},{"damage":54.0,"enemies":"The Guardian","floor":16.0,"turns":14.0},{"damage":17.0,"enemies":"Spheric Guardian","floor":18.0,"turns":4.0},{"damage":24.0,"enemies":"Gremlin Leader","floor":23.0,"turns":7.0},{"damage":42.0,"enemies":"Slavers","floor":25.0,"turns":7.0},{"damage":6.0,"enemies":"Gremlin Leader","floor":27.0,"turns":6.0},{"damage":18.0,"enemies":"Slavers","floor":30.0,"turns":6.0},{"damage":0.0,"enemies":"Chosen","floor":31.0,"turns":3.0},{"damage":39,"enemies":"Collector","floor":33,"turns":7},{"damage":26,"enemies":"3 Darklings","floor":35,"turns":10},{"damage":0,"enemies":"3 Shapes","floor":36,"turns":6},{"damage":32,"enemies":"Spire Growth","floor":39,"turns":7},{"damage":28,"enemies":"Reptomancer","floor":40,"turns":7},{"damage":30,"enemies":"Nemesis","floor":42,"turns":6}],"seed_played":"-2567741297843309627","potions_obtained":[{"floor":2.0,"key":"PowerPotion"},{"floor":4.0,"key":"SneckoOil"},{"floor":11.0,"key":"DuplicationPotion"}],"is_trial":false,"path_per_floor":["M","M","?","M","?","R","?","?","T","R","M","?","M","M","R","B",null,"M","$","?","$","?","E","R","E","T","E","$","R","E","M","R","B",null,"M","M","?","?","M","E","R","E"],"character_chosen":"THE_SILENT","items_purchased":["Tactician+1","Noxious Fumes","Blur+1","Ninja Scroll","Frozen Eye","Acrobatics+1","Membership Card","Footwork","aspiration:ChemicalBlood"],"campfire_rested":1,"item_purchase_floors":[19,19,19,19,21,21,28,28,28],"current_hp_per_floor":[63,63,63,62,62,62,62,45,45,51,50,50,50,48,57,3,53,36,36,36,36,70,46,58,16,16,10,10,46,28,28,43,4,54,28,28,61,61,29,1,19,0,0],"gold":275,"neow_bonus":"NOSTALGIA","is_daily":false,"chose_seed":false,"campfire_upgraded":6,"win_rate":0.0,"timestamp":1607682022,"path_taken":["M","M","?","?","?","R","?","?","T","R","M","?","M","M","R","BOSS","M","$","?","?","?","E","R","E","T","E","$","R","E","M","R","BOSS","M","M","?","?","M","E","R","E"],"items_purchased_type":["Undefined","Card","Undefined","Relic","Relic","Undefined","Relic","Card","Relic"],"build_version":"2020-11-30","purchased_purges":1,"victory":false,"max_hp_per_floor":[70,70,70,70,70,70,70,70,70,70,70,70,70,70,70,70,70,70,70,70,70,70,70,70,70,70,70,70,70,70,70,70,70,70,70,70,61,61,61,61,61,61,61],"card_choices":[{"not_picked":["Well Laid Plans","Quick Slash"],"picked":"Slice","floor":1.0},{"not_picked":["Escape Plan","Masterful Stab","Deadly Poison"],"picked":"SKIP","floor":2.0},{"not_picked":["Cloak And Dagger","Backflip"],"picked":"Catalyst","floor":4.0},{"not_picked":["Bane","Flying Knee"],"picked":"Distraction+1","floor":11.0},{"not_picked":["Dagger Spray","Flying Knee"],"picked":"Cloak And Dagger+1","floor":13.0},{"not_picked":["Predator","Masterful Stab"],"picked":"Blade Dance+1","floor":14.0},{"not_picked":["Adrenaline+1","Storm of Steel+1"],"picked":"Envenom","floor":16.0},{"not_picked":["Backflip+1","Dagger Throw"],"picked":"Prepared+1","floor":18.0},{"not_picked":["Prepared+1","Noxious Fumes"],"picked":"Reflex+1","floor":23.0},{"not_picked":["Underhanded Strike","Choke+1"],"picked":"Tactician+1","floor":25.0},{"not_picked":["Cloak And Dagger+1","Skewer+1"],"picked":"Calculated Gamble+1","floor":27.0},{"not_picked":["Blur+1","Infinite Blades"],"picked":"Envenom","floor":30.0},{"not_picked":["Quick Slash+1","Deflect+1"],"picked":"Concentrate+1","floor":31.0},{"not_picked":["A Thousand Cuts","Adrenaline+1"],"picked":"After Image","floor":33},{"not_picked":["Sucker Punch+1","Noxious Fumes"],"picked":"Well Laid Plans+1","floor":35},{"not_picked":["Predator","Masterful Stab+1","Dagger Spray+1"],"picked":"SKIP","floor":36},{"not_picked":["Calculated Gamble+1","Flying Knee","Backstab"],"picked":"SKIP","floor":39},{"not_picked":["Venomology+1","Poisoned Stab"],"picked":"Quick Slash+1","floor":40}],"player_experience":398760,"relics_obtained":[{"floor":9.0,"key":"Eternal Feather"},{"floor":23.0,"key":"Pen Nib"},{"floor":25.0,"key":"The Courier"},{"floor":27.0,"key":"Smiling Mask"},{"floor":30.0,"key":"Potion Belt"},{"floor":40,"key":"Darkstone Periapt"}],"event_choices":[{"damage_healed":0.0,"max_hp_gain":0.0,"max_hp_loss":0.0,"gold_gain":0.0,"event_name":"Accursed Blacksmith","player_choice":"Forge","floor":3.0,"gold_loss":0.0,"damage_taken":0.0,"cards_upgraded":["Slice"]},{"cards_removed":["Strike_G"],"damage_healed":0.0,"max_hp_gain":0.0,"max_hp_loss":0.0,"gold_gain":0.0,"event_name":"Living Wall","player_choice":"Forget","floor":7.0,"gold_loss":0.0,"damage_taken":0.0},{"damage_healed":0.0,"max_hp_gain":0.0,"max_hp_loss":0.0,"gold_gain":0.0,"event_name":"Golden Idol","player_choice":"Take Damage","floor":8.0,"gold_loss":0.0,"damage_taken":17.0,"relics_obtained":["Golden Idol"]},{"damage_healed":0.0,"max_hp_gain":0.0,"max_hp_loss":0.0,"gold_gain":0.0,"event_name":"Match and Keep!","player_choice":"0 cards matched","floor":12.0,"gold_loss":0.0,"damage_taken":0.0,"cards_obtained":[]},{"damage_healed":0.0,"max_hp_gain":0.0,"max_hp_loss":0.0,"gold_gain":200.0,"event_name":"Wheel of Change","player_choice":"Gold","floor":20.0,"gold_loss":0.0,"damage_taken":0.0},{"cards_removed":["Distraction"],"damage_healed":34.0,"max_hp_gain":0.0,"max_hp_loss":0.0,"gold_gain":0.0,"event_name":"Bonfire Elementals","player_choice":"Offered Uncommon","floor":22.0,"gold_loss":0.0,"damage_taken":0.0},{"damage_healed":61,"gold_gain":0,"player_choice":"Heal","damage_taken":0,"max_hp_gain":0,"max_hp_loss":9,"event_name":"The Moai Head","floor":37,"gold_loss":0},{"damage_healed":0,"gold_gain":0,"player_choice":"Ignored","damage_taken":0,"max_hp_gain":0,"max_hp_loss":0,"event_name":"Tomb of Lord Red Mask","floor":38,"gold_loss":0}],"is_beta":false,"boss_relics":[{"not_picked":["RingOfChaos2","aspiration:FutureDiary"],"picked":"Sozu"},{"not_picked":["Philosopher\u0027s Stone","Ring of the Serpent"],"picked":"Coffee Dripper"}],"items_purged_floors":[21],"is_endless":false,"potions_floor_spawned":[2,4,11,18,27,31,33,35,40],"killed_by":"Nemesis","ascension_level":8}}