{"host":"kh6fvhxn285ncg0o","time":1607661358,"event":{"mods":["Act Like it!","BaseMod","Colored Map","Friendly Minions","Keyboard Shortcuts","Minty Spire (QoL Compilation)","Quick Restart","Relic Stats","StSLib","SuperFastMode"],"gold_per_floor":[116,116,127,144,144,178,103,138,138,172,172,272,290,320,320,396,396,407,425,445,477,491,517,517,548,573,573,848,848,874,285,285,359,359,370,370,370,384,400,429,429,444,444,464,490,515,549,771,771,771,771,771,771,114,139,139],"floor_reached":57,"playtime":1873,"items_purged":["Searing Blow","Fire Breathing","Power Through"],"score":3327,"play_id":"6762b2db-9b81-4f4c-b53c-bdb3be817c0b","local_time":"20201211133558","is_ascension_mode":true,"campfire_choices":[{"data":"Uppercut","floor":11.0,"key":"SMITH"},{"data":"Fire Breathing","floor":15.0,"key":"SMITH"},{"data":"Body Slam","floor":24.0,"key":"SMITH"},{"data":"Bash","floor":27.0,"key":"PURGE"},{"data":"Regret","floor":29.0,"key":"PURGE"},{"data":"Power Through","floor":32.0,"key":"SMITH"},{"data":"Evolve","floor":41.0,"key":"SMITH"},{"floor":49,"key":"RECALL"},{"data":"Immolate","floor":53,"key":"PURGE"}],"circlet_count":0,"master_deck":["AscendersBane","Uppercut+1","Fire Breathing+1","Carnage","Seeing Red","Power Through+1","Metallicize","Offering","Body Slam+1","Fire Breathing","Shrug It Off","Burning Pact","Battle Trance","Feel No Pain","Feed","Evolve+1","Barricade","Offering","Dark Embrace","Dual Wield+1","Reckless Charge+1","Finesse","Burning Pact"],"relics":["Burning Blood","NeowsBlessing","Question Card","Pear","Eternal Feather","Pen Nib","Pandora\u0027s Box","Red Mask","Dream Catcher","Peace Pipe","Bronze Scales","FossilizedHelix","TungstenRod","Strawberry","SlaversCollar","Mummified Hand","Thread and Needle","Pocketwatch","Blood Vial","Unceasing Top","Centennial Puzzle","Kunai","DollysMirror","Bottled Tornado"],"acts_visited":["Exordium","TheCity","TheBeyond","TheEnding"],"potions_floor_usage":[56,56],"damage_taken":[{"damage":0.0,"enemies":"Jaw Worm","floor":1.0,"turns":1.0},{"damage":0.0,"enemies":"Cultist","floor":3.0,"turns":1.0},{"damage":0.0,"enemies":"2 Louse","floor":4.0,"turns":1.0},{"damage":24.0,"enemies":"Gremlin Nob","floor":6.0,"turns":4.0},{"damage":20.0,"enemies":"Lagavulin","floor":8.0,"turns":6.0},{"damage":20.0,"enemies":"3 Sentries","floor":10.0,"turns":4.0},{"damage":10.0,"enemies":"Large Slime","floor":13.0,"turns":4.0},{"damage":0.0,"enemies":"Gremlin Nob","floor":14.0,"turns":2.0},{"damage":41.0,"enemies":"Hexaghost","floor":16.0,"turns":9.0},{"damage":6.0,"enemies":"Shell Parasite","floor":18.0,"turns":2.0},{"damage":6.0,"enemies":"3 Byrds","floor":19.0,"turns":3.0},{"damage":9.0,"enemies":"Sentry and Sphere","floor":20.0,"turns":3.0},{"damage":19.0,"enemies":"Masked Bandits","floor":21.0,"turns":3.0},{"damage":7.0,"enemies":"Snecko","floor":22.0,"turns":5.0},{"damage":6.0,"enemies":"Slavers","floor":23.0,"turns":2.0},{"damage":28.0,"enemies":"Gremlin Leader","floor":25.0,"turns":5.0},{"damage":19.0,"enemies":"Book of Stabbing","floor":30.0,"turns":4.0},{"damage":5.0,"enemies":"Automaton","floor":33.0,"turns":6.0},{"damage":4.0,"enemies":"3 Darklings","floor":35.0,"turns":3.0},{"damage":0.0,"enemies":"3 Shapes","floor":38.0,"turns":3.0},{"damage":5.0,"enemies":"Writhing Mass","floor":39.0,"turns":3.0},{"damage":15.0,"enemies":"Reptomancer","floor":40.0,"turns":4.0},{"damage":5.0,"enemies":"Transient","floor":42.0,"turns":5.0},{"damage":5.0,"enemies":"Sphere and 2 Shapes","floor":44.0,"turns":3.0},{"damage":5,"enemies":"Giant Head","floor":45,"turns":3},{"damage":0,"enemies":"Mind Bloom Boss Battle","floor":46,"turns":4},{"damage":36,"enemies":"Reptomancer","floor":47,"turns":4},{"damage":60,"enemies":"Awakened One","floor":50,"turns":9},{"damage":5,"enemies":"Donu and Deca","floor":51,"turns":4},{"damage":15,"enemies":"Shield and Spear","floor":55,"turns":4},{"damage":18,"enemies":"The Heart","floor":56,"turns":5}],"seed_played":"-3774993008566864020","potions_obtained":[{"floor":1.0,"key":"ColorlessPotion"},{"floor":6.0,"key":"Weak Potion"},{"floor":10.0,"key":"SteroidPotion"},{"floor":16.0,"key":"Swift Potion"},{"floor":19.0,"key":"ColorlessPotion"},{"floor":22.0,"key":"SpeedPotion"},{"floor":23.0,"key":"Energy Potion"},{"floor":42.0,"key":"Weak Potion"},{"floor":55,"key":"SneckoOil"}],"is_trial":false,"path_per_floor":["M","?","M","M","?","E","$","E","T","E","R","?","M","E","R","B",null,"M","M","M","?","M","E","R","E","T","R","?","R","E","$","R","B",null,"M","T","?","M","M","E","R","M","T","M","E","?","E","?","R","B","B",null,"R","$","E","B",null],"character_chosen":"IRONCLAD","items_purchased":["TungstenRod","Strawberry","Finesse","Kunai","DollysMirror"],"campfire_rested":0,"item_purchase_floors":[31,31,54,54,54],"current_hp_per_floor":[74,74,75,75,75,57,57,53,53,39,45,45,41,47,56,21,69,69,69,66,53,52,55,67,45,45,57,57,69,56,63,75,76,90,95,95,95,101,104,98,107,107,107,110,110,110,80,80,92,40,46,96,108,108,107,97],"gold":139,"neow_bonus":"THREE_ENEMY_KILL","is_daily":false,"chose_seed":false,"campfire_upgraded":5,"win_rate":0.0,"timestamp":1607661358,"path_taken":["M","?","M","?","?","E","$","E","T","E","R","?","M","E","R","BOSS","M","?","M","?","M","E","R","E","T","R","?","R","E","$","R","BOSS","M","?","?","M","?","E","R","M","T","M","E","?","E","?","R","BOSS","BOSS","R","$","E","BOSS"],"items_purchased_type":["Relic","Relic","Card","Relic","Relic"],"build_version":"2020-11-30","purchased_purges":3,"victory":true,"max_hp_per_floor":[75,75,75,75,75,75,75,85,85,85,85,85,85,85,85,85,85,85,85,85,85,85,88,88,88,88,88,88,88,88,95,95,95,95,98,98,98,101,104,107,107,107,107,110,110,110,110,110,110,110,113,113,113,113,119,119],"relic_stats":{"counters":[31,119],"Eternal Feather":96,"Pen Nib":[18],"Question Card":24,"Burning Blood":162,"Peace Pipe":3,"Blood Vial":8,"Dream Catcher":0,"Centennial Puzzle":[10],"Mummified Hand":[132],"Bronze Scales":[204],"Pandora\u0027s Box":["Fire Breathing","Metallicize","Offering","Body Slam","Fire Breathing","Shrug It Off","Power Through"],"Kunai":[10],"obtain_stats":[{"Pear":8,"NeowsBlessing":0,"Eternal Feather":10,"Thread and Needle":40,"Pen Nib":14,"Bottled Tornado":55,"Question Card":6,"Burning Blood":0,"Peace Pipe":25,"Blood Vial":45,"SlaversCollar":34,"Dream Catcher":23,"Centennial Puzzle":47,"Mummified Hand":36,"DollysMirror":54,"Bronze Scales":26,"Strawberry":31,"Pandora\u0027s Box":17,"Red Mask":21,"Kunai":54,"FossilizedHelix":30,"TungstenRod":31,"Unceasing Top":46,"Pocketwatch":43},{"Pear":5,"NeowsBlessing":0,"Eternal Feather":6,"Thread and Needle":22,"Pen Nib":8,"Bottled Tornado":30,"Question Card":4,"Burning Blood":0,"Peace Pipe":16,"Blood Vial":25,"SlaversCollar":18,"Dream Catcher":15,"Centennial Puzzle":27,"Mummified Hand":19,"DollysMirror":29,"Bronze Scales":16,"Strawberry":17,"Pandora\u0027s Box":9,"Red Mask":13,"Kunai":29,"FossilizedHelix":17,"TungstenRod":17,"Unceasing Top":26,"Pocketwatch":23},{"Pear":13,"NeowsBlessing":0,"Eternal Feather":17,"Thread and Needle":78,"Pen Nib":23,"Bottled Tornado":114,"Question Card":7,"Burning Blood":0,"Peace Pipe":55,"Blood Vial":89,"SlaversCollar":65,"Dream Catcher":50,"Centennial Puzzle":97,"Mummified Hand":68,"DollysMirror":110,"Bronze Scales":55,"Strawberry":59,"Pandora\u0027s Box":32,"Red Mask":43,"Kunai":110,"FossilizedHelix":59,"TungstenRod":59,"Unceasing Top":93,"Pocketwatch":83}],"TungstenRod":32,"Unceasing Top":[0],"Pocketwatch":[22]},"card_choices":[{"not_picked":["Seeing Red","Warcry"],"picked":"Dropkick","floor":1.0},{"not_picked":["Flex","Flame Barrier"],"picked":"Uppercut","floor":3.0},{"not_picked":["Heavy Blade","Clothesline","Wild Strike"],"picked":"SKIP","floor":4.0},{"not_picked":["Flex","Seeing Red"],"picked":"Fire Breathing","floor":6.0},{"not_picked":["Rupture","Sentinel","Flex","Sword Boomerang"],"picked":"SKIP","floor":8.0},{"not_picked":["Cleave","Flex","Reckless Charge"],"picked":"Carnage","floor":10.0},{"not_picked":["Perfected Strike","Reaper","Uppercut"],"picked":"Seeing Red","floor":13.0},{"not_picked":["Seeing Red","Bludgeon","Clothesline"],"picked":"Power Through","floor":14.0},{"not_picked":["Brutality","Bludgeon","Impervious"],"picked":"Immolate","floor":16.0},{"not_picked":["Dark Embrace","Heavy Blade","Wild Strike+1"],"picked":"Burning Pact","floor":18.0},{"not_picked":["Flex","Wild Strike","Clothesline"],"picked":"Battle Trance","floor":19.0},{"not_picked":["Flex","Thunderclap","Rage"],"picked":"Feel No Pain","floor":20.0},{"not_picked":["Intimidate","Anger","Clothesline"],"picked":"Feed","floor":21.0},{"not_picked":["Thunderclap","Flex+1","Blood for Blood","Heavy Blade"],"picked":"SKIP","floor":22.0},{"not_picked":["Exhume","Whirlwind+1","Heavy Blade"],"picked":"Evolve","floor":23.0},{"not_picked":["Fiend Fire","Armaments","Heavy Blade"],"picked":"Barricade","floor":25.0},{"not_picked":["Clash","Uppercut","Shrug It Off","Flame Barrier"],"picked":"SKIP","floor":30.0},{"not_picked":["Double Tap","Exhume","Limit Break"],"picked":"Offering","floor":33.0},{"not_picked":["Wild Strike","Headbutt","Pommel Strike","Twin Strike"],"picked":"SKIP","floor":35.0},{"not_picked":["Wild Strike","Headbutt","Pommel Strike","Twin Strike"],"picked":"SKIP","floor":35.0},{"not_picked":["True Grit","Flex","Whirlwind"],"picked":"Dark Embrace","floor":38.0},{"not_picked":["Carnage","Dark Embrace+1","Evolve"],"picked":"Dual Wield+1","floor":39.0},{"not_picked":["Combust","Pummel","Wild Strike"],"picked":"Reckless Charge+1","floor":40.0},{"not_picked":["Sentinel","Whirlwind+1","Armaments","Cleave"],"picked":"SKIP","floor":42.0},{"not_picked":["Cleave+1","Clothesline","Rupture","Intimidate"],"picked":"SKIP","floor":44.0},{"not_picked":["Carnage","Flex","Anger","Rage"],"picked":"SKIP","floor":45},{"not_picked":["Power Through","Sword Boomerang","Twin Strike","Headbutt+1"],"picked":"SKIP","floor":47},{"not_picked":["Sword Boomerang","Dark Embrace","Flex","Twin Strike"],"picked":"SKIP","floor":55}],"player_experience":3136529,"relics_obtained":[{"floor":6.0,"key":"Question Card"},{"floor":8.0,"key":"Pear"},{"floor":10.0,"key":"Eternal Feather"},{"floor":14.0,"key":"Pen Nib"},{"floor":21.0,"key":"Red Mask"},{"floor":23.0,"key":"Dream Catcher"},{"floor":25.0,"key":"Peace Pipe"},{"floor":26.0,"key":"Bronze Scales"},{"floor":30.0,"key":"FossilizedHelix"},{"floor":36.0,"key":"Mummified Hand"},{"floor":40.0,"key":"Thread and Needle"},{"floor":43.0,"key":"Pocketwatch"},{"floor":45,"key":"Blood Vial"},{"floor":46,"key":"Unceasing Top"},{"floor":47,"key":"Centennial Puzzle"},{"floor":55,"key":"Bottled Tornado"}],"event_choices":[{"damage_healed":0.0,"max_hp_gain":0.0,"max_hp_loss":0.0,"gold_gain":0.0,"cards_transformed":["Strike_R"],"event_name":"Transmorgrifier","player_choice":"Transformed","floor":2.0,"gold_loss":0.0,"damage_taken":0.0,"cards_obtained":["Searing Blow"]},{"cards_removed":["Strike_R"],"damage_healed":0.0,"max_hp_gain":0.0,"max_hp_loss":0.0,"gold_gain":0.0,"event_name":"Living Wall","player_choice":"Forget","floor":5.0,"gold_loss":0.0,"damage_taken":0.0},{"damage_healed":0.0,"max_hp_gain":0.0,"max_hp_loss":0.0,"gold_gain":100.0,"event_name":"Wheel of Change","player_choice":"Gold","floor":12.0,"gold_loss":0.0,"damage_taken":0.0},{"damage_healed":0.0,"max_hp_gain":0.0,"max_hp_loss":0.0,"gold_gain":0.0,"event_name":"Masked Bandits","player_choice":"Fought Bandits","floor":21.0,"gold_loss":0.0,"damage_taken":0.0},{"damage_healed":0.0,"max_hp_gain":0.0,"max_hp_loss":0.0,"gold_gain":275.0,"event_name":"Golden Shrine","player_choice":"Desecrate","floor":28.0,"gold_loss":0.0,"damage_taken":0.0,"cards_obtained":["Regret"]},{"cards_removed":["Dropkick"],"damage_healed":0.0,"max_hp_gain":0.0,"max_hp_loss":0.0,"gold_gain":0.0,"event_name":"Purifier","player_choice":"Purged","floor":37.0,"gold_loss":0.0,"damage_taken":0.0},{"damage_healed":0,"gold_gain":0,"player_choice":"Fight","damage_taken":0,"max_hp_gain":0,"max_hp_loss":0,"event_name":"MindBloom","floor":46,"gold_loss":0},{"damage_healed":0,"gold_gain":222,"player_choice":"Wore Mask","damage_taken":0,"max_hp_gain":0,"max_hp_loss":0,"event_name":"Tomb of Lord Red Mask","floor":48,"gold_loss":0}],"is_beta":false,"boss_relics":[{"not_picked":["Runic Cube","Calling Bell"],"picked":"Pandora\u0027s Box"},{"not_picked":["Runic Pyramid","SacredBark"],"picked":"SlaversCollar"}],"items_purged_floors":[7,31,54],"is_endless":false,"potions_floor_spawned":[1,6,10,16,19,20,22,23,33,35,42,45,46,47,55],"ascension_level":20}}