{"host":"07ljfmttuzqopd7f","time":1607670435,"event":{"mods":["2.2 Compatiblity","BaseMod","Block Reminder","Colored Map","Colored Powertips","Curses Come First","Hermit","Minty Spire (QoL Compilation)","Quick Restart","Random Character Button","Relic Stats","StSLib","The Cursed"],"gold_per_floor":[115,125,125,12,12,50,50,89,89,120,120,133,153,196,196,317,317,336,336,251,139,139,182,182,202,202,215,234,234,157,197,197,316,316,339,358,7,30,46,89,89,113,159,175,508,508,36,46,46,46,46,46,4,38,38,38],"floor_reached":55,"playtime":2404,"items_purged":["hermit:Defend_Hermit","hermit:Defend_Hermit","hermit:Strike_Hermit"],"score":973,"play_id":"d3c9bf3b-a188-4d61-9257-2d3d5de18f53","local_time":"20201211020715","is_ascension_mode":true,"campfire_choices":[{"data":"hermit:Dive","floor":7,"key":"SMITH"},{"floor":15,"key":"REST"},{"data":"hermit:RoundhouseKick","floor":24,"key":"SMITH"},{"data":"hermit:CursedWeapon","floor":29,"key":"SMITH"},{"floor":32,"key":"REST"},{"floor":41,"key":"REST"},{"floor":46,"key":"RECALL"},{"data":"hermit:Malice","floor":49,"key":"SMITH"},{"data":"hermit:Brawl","floor":52,"key":"SMITH"}],"circlet_count":0,"master_deck":["hermit:Snapshot","hermit:Covet","hermit:LoneWolf+1","hermit:Dive+1","hermit:Horror","hermit:Malice+1","hermit:Feint","hermit:PistolWhip","hermit:WideOpen","hermit:RoundhouseKick+1","hermit:Glare+1","hermit:HeroicBravado+1","hermit:FromBeyond+1","hermit:Dissolve+1","hermit:NoHoldsBarred+1","hermit:Gestalt+1","hermit:Horror+1","hermit:GhostlyPresence+1","hermit:CursedWeapon+1","hermit:RoundhouseKick","hermit:BlackWind","hermit:Brawl+1","Parasite","hermit:LowProfile+1","hermit:SprayPray"],"relics":["hermit:Momento","NeowsBlessing","FossilizedHelix","InkBottle","Sundial","Toxic Egg 2","Happy Flower","Astrolabe","Shuriken","The Courier","StrikeDummy","Lizard Tail","Kunai","Busted Crown","Bag of Marbles","Sling","Dream Catcher","hermit:PetGhost","Pantograph","Du-Vu Doll"],"acts_visited":["Exordium","TheCity","TheBeyond","TheEnding"],"potions_floor_usage":[10,23,23,23,33,39,50,50,50,54],"damage_taken":[{"damage":0,"enemies":"2 Louse","floor":1,"turns":1},{"damage":0,"enemies":"Small Slimes","floor":2,"turns":1},{"damage":0,"enemies":"3 Sentries","floor":6,"turns":2},{"damage":31,"enemies":"Lagavulin","floor":8,"turns":7},{"damage":10,"enemies":"3 Sentries","floor":10,"turns":11},{"damage":0,"enemies":"Cultist","floor":12,"turns":3},{"damage":0,"enemies":"Large Slime","floor":13,"turns":4},{"damage":0,"enemies":"Gremlin Nob","floor":14,"turns":4},{"damage":23,"enemies":"The Guardian","floor":16,"turns":12},{"damage":0,"enemies":"Spheric Guardian","floor":18,"turns":4},{"damage":13,"enemies":"Gremlin Leader","floor":23,"turns":5},{"damage":3,"enemies":"3 Byrds","floor":25,"turns":4},{"damage":1,"enemies":"Shelled Parasite and Fungi","floor":27,"turns":4},{"damage":0,"enemies":"Centurion and Healer","floor":28,"turns":4},{"damage":31,"enemies":"Slavers","floor":31,"turns":5},{"damage":3,"enemies":"Champ","floor":33,"turns":10},{"damage":17,"enemies":"3 Shapes","floor":35,"turns":4},{"damage":2,"enemies":"Orb Walker","floor":36,"turns":2},{"damage":3,"enemies":"Maw","floor":38,"turns":7},{"damage":12,"enemies":"Sphere and 2 Shapes","floor":39,"turns":1},{"damage":0,"enemies":"Reptomancer","floor":40,"turns":5},{"damage":0,"enemies":"Jaw Worm Horde","floor":42,"turns":2},{"damage":4,"enemies":"Writhing Mass","floor":44,"turns":4},{"damage":1,"enemies":"3 Darklings","floor":48,"turns":3},{"damage":56,"enemies":"Donu and Deca","floor":50,"turns":9},{"damage":60,"enemies":"Shield and Spear","floor":54,"turns":5},{"damage":100087,"enemies":"The Heart","floor":55,"turns":8}],"seed_played":"-3823915281737976843","potions_obtained":[{"floor":1,"key":"LiquidBronze"},{"floor":6,"key":"EssenceOfSteel"},{"floor":14,"key":"LiquidBronze"},{"floor":16,"key":"LiquidBronze"},{"floor":18,"key":"Fire Potion"},{"floor":31,"key":"LiquidMemories"},{"floor":33,"key":"Strength Potion"},{"floor":38,"key":"Fire Potion"},{"floor":39,"key":"FearPotion"},{"floor":48,"key":"SteroidPotion"}],"is_trial":false,"path_per_floor":["M","M","?","$","?","E","R","E","T","E","?","M","M","E","R","B",null,"M","?","?","$","?","E","R","M","T","M","M","R","?","E","R","B",null,"M","M","$","M","M","E","R","M","T","M","?","R","$","M","R","B",null,"R","$","E","B"],"character_chosen":"HERMIT","items_purchased":["hermit:Horror","hermit:Malice","hermit:Horror+1","hermit:Brawl","Bag of Marbles","Sling","hermit:PetGhost","Pantograph","hermit:LowProfile+1","hermit:SprayPray","hermit:Tonic"],"campfire_rested":3,"item_purchase_floors":[4,4,21,37,37,37,47,47,47,47,53],"current_hp_per_floor":[75,75,75,75,69,69,69,38,38,28,21,21,21,21,41,18,69,69,69,69,69,69,56,56,53,53,52,52,52,52,21,41,38,69,52,50,50,47,35,35,55,55,55,51,51,51,51,50,50,13,69,69,69,9,0,0],"gold":38,"neow_bonus":"THREE_ENEMY_KILL","is_daily":false,"chose_seed":false,"campfire_upgraded":5,"win_rate":0.0,"timestamp":1607670435,"path_taken":["M","M","?","$","?","E","R","E","T","E","?","M","M","E","R","BOSS","M","?","?","$","?","E","R","M","T","?","M","R","?","E","R","BOSS","M","M","$","M","M","E","R","M","T","?","?","R","$","M","R","BOSS","R","$","E","BOSS"],"items_purchased_type":["Card","Card","Undefined","Card","Relic","Relic","Relic","Relic","Undefined","Card","Potion"],"build_version":"2020-11-30","purchased_purges":3,"victory":false,"max_hp_per_floor":[75,75,75,75,69,69,69,69,69,69,69,69,69,69,69,69,69,69,69,69,69,69,69,69,69,69,69,69,69,69,69,69,69,69,69,69,69,69,69,69,69,69,69,69,69,69,69,69,69,69,69,69,69,69,69,69],"relic_stats":{"Lizard Tail":34,"Dream Catcher":1,"Busted Crown":20,"Happy Flower":[32],"counters":[27,131],"Sundial":[14],"Shuriken":[15],"Astrolabe":["hermit:FromBeyond","hermit:Dissolve","hermit:NoHoldsBarred"],"Pantograph":44,"Kunai":[11],"obtain_stats":[{"NeowsBlessing":0,"Happy Flower":14,"Golden Idol":5,"Astrolabe":17,"The Courier":23,"Sling":37,"Du-Vu Doll":54,"Lizard Tail":30,"Dream Catcher":40,"Busted Crown":34,"hermit:PetGhost":47,"Sundial":9,"Shuriken":20,"Pantograph":47,"Bag of Marbles":37,"Kunai":31,"Toxic Egg 2":10,"StrikeDummy":26,"hermit:Momento":0,"FossilizedHelix":6,"InkBottle":8},{"NeowsBlessing":0,"Happy Flower":8,"Golden Idol":2,"Astrolabe":9,"The Courier":11,"Sling":18,"Du-Vu Doll":26,"Lizard Tail":14,"Dream Catcher":21,"Busted Crown":16,"hermit:PetGhost":23,"Sundial":4,"Shuriken":10,"Pantograph":23,"Bag of Marbles":18,"Kunai":15,"Toxic Egg 2":5,"StrikeDummy":12,"hermit:Momento":0,"FossilizedHelix":3,"InkBottle":4},{"NeowsBlessing":0,"Happy Flower":33,"Golden Idol":2,"Astrolabe":45,"The Courier":54,"Sling":87,"Du-Vu Doll":123,"Lizard Tail":66,"Dream Catcher":100,"Busted Crown":81,"hermit:PetGhost":106,"Sundial":11,"Shuriken":49,"Pantograph":106,"Bag of Marbles":87,"Kunai":71,"Toxic Egg 2":22,"StrikeDummy":58,"hermit:Momento":0,"FossilizedHelix":4,"InkBottle":11}],"InkBottle":[38]},"card_choices":[{"not_picked":["hermit:HoleUp","hermit:CalledShot"],"picked":"hermit:LoneWolf","floor":1},{"not_picked":["hermit:Desperado","hermit:HoleUp"],"picked":"hermit:Dive","floor":2},{"not_picked":["hermit:LoneWolf","hermit:Coalescence"],"picked":"hermit:Feint","floor":6},{"not_picked":["hermit:CalledShot","hermit:Dive"],"picked":"hermit:PistolWhip","floor":8},{"not_picked":["hermit:Grudge","hermit:TrackingShot"],"picked":"hermit:WideOpen","floor":10},{"not_picked":["hermit:Dive+1","hermit:BodyArmor+1","hermit:LoneWolf+1"],"picked":"SKIP","floor":12},{"not_picked":["hermit:Roulette","hermit:Feint+1"],"picked":"hermit:RoundhouseKick","floor":13},{"not_picked":["hermit:Feint+1","hermit:Roulette"],"picked":"hermit:Glare+1","floor":14},{"not_picked":["hermit:Dissolve+1","hermit:EternalForm"],"picked":"hermit:HeroicBravado+1","floor":16},{"not_picked":["hermit:HighCaliber","hermit:Desperado"],"picked":"hermit:Gestalt+1","floor":18},{"not_picked":["hermit:Manifest+1","hermit:HighCaliber"],"picked":"hermit:GhostlyPresence+1","floor":23},{"not_picked":["hermit:DeadOrAlive","hermit:Snipe+1","hermit:Coalescence+1"],"picked":"SKIP","floor":25},{"not_picked":["hermit:FullyLoaded+1","hermit:WideOpen","hermit:Shortfuse"],"picked":"SKIP","floor":27},{"not_picked":["hermit:Combo","hermit:LowProfile+1"],"picked":"hermit:CursedWeapon","floor":28},{"not_picked":["hermit:Combo","hermit:Dive+1"],"picked":"hermit:RoundhouseKick","floor":31},{"not_picked":["hermit:DeadOrAlive","hermit:Dissolve+1"],"picked":"hermit:BlackWind","floor":33},{"not_picked":["hermit:HighCaliber+1"],"picked":"SKIP","floor":35},{"not_picked":["hermit:Maintenance+1"],"picked":"SKIP","floor":36},{"not_picked":["hermit:Showdown"],"picked":"SKIP","floor":38},{"not_picked":["hermit:Ricochet"],"picked":"SKIP","floor":39},{"not_picked":["hermit:HighCaliber+1"],"picked":"SKIP","floor":40},{"not_picked":["hermit:Manifest+1"],"picked":"SKIP","floor":42},{"not_picked":["hermit:TrackingShot+1"],"picked":"SKIP","floor":44},{"not_picked":["hermit:Manifest+1"],"picked":"SKIP","floor":48},{"not_picked":["hermit:Midnight+1"],"picked":"SKIP","floor":54}],"player_experience":368611,"relics_obtained":[{"floor":6,"key":"FossilizedHelix"},{"floor":8,"key":"InkBottle"},{"floor":9,"key":"Sundial"},{"floor":10,"key":"Toxic Egg 2"},{"floor":14,"key":"Happy Flower"},{"floor":23,"key":"The Courier"},{"floor":26,"key":"StrikeDummy"},{"floor":31,"key":"Kunai"},{"floor":40,"key":"Dream Catcher"},{"floor":54,"key":"Du-Vu Doll"}],"event_choices":[{"damage_healed":0,"gold_gain":0,"player_choice":"Grow","damage_taken":0,"max_hp_gain":0,"max_hp_loss":0,"event_name":"Living Wall","floor":3,"gold_loss":0,"cards_upgraded":["hermit:LoneWolf"]},{"damage_healed":0,"gold_gain":0,"player_choice":"Lose Max HP","damage_taken":0,"relics_obtained":["Golden Idol"],"max_hp_gain":0,"max_hp_loss":6,"event_name":"Golden Idol","floor":5,"gold_loss":0},{"cards_removed":["hermit:Strike_Hermit"],"damage_healed":0,"gold_gain":0,"player_choice":"Card Removal","damage_taken":7,"max_hp_gain":0,"max_hp_loss":0,"event_name":"Golden Wing","floor":11,"gold_loss":0},{"damage_healed":0,"gold_gain":0,"player_choice":"Ignored","damage_taken":0,"max_hp_gain":0,"max_hp_loss":0,"event_name":"Ghosts","floor":19,"gold_loss":0},{"damage_healed":0,"gold_gain":0,"player_choice":"Obtained Relic","damage_taken":0,"relics_obtained":["Shuriken"],"max_hp_gain":0,"max_hp_loss":0,"event_name":"Addict","floor":20,"gold_loss":85},{"cards_removed":["hermit:Strike_Hermit"],"damage_healed":0,"gold_gain":0,"player_choice":"Offered Basic","damage_taken":0,"max_hp_gain":0,"max_hp_loss":0,"event_name":"Bonfire Elementals","floor":22,"gold_loss":0},{"damage_healed":0,"gold_gain":0,"player_choice":"Paid Gold","damage_taken":0,"relics_obtained":["Lizard Tail"],"max_hp_gain":0,"max_hp_loss":0,"event_name":"WeMeetAgain","floor":30,"gold_loss":77},{"damage_healed":0,"gold_gain":333,"player_choice":"Gave Idol","damage_taken":0,"max_hp_gain":0,"max_hp_loss":0,"event_name":"The Moai Head","floor":45,"relics_lost":["Golden Idol"],"gold_loss":0}],"is_beta":false,"boss_relics":[{"not_picked":["Fusion Hammer","hermit:BartenderGlass"],"picked":"Astrolabe"},{"not_picked":["Philosopher\u0027s Stone","Velvet Choker"],"picked":"Busted Crown"}],"items_purged_floors":[21,37,47],"is_endless":false,"potions_floor_spawned":[1,6,14,16,18,31,33,38,39,48],"killed_by":"The Heart","ascension_level":4}}