{"host":"2pgz2fctomabfk86","time":1607684129,"event":{"mods":["AchievementEnabler","BaseMod","Colored Map","DeckTracker","Minty Spire (QoL Compilation)","StSLib","SuperFastMode"],"gold_per_floor":[113,127,138,149,149,177,177,177,177,177,190,217,236,261,261,338,338,352,352,366,366,384,417,417,450,476,476,23,23,55,73,73,147,147,165,218,135,135,135,170,204,215,215,248,266,301,301,301,301,301],"floor_reached":51,"playtime":1916,"items_purged":["Strike_R+1"],"score":1819,"play_id":"004ac4b9-3736-4371-9e42-639bb050ae07","local_time":"20201211195529","is_ascension_mode":true,"campfire_choices":[{"data":"Immolate","floor":7.0,"key":"SMITH"},{"data":"Dropkick","floor":10.0,"key":"SMITH"},{"data":"Bash","floor":15.0,"key":"SMITH"},{"data":"Feel No Pain","floor":24.0,"key":"SMITH"},{"data":"Seeing Red","floor":27.0,"key":"SMITH"},{"data":"Inflame","floor":29.0,"key":"SMITH"},{"floor":32.0,"key":"REST"},{"data":"Dual Wield","floor":47,"key":"SMITH"},{"data":"Bash+1","floor":49,"key":"PURGE"}],"circlet_count":0,"master_deck":["AscendersBane","Defend_R","Defend_R","Defend_R","Defend_R","Dropkick+1","Feel No Pain+1","Disarm","Seeing Red+1","Corruption+1","Dark Embrace+1","Whirlwind+1","Rage","Disarm","Sentinel","Uppercut","Inflame+1","Armaments","Offering","Power Through","True Grit+1","Shrug It Off","Dropkick+1","Flex+1","Exhume","Thinking Ahead","Finesse","Dropkick+1","Seeing Red","Sentinel","Dual Wield+1"],"relics":["Burning Blood","Boot","Akabeko","Bottled Flame","Odd Mushroom","Astrolabe","FossilizedHelix","Pear","Happy Flower","Whetstone","Membership Card","Bottled Tornado","Kunai","Empty Cage","WingedGreaves","Orrery","Potion Belt","Charon\u0027s Ashes","Peace Pipe","Strawberry","Letter Opener"],"acts_visited":["Exordium","TheCity","TheBeyond"],"potions_floor_usage":[44,50,50,50],"damage_taken":[{"damage":3.0,"enemies":"Small Slimes","floor":1.0,"turns":2.0},{"damage":7.0,"enemies":"Jaw Worm","floor":2.0,"turns":3.0},{"damage":3.0,"enemies":"2 Louse","floor":3.0,"turns":2.0},{"damage":13.0,"enemies":"Red Slaver","floor":4.0,"turns":4.0},{"damage":20.0,"enemies":"3 Sentries","floor":6.0,"turns":3.0},{"damage":4.0,"enemies":"Looter","floor":11.0,"turns":3.0},{"damage":8.0,"enemies":"Gremlin Nob","floor":12.0,"turns":3.0},{"damage":6.0,"enemies":"Exordium Thugs","floor":13.0,"turns":2.0},{"damage":0.0,"enemies":"The Mushroom Lair","floor":14.0,"turns":1.0},{"damage":58.0,"enemies":"Slime Boss","floor":16.0,"turns":7.0},{"damage":0.0,"enemies":"2 Thieves","floor":18.0,"turns":1.0},{"damage":25.0,"enemies":"Shell Parasite","floor":20.0,"turns":7.0},{"damage":0.0,"enemies":"Cultist and Chosen","floor":22.0,"turns":4.0},{"damage":10.0,"enemies":"Gremlin Leader","floor":23.0,"turns":5.0},{"damage":21.0,"enemies":"Slavers","floor":25.0,"turns":2.0},{"damage":23.0,"enemies":"Book of Stabbing","floor":30.0,"turns":4.0},{"damage":16.0,"enemies":"Snake Plant","floor":31.0,"turns":5.0},{"damage":71.0,"enemies":"Automaton","floor":33.0,"turns":9.0},{"damage":6.0,"enemies":"3 Darklings","floor":35.0,"turns":2.0},{"damage":6.0,"enemies":"2 Orb Walkers","floor":36.0,"turns":3.0},{"damage":6,"enemies":"Nemesis","floor":40,"turns":3},{"damage":6,"enemies":"Giant Head","floor":41,"turns":3},{"damage":18,"enemies":"3 Shapes","floor":42,"turns":2},{"damage":0,"enemies":"Reptomancer","floor":44,"turns":3},{"damage":14,"enemies":"3 Darklings","floor":45,"turns":2},{"damage":6,"enemies":"Nemesis","floor":46,"turns":3},{"damage":6,"enemies":"Time Eater","floor":50,"turns":8}],"seed_played":"7495154820173952538","potions_obtained":[{"floor":1.0,"key":"DistilledChaos"},{"floor":4.0,"key":"ColorlessPotion"},{"floor":11.0,"key":"Dexterity Potion"},{"floor":14.0,"key":"AttackPotion"},{"floor":25.0,"key":"Strength Potion"},{"floor":33.0,"key":"CultistPotion"},{"floor":35.0,"key":"LiquidBronze"},{"floor":41,"key":"Swift Potion"},{"floor":46,"key":"LiquidMemories"}],"is_trial":false,"path_per_floor":["M","M","M","M","?","E","R","?","T","R","M","E","M","?","R","B",null,"M","?","M","?","M","E","R","E","T","R","$","R","E","M","R","B",null,"M","?","$","?","?","E","E","M","T","E","M","E","R","?","R","B",null],"character_chosen":"IRONCLAD","items_purchased":["Membership Card","Bottled Tornado","Sentinel","Uppercut","Inflame","Orrery"],"campfire_rested":1,"item_purchase_floors":[28,28,28,28,28,37],"current_hp_per_floor":[53,52,55,48,41,27,27,27,27,27,29,27,27,33,33,31,64,70,70,51,51,57,63,63,48,48,48,48,48,31,21,46,31,72,72,72,72,62,62,62,62,50,50,63,55,55,55,55,55,55],"gold":301,"neow_bonus":"THREE_RARE_CARDS","is_daily":false,"chose_seed":false,"campfire_upgraded":7,"win_rate":0.0,"timestamp":1607684129,"path_taken":["M","M","M","M","?","E","R","?","T","R","M","E","?","?","R","BOSS","M","?","?","?","M","E","R","E","T","R","$","R","E","M","R","BOSS","M","?","$","?","?","E","E","M","T","E","M","E","R","?","R","BOSS"],"items_purchased_type":["Relic","Relic","Card","Card","Card","Relic"],"build_version":"2020-11-30","purchased_purges":1,"victory":true,"max_hp_per_floor":[75,75,75,75,75,75,75,75,75,75,75,75,75,75,75,75,75,75,75,75,75,75,85,85,85,85,85,85,85,85,85,85,85,85,85,85,85,85,81,81,81,81,81,88,88,88,88,88,88,88],"card_choices":[{"not_picked":["Barricade","Juggernaut"],"picked":"Immolate","floor":0.0},{"not_picked":["Hemokinesis","Sentinel"],"picked":"Headbutt","floor":1.0},{"not_picked":["Disarm","Sever Soul"],"picked":"Dropkick","floor":2.0},{"not_picked":["True Grit","Rupture"],"picked":"Feel No Pain","floor":3.0},{"not_picked":["Headbutt","Sword Boomerang"],"picked":"Disarm","floor":4.0},{"not_picked":["Twin Strike","Flex","Headbutt"],"picked":"SKIP","floor":6.0},{"not_picked":["Flex","Wild Strike"],"picked":"Seeing Red","floor":11.0},{"not_picked":["Clothesline","Flex"],"picked":"Thunderclap","floor":12.0},{"not_picked":["Pummel","Rampage","Flame Barrier"],"picked":"SKIP","floor":13.0},{"not_picked":["Reaper","Fiend Fire"],"picked":"Corruption","floor":16.0},{"not_picked":["Evolve","Heavy Blade"],"picked":"Rage","floor":18.0},{"not_picked":["Heavy Blade","Sword Boomerang+1","Anger"],"picked":"SKIP","floor":20.0},{"not_picked":["Sword Boomerang","Body Slam+1","Carnage"],"picked":"SKIP","floor":22.0},{"not_picked":["Feed","Blood for Blood"],"picked":"Disarm","floor":23.0},{"not_picked":["Perfected Strike","Cleave","Anger"],"picked":"SKIP","floor":25.0},{"not_picked":["Rampage","Hemokinesis"],"picked":"Armaments","floor":30.0},{"not_picked":["Anger","Headbutt","Demon Form"],"picked":"SKIP","floor":31.0},{"not_picked":["Feed","Double Tap"],"picked":"Offering","floor":33.0},{"not_picked":["Flex","Pommel Strike+1"],"picked":"Power Through","floor":35.0},{"not_picked":["Anger+1","Shrug It Off"],"picked":"True Grit+1","floor":36.0},{"not_picked":["Body Slam","True Grit"],"picked":"Shrug It Off","floor":37.0},{"not_picked":["Heavy Blade","Flame Barrier"],"picked":"Dropkick+1","floor":37.0},{"not_picked":["Wild Strike+1","Thunderclap+1"],"picked":"Flex+1","floor":37.0},{"not_picked":["Wild Strike","Blood for Blood"],"picked":"Exhume","floor":37.0},{"not_picked":["Secret Weapon","Master of Strategy"],"picked":"Thinking Ahead","floor":38},{"not_picked":["Metamorphosis","PanicButton"],"picked":"Finesse","floor":38},{"not_picked":["Brutality","Flex"],"picked":"Dropkick+1","floor":40},{"not_picked":["Infernal Blade","Body Slam"],"picked":"Seeing Red","floor":41},{"not_picked":["Sword Boomerang","Pummel","Body Slam"],"picked":"SKIP","floor":42},{"not_picked":["Headbutt","Anger+1","Pommel Strike"],"picked":"SKIP","floor":44},{"not_picked":["Warcry","Clothesline"],"picked":"Sentinel","floor":45},{"not_picked":["Armaments","Havoc"],"picked":"Dual Wield","floor":46}],"player_experience":890938,"relics_obtained":[{"floor":6.0,"key":"Boot"},{"floor":9.0,"key":"Akabeko"},{"floor":12.0,"key":"Bottled Flame"},{"floor":14.0,"key":"Odd Mushroom"},{"floor":23.0,"key":"Pear"},{"floor":25.0,"key":"Happy Flower"},{"floor":26.0,"key":"Whetstone"},{"floor":30.0,"key":"Kunai"},{"floor":36.0,"key":"WingedGreaves"},{"floor":40,"key":"Potion Belt"},{"floor":41,"key":"Charon\u0027s Ashes"},{"floor":43,"key":"Peace Pipe"},{"floor":44,"key":"Strawberry"},{"floor":46,"key":"Letter Opener"}],"event_choices":[{"cards_removed":["Strike_R"],"damage_healed":0.0,"max_hp_gain":0.0,"max_hp_loss":0.0,"gold_gain":0.0,"event_name":"Golden Wing","player_choice":"Card Removal","floor":5.0,"gold_loss":0.0,"damage_taken":7.0},{"damage_healed":0.0,"max_hp_gain":0.0,"max_hp_loss":0.0,"gold_gain":0.0,"event_name":"Liars Game","player_choice":"Ignored","floor":8.0,"gold_loss":0.0,"damage_taken":0.0},{"damage_healed":0.0,"max_hp_gain":0.0,"max_hp_loss":0.0,"gold_gain":0.0,"event_name":"Mushrooms","player_choice":"Fought Mushrooms","floor":14.0,"gold_loss":0.0,"damage_taken":0.0},{"cards_removed":["Brutality"],"damage_healed":0.0,"max_hp_gain":0.0,"max_hp_loss":0.0,"gold_gain":0.0,"event_name":"WeMeetAgain","player_choice":"Gave Card","floor":19.0,"gold_loss":0.0,"damage_taken":0.0,"relics_obtained":["FossilizedHelix"]},{"damage_healed":0.0,"max_hp_gain":0.0,"max_hp_loss":0.0,"gold_gain":0.0,"event_name":"Upgrade Shrine","player_choice":"Upgraded","floor":21.0,"gold_loss":0.0,"damage_taken":0.0,"cards_upgraded":["Corruption"]},{"damage_healed":0.0,"max_hp_gain":0.0,"max_hp_loss":0.0,"gold_gain":0.0,"event_name":"Mysterious Sphere","player_choice":"Fight","floor":36.0,"gold_loss":0.0,"damage_taken":0.0},{"damage_healed":0,"gold_gain":0,"player_choice":"Memory 3","damage_taken":10,"max_hp_gain":0,"max_hp_loss":0,"event_name":"SensoryStone","floor":38,"gold_loss":0},{"damage_healed":0,"gold_gain":0,"player_choice":"Max HP","damage_taken":0,"max_hp_gain":0,"max_hp_loss":4,"event_name":"Winding Halls","floor":39,"gold_loss":0},{"cards_removed":["Thunderclap"],"damage_healed":0,"gold_gain":0,"player_choice":"Removed Attack","damage_taken":0,"max_hp_gain":0,"max_hp_loss":0,"event_name":"Falling","floor":48,"gold_loss":0}],"is_beta":false,"boss_relics":[{"not_picked":["Fusion Hammer","Runic Pyramid"],"picked":"Astrolabe"},{"not_picked":["Velvet Choker","Snecko Eye"],"picked":"Empty Cage"}],"items_purged_floors":[28],"is_endless":false,"potions_floor_spawned":[1,4,11,12,14,25,33,35,41,46],"ascension_level":17}}