{"host":"pszcj3piwl6eu8b1","time":1607708009,"event":{"mods":["2.2 Compatiblity","Act Like it!","Aspiration","BaseMod","Better Altar","Better Match","Better Note","Better Sensory Stone","Better Skull","Better Third Choice","Better Vampires","CCEM","CapriCore","Downfall","Elementarium","Energized Spire","Gensokyo","GifTheSpireLib","Hallownest","Hermit","Hubris","Humility","Jorbs\u0027s Wanderer Trilogy","Marisa????????","Marked Mod","Menagerie","Minty Spire (QoL Compilation)","Permanent Neow","Quarter Circle Forward PUNCH!","Quick Restart","RNG Fix","Replay The Spire","Shop Mod","StSLib","Stuff the Spire","The Animator","The Blue Laboratory","The Hayseed","The Immortal","Wandering Minibosses","vexMod"],"gold_per_floor":[114,481,481,55,55,55,55],"floor_reached":6,"playtime":199,"items_purged":["Defend_R"],"score":64,"play_id":"30883b9b-6ccb-4f1c-800e-c108166db6ef","local_time":"20201211093329","is_ascension_mode":true,"campfire_choices":[],"circlet_count":0,"master_deck":["AscendersBane","animator:Strike_MadokaMagica","animator:Defend_MadokaMagica","animator:Strike","animator:Strike","animator:Defend","animator:Defend","animator:IrohaTamaki","animator:YuiTsuruno","stsjorbsmod:CoupDeGrace","animator:IrohaTamaki"],"relics":["animator:LivingPicture","animator:TheMissingPiece","animator:PurgingStone","Gensokyo:OccultBall","aspiration:Nostalgia","Guardian:ModeShifter","StuffTheSpire:GrapeVine"],"acts_visited":["Gensokyo:Gensokyo"],"potions_floor_usage":[],"damage_taken":[{"damage":5.0,"enemies":"Gensokyo:2_Kodama","floor":1.0,"turns":4.0},{"damage":7,"enemies":"Gensokyo:Aya","floor":6,"turns":3}],"seed_played":"-2197382049874150758","potions_obtained":[],"is_trial":false,"path_per_floor":["M","?","?","$","?","E"],"character_chosen":"THE_ANIMATOR","items_purchased":["animator:IrohaTamaki","aspiration:Nostalgia","StuffTheSpire:GrapeVine"],"campfire_rested":0,"item_purchase_floors":[4,4,4],"current_hp_per_floor":[49,20,20,20,5,0,0],"gold":55,"neow_bonus":"RANDOM_COLORLESS_2","is_daily":false,"chose_seed":false,"campfire_upgraded":0,"win_rate":0.0,"timestamp":1607708009,"path_taken":["M","?","?","?","?","E"],"items_purchased_type":["Card","Relic","Relic"],"build_version":"2020-11-30","purchased_purges":1,"victory":false,"max_hp_per_floor":[60,60,60,60,60,60,60],"card_choices":[{"not_picked":["animator:Hibiki","animator:Lelouch"],"picked":"animator:Kira","floor":0.0},{"not_picked":["animator:Yoichi","animator:GuildGirl","animator:DolaCouronne"],"picked":"SKIP","floor":1.0}],"player_experience":1542484,"relics_obtained":[],"event_choices":[{"damage_healed":0.0,"max_hp_gain":0.0,"max_hp_loss":0.0,"gold_gain":367.0,"event_name":"betterSkull:BetterSkull","player_choice":"GO GO GO GO ","floor":2.0,"gold_loss":0.0,"damage_taken":33.0,"cards_upgraded":[],"relics_obtained":[]}],"is_beta":false,"boss_relics":[],"items_purged_floors":[4],"is_endless":false,"potions_floor_spawned":[],"killed_by":"Gensokyo:Aya","ascension_level":20}}