{"host":"08sn1703g14rasc1","time":1607679126,"event":{"mods":["AchievementEnabler","BaseMod","Colored Map","Colored Powertips","Hermit","Minty Spire (QoL Compilation)","StSLib"],"gold_per_floor":[109,59,59,59,79,118,118,139,165,178,178,202,225,239,239,370,370,345,345,345,46,46,46,71,71,71,103,103,117,36,36,36,140,140,152,152,0,0,12,39,39,53,53,53,64,79,79,0,0,0,0,0,0,35,35,35],"floor_reached":55,"playtime":1692,"items_purged":["Strike_G"],"score":1006,"play_id":"eb2040dc-d6fe-4408-8fdd-a13024def729","local_time":"20201211013206","is_ascension_mode":true,"campfire_choices":[{"floor":7,"key":"REST"},{"floor":11,"key":"REST"},{"floor":15,"key":"REST"},{"data":"Wraith Form v2","floor":23,"key":"SMITH"},{"floor":25,"key":"REST"},{"floor":28,"key":"REST"},{"floor":32,"key":"REST"},{"floor":41,"key":"REST"},{"floor":44,"key":"RECALL"},{"floor":49,"key":"REST"},{"floor":52,"key":"REST"}],"circlet_count":0,"master_deck":["Strike_G","Strike_G","Strike_G","Defend_G","Defend_G","Defend_G","Defend_G","Defend_G","Survivor","Neutralize","Adrenaline","Skewer","Injury","Deadly Poison","Dodge and Roll","Catalyst","Deadly Poison","Slice","Wraith Form v2+1","PiercingWail","Corpse Explosion","Poisoned Stab","Infinite Blades","Sadistic Nature","Footwork","Slice","Backflip","Footwork","Shame","Blade Dance","Wraith Form v2","Swift Strike","Venomology","Bane","Deflect+1","Outmaneuver"],"relics":["Ring of the Snake","Bloody Idol","Happy Flower","Orichalcum","WristBlade","InkBottle","Anchor","Paper Crane","Dream Catcher","Busted Crown","Lee\u0027s Waffle","Pantograph","Red Mask","Mercury Hourglass"],"acts_visited":["Exordium","TheCity","TheBeyond","TheEnding"],"potions_floor_usage":[5,6,12,16,18,27,27,27,33,33,33,33,40,45,46,50,54,54,55],"damage_taken":[{"damage":0,"enemies":"Small Slimes","floor":1,"turns":4},{"damage":0,"enemies":"2 Louse","floor":5,"turns":3},{"damage":22,"enemies":"Lagavulin","floor":6,"turns":6},{"damage":0,"enemies":"Cultist","floor":8,"turns":3},{"damage":9,"enemies":"Exordium Wildlife","floor":10,"turns":6},{"damage":7,"enemies":"Large Slime","floor":12,"turns":4},{"damage":0,"enemies":"Looter","floor":13,"turns":2},{"damage":5,"enemies":"Red Slaver","floor":14,"turns":3},{"damage":36,"enemies":"Hexaghost","floor":16,"turns":9},{"damage":4,"enemies":"2 Thieves","floor":18,"turns":5},{"damage":46,"enemies":"Slavers","floor":24,"turns":6},{"damage":35,"enemies":"Book of Stabbing","floor":27,"turns":5},{"damage":0,"enemies":"Chosen","floor":29,"turns":3},{"damage":66,"enemies":"Collector","floor":33,"turns":7},{"damage":7,"enemies":"Orb Walker","floor":35,"turns":4},{"damage":0,"enemies":"3 Shapes","floor":39,"turns":6},{"damage":33,"enemies":"Giant Head","floor":40,"turns":10},{"damage":0,"enemies":"Sphere and 2 Shapes","floor":42,"turns":3},{"damage":45,"enemies":"Writhing Mass","floor":45,"turns":8},{"damage":11,"enemies":"Spire Growth","floor":46,"turns":5},{"damage":43,"enemies":"Time Eater","floor":50,"turns":12},{"damage":1,"enemies":"Shield and Spear","floor":54,"turns":6},{"damage":90,"enemies":"The Heart","floor":55,"turns":5}],"seed_played":"8308521009231679376","potions_obtained":[{"floor":4,"key":"Fruit Juice"},{"floor":4,"key":"Fruit Juice"},{"floor":4,"key":"BlessingOfTheForge"},{"floor":5,"key":"Poison Potion"},{"floor":12,"key":"PowerPotion"},{"floor":13,"key":"SkillPotion"},{"floor":24,"key":"EntropicBrew"},{"floor":27,"key":"BlessingOfTheForge"},{"floor":42,"key":"Regen Potion"},{"floor":45,"key":"SmokeBomb"}],"is_trial":false,"path_per_floor":["M","?","?","?","M","E","R","M","T","M","R","M","M","M","R","B",null,"M","?","?","$","?","R","E","R","T","E","R","M","$","?","R","B",null,"M","?","$","?","M","E","R","M","T","R","M","M","$","?","R","B",null,"R","$","E","B"],"character_chosen":"THE_SILENT","items_purchased":["Infinite Blades","Sadistic Nature","Footwork","Lee\u0027s Waffle"],"campfire_rested":9,"item_purchase_floors":[21,21,30,37],"current_hp_per_floor":[45,45,45,45,50,28,50,50,50,41,63,61,61,56,80,44,71,67,67,67,67,80,80,39,63,63,33,57,62,62,62,80,19,65,63,63,87,87,87,59,85,87,87,87,61,55,55,55,81,44,76,87,87,87,0,0],"gold":35,"neow_bonus":"THREE_RARE_CARDS","is_daily":false,"chose_seed":false,"campfire_upgraded":1,"win_rate":0.0,"timestamp":1607679126,"path_taken":["M","?","?","?","M","E","R","M","T","M","R","M","M","M","R","BOSS","M","?","?","$","?","R","E","R","T","E","R","M","$","?","R","BOSS","M","?","$","?","?","E","R","M","T","R","M","?","?","?","R","BOSS","R","$","E","BOSS"],"items_purchased_type":["Card","Card","Card","Relic"],"build_version":"2020-11-30","purchased_purges":1,"victory":false,"max_hp_per_floor":[70,70,70,70,75,75,75,75,75,75,75,80,80,80,80,80,80,80,80,80,80,80,80,80,80,80,80,80,80,80,80,80,80,80,80,80,87,87,87,87,87,87,87,87,87,87,87,87,87,87,87,87,87,87,87,87],"card_choices":[{"not_picked":["Grand Finale","Malaise"],"picked":"Adrenaline","floor":0},{"not_picked":["Dagger Throw","Underhanded Strike"],"picked":"Skewer","floor":1},{"not_picked":["Sucker Punch","Backflip"],"picked":"Deadly Poison","floor":5},{"not_picked":["Finisher","Blade Dance"],"picked":"Dodge and Roll","floor":6},{"not_picked":["Infinite Blades","Heel Hook"],"picked":"Catalyst","floor":8},{"not_picked":["Cloak And Dagger","Infinite Blades"],"picked":"Deadly Poison","floor":10},{"not_picked":["Masterful Stab","Tactician"],"picked":"Slice","floor":12},{"not_picked":["Caltrops","Bane"],"picked":"Wraith Form v2","floor":13},{"not_picked":["Cloak And Dagger","Slice"],"picked":"PiercingWail","floor":14},{"not_picked":["Bullet Time","Malaise"],"picked":"Corpse Explosion","floor":16},{"not_picked":["Masterful Stab","Underhanded Strike"],"picked":"Poisoned Stab","floor":18},{"not_picked":["Distraction","Cloak And Dagger"],"picked":"Footwork","floor":24},{"not_picked":["Heel Hook+1","Eviscerate"],"picked":"Slice","floor":27},{"not_picked":["Well Laid Plans","Flechettes"],"picked":"Backflip","floor":29},{"not_picked":["Reflex","Deflect"],"picked":"Blade Dance","floor":32},{"not_picked":["Grand Finale","Doppelganger"],"picked":"Wraith Form v2","floor":33},{"not_picked":["Underhanded Strike"],"picked":"SKIP","floor":35},{"not_picked":["Dagger Throw"],"picked":"SKIP","floor":39},{"not_picked":["Acrobatics"],"picked":"SKIP","floor":40},{"not_picked":["Masterful Stab+1"],"picked":"SKIP","floor":42},{"not_picked":[],"picked":"Bane","floor":45},{"not_picked":[],"picked":"Deflect+1","floor":46},{"not_picked":[],"picked":"Outmaneuver","floor":54}],"player_experience":393047,"relics_obtained":[{"floor":6,"key":"Happy Flower"},{"floor":9,"key":"Orichalcum"},{"floor":24,"key":"InkBottle"},{"floor":26,"key":"Anchor"},{"floor":27,"key":"Paper Crane"},{"floor":40,"key":"Pantograph"},{"floor":54,"key":"Mercury Hourglass"}],"event_choices":[{"damage_healed":0,"gold_gain":0,"player_choice":"Left Gold","damage_taken":0,"max_hp_gain":0,"max_hp_loss":0,"event_name":"World of Goop","floor":2,"gold_loss":50},{"damage_healed":0,"gold_gain":0,"player_choice":"Take Wound","damage_taken":0,"relics_obtained":["Golden Idol"],"max_hp_gain":0,"max_hp_loss":0,"event_name":"Golden Idol","floor":3,"gold_loss":0,"cards_obtained":["Injury"]},{"damage_healed":0,"gold_gain":0,"player_choice":"Got Potions","damage_taken":0,"max_hp_gain":0,"max_hp_loss":0,"event_name":"Lab","floor":4,"gold_loss":0},{"cards_removed":["Strike_G"],"damage_healed":0,"gold_gain":0,"player_choice":"Elegance","damage_taken":0,"max_hp_gain":0,"max_hp_loss":0,"event_name":"Back to Basics","floor":19,"gold_loss":0},{"damage_healed":0,"gold_gain":0,"player_choice":"Gave Idol","damage_taken":0,"relics_obtained":["Bloody Idol"],"max_hp_gain":0,"max_hp_loss":0,"event_name":"Forgotten Altar","floor":20,"relics_lost":["Golden Idol"],"gold_loss":0},{"damage_healed":26,"gold_gain":0,"player_choice":"Heal","damage_taken":0,"max_hp_gain":0,"max_hp_loss":0,"event_name":"The Library","floor":22,"gold_loss":0},{"damage_healed":0,"gold_gain":0,"player_choice":"Stole Relic","damage_taken":0,"relics_obtained":["Dream Catcher"],"max_hp_gain":0,"max_hp_loss":0,"event_name":"Addict","floor":31,"gold_loss":0,"cards_obtained":["Shame"]},{"damage_healed":0,"gold_gain":0,"player_choice":"Ignored","damage_taken":0,"max_hp_gain":0,"max_hp_loss":0,"event_name":"Mysterious Sphere","floor":36,"gold_loss":0},{"damage_healed":0,"gold_gain":0,"player_choice":"2 cards matched","damage_taken":0,"max_hp_gain":0,"max_hp_loss":0,"event_name":"Match and Keep!","floor":38,"gold_loss":0,"cards_obtained":["Swift Strike","Venomology"]},{"damage_healed":0,"gold_gain":0,"player_choice":"Paid","damage_taken":0,"relics_obtained":["Red Mask"],"max_hp_gain":0,"max_hp_loss":0,"event_name":"Tomb of Lord Red Mask","floor":48,"gold_loss":79}],"is_beta":false,"boss_relics":[{"not_picked":["Velvet Choker","Ectoplasm"],"picked":"WristBlade"},{"not_picked":["Pandora\u0027s Box","Coffee Dripper"],"picked":"Busted Crown"}],"items_purged_floors":[21],"is_endless":false,"potions_floor_spawned":[5,12,13,14,24,27,40,42,45],"killed_by":"The Heart","ascension_level":7}}