{"host":"3j7xx3dgykcuif7u","time":1607715188,"event":{"mods":["2.2 Compatiblity","Bard","BaseMod","Better Note","Better Third Choice","BetterRewards","Colored Map","Colored Powertips","Conspire","Custom Start","Downfall","Faster Ascension Climbing","Friendly Minions","GifTheSpireLib","Hermit","Highlight Path","Hubris","Infinite Spire","Mad Scientist","Marisa????????","Mimic Mod","Minty Spire (QoL Compilation)","Permanent Neow","Quick Restart","RNG Fix","Relic Sorter","Relic Stats","Shop Mod","Somnambulant","StSLib","Stuff the Spire","SuperFastMode","The Blue Laboratory","The Construct","The Disciple","The Jungle","The Mystic","The Servant 0.9.4","vexMod"],"gold_per_floor":[117,136,146,146,162,193,193,193,193,193,222,135,152,168,168,270,320,331,331,209,222,322,376,376,376,376],"floor_reached":25,"playtime":2260,"items_purged":[],"score":347,"play_id":"77731fb7-7305-4053-92e6-52eb24a041b8","local_time":"20201211133308","is_ascension_mode":true,"campfire_choices":[{"data":"StuffTheSpire:Injection","floor":8.0,"key":"SMITH"},{"data":"Well Laid Plans","floor":10.0,"key":"SMITH"},{"data":"StuffTheSpire:Python","floor":15.0,"key":"SMITH"},{"data":"sneckomod:UnknownColorless","floor":24.0,"key":"SMITH"}],"circlet_count":0,"master_deck":["AscendersBane","infinitespire:Collect+1","Strike_G","Strike_G+1","Strike_G","Strike_G","Strike_G","Defend_G","Defend_G","Defend_G","Defend_G","Defend_G","Survivor","Neutralize+1","StuffTheSpire:Injection+1","Dash","Well Laid Plans+1","PiercingWail","Noxious Fumes","StuffTheSpire:Python+1","Glass Knife","sneckomod:UnknownColorless+1","StuffTheSpire:Fury+1"],"relics":["Ring of the Snake","StuffTheSpire:CocoNut","CultistMask","Meat on the Bone","StuffTheSpire:MayFlowers","MerchantsRug","infinitespire:EmpoweringShard"],"acts_visited":["Exordium","Exordium"],"potions_floor_usage":[25],"damage_taken":[{"damage":0.0,"enemies":"2 Louse","floor":1.0,"turns":3.0},{"damage":0.0,"enemies":"Cultist","floor":2.0,"turns":3.0},{"damage":0.0,"enemies":"Jaw Worm","floor":3.0,"turns":4.0},{"damage":7.0,"enemies":"Exordium Thugs","floor":5.0,"turns":4.0},{"damage":2.0,"enemies":"3 Sentries","floor":6.0,"turns":9.0},{"damage":7.0,"enemies":"Lagavulin","floor":11.0,"turns":5.0},{"damage":0.0,"enemies":"Looter","floor":13.0,"turns":2.0},{"damage":0.0,"enemies":"2 Fungi Beasts","floor":14.0,"turns":3.0},{"damage":1.0,"enemies":"Hexaghost","floor":16.0,"turns":10.0},{"damage":4.0,"enemies":"Shell Parasite","floor":18.0,"turns":5.0},{"damage":15.0,"enemies":"theJungle:MUSHROOMGANG","floor":21.0,"turns":5.0},{"damage":30.0,"enemies":"Nightmare","floor":23.0,"turns":8.0},{"damage":95,"enemies":"theJungle:MamaSnecko","floor":25,"turns":5}],"seed_played":"-2834821744160910097","potions_obtained":[{"floor":2.0,"key":"ColorlessPotion"},{"floor":5.0,"key":"Fire Potion"},{"floor":6.0,"key":"LiquidMemories"},{"floor":11.0,"key":"PowerPotion"},{"floor":17.0,"key":"blueLaboratory:CorrosionFlask"},{"floor":18.0,"key":"blueLaboratory:PyrophylliteBrew"}],"is_trial":false,"path_per_floor":["M","M","M","?","M","E","?","R","T","R","E","$","M","M","R","B",null,"M","?","$","M","?","NM","R","E"],"character_chosen":"THE_SILENT","items_purchased":["Noxious Fumes","StuffTheSpire:Python","MerchantsRug"],"campfire_rested":0,"item_purchase_floors":[12,12,20],"current_hp_per_floor":[63,63,63,63,56,61,61,61,61,61,54,54,54,54,54,59,78,77,77,77,66,66,42,42,0,0],"gold":376,"neow_bonus":"UPGRADE_CARD","is_daily":false,"chose_seed":false,"campfire_upgraded":4,"win_rate":0.0,"timestamp":1607715188,"path_taken":["M","M","M","?","M","E","?","R","T","R","E","$","?","M","R","BOSS","M","?","$","?","?","NM","R","E"],"items_purchased_type":["Card","Card","Relic"],"build_version":"2020-11-30","purchased_purges":0,"victory":false,"max_hp_per_floor":[70,70,70,70,70,77,77,77,77,77,77,77,77,77,77,77,82,82,82,82,83,83,83,83,83,83],"relic_stats":{"counters":[13,65],"obtain_stats":[{"MerchantsRug":20,"Tiny House":17,"StuffTheSpire:MayFlowers":11,"StuffTheSpire:CocoNut":6,"CultistMask":7,"infinitespire:EmpoweringShard":23,"Ring of the Snake":0,"Meat on the Bone":9},{"MerchantsRug":10,"Tiny House":9,"StuffTheSpire:MayFlowers":6,"StuffTheSpire:CocoNut":5,"CultistMask":5,"infinitespire:EmpoweringShard":12,"Ring of the Snake":0,"Meat on the Bone":5},{"MerchantsRug":47,"Tiny House":42,"StuffTheSpire:MayFlowers":28,"StuffTheSpire:CocoNut":23,"CultistMask":23,"infinitespire:EmpoweringShard":60,"Ring of the Snake":0,"Meat on the Bone":23}],"Ring of the Snake":[26],"Meat on the Bone":0},"card_choices":[{"not_picked":["Deadly Poison","Infinite Blades"],"picked":"StuffTheSpire:Injection","floor":1.0},{"not_picked":["StuffTheSpire:Shiver","Setup"],"picked":"Dash","floor":2.0},{"not_picked":["Bouncing Flask","Poisoned Stab","Underhanded Strike"],"picked":"SKIP","floor":3.0},{"not_picked":["StuffTheSpire:Injection","StuffTheSpire:Python"],"picked":"Well Laid Plans","floor":5.0},{"not_picked":["hubris:SlightOfHand","Slice","Acrobatics"],"picked":"SKIP","floor":6.0},{"not_picked":["Heel Hook","Poisoned Stab"],"picked":"PiercingWail","floor":11.0},{"not_picked":["Reflex","Setup","Dodge and Roll"],"picked":"SKIP","floor":13.0},{"not_picked":["Backflip","StuffTheSpire:Incantation","StuffTheSpire:BumpUp"],"picked":"SKIP","floor":14.0},{"not_picked":["Venomology","After Image"],"picked":"Glass Knife","floor":16.0},{"not_picked":["StuffTheSpire:Sprint","Dodge and Roll","Masterful Stab"],"picked":"SKIP","floor":18.0},{"not_picked":["Envenom","Noxious Fumes"],"picked":"StuffTheSpire:Fury+1","floor":21.0},{"not_picked":["Quick Slash+1","StuffTheSpire:Incantation","Backstab+1"],"picked":"SKIP","floor":23.0}],"player_experience":928804,"relics_obtained":[{"floor":6.0,"key":"StuffTheSpire:CocoNut"},{"floor":9.0,"key":"Meat on the Bone"},{"floor":11.0,"key":"StuffTheSpire:MayFlowers"},{"floor":23.0,"key":"infinitespire:EmpoweringShard"}],"event_choices":[{"damage_healed":0.0,"max_hp_gain":0.0,"max_hp_loss":0.0,"gold_gain":0.0,"event_name":"FaceTrader","player_choice":"Trade","floor":7.0,"gold_loss":0.0,"damage_taken":0.0,"relics_obtained":["CultistMask"]},{"cards_removed":["infinitespire:Collect"],"damage_healed":0.0,"max_hp_gain":0.0,"max_hp_loss":0.0,"gold_gain":0.0,"event_name":"betterNote:BetterNote","player_choice":"Take \u0026 Give","floor":19.0,"gold_loss":0.0,"damage_taken":0.0,"cards_obtained":["sneckomod:UnknownColorless"]},{"damage_healed":0.0,"max_hp_gain":0.0,"max_hp_loss":0.0,"gold_gain":100.0,"event_name":"Golden Shrine","player_choice":"Pray","floor":22.0,"gold_loss":0.0,"damage_taken":0.0}],"is_beta":false,"boss_relics":[{"not_picked":["Snecko Eye","Busted Crown"],"picked":"Tiny House"}],"items_purged_floors":[],"is_endless":false,"potions_floor_spawned":[2,5,6,11,18],"killed_by":"theJungle:MamaSnecko","ascension_level":10}}