{"host":"6x4iiutqpimyd4s6","time":1607712257,"event":{"mods":["AchievementEnabler","BaseMod","BetterRewards","Colored Map","Data Control","Minty Spire (QoL Compilation)","Nulf Mod","Remove Card Discount Mod","Shop Mod","StSLib"],"gold_per_floor":[110,110,285,285,285,285,275,275,301,315,315,315,348,466,466,564,564,577,602,602,617,636,636,662,675,675,774,793,793,807,820,820,917,917,930,942,958,958,975,975,995,995,995,1015,1031,1031,1060,1158,1158,1158],"floor_reached":51,"playtime":1334,"items_purged":["Doubt","Strike_B","Strike_B","Defend_B","Defend_B"],"score":847,"play_id":"f3befd87-4943-43f0-a089-ced02a2b3a4c","local_time":"20201211134417","is_ascension_mode":false,"campfire_choices":[{"data":"Dualcast","floor":6.0,"key":"SMITH"},{"data":"Zap","floor":8.0,"key":"SMITH"},{"floor":12.0,"key":"REST"},{"data":"Barrage","floor":15.0,"key":"SMITH"},{"data":"Seek","floor":23,"key":"SMITH"},{"data":"Barrage","floor":29,"key":"SMITH"},{"data":"Capacitor","floor":32,"key":"SMITH"},{"data":"Loop","floor":40,"key":"SMITH"},{"data":"Redo","floor":42,"key":"SMITH"},{"floor":46,"key":"RECALL"},{"data":"Capacitor","floor":49,"key":"SMITH"}],"circlet_count":0,"master_deck":["Strike_B","Strike_B","Defend_B","Defend_B","Zap+1","Dualcast+1","Hologram+1","Barrage+1","All For One+1","Barrage+1","Redo+1","Seek+1","Glacier+1","Coolheaded+1","Redo+1","Capacitor+1","Barrage+1","Loop+1","Capacitor+1","Redo+1"],"relics":["MerchantsRug"],"acts_visited":["Exordium","TheCity","TheBeyond"],"potions_floor_usage":[],"damage_taken":[{"damage":0.0,"enemies":"Small Slimes","floor":1.0,"turns":2.0},{"damage":0.0,"enemies":"2 Louse","floor":10.0,"turns":1.0},{"damage":0.0,"enemies":"3 Sentries","floor":13.0,"turns":2.0},{"damage":7.0,"enemies":"Hexaghost","floor":16.0,"turns":5.0},{"damage":0.0,"enemies":"2 Thieves","floor":18.0,"turns":2.0},{"damage":0.0,"enemies":"Masked Bandits","floor":19.0,"turns":2.0},{"damage":0,"enemies":"Chosen","floor":21,"turns":2},{"damage":0,"enemies":"3 Cultists","floor":22,"turns":2},{"damage":0,"enemies":"Slavers","floor":24,"turns":2},{"damage":0,"enemies":"Centurion and Healer","floor":25,"turns":2},{"damage":0,"enemies":"Sentry and Sphere","floor":28,"turns":2},{"damage":0,"enemies":"Cultist and Chosen","floor":30,"turns":2},{"damage":0,"enemies":"Centurion and Healer","floor":31,"turns":2},{"damage":0,"enemies":"Collector","floor":33,"turns":4},{"damage":0,"enemies":"3 Shapes","floor":35,"turns":1},{"damage":0,"enemies":"Orb Walker","floor":36,"turns":3},{"damage":0,"enemies":"4 Shapes","floor":37,"turns":2},{"damage":0,"enemies":"Writhing Mass","floor":39,"turns":4},{"damage":0,"enemies":"Maw","floor":41,"turns":5},{"damage":0,"enemies":"3 Darklings","floor":44,"turns":2},{"damage":0,"enemies":"Writhing Mass","floor":45,"turns":3},{"damage":0,"enemies":"Reptomancer","floor":47,"turns":3},{"damage":5,"enemies":"Time Eater","floor":50,"turns":10}],"seed_played":"-717455590681018196","potions_obtained":[{"floor":10.0,"key":"Block Potion"},{"floor":18.0,"key":"FocusPotion"},{"floor":22,"key":"Energy Potion"},{"floor":33,"key":"FairyPotion"}],"is_trial":false,"path_per_floor":["M","?","?","?","?","R","$","R","T","M","?","R","E","$","R","B",null,"M","?","$","M","M","R","E","M","T","?","M","R","M","M","R","B",null,"M","M","M","?","M","R","M","R","T","M","M","R","E","$","R","B",null],"character_chosen":"DEFECT","items_purchased":["Barrage","MerchantsRug","Capacitor","Redo+1"],"campfire_rested":1,"item_purchase_floors":[14,14,48,48],"current_hp_per_floor":[75,75,75,57,57,57,57,57,64,64,64,82,82,82,82,75,82,82,82,82,82,82,82,82,82,82,82,82,82,82,82,82,82,82,82,82,82,82,82,82,82,82,82,82,82,82,82,82,82,77],"gold":1158,"neow_bonus":"BOSS_RELIC","is_daily":false,"chose_seed":false,"campfire_upgraded":9,"win_rate":0.0,"timestamp":1607712257,"path_taken":["M","?","?","?","?","R","$","R","T","M","?","R","E","$","R","BOSS","M","?","$","M","M","R","E","M","T","?","M","R","M","M","R","BOSS","M","M","M","?","?","R","M","R","T","M","M","R","E","$","R","BOSS"],"items_purchased_type":["Card","Relic","Card","Card"],"build_version":"2020-11-30","purchased_purges":5,"victory":true,"max_hp_per_floor":[75,75,75,75,75,75,75,75,82,82,82,82,82,82,82,82,82,82,82,82,82,82,82,82,82,82,82,82,82,82,82,82,82,82,82,82,82,82,82,82,82,82,82,82,82,82,82,82,82,82],"card_choices":[{"not_picked":["Glacier","Chaos"],"picked":"Hologram","floor":1.0},{"not_picked":["Streamline","Blizzard","Conserve Battery"],"picked":"SKIP","floor":10.0},{"not_picked":["Rip and Tear","Glacier","Steam"],"picked":"SKIP","floor":13.0},{"not_picked":["Buffer","Thunder Strike"],"picked":"All For One","floor":16.0},{"not_picked":["Rebound","Auto Shields"],"picked":"Barrage","floor":18.0},{"not_picked":["Skim","Leap"],"picked":"Redo","floor":19},{"not_picked":["Stack","Auto Shields"],"picked":"Seek","floor":21},{"not_picked":["Barrage","Aggregate+1"],"picked":"Glacier+1","floor":22},{"not_picked":["Redo+1","Sunder"],"picked":"Coolheaded+1","floor":24},{"not_picked":["Cold Snap","Compile Driver","Go for the Eyes"],"picked":"SKIP","floor":25},{"not_picked":["All For One","Steam+1","Leap+1"],"picked":"SKIP","floor":28},{"not_picked":["Undo+1","Go for the Eyes"],"picked":"Redo+1","floor":30},{"not_picked":["Gash","Static Discharge"],"picked":"Capacitor","floor":31},{"not_picked":["Steam Power+1","Beam Cell+1","Rebound"],"picked":"SKIP","floor":35},{"not_picked":["Redo+1","Static Discharge+1"],"picked":"Barrage+1","floor":36},{"not_picked":["Blizzard","Sunder+1","Self Repair+1"],"picked":"SKIP","floor":37},{"not_picked":["Tempest+1","Beam Cell"],"picked":"Loop","floor":39},{"not_picked":["Sweeping Beam+1","Chill+1","Steam+1"],"picked":"SKIP","floor":41},{"not_picked":["Force Field+1","Storm+1","Go for the Eyes"],"picked":"SKIP","floor":44},{"not_picked":["Beam Cell","Machine Learning","Conserve Battery+1"],"picked":"SKIP","floor":45},{"not_picked":["Turbo+1","Skim+1","Scrape+1"],"picked":"SKIP","floor":47}],"player_experience":278917,"relics_obtained":[{"floor":9.0,"key":"Strawberry"},{"floor":13.0,"key":"Ancient Tea Set"},{"floor":13.0,"key":"Bag of Preparation"},{"floor":24,"key":"Toxic Egg 2"},{"floor":26,"key":"PreservedInsect"},{"floor":43,"key":"Meat on the Bone"},{"floor":47,"key":"Gremlin Horn"}],"event_choices":[{"damage_healed":0.0,"max_hp_gain":0.0,"max_hp_loss":0.0,"gold_gain":0.0,"event_name":"Scrap Ooze","player_choice":"Fled","floor":2.0,"gold_loss":0.0,"damage_taken":0.0},{"damage_healed":0.0,"max_hp_gain":0.0,"max_hp_loss":0.0,"gold_gain":175.0,"event_name":"Liars Game","player_choice":"AGREE","floor":3.0,"gold_loss":0.0,"damage_taken":0.0,"cards_obtained":["Doubt"]},{"damage_healed":0.0,"max_hp_gain":0.0,"max_hp_loss":0.0,"gold_gain":0.0,"event_name":"Golden Idol","player_choice":"Take Damage","floor":4.0,"gold_loss":0.0,"damage_taken":18.0,"relics_obtained":["Golden Idol"]},{"damage_healed":0.0,"max_hp_gain":0.0,"max_hp_loss":0.0,"gold_gain":0.0,"event_name":"Living Wall","player_choice":"Grow","floor":5.0,"gold_loss":0.0,"damage_taken":0.0,"cards_upgraded":["Hologram"]},{"damage_healed":0.0,"max_hp_gain":0.0,"max_hp_loss":0.0,"gold_gain":0.0,"event_name":"The Cleric","player_choice":"Leave","floor":11.0,"gold_loss":0.0,"damage_taken":0.0},{"damage_healed":0.0,"max_hp_gain":0.0,"max_hp_loss":0.0,"gold_gain":0.0,"event_name":"Masked Bandits","player_choice":"Fought Bandits","floor":19.0,"gold_loss":0.0,"damage_taken":0.0},{"damage_healed":0,"gold_gain":99,"player_choice":"Stole From Cult","damage_taken":0,"max_hp_gain":0,"max_hp_loss":0,"event_name":"Nest","floor":27,"gold_loss":0},{"damage_healed":0,"gold_gain":0,"player_choice":"Forge","damage_taken":0,"max_hp_gain":0,"max_hp_loss":0,"event_name":"Accursed Blacksmith","floor":38,"gold_loss":0,"cards_upgraded":["All For One"]}],"is_beta":false,"boss_relics":[{"not_picked":["Pandora\u0027s Box","Coffee Dripper","SacredBark"]},{"not_picked":["Empty Cage","Nuclear Battery","Busted Crown"]}],"items_purged_floors":[7,7,7,7,7],"is_endless":false,"potions_floor_spawned":[10,18,22,31,33,36,41,44,47],"ascension_level":0}}