{"host":"qy0m86b6j0qgj9ra","time":1607697886,"event":{"mods":["Act Like it!","Aspiration","BaseMod","Better Altar","Better Note","Better Sensory Stone","Better Skull","Better Third Choice","Better Vampires","BetterRewards","Block Reminder","Challenge The Spire","Conspire","Downfall","Duelist Mod","Friendly Minions","Gensokyo","GifTheSpireLib","Glutton Mod","Googly Eyes","Halation","Hallownest","Hermit","Hubris","Infinite Spire","Jorbs\u0027s Wanderer Trilogy","KomeijiMod","Lobotomy","LobotomyExtend","Mad Scientist","Marisa????????","Minty Spire (QoL Compilation)","Permanent Neow","Rare Cards Sparkle","Reimu??????","Replay The Spire","RumiaBox-????????","Spicy Shops","Spikes Relics","StSLib","Stuff the Spire","The Animator","The Bug Knight","The Cursed","The Jungle","The Necromancer","Virulent Crown","Wandering Minibosses","vexMod"],"gold_per_floor":[119,136,150,150,162,162,162,162],"floor_reached":7,"playtime":1505,"items_purged":[],"score":43,"play_id":"fc3b6628-676e-4d5a-b28c-ec5d53c7291f","local_time":"20201211154446","is_ascension_mode":false,"campfire_choices":[{"floor":6,"key":"REST"}],"circlet_count":0,"master_deck":["HollowMod:NailStrikeStart","HollowMod:NailStrikeStart","HollowMod:NailStrikeStart","HollowMod:QuickDashStart","HollowMod:QuickDashStart","HollowMod:QuickDashStart","HollowMod:FocusHealStart","HollowMod:PogoStrike","HollowMod:NewInfectedGuardian","HollowMod:InfectedAttack","HollowMod:VengefulSpirit","HollowMod:BrokenVessel","HollowMod:DreamGate","Blood for Blood","HollowMod:InfectionAssault"],"relics":["HollowMod:VesselMask","MagicDraw2"],"acts_visited":["Exordium"],"potions_floor_usage":[],"damage_taken":[{"damage":7,"enemies":"Jaw Worm","floor":1,"turns":3},{"damage":4,"enemies":"Cultist","floor":2,"turns":3},{"damage":10,"enemies":"2 Louse","floor":3,"turns":2},{"damage":17,"enemies":"Red Slaver","floor":5,"turns":3},{"damage":55,"enemies":"3 Sentries","floor":7,"turns":6}],"seed_played":"-7729646971247267501","potions_obtained":[],"is_trial":false,"path_per_floor":["M","M","M","?","M","R","E"],"character_chosen":"THE_BUGKNIGHT","items_purchased":[],"campfire_rested":1,"item_purchase_floors":[],"current_hp_per_floor":[61,57,47,30,19,39,0,0],"gold":162,"neow_bonus":"TRANSFORM_TWO_CARDS","is_daily":false,"chose_seed":false,"campfire_upgraded":0,"win_rate":0.0,"timestamp":1607697886,"path_taken":["M","M","M","?","M","R","E"],"items_purchased_type":[],"build_version":"2020-11-30","purchased_purges":0,"victory":false,"max_hp_per_floor":[68,68,68,68,68,68,68,68],"card_choices":[{"not_picked":["HollowMod:CornifersMapStart","HollowMod:HowlingWraiths"],"picked":"HollowMod:VengefulSpirit","floor":1},{"not_picked":["HollowMod:CycloneSlash","HollowMod:TaintedHusks"],"picked":"HollowMod:BrokenVessel","floor":2},{"not_picked":["HollowMod:DoubleDash","HollowMod:ShadowDash"],"picked":"HollowMod:DreamGate","floor":3},{"not_picked":["HollowMod:InfectedCysts","HollowMod:CloakDash"],"picked":"HollowMod:InfectionAssault","floor":5}],"player_experience":474435,"relics_obtained":[],"event_choices":[],"is_beta":false,"boss_relics":[],"items_purged_floors":[],"is_endless":false,"potions_floor_spawned":[5],"killed_by":"3 Sentries","ascension_level":0}}