{"host":"mgc7o2tpy0ck407l","time":1607651466,"event":{"mods":["Alarm Clock","AlwaysNeverKeys","BaseMod","Better Altar","Better Match","Better Note","Better Sensory Stone","Better Skull","Better Third Choice","Better Vampires","Block Reminder","Booster Modes","Challenge The Spire","Colored Map","Colored Powertips","Disable Question Mark Monsters","Emptier Cage","Minty Spire (QoL Compilation)","Permanent Neow","Quick Restart","Rare Cards Sparkle","Relic Stats","Reorder Act Four","Replay The Spire","Spicy Shops","StSLib","The Blue Laboratory","Transform Curses","Unceasing Turn Reminder"],"gold_per_floor":[710,288,316,347,372,384,471,82,112,141,172,172,30,5,37,69,100,133],"floor_reached":19,"playtime":1450,"items_purged":["Looming Evil","Strike_G","ReplayTheSpireMod:Doomed"],"score":495,"play_id":"548f0b9c-15cd-42f8-ba14-512cdec14fde","local_time":"20201210205106","daily_mods":["challengethespire:Bronze Difficulty","challengethespire:Elite Rush","Uncertain Future"],"is_ascension_mode":false,"campfire_choices":[],"circlet_count":0,"master_deck":["Strike_G+1","Defend_G+2","Defend_G+1","Defend_G+2","Defend_G+1","Defend_G+1","Survivor","Neutralize+1","Hidden Blade","ReplayTheSpireMod:Speed Training","Blade Dance","Hidden Blade","Cloak And Dagger","Underhanded Strike","Fluid Movement","Calculated Gamble+1","Eviscerate+1","Tactician+1","Accuracy","ReplayTheSpireMod:Necrogeddon","Accuracy","Expertise","ReplayTheSpireMod:The Works","betterMatch:CurseCard","Clumsy","Acrobatics","ReplayTheSpireMod:Scrap Shanks","Prepared","Escape Plan"],"relics":["Ring of the Snake","Black Star","Sling","PreservedInsect","Gambling Chip","Replay:Bottled Eggs","DollysMirror","Whetstone","Mummified Hand","TungstenRod","Replay:Bottled Steam","Toy Ornithopter","MawBank","Astrolabe","ReplayTheSpireMod:CursedCoin","Membership Card","Regal Pillow","Pen Nib","White Beast Statue","Pocketwatch","Molten Egg 2","Bag of Marbles","Divine Protection","Replay:Ancient Bell","ReplayTheSpireMod:TigerMarble","Ornamental Fan","Byrd Skull","Simple Rune","Replay:Multitool","Gremlin Horn","Garlic","Counterbalance","CaptainsWheel","Iron Hammer","Durian","Omamori","Frozen Egg 2"],"acts_visited":["Exordium"],"potions_floor_usage":[],"damage_taken":[{"damage":7,"enemies":"Lagavulin","floor":3,"turns":5},{"damage":0,"enemies":"Gremlin Nob","floor":4,"turns":2},{"damage":0,"enemies":"3 Sentries","floor":5,"turns":4},{"damage":7,"enemies":"Book of Stabbing","floor":9,"turns":3},{"damage":0,"enemies":"Gremlin Leader","floor":10,"turns":2},{"damage":21,"enemies":"Slavers","floor":11,"turns":5},{"damage":0,"enemies":"Reptomancer","floor":15,"turns":2},{"damage":0,"enemies":"Giant Head","floor":16,"turns":1},{"damage":23,"enemies":"Nemesis","floor":17,"turns":3},{"damage":0,"enemies":"Shield and Spear","floor":18,"turns":1}],"seed_played":"-1396721384282214012","potions_obtained":[{"floor":4,"key":"blueLaboratory:RememoryPotion"},{"floor":5,"key":"Weak Potion"},{"floor":10,"key":"blueLaboratory:BottledHope"}],"is_trial":true,"path_per_floor":["$","$","E","E","E","T","$","$","E","E","E","T","$","$","E","E","E","E",null],"character_chosen":"THE_SILENT","items_purchased":["Hidden Blade","Gambling Chip","ReplayTheSpireMod:Speed Training","Blade Dance","Replay:Bottled Eggs","DollysMirror","ReplayTheSpireMod:CursedCoin","Membership Card","Accuracy","ReplayTheSpireMod:Necrogeddon","Regal Pillow","Simple Rune","Replay:Multitool","Acrobatics"],"campfire_rested":0,"item_purchase_floors":[1,1,1,2,2,2,7,8,8,8,8,13,13,14],"current_hp_per_floor":[70,70,63,63,63,63,63,63,56,56,35,35,35,35,35,35,17,17],"gold":133,"neow_bonus":"","is_daily":false,"chose_seed":false,"campfire_upgraded":0,"win_rate":0.0,"timestamp":1607651466,"path_taken":["$","$","E","E","E","T","$","$","E","E","E","T","$","$","E","E","E","E"],"items_purchased_type":["Card","Relic","Card","Card","Relic","Relic","Relic","Relic","Card","Card","Relic","Relic","Relic","Card"],"build_version":"2020-11-30","purchased_purges":3,"victory":true,"max_hp_per_floor":[70,70,70,70,70,70,70,70,70,70,70,70,70,70,70,70,75,75],"relic_stats":{"Regal Pillow":0,"Gremlin Horn":[1,1],"counters":[10,28],"Astrolabe":["Calculated Gamble","Eviscerate","Tactician"],"PreservedInsect":499,"Pen Nib":[6],"Whetstone":["Neutralize","Strike_G"],"MawBank":24,"Mummified Hand":[20],"Ornamental Fan":[40],"Gambling Chip":[30],"Black Star":10,"obtain_stats":[{"Divine Protection":11,"Regal Pillow":8,"Gremlin Horn":15,"Replay:Multitool":13,"Whetstone":3,"Sling":0,"DollysMirror":2,"Mummified Hand":3,"Gambling Chip":1,"Iron Hammer":17,"Replay:Bottled Eggs":2,"Byrd Skull":12,"Ring of the Snake":0,"Replay:Bottled Steam":4,"ReplayTheSpireMod:CursedCoin":7,"Astrolabe":6,"Counterbalance":16,"PreservedInsect":0,"Pen Nib":9,"Replay:Ancient Bell":12,"Omamori":18,"Frozen Egg 2":18,"MawBank":5,"White Beast Statue":9,"CaptainsWheel":16,"Ornamental Fan":12,"Molten Egg 2":10,"Simple Rune":13,"Black Star":0,"Bag of Marbles":11,"ReplayTheSpireMod:TigerMarble":12,"Garlic":15,"Durian":17,"Membership Card":8,"TungstenRod":4,"Toy Ornithopter":5,"Pocketwatch":10},{"Divine Protection":6,"Regal Pillow":3,"Gremlin Horn":7,"Replay:Multitool":6,"Whetstone":1,"Sling":0,"DollysMirror":0,"Mummified Hand":1,"Gambling Chip":0,"Iron Hammer":9,"Replay:Bottled Eggs":0,"Byrd Skull":6,"Ring of the Snake":0,"Replay:Bottled Steam":2,"ReplayTheSpireMod:CursedCoin":3,"Astrolabe":3,"Counterbalance":8,"PreservedInsect":0,"Pen Nib":4,"Replay:Ancient Bell":6,"Omamori":10,"Frozen Egg 2":10,"MawBank":3,"White Beast Statue":4,"CaptainsWheel":8,"Ornamental Fan":6,"Molten Egg 2":5,"Simple Rune":6,"Black Star":0,"Bag of Marbles":6,"ReplayTheSpireMod:TigerMarble":6,"Garlic":7,"Durian":9,"Membership Card":3,"TungstenRod":2,"Toy Ornithopter":3,"Pocketwatch":5},{"Divine Protection":21,"Regal Pillow":11,"Gremlin Horn":23,"Replay:Multitool":21,"Whetstone":5,"Sling":0,"DollysMirror":0,"Mummified Hand":5,"Gambling Chip":0,"Iron Hammer":27,"Replay:Bottled Eggs":0,"Byrd Skull":21,"Ring of the Snake":0,"Replay:Bottled Steam":7,"ReplayTheSpireMod:CursedCoin":11,"Astrolabe":11,"Counterbalance":24,"PreservedInsect":0,"Pen Nib":14,"Replay:Ancient Bell":21,"Omamori":28,"Frozen Egg 2":28,"MawBank":11,"White Beast Statue":14,"CaptainsWheel":24,"Ornamental Fan":21,"Molten Egg 2":16,"Simple Rune":21,"Black Star":0,"Bag of Marbles":21,"ReplayTheSpireMod:TigerMarble":21,"Garlic":23,"Durian":27,"Membership Card":11,"TungstenRod":7,"Toy Ornithopter":11,"Pocketwatch":16}],"TungstenRod":6,"Toy Ornithopter":0,"Ring of the Snake":[20],"Pocketwatch":[3]},"card_choices":[{"not_picked":["AbeCurse","Doubt"],"picked":"betterMatch:CurseCard","floor":12},{"not_picked":["ReplayTheSpireMod:IOU","Doubt"],"picked":"Clumsy","floor":12},{"not_picked":["ReplayTheSpireMod:Restless Dread","Voices"],"picked":"ReplayTheSpireMod:Doomed","floor":12}],"player_experience":666171,"relics_obtained":[{"floor":3,"key":"Whetstone"},{"floor":3,"key":"Mummified Hand"},{"floor":4,"key":"TungstenRod"},{"floor":4,"key":"Replay:Bottled Steam"},{"floor":5,"key":"Toy Ornithopter"},{"floor":5,"key":"MawBank"},{"floor":9,"key":"Pen Nib"},{"floor":9,"key":"White Beast Statue"},{"floor":10,"key":"Pocketwatch"},{"floor":10,"key":"Molten Egg 2"},{"floor":11,"key":"Bag of Marbles"},{"floor":11,"key":"Divine Protection"},{"floor":15,"key":"Gremlin Horn"},{"floor":15,"key":"Garlic"},{"floor":16,"key":"Counterbalance"},{"floor":16,"key":"CaptainsWheel"},{"floor":17,"key":"Iron Hammer"},{"floor":17,"key":"Durian"},{"floor":18,"key":"Omamori"},{"floor":18,"key":"Frozen Egg 2"}],"event_choices":[],"is_beta":false,"boss_relics":[{"not_picked":["Coffee Dripper","SacredBark"],"picked":"Astrolabe"},{"not_picked":["Cursed Key","Ectoplasm"],"picked":"Replay:Ancient Bell"},{"not_picked":["Centennial Puzzle","Gremlin Food"],"picked":"ReplayTheSpireMod:TigerMarble"},{"not_picked":["Replay:Bottled Snecko","Onion Ring"],"picked":"Ornamental Fan"},{"not_picked":["Old Coin","Pondfish Scales"],"picked":"Byrd Skull"}],"items_purged_floors":[7,8,13],"is_endless":false,"potions_floor_spawned":[4,5,10,11,15,16,17,18],"ascension_level":0}}