{"host":"gk9qdtkqd8dwfeg2","time":1607682768,"event":{"mods":["Act Like it!","Aspiration","BaseMod","Downfall","Gensokyo","Marisa（F雨　魔理沙）","Minty Spire (QoL Compilation)","Quick Restart","Replay The Spire","Shop Mod","StSLib","TestMod","The Cursed","Waifu the Spire","Yuyuko","vexMod","【东方二次创作】八云紫mod"],"gold_per_floor":[118,131,131,75,75,75,87,114,114,114,149,149,183,199,199,276,276,292,124,124,121,141,141,169,0,0,10,10,10,242,242,242,321,987,1002,1014,1025,559,346,374,374,374],"floor_reached":41,"playtime":1352,"items_purged":["Pride","Pride"],"score":1175,"play_id":"0cae853b-7f3e-4934-89c4-a7fd72f6bb72","local_time":"20201211183248","is_ascension_mode":true,"campfire_choices":[{"data":"Rupture","floor":6.0,"key":"SMITH"},{"data":"Riddle With Holes","floor":10.0,"key":"SMITH"},{"data":"Distraction","floor":15.0,"key":"SMITH"},{"data":"Demon Form","floor":23.0,"key":"SMITH"},{"data":"Burning Pact","floor":28.0,"key":"SMITH"},{"data":"Shockwave","floor":32,"key":"SMITH"}],"circlet_count":0,"master_deck":["AscendersBane","Strike_R+1","Defend_R+1","Bash","Inflame","Rupture+1","Riddle With Holes+1","Distraction+1","Dagger Throw","Seeing Red+1","Brutality+1","Battle Trance","Sword Boomerang","ReplayTheSpireMod:Limb From Limb+1","Demon Form+1","Blood for Blood+1","Infernal Blade+1","Metallicize+1","Burning Pact+1","Shockwave+1","Body Slam+1","Flash of Steel+1","Finesse","Feed+1","Supernatural Nether","Pride","Slimebound:Nibble+1","Feel No Pain","Limit Break+1"],"relics":["Burning Blood","testmod-TestBox","testmod-TimeTraveler","NeowsBlessing","Replay:Bottled Snecko","vexMod:InvisibilityCloak","Molten Egg 2","MerchantsRug","Bird Faced Urn","vexMod:Cooldron","PrismaticShard","Smiling Mask","Replay:Baseball","vexMod:RockOfEvil","Guide Book","Ancient Tea Set","Nunchaku","Pen Nib"],"acts_visited":["Exordium","TheCity","TheBeyond"],"potions_floor_usage":[30,30,33,33,33,35,35,35,37,37,37,40,40,40,41],"damage_taken":[{"damage":0.0,"enemies":"Small Slimes","floor":1.0,"turns":1.0},{"damage":0.0,"enemies":"2 Louse","floor":2.0,"turns":1.0},{"damage":0.0,"enemies":"Cultist","floor":7.0,"turns":1.0},{"damage":2.0,"enemies":"Lagavulin","floor":8.0,"turns":4.0},{"damage":15.0,"enemies":"Replay:BlueRogue","floor":11.0,"turns":3.0},{"damage":9.0,"enemies":"3 Sentries","floor":13.0,"turns":3.0},{"damage":16.0,"enemies":"Large Slime","floor":14.0,"turns":2.0},{"damage":12.0,"enemies":"Fading Forest","floor":16.0,"turns":13.0},{"damage":2.0,"enemies":"Chosen","floor":18.0,"turns":3.0},{"damage":20.0,"enemies":"2 Thieves","floor":22.0,"turns":4.0},{"damage":19.0,"enemies":"Replay:Snechameleon","floor":24.0,"turns":4.0},{"damage":9.0,"enemies":"Snake Plant","floor":27.0,"turns":2.0},{"damage":24,"enemies":"Book of Stabbing","floor":30,"turns":2},{"damage":22,"enemies":"Collector","floor":33,"turns":4},{"damage":13,"enemies":"Orb Walker","floor":35,"turns":2},{"damage":44,"enemies":"3 Shapes","floor":36,"turns":4},{"damage":28,"enemies":"Writhing Mass","floor":37,"turns":4},{"damage":10,"enemies":"Nemesis","floor":40,"turns":3},{"damage":32,"enemies":"Nemesis","floor":41,"turns":7}],"seed_played":"-6631092716439201324","potions_obtained":[{"floor":7.0,"key":"SteroidPotion"},{"floor":13.0,"key":"ElixirPotion"},{"floor":27.0,"key":"EntropicBrew"},{"floor":30,"key":"EntropicBrew"},{"floor":31,"key":"PowerPotion"},{"floor":33,"key":"EntropicBrew"},{"floor":36,"key":"EntropicBrew"},{"floor":37,"key":"EntropicBrew"}],"is_trial":false,"path_per_floor":["M","M","?","$","?","R","M","E","T","R","E","?","E","M","R","B",null,"M","$","T","$","M","R","E","$","T","M","R","?","E","?","R","B",null,"M","M","M","$","$","E","?"],"character_chosen":"IRONCLAD","items_purchased":["Seeing Red+1","MerchantsRug","Shockwave","vexMod:Cooldron","Feel No Pain","Limit Break","Guide Book","Ancient Tea Set","Nunchaku"],"campfire_rested":0,"item_purchase_floors":[4,19,21,25,38,38,38,38,39],"current_hp_per_floor":[74,75,75,75,75,75,75,75,75,75,66,66,63,53,53,55,70,74,74,74,74,60,60,47,47,47,48,48,36,42,42,42,42,77,74,42,28,28,28,32,0,0],"gold":374,"neow_bonus":"THREE_ENEMY_KILL","is_daily":false,"chose_seed":false,"campfire_upgraded":6,"win_rate":0.0,"timestamp":1607682768,"path_taken":["M","M","?","$","?","R","?","E","T","R","E","?","E","M","R","BOSS","M","$","?","$","M","R","E","?","T","M","R","?","E","?","R","BOSS","M","M","?","?","$","E","?"],"items_purchased_type":["Undefined","Relic","Card","Relic","Card","Card","Relic","Relic","Relic"],"build_version":"2020-11-30","purchased_purges":2,"victory":false,"max_hp_per_floor":[75,75,75,75,75,75,75,75,75,75,75,75,75,75,75,75,75,75,75,75,75,75,75,75,75,75,75,75,75,85,85,85,89,89,93,93,93,93,93,93,93,93],"card_choices":[{"not_picked":["Clothesline","ReplayTheSpireMod:Strike From Hell"],"picked":"Inflame","floor":1.0},{"not_picked":["Whirlwind","True Grit"],"picked":"Rupture","floor":2.0},{"not_picked":["Searing Blow","Dropkick"],"picked":"Battle Trance","floor":7.0},{"not_picked":["Perfected Strike","Pommel Strike","Shrug It Off"],"picked":"SKIP","floor":8.0},{"not_picked":["Metallicize","Anger"],"picked":"Sword Boomerang","floor":11.0},{"not_picked":["Anger+1","Headbutt+1"],"picked":"ReplayTheSpireMod:Limb From Limb+1","floor":13.0},{"not_picked":["Shrug It Off","Flame Barrier","ReplayTheSpireMod:Limb From Limb+1"],"picked":"SKIP","floor":14.0},{"not_picked":["Demonic Infusion","Corruption"],"picked":"Demon Form","floor":16.0},{"not_picked":["ReplayTheSpireMod:Limb From Limb+1","Whirlwind+1"],"picked":"Burning Pact","floor":18.0},{"not_picked":["ReplayTheSpireMod:Limb From Limb+1","True Grit","Iron Wave+1"],"picked":"SKIP","floor":22.0},{"not_picked":["Armaments","Perfected Strike+1","Anger+1"],"picked":"SKIP","floor":24.0},{"not_picked":["Armaments","Perfected Strike+1","Anger+1"],"picked":"SKIP","floor":24.0},{"not_picked":["Thunderclap+1","Wild Strike+1"],"picked":"Body Slam+1","floor":27.0},{"not_picked":["Dark Embrace+1","Guardian:Gem_Cyan"],"picked":"Feed+1","floor":30},{"not_picked":["Slimebound:SlimeSlap+1","Slimebound:MassRepurpose"],"picked":"Supernatural Nether","floor":33},{"not_picked":["hexamod:GhostOfSpireFuture+1","hexamod:InspiringFlames","sneckomod:QuickMove"],"picked":"SKIP","floor":35},{"not_picked":["TheCursedMod:Stigma+1","hexamod:InspiringFlames+1"],"picked":"Slimebound:Nibble+1","floor":36},{"not_picked":["Slimebound:SplitLeeching","Slimebound:ItLooksTasty+1","Cerasus Subhirtella+1"],"picked":"SKIP","floor":37},{"not_picked":["Linger over Flower+1","Realm_recovery_purpleEX","Deflect"],"picked":"SKIP","floor":40}],"player_experience":1130596,"relics_obtained":[{"floor":8.0,"key":"Replay:Bottled Snecko"},{"floor":9.0,"key":"vexMod:InvisibilityCloak"},{"floor":11.0,"key":"Simple Rune"},{"floor":13.0,"key":"Molten Egg 2"},{"floor":24.0,"key":"Bird Faced Urn"},{"floor":26.0,"key":"vexMod:RedPlottingStone"},{"floor":29.0,"key":"PrismaticShard"},{"floor":30,"key":"Replay:Baseball"},{"floor":40,"key":"Pen Nib"}],"event_choices":[{"damage_healed":0.0,"max_hp_gain":0.0,"max_hp_loss":0.0,"gold_gain":0.0,"cards_transformed":["Strike_R"],"event_name":"Transmorgrifier","player_choice":"Transformed","floor":5.0,"gold_loss":0.0,"damage_taken":0.0,"cards_obtained":["Brutality"]},{"damage_healed":0.0,"max_hp_gain":0.0,"max_hp_loss":0.0,"gold_gain":0.0,"event_name":"Match and Keep!","player_choice":"0 cards matched","floor":12.0,"gold_loss":0.0,"damage_taken":0.0,"cards_obtained":[]},{"damage_healed":0,"gold_gain":0,"player_choice":"Got Potions","damage_taken":0,"max_hp_gain":0,"max_hp_loss":0,"event_name":"Lab","floor":31,"gold_loss":0}],"is_beta":false,"boss_relics":[{"not_picked":["Fusion Hammer","testmod-StringDisintegrator"],"picked":"Astrolabe"},{"not_picked":["testmod-D_4","vexMod:DeviousBotling"],"picked":"vexMod:RockOfEvil"}],"items_purged_floors":[38,39],"is_endless":false,"potions_floor_spawned":[7,13,14,24,27,30,33,36,37],"killed_by":"Nemesis","ascension_level":20}}