{"host":"y087t2reloz9bi43","time":1607684595,"event":{"mods":["2.2 Compatiblity","AchievementEnabler","Aspiration","BaseMod","Beaked The Cultist","Better Vampires","BetterRewards","Colored Map","Colored Powertips","Conspire","Downfall","Ekko","Fireblade Mod","Friendly Minions","GifTheSpireLib","Halation","Hermit","Hubris","Infinite Spire","Jedi Mod","Mad Scientist","Marisa????????","Mimic Mod","Minty Spire (QoL Compilation)","Permanent Neow","Rare Cards Sparkle","Relic Stats","Replay The Spire","Robot Space Explorer","Shade Mod","Shop Mod","StSLib","The Blackbeard","The Bug Knight","The Construct","The Cursed","The Hierophant","The Jungle","The Necromancer","The Runesmith","The Servant 0.9.4","TheHero","TheVacant","Uncapped","everything is the same but u backflip on backflip","vexMod"],"gold_per_floor":[365,365,365,131,147,179,179,208,245,245,323,361,361,396,396,581,581,631,631,631,631],"floor_reached":19,"playtime":1768,"items_purged":["Guardian:Defend_Guardian"],"score":194,"play_id":"39d47599-3014-45b7-986b-272804524be5","local_time":"20201211110315","is_ascension_mode":true,"campfire_choices":[{"data":"blackbeard:Toast","floor":7,"key":"SMITH"},{"floor":10,"key":"REST"},{"data":"blackbeard:GoldenStrike","floor":13,"key":"SMITH"},{"floor":15,"key":"REST"}],"circlet_count":0,"master_deck":["blackbeard:BlackbeardStrike","blackbeard:BlackbeardStrike","blackbeard:BlackbeardStrike","blackbeard:BlackbeardStrike","blackbeard:IntimidatingStrike","blackbeard:BlackbeardDefend","blackbeard:BlackbeardDefend","blackbeard:BlackbeardDefend","blackbeard:BlackbeardDefend","blackbeard:Cutlass","blackbeard:PowderKeg","blackbeard:Parrot","blackbeard:Toast+1","blackbeard:Sword","blackbeard:RearmingStrike","blackbeard:Salvager","blackbeard:GoldenRain","blackbeard:GoldenStrike+1","blackbeard:BoostMorale","blackbeard:CaptainsHat"],"relics":["blackbeard:LoadTheCannons","hubris:Towel","hubris:MysteriousPyramids","vexMod:MemoryStick","Replay:Bandana","blackbeard:WhitePearl","aspiration:StickyExplosives","blackbeard:SoberMinded"],"acts_visited":["Exordium","TheCity"],"potions_floor_usage":[6,6,16],"damage_taken":[{"damage":1,"enemies":"Small Slimes","floor":1,"turns":3},{"damage":1,"enemies":"Jaw Worm","floor":5,"turns":2},{"damage":14,"enemies":"Gremlin Nob","floor":6,"turns":4},{"damage":40,"enemies":"Lagavulin","floor":8,"turns":8},{"damage":0,"enemies":"Cultist","floor":9,"turns":6},{"damage":16,"enemies":"Gremlin Nob","floor":11,"turns":3},{"damage":0,"enemies":"Cultist","floor":12,"turns":2},{"damage":8,"enemies":"Blue Slaver","floor":14,"turns":2},{"damage":28,"enemies":"The Guardian","floor":16,"turns":7},{"damage":4,"enemies":"3 Byrds","floor":18,"turns":3}],"seed_played":"-1541246874344108912","potions_obtained":[{"floor":1,"key":"LifebloodPotion"},{"floor":5,"key":"PowerPotion"},{"floor":11,"key":"Strength Potion"},{"floor":12,"key":"construct:ShiftPotion"},{"floor":14,"key":"Toxic Potion"},{"floor":16,"key":"LiquidMemories"}],"is_trial":false,"path_per_floor":["M","?","?","$","M","E","R","E","MIM","R","E","M","R","M","R_BF","B",null,"M","?"],"character_chosen":"BLACKBEARD_CLASS","items_purchased":["blackbeard:Parrot"],"campfire_rested":2,"item_purchase_floors":[4],"current_hp_per_floor":[74,74,74,74,73,59,59,19,19,41,25,25,25,17,39,11,75,71,0,0,0],"gold":631,"neow_bonus":"TWO_FIFTY_GOLD","is_daily":false,"chose_seed":false,"campfire_upgraded":2,"win_rate":0.0,"timestamp":1607684595,"path_taken":["M","?","?","$","M","E","R","E","MIM","R","E","?","R","M","R_BF","BOSS","M","?"],"items_purchased_type":["Card"],"build_version":"2020-11-30","purchased_purges":1,"victory":false,"max_hp_per_floor":[75,75,75,75,75,75,75,75,75,75,75,75,75,75,75,75,75,75,75,75,75],"relic_stats":{"counters":[10,40],"obtain_stats":[{"vexMod:MemoryStick":8,"Replay:Bandana":9,"aspiration:StickyExplosives":11,"blackbeard:SoberMinded":17,"blackbeard:LoadTheCannons":0,"blackbeard:WhitePearl":9,"hubris:Towel":3,"hubris:MysteriousPyramids":6},{"vexMod:MemoryStick":4,"Replay:Bandana":5,"aspiration:StickyExplosives":6,"blackbeard:SoberMinded":9,"blackbeard:LoadTheCannons":0,"blackbeard:WhitePearl":5,"hubris:Towel":1,"hubris:MysteriousPyramids":3},{"vexMod:MemoryStick":17,"Replay:Bandana":23,"aspiration:StickyExplosives":26,"blackbeard:SoberMinded":37,"blackbeard:LoadTheCannons":0,"blackbeard:WhitePearl":23,"hubris:Towel":3,"hubris:MysteriousPyramids":9}]},"card_choices":[{"not_picked":["blackbeard:CloakAndCannonball","blackbeard:Sword"],"picked":"blackbeard:PowderKeg","floor":1},{"not_picked":["blackbeard:Boarding","blackbeard:CannonballSupply"],"picked":"blackbeard:Toast","floor":5},{"not_picked":["blackbeard:BlindAttacks","blackbeard:PirateEarring"],"picked":"blackbeard:Sword","floor":6},{"not_picked":["blackbeard:Upgrade","blackbeard:SwordDance"],"picked":"blackbeard:RearmingStrike","floor":8},{"not_picked":["blackbeard:SwordDance","blackbeard:Dagger"],"picked":"blackbeard:Salvager","floor":9},{"not_picked":["blackbeard:WiseDefense","blackbeard:Spear"],"picked":"blackbeard:GoldenRain","floor":11},{"not_picked":["blackbeard:PirateEarring","blackbeard:ArmorUp"],"picked":"blackbeard:GoldenStrike","floor":12},{"not_picked":["blackbeard:Sword","blackbeard:Anchor"],"picked":"blackbeard:BoostMorale","floor":14},{"not_picked":["blackbeard:GoldenGuillotine","blackbeard:UndeadForm"],"picked":"blackbeard:CaptainsHat","floor":16},{"not_picked":["blackbeard:Toast+1","blackbeard:Sharpening","blackbeard:WeaponProficiency"],"picked":"SKIP","floor":18}],"player_experience":318653,"relics_obtained":[{"floor":6,"key":"hubris:MysteriousPyramids"},{"floor":8,"key":"vexMod:MemoryStick"},{"floor":9,"key":"Replay:Bandana"},{"floor":9,"key":"blackbeard:WhitePearl"},{"floor":11,"key":"aspiration:StickyExplosives"}],"event_choices":[],"is_beta":false,"boss_relics":[{"not_picked":["Runic Pyramid","Astrolabe"],"picked":"blackbeard:SoberMinded"}],"items_purged_floors":[4],"is_endless":false,"potions_floor_spawned":[1,5,11,12,14,16],"ascension_level":1}}