{"host":"sabve5zmqufxyc5o","time":1607669896,"event":{"mods":["2.2 Compatiblity","AchievementEnabler","Act Like it!","BaseMod","Block Reminder","Colored Map","Colored Powertips","DeckTracker","KOR Keyword Fix","Keyboard Shortcuts","Minty Spire (QoL Compilation)","Quick Restart","Rare Cards Sparkle","Relic Stats","StSLib","SuperFastMode"],"gold_per_floor":[112,127,127,42,60,60,87,87,87,101,101,113,128,147,147,219,219,238,238,238,238,255,255,270,270,270,270,302,314,314,77,77,77,77],"floor_reached":33,"playtime":661,"items_purged":["Strike_B"],"score":507,"play_id":"386fe391-621c-4efd-88f7-eb0b1b4854e3","local_time":"20201211155816","is_ascension_mode":true,"campfire_choices":[{"data":"Sunder","floor":6.0,"key":"SMITH"},{"floor":8.0,"key":"REST"},{"data":"Zap","floor":11.0,"key":"SMITH"},{"data":"Go for the Eyes","floor":15.0,"key":"SMITH"},{"floor":23.0,"key":"REST"},{"floor":25.0,"key":"REST"},{"data":"Coolheaded","floor":27,"key":"SMITH"},{"floor":32,"key":"REST"}],"circlet_count":0,"master_deck":["AscendersBane","Strike_B","Defend_B","Defend_B","Defend_B","Defend_B","Zap+1","Dualcast","Gash","Conserve Battery","Self Repair","Sunder+1","Beam Cell","Go for the Eyes+1","Ball Lightning","Cold Snap","Echo Form","Gash","FTL","Coolheaded+1","Compile Driver","Chill"],"relics":["FrozenCore","Blue Candle","White Beast Statue","Bottled Tornado","Toy Ornithopter","ClockworkSouvenir"],"acts_visited":["Exordium","TheCity"],"potions_floor_usage":[28],"damage_taken":[{"damage":7.0,"enemies":"Jaw Worm","floor":1.0,"turns":3.0},{"damage":7.0,"enemies":"2 Louse","floor":2.0,"turns":3.0},{"damage":2.0,"enemies":"Cultist","floor":5.0,"turns":4.0},{"damage":44.0,"enemies":"Lagavulin","floor":7.0,"turns":6.0},{"damage":16.0,"enemies":"Large Slime","floor":10.0,"turns":5.0},{"damage":7.0,"enemies":"Lots of Slimes","floor":12.0,"turns":4.0},{"damage":7.0,"enemies":"Looter","floor":13.0,"turns":3.0},{"damage":17.0,"enemies":"Red Slaver","floor":14.0,"turns":4.0},{"damage":20.0,"enemies":"The Guardian","floor":16.0,"turns":12.0},{"damage":13.0,"enemies":"3 Byrds","floor":18.0,"turns":6.0},{"damage":20.0,"enemies":"Chosen","floor":22.0,"turns":7.0},{"damage":34.0,"enemies":"Sentry and Sphere","floor":24.0,"turns":6.0},{"damage":24,"enemies":"Book of Stabbing","floor":28,"turns":7},{"damage":1,"enemies":"3 Cultists","floor":29,"turns":6},{"damage":61,"enemies":"Collector","floor":33,"turns":11}],"seed_played":"7575603134775524655","potions_obtained":[{"floor":2.0,"key":"FairyPotion"},{"floor":10.0,"key":"PowerPotion"},{"floor":16.0,"key":"Fruit Juice"},{"floor":18.0,"key":"LiquidMemories"},{"floor":22.0,"key":"Swift Potion"},{"floor":24.0,"key":"FocusPotion"},{"floor":28,"key":"GamblersBrew"},{"floor":29,"key":"SmokeBomb"}],"is_trial":false,"path_per_floor":["M","M","?","$","M","R","E","R","T","M","R","M","M","M","R","B",null,"M","?","?","?","M","R","M","R","T","R","E","M","?","$","R","B"],"character_chosen":"DEFECT","items_purchased":["Self Repair","ClockworkSouvenir"],"campfire_rested":4,"item_purchase_floors":[4,31],"current_hp_per_floor":[57,50,50,50,55,55,18,39,39,30,30,23,23,13,13,28,64,58,58,36,36,23,47,20,44,44,44,27,33,33,33,57,0,0],"gold":77,"neow_bonus":"REMOVE_CARD","is_daily":false,"chose_seed":false,"campfire_upgraded":4,"win_rate":0.0,"timestamp":1607669896,"path_taken":["M","M","?","$","M","R","E","R","T","M","R","M","M","M","R","BOSS","M","?","?","?","M","R","M","R","T","R","E","M","?","$","R","BOSS"],"items_purchased_type":["Card","Relic"],"build_version":"2020-11-30","purchased_purges":1,"victory":false,"max_hp_per_floor":[71,71,71,71,71,71,71,71,71,71,71,71,71,71,71,76,76,76,76,81,81,81,81,81,81,81,81,81,81,81,81,81,81,81],"relic_stats":{"counters":[15,87],"Blue Candle":[0],"obtain_stats":[{"Blue Candle":7,"Bottled Tornado":26,"Cracked Core":0,"White Beast Statue":9,"Toy Ornithopter":28,"FrozenCore":17,"ClockworkSouvenir":31},{"Blue Candle":4,"Bottled Tornado":12,"Cracked Core":0,"White Beast Statue":4,"Toy Ornithopter":13,"FrozenCore":9,"ClockworkSouvenir":14},{"Blue Candle":16,"Bottled Tornado":63,"Cracked Core":0,"White Beast Statue":16,"Toy Ornithopter":70,"FrozenCore":44,"ClockworkSouvenir":76}],"Toy Ornithopter":0,"FrozenCore":[13]},"card_choices":[{"not_picked":["Rebound","Conserve Battery"],"picked":"Gash","floor":1.0},{"not_picked":["Reinforced Body","Stack"],"picked":"Conserve Battery","floor":2.0},{"not_picked":["Barrage","Ball Lightning"],"picked":"Sunder","floor":5.0},{"not_picked":["FTL","Conserve Battery"],"picked":"Beam Cell","floor":7.0},{"not_picked":["Beam Cell","Creative AI","Darkness"],"picked":"SKIP","floor":10.0},{"not_picked":["Barrage","Turbo"],"picked":"Go for the Eyes","floor":12.0},{"not_picked":["Recycle","Scrape"],"picked":"Ball Lightning","floor":13.0},{"not_picked":["Gash","Core Surge"],"picked":"Cold Snap","floor":14.0},{"not_picked":["Fission","Biased Cognition"],"picked":"Echo Form","floor":16.0},{"not_picked":["Hologram","Force Field"],"picked":"Gash","floor":18.0},{"not_picked":["Genetic Algorithm","Doom and Gloom"],"picked":"FTL","floor":22.0},{"not_picked":["Barrage","Steam Power"],"picked":"Coolheaded","floor":24.0},{"not_picked":["Hologram","Conserve Battery"],"picked":"Compile Driver","floor":28},{"not_picked":["Barrage","Leap","Redo"],"picked":"SKIP","floor":29}],"player_experience":752332,"relics_obtained":[{"floor":7.0,"key":"Blue Candle"},{"floor":9.0,"key":"White Beast Statue"},{"floor":26,"key":"Bottled Tornado"},{"floor":28,"key":"Toy Ornithopter"}],"event_choices":[{"damage_healed":0.0,"max_hp_gain":0.0,"max_hp_loss":0.0,"gold_gain":0.0,"event_name":"Liars Game","player_choice":"Ignored","floor":3.0,"gold_loss":0.0,"damage_taken":0.0},{"cards_removed":["Strike_B"],"damage_healed":0.0,"max_hp_gain":0.0,"max_hp_loss":0.0,"gold_gain":0.0,"event_name":"Back to Basics","player_choice":"Elegance","floor":19.0,"gold_loss":0.0,"damage_taken":0.0},{"damage_healed":0.0,"max_hp_gain":5.0,"max_hp_loss":0.0,"gold_gain":0.0,"event_name":"Forgotten Altar","player_choice":"Shed Blood","floor":20.0,"gold_loss":0.0,"damage_taken":27.0},{"damage_healed":0.0,"max_hp_gain":0.0,"max_hp_loss":0.0,"gold_gain":0.0,"event_name":"Cursed Tome","player_choice":"Ignored","floor":21.0,"gold_loss":0.0,"damage_taken":0.0},{"damage_healed":0,"gold_gain":0,"player_choice":"Read","damage_taken":0,"max_hp_gain":0,"max_hp_loss":0,"event_name":"The Library","floor":30,"gold_loss":0,"cards_obtained":["Chill"]}],"is_beta":false,"boss_relics":[{"not_picked":["Astrolabe","Runic Dome"],"picked":"FrozenCore"}],"items_purged_floors":[31],"is_endless":false,"potions_floor_spawned":[2,10,12,13,14,16,18,22,24,28,29],"killed_by":"Collector","ascension_level":18}}