{"host":"d7fc5ebihh1asqq3","time":1607711811,"event":{"mods":["BaseMod","Minty Spire (QoL Compilation)","StSLib","The Cursed","The Servant 0.9.4","TheBandit"],"gold_per_floor":[369,369,252,267,267,267,290,23,71,94,114,114,114,127,127,253,253,268,183,208,208,14,14,33,67,67,67,67,67,67],"floor_reached":28,"playtime":3000,"items_purged":["wariomod:Strike","wariomod:Defend","wariomod:Strike"],"score":250,"play_id":"56d71878-33db-4bd0-91bd-890f159f9524","local_time":"20201211133651","is_ascension_mode":true,"campfire_choices":[{"floor":6.0,"key":"REST"},{"floor":13,"key":"REST"},{"data":"wariomod:TempestBlasts","floor":15,"key":"SMITH"},{"data":"Jack Of All Trades","floor":23,"key":"SMITH"}],"circlet_count":0,"master_deck":["wariomod:Strike","wariomod:Strike","wariomod:Defend","wariomod:Defend","wariomod:Defend","wariomod:Step","wariomod:Leap","wariomod:Immortalize","wariomod:TempestBlasts+1","wariomod:TempestBlasts","wariomod:TrekTime","wariomod:RacingSpeed","wariomod:Bombshield","wariomod:PoisonBombs","Jack Of All Trades+1","wariomod:ShipSmash","wariomod:GreaterGuard"],"relics":["wariomod:TheHat","Smiling Mask","Golden Idol","Anchor","Happy Flower","Black Star","Potion Belt","Lee\u0027s Waffle","Orichalcum","wariomod:SunglassHat","Question Card"],"acts_visited":["Exordium","TheCity"],"potions_floor_usage":[12,25,25],"damage_taken":[{"damage":0.0,"enemies":"2 Louse","floor":1.0,"turns":4.0},{"damage":4.0,"enemies":"Jaw Worm","floor":4.0,"turns":4.0},{"damage":1.0,"enemies":"Cultist","floor":7.0,"turns":4.0},{"damage":6.0,"enemies":"Exordium Thugs","floor":10.0,"turns":5.0},{"damage":30.0,"enemies":"Gremlin Gang","floor":11.0,"turns":5.0},{"damage":0,"enemies":"Gremlin Nob","floor":12,"turns":1},{"damage":0,"enemies":"Large Slime","floor":14,"turns":5},{"damage":45,"enemies":"Hexaghost","floor":16,"turns":9},{"damage":26,"enemies":"Chosen","floor":18,"turns":7},{"damage":52,"enemies":"Spheric Guardian","floor":20,"turns":6},{"damage":19,"enemies":"Snake Plant","floor":24,"turns":5},{"damage":56,"enemies":"Slavers","floor":25,"turns":6},{"damage":21,"enemies":"Centurion and Healer","floor":28,"turns":4}],"seed_played":"-4094554614994087373","potions_obtained":[{"floor":4.0,"key":"SmokeBomb"},{"floor":7.0,"key":"Regen Potion"},{"floor":20,"key":"Block Potion"},{"floor":25,"key":"Fruit Juice"}],"is_trial":false,"path_per_floor":["M","?","$","M","?","R","M","$","T","M","M","E","R","M","R","B",null,"M","?","M","?","$","R","M","E","T","T","M"],"character_chosen":"THE_BANDIT","items_purchased":["wariomod:TempestBlasts","wariomod:RacingSpeed","Anchor","Lee\u0027s Waffle"],"campfire_rested":2,"item_purchase_floors":[3,8,8,22],"current_hp_per_floor":[56,49,49,45,25,49,48,48,48,42,24,24,48,48,48,3,80,54,54,2,2,87,87,68,17,17,17,0,0,0],"gold":67,"neow_bonus":"TWO_FIFTY_GOLD","is_daily":false,"chose_seed":false,"campfire_upgraded":2,"win_rate":0.0,"timestamp":1607711811,"path_taken":["M","?","$","M","?","R","M","$","T","M","M","E","R","M","R","BOSS","M","?","M","?","$","R","?","E","T","?","M"],"items_purchased_type":["Card","Card","Relic","Relic"],"build_version":"2020-11-30","purchased_purges":3,"victory":false,"max_hp_per_floor":[80,80,80,80,80,80,80,80,80,80,80,80,80,80,80,80,80,80,80,80,80,87,87,87,92,92,92,92,92,92],"card_choices":[{"not_picked":["wariomod:Goblast","wariomod:DamnedStrength"],"picked":"wariomod:Immortalize","floor":1.0},{"not_picked":["wariomod:Smackflip","wariomod:Leapslam"],"picked":"wariomod:TempestBlasts","floor":4.0},{"not_picked":["wariomod:BlastDash","wariomod:ChargeForth"],"picked":"wariomod:TrekTime","floor":7.0},{"not_picked":["wariomod:ThatsNotAll","wariomod:PayItForwards"],"picked":"wariomod:Bombshield","floor":10.0},{"not_picked":["wariomod:Boomsmack","wariomod:Immortalize","wariomod:SmallSprint"],"picked":"SKIP","floor":11.0},{"not_picked":["wariomod:DoubleDash","wariomod:Goblast","wariomod:Bombshield"],"picked":"SKIP","floor":14},{"not_picked":["wariomod:ShipSmash","wariomod:BoomAndDoom"],"picked":"wariomod:PoisonBombs","floor":16},{"not_picked":["wariomod:DisarmingMoves+1","wariomod:TheGrandJourney+1","wariomod:SimpleShield"],"picked":"SKIP","floor":18},{"not_picked":["wariomod:Smackflip","wariomod:Game","wariomod:Bombshield"],"picked":"SKIP","floor":20},{"not_picked":["wariomod:Boomsmack","wariomod:PayItForwards"],"picked":"wariomod:ShipSmash","floor":24},{"not_picked":["wariomod:HastyRush","wariomod:Bombshield"],"picked":"wariomod:GreaterGuard","floor":25}],"player_experience":585340,"relics_obtained":[{"floor":9.0,"key":"Happy Flower"},{"floor":25,"key":"Orichalcum"},{"floor":25,"key":"wariomod:SunglassHat"},{"floor":26,"key":"Question Card"}],"event_choices":[{"damage_healed":0.0,"max_hp_gain":0.0,"max_hp_loss":0.0,"gold_gain":0.0,"event_name":"Scrap Ooze","player_choice":"Success","floor":2.0,"gold_loss":0.0,"damage_taken":7.0,"relics_obtained":["Smiling Mask"]},{"damage_healed":0.0,"max_hp_gain":0.0,"max_hp_loss":0.0,"gold_gain":0.0,"event_name":"Golden Idol","player_choice":"Take Damage","floor":5.0,"gold_loss":0.0,"damage_taken":20.0,"relics_obtained":["Golden Idol"]},{"damage_healed":0,"gold_gain":0,"player_choice":"Obtained Relic","damage_taken":0,"relics_obtained":["Potion Belt"],"max_hp_gain":0,"max_hp_loss":0,"event_name":"Addict","floor":19,"gold_loss":85},{"damage_healed":0,"gold_gain":0,"player_choice":"1 cards matched","damage_taken":0,"max_hp_gain":0,"max_hp_loss":0,"event_name":"Match and Keep!","floor":21,"gold_loss":0,"cards_obtained":["Jack Of All Trades"]}],"is_beta":false,"boss_relics":[{"not_picked":["Tiny House","SlaversCollar"],"picked":"Black Star"}],"items_purged_floors":[3,8,22],"is_endless":false,"potions_floor_spawned":[4,7,12,20,25],"killed_by":"Centurion and Healer","ascension_level":1}}