{"host":"hb254truj5uxpodn","time":1607671030,"event":{"mods":["2.2 Compatiblity","AchievementEnabler","Aspiration","Astrologer","BaseMod","Bestiary","Better Altar","Better Match","Better Note","Better Sensory Stone","Better Skull","Better Third Choice","Better Vampires","BetterRewards","Colored Map","Colored Powertips","Conspire","Downfall","Energized Spire","Friendly Minions","GifTheSpireLib","Highlight Path","Hubris","Infinite Spire","Minty Spire (QoL Compilation)","Permanent Neow","Practice Mode","Quick Restart","Relic Stats","Replay The Spire","Shop Mod","Spicy Shops","StSLib","SuperFastMode","Uncapped","vexMod"],"gold_per_floor":[116,116,116,161,86,86,104,104,128,141,160,185,203,8,219,219,234,440,203,203,222,222,222,222,235,253,253,33,33,129,129,139,251,268,285,285,285,309,309,354,372,372,384,384,402,402,507,507,520,530,530,548,548,581,581,581,606,225,244,264,277,288,288,288,288,288,63,91,4,106,116,128,139,139,139,153,164,191,205,221,238,284,305,305,599,599,626,699,733,783,53,53,83,160,160,185,185,217,217,260,260,474,474,559,613,613,686,755,755,825,825,877,877,444,610,697,751,751,881,881,881,512,609,724],"floor_reached":125,"playtime":11906,"items_purged":["astrologer:Strike","astrologer:Defend","astrologer:Strike","astrologer:Sunrise","astrologer:Defend","astrologer:Strike","astrologer:Defend","astrologer:Strike","astrologer:Defend"],"score":2162,"play_id":"f7913e71-296f-4e23-840a-de56600ab9fb","local_time":"20201210231710","is_ascension_mode":false,"campfire_choices":[{"floor":6.0,"key":"RECALL"},{"data":"astrologer:TheFool","floor":8.0,"key":"SMITH"},{"data":"1","floor":20.0,"key":"LIFT"},{"data":"2","floor":22.0,"key":"LIFT"},{"data":"3","floor":29.0,"key":"LIFT"},{"data":"Pot Of Greed","floor":37.0,"key":"SMITH"},{"data":"astrologer:Trine","floor":44.0,"key":"SMITH"},{"floor":46.0,"key":"REST"},{"data":"astrologer:TheMagician","floor":55.0,"key":"SMITH"},{"floor":63.0,"key":"REST"},{"data":"astrologer:Starfield","floor":66.0,"key":"SMITH"},{"data":"Pot Of Greed","floor":75.0,"key":"SMITH"},{"data":"Pot Of Greed","floor":84.0,"key":"SMITH"},{"data":"Pot Of Greed","floor":92.0,"key":"SMITH"},{"data":"infinitespire:Execution","floor":99.0,"key":"SMITH"},{"data":"astrologer:Fate","floor":101.0,"key":"SMITH"},{"data":"Pot Of Greed","floor":109.0,"key":"SMITH"},{"data":"ReplayTheSpireMod:Haul","floor":118,"key":"SMITH"},{"data":"astrologer:Glimpse","floor":121,"key":"SMITH"}],"circlet_count":0,"master_deck":["astrologer:NorthStar","astrologer:TheFool+1","astrologer:Divination+1","Apotheosis+1","astrologer:MeteorShower","astrologer:TheMoon","astrologer:MeteorShower","astrologer:Confirmation","astrologer:TheTower","astrologer:FrozenStar","Pot Of Greed+1","Pot Of Greed+1","astrologer:TheEmperor","astrologer:Stardust","Bandage Up","astrologer:MeteorShower","astrologer:TheStar","astrologer:Opposition","astrologer:Trine+1","astrologer:ShiningStar","Pot Of Greed+1","astrologer:MeteorShower","astrologer:MeteorShower+1","astrologer:Opposition","astrologer:ShiningStar","astrologer:TheMagician+1","astrologer:LonelyStar","astrologer:MeteorShower+1","astrologer:Prismatic+1","astrologer:Starfield+1","astrologer:MeteorShower+1","astrologer:ReadTheStars+1","astrologer:MeteorShower+1","Pot Of Greed+1","astrologer:Strength","astrologer:Opposition","astrologer:Glimpse","astrologer:Glimpse","astrologer:StarOfMisfortune","astrologer:FadingStar","astrologer:Judgement","infinitespire:Starlight","astrologer:FadingStar","astrologer:Fate+1","astrologer:Glimpse","astrologer:MeteorShower","Pot Of Greed+1","astrologer:Temperance","astrologer:Eclipse","astrologer:Glimpse","Mind Blast","astrologer:Opposition","astrologer:MeteorShower","infinitespire:Execution+1","astrologer:Glimpse","astrologer:HeatDeath+1","astrologer:Opposition","astrologer:MeteorShower+1","astrologer:MeteorShower+1","Pot Of Greed+1","astrologer:Conjunction+1","ReplayTheSpireMod:Haul+1","astrologer:MeteorShower","astrologer:Glimpse+1","astrologer:Conjunction","astrologer:Conjunction+1"],"relics":["astrologer:SkyMirror","aspiration:BabyByrd","Pen Nib","Replay:Rubber Ducky","Omamori","vexMod:Spyglass","Girya","Du-Vu Doll","Grinning Jar","ReplayFunnel","Ring of Peace","Ring of Fury","Black Star","Nunchaku","Bag of Marbles","Frozen Eye","Runic Pyramid","hubris:Towel","Toy Ornithopter","Boot","Bronze Scales","Pocketwatch","Bag of Preparation","TheAbacus","infinitespire:Lucky Rock","hubris:OldNail","Strange Spoon","aspiration:Nostalgia","m_SnakeBloodCore","vexMod:Trinoculars","ReplayTheSpireMod:Lightbulb","HornCleat","OrangePellets","vexMod:GhostlyGear","Vajra","Replay:Bandana","hubris:Backtick","hubris:Potato","Letter Opener","ReplayTheSpireMod:Ninjato","hubris:PeanutButter","Bottled Flame","hubris:BundleOfHerbs","Tiny Chest","Replay:Bronze Core","vexMod:CardConverter","Mirror","conspire:TopHat","Oddly Smooth Stone","infinitespire:CursedDice","infinitespire:Beetle Shell","Guide Book","Kunai","Medical Kit","hubris:FunFungus","Replay:Baseball","aspiration:TomeofQuesting"],"acts_visited":["TheCity","TheBeyond","TheEnding"],"potions_floor_usage":[],"damage_taken":[{"damage":0.0,"enemies":"conspire:RoseBush","floor":1.0,"turns":3.0},{"damage":4.0,"enemies":"Jaw Worm","floor":7.0,"turns":3.0},{"damage":1.0,"enemies":"Cultist","floor":10.0,"turns":4.0},{"damage":0.0,"enemies":"2 Fungi Beasts","floor":11.0,"turns":2.0},{"damage":71.0,"enemies":"Gremlin Nob","floor":12.0,"turns":5.0},{"damage":0.0,"enemies":"Exordium Wildlife","floor":13.0,"turns":2.0},{"damage":0.0,"enemies":"Cultist","floor":15.0,"turns":2.0},{"damage":4.0,"enemies":"Small Slimes","floor":17.0,"turns":3.0},{"damage":0.0,"enemies":"2 Louse","floor":21.0,"turns":3.0},{"damage":0.0,"enemies":"Blue Slaver","floor":25.0,"turns":2.0},{"damage":0.0,"enemies":"conspire:2 RoseBushes","floor":26.0,"turns":4.0},{"damage":7.0,"enemies":"The Guardian","floor":30.0,"turns":7.0},{"damage":0.0,"enemies":"3 Byrds","floor":32.0,"turns":3.0},{"damage":4.0,"enemies":"2 Thieves","floor":34.0,"turns":3.0},{"damage":20.0,"enemies":"Shelled Parasite and Fungi","floor":35.0,"turns":4.0},{"damage":0.0,"enemies":"Centurion and Healer","floor":41.0,"turns":1.0},{"damage":15.0,"enemies":"Snecko","floor":43.0,"turns":5.0},{"damage":9.0,"enemies":"conspire:HollyBat","floor":45.0,"turns":12.0},{"damage":50.0,"enemies":"hubris:MusketHawk","floor":47.0,"turns":9.0},{"damage":6.0,"enemies":"3 Darklings","floor":49.0,"turns":3.0},{"damage":25.0,"enemies":"3 Shapes","floor":50.0,"turns":3.0},{"damage":0.0,"enemies":"Jaw Worm Horde","floor":52.0,"turns":3.0},{"damage":13.0,"enemies":"Reptomancer","floor":54.0,"turns":5.0},{"damage":32.0,"enemies":"Sphere and 2 Shapes","floor":59.0,"turns":3.0},{"damage":0.0,"enemies":"3 Darklings","floor":60.0,"turns":3.0},{"damage":0.0,"enemies":"Jaw Worm Horde","floor":61.0,"turns":3.0},{"damage":0.0,"enemies":"Writhing Mass","floor":62.0,"turns":4.0},{"damage":47.0,"enemies":"hubris:GrandSnecko","floor":64.0,"turns":11.0},{"damage":0.0,"enemies":"Shield and Spear","floor":68.0,"turns":4.0},{"damage":0.0,"enemies":"2 Louse","floor":70.0,"turns":1.0},{"damage":0.0,"enemies":"Small Slimes","floor":71.0,"turns":1.0},{"damage":0.0,"enemies":"Jaw Worm","floor":72.0,"turns":1.0},{"damage":0.0,"enemies":"3 Louse","floor":73.0,"turns":1.0},{"damage":0.0,"enemies":"Exordium Wildlife","floor":76.0,"turns":1.0},{"damage":0.0,"enemies":"conspire:2 RoseBushes","floor":77.0,"turns":1.0},{"damage":0.0,"enemies":"2 Fungi Beasts","floor":79.0,"turns":1.0},{"damage":0.0,"enemies":"Exordium Wildlife","floor":80.0,"turns":1.0},{"damage":0.0,"enemies":"conspire:2 RoseBushes","floor":81.0,"turns":1.0},{"damage":0.0,"enemies":"Blue Slaver","floor":83.0,"turns":1.0},{"damage":0.0,"enemies":"Fading Forest","floor":85.0,"turns":10.0},{"damage":0.0,"enemies":"Spheric Guardian","floor":87.0,"turns":1.0},{"damage":0.0,"enemies":"Shell Parasite","floor":89.0,"turns":1.0},{"damage":0.0,"enemies":"Chosen and Byrds","floor":90.0,"turns":2.0},{"damage":0.0,"enemies":"Centurion and Healer","floor":93.0,"turns":1.0},{"damage":0.0,"enemies":"Snake Plant","floor":96.0,"turns":1.0},{"damage":0.0,"enemies":"Chosen and Byrds","floor":98.0,"turns":1.0},{"damage":0.0,"enemies":"Cultist and Chosen","floor":100.0,"turns":1.0},{"damage":0.0,"enemies":"Automaton","floor":102.0,"turns":6.0},{"damage":0.0,"enemies":"3 Darklings","floor":104.0,"turns":1.0},{"damage":0.0,"enemies":"Orb Walker","floor":105.0,"turns":1.0},{"damage":0.0,"enemies":"4 Shapes","floor":107.0,"turns":1.0},{"damage":0.0,"enemies":"Reptomancer","floor":110.0,"turns":1.0},{"damage":0,"enemies":"Transient","floor":115,"turns":4},{"damage":0,"enemies":"3 Darklings","floor":116,"turns":1},{"damage":0,"enemies":"Spire Growth","floor":117,"turns":1},{"damage":0,"enemies":"Replay:Hell Engine","floor":119,"turns":4},{"damage":0,"enemies":"Shield and Spear","floor":123,"turns":1},{"damage":0,"enemies":"The Heart","floor":124,"turns":5}],"seed_played":"-5780778636047968458","potions_obtained":[{"floor":1.0,"key":"Milkshake"},{"floor":11.0,"key":"Dexterity Potion"},{"floor":12.0,"key":"FearPotion"},{"floor":77.0,"key":"AttackPotion"},{"floor":83.0,"key":"SteroidPotion"},{"floor":87.0,"key":"Languid Potion"}],"is_trial":false,"path_per_floor":["M","?","?","T","$","R","M","R","T","M","M","E","M","M","M","T","M","?","$","R","M","R","T","?","M","M","?","$","R_BF","B",null,"M","?","M","M","?","R","T","?","T","M","AVR","M","R","M","R","B",null,"M","M","?","M","?","E","R","?","T","$","M","M","M","M","R","B",null,"R","$","E","B","M","M","M","M","AVR","R","M","M","T","M","M","M","T","M","R_BF","B",null,"M","T","M","M","$","R","M","T","T","M","AVR","M","R","M","R","B",null,"M","M","T","M","T","R","E","T","T","AVR","$","M","M","M","R","B",null,"R","$","E","B",null],"character_chosen":"ASTROLOGER","items_purchased":["Omamori","vexMod:Spyglass","Girya","Du-Vu Doll","astrologer:Confirmation","astrologer:TheTower","Bandage Up","astrologer:Opposition","astrologer:Starfield","astrologer:MeteorShower+1","BargainBundle","TheAbacus","infinitespire:Lucky Rock","hubris:OldNail","astrologer:Opposition","astrologer:Glimpse","Strange Spoon","aspiration:Nostalgia","astrologer:Glimpse","vexMod:Trinoculars","ReplayTheSpireMod:Lightbulb","HornCleat","OrangePellets","astrologer:Eclipse","astrologer:Glimpse","ReplayTheSpireMod:Ninjato","hubris:PeanutButter","Mind Blast","Kunai","astrologer:MeteorShower","astrologer:Glimpse","Medical Kit","hubris:FunFungus"],"campfire_rested":2,"item_purchase_floors":[14,14,14,14,14,14,19,28,58,58,69,69,69,69,69,69,69,69,69,69,69,69,69,91,91,91,91,91,114,114,114,122,122],"current_hp_per_floor":[77,77,77,77,77,77,73,73,73,72,72,1,1,77,77,77,73,43,43,43,43,43,43,43,49,53,53,53,53,50,77,77,68,70,56,56,56,56,77,77,77,77,62,62,57,77,38,77,71,50,50,50,50,41,41,41,41,41,15,21,21,21,44,8,77,77,77,77,77,77,77,77,77,77,77,77,77,77,77,77,77,77,77,77,77,77,77,77,77,77,77,77,77,77,77,77,77,77,77,77,77,77,77,77,77,77,81,81,81,83,83,83,85,89,91,93,93,93,93,93,93,93,93,93],"gold":724,"neow_bonus":"TEN_PERCENT_HP_BONUS","is_daily":false,"chose_seed":false,"campfire_upgraded":13,"win_rate":0.0,"timestamp":1607671030,"path_taken":["M","?","?","?","$","R","M","R","T","?","M","E","M","M","M","?","?","?","$","R","M","R","T","?","M","M","?","$","R_BF","BOSS","M","?","?","?","?","R","?","?","T","M","AVR","M","R","M","R","BOSS","M","M","?","?","?","E","R","?","T","$","?","M","M","M","R","BOSS","R","$","E","BOSS","M","M","M","?","AVR","R","M","M","T","M","M","M","?","M","R_BF","BOSS","M","?","?","?","?","R","?","?","T","M","AVR","M","R","M","R","BOSS","M","M","?","M","?","R","E","?","T","AVR","?","M","M","M","R","BOSS","R","$","E","BOSS"],"items_purchased_type":["Relic","Relic","Relic","Relic","Card","Card","Card","Card","Card","Undefined","Relic","Relic","Relic","Relic","Card","Card","Relic","Relic","Card","Relic","Relic","Relic","Relic","Card","Card","Relic","Relic","Card","Relic","Card","Card","Relic","Relic"],"build_version":"2020-11-30","purchased_purges":9,"victory":true,"max_hp_per_floor":[77,77,77,77,77,77,77,77,77,77,77,77,77,77,77,77,77,77,77,77,77,77,77,77,77,77,77,77,77,77,77,77,77,77,77,77,77,77,77,77,77,77,77,77,77,77,77,77,77,77,77,77,77,77,77,77,77,77,77,77,77,77,77,77,77,77,77,77,77,77,77,77,77,77,77,77,77,77,77,77,77,77,77,77,77,77,77,77,77,77,77,77,77,77,77,77,77,77,77,77,77,77,77,77,77,77,81,81,81,83,83,83,85,89,91,93,93,93,93,93,93,93,93,93],"relic_stats":{"counters":[92,279],"Pen Nib":[20],"Bag of Preparation":[60],"Letter Opener":[418],"Boot":[16],"Medical Kit":[4],"Strange Spoon":[63],"OrangePellets":[18],"Nunchaku":[29],"TheAbacus":[6],"Bronze Scales":[170],"Tiny Chest":0,"Black Star":4,"Kunai":[14],"obtain_stats":[{"Calipers":135,"Vajra":78,"sneckomod:SneckoSoul":0,"Boot":69,"sneckomod:SuperSneckoSoul":59,"infinitespire:ShieldingShard":109,"HornCleat":69,"m_SnakeBloodCore":69,"vexMod:CardConverter":106,"sneckomod:ConfusingCodex":87,"aspiration:BabyByrd":69,"Replay:Bronze Core":103,"Honey Jar":97,"Kunai":114,"Girya":69,"vexMod:Trinoculars":69,"hubris:DuctTape":90,"aspiration:Nostalgia":69,"Oddly Smooth Stone":110,"Pen Nib":109,"infinitespire:Beetle Shell":112,"Letter Opener":9,"infinitespire:EvilPickle":59,"Du-Vu Doll":69,"vexMod:GhostlyGear":74,"SlaversCollar":114,"OrangePellets":135,"Replay:Baseball":34,"Bottled Flame":94,"Bronze Scales":69,"Onion Ring":51,"hubris:PeanutButter":91,"infinitespire:EmpoweringShard":135,"Black Star":69,"Grinning Jar":69,"aspiration:HatOfInfinitePower":111,"Mirror":108,"Pocketwatch":69,"ReplayFunnel":69,"vexMod:PlasmaPancake":61,"aspiration:Lifesprig":85,"Snecko Heart":42,"aspiration:TomeofQuesting":48,"Mango":136,"Incense Burner":103,"Bag of Preparation":69,"vexMod:Spyglass":69,"conspire:TopHat":106,"Replay:Rubber Ducky":123,"SsserpentHead":107,"Frozen Eye":69,"Replay:Bandana":54,"Nunchaku":69,"hubris:Icosahedron":83,"TheAbacus":69,"hubris:Backtick":86,"aspiration:AnachronicSnailShell":84,"Ring of Peace":69,"Tiny Chest":97,"astrologer:SkyMirror":69,"hubris:FunFungus":122,"sneckomod:RareBoosterPack":82,"hubris:GlazedTorus":93,"Runic Pyramid":69,"vexMod:GildedClover":128,"BargainBundle":69,"ReplayTheSpireMod:Ninjato":91,"aspiration:FetidBarrel":79,"infinitespire:CursedDice":111,"Guide Book":113,"hubris:MedicalManual":68,"Omamori":69,"infinitespire:Lucky Rock":69,"hubris:Towel":69,"Medical Kit":54,"Replay:Arrowhead":85,"Strange Spoon":69,"Anchor":29,"vexMod:HeadHunter":11,"sneckomod:SleevedAce":23,"Ring of Fury":69,"hubris:BundleOfHerbs":95,"Bag of Marbles":69,"aspiration:RitualDagger":17,"Membership Card":82,"conspire:DeflatedDodgeball":89,"ReplayTheSpireMod:Lightbulb":69,"hubris:OldNail":2,"hubris:Potato":85,"Toy Ornithopter":69},{"Calipers":61,"Vajra":69,"sneckomod:SneckoSoul":0,"Boot":63,"sneckomod:SuperSneckoSoul":29,"infinitespire:ShieldingShard":50,"HornCleat":63,"m_SnakeBloodCore":63,"vexMod:CardConverter":84,"sneckomod:ConfusingCodex":42,"aspiration:BabyByrd":63,"Replay:Bronze Core":82,"Honey Jar":46,"Kunai":86,"Girya":63,"vexMod:Trinoculars":63,"hubris:DuctTape":42,"aspiration:Nostalgia":63,"Oddly Smooth Stone":86,"Pen Nib":50,"infinitespire:Beetle Shell":86,"Letter Opener":3,"infinitespire:EvilPickle":29,"Du-Vu Doll":63,"vexMod:GhostlyGear":67,"SlaversCollar":52,"OrangePellets":61,"Replay:Baseball":16,"Bottled Flame":78,"Bronze Scales":63,"Onion Ring":26,"hubris:PeanutButter":77,"infinitespire:EmpoweringShard":61,"Black Star":63,"Grinning Jar":63,"aspiration:HatOfInfinitePower":51,"Mirror":85,"Pocketwatch":63,"ReplayFunnel":63,"vexMod:PlasmaPancake":31,"aspiration:Lifesprig":41,"Snecko Heart":21,"aspiration:TomeofQuesting":25,"Mango":62,"Incense Burner":49,"Bag of Preparation":63,"vexMod:Spyglass":63,"conspire:TopHat":50,"Replay:Rubber Ducky":57,"SsserpentHead":50,"Frozen Eye":63,"Replay:Bandana":27,"Nunchaku":63,"hubris:Icosahedron":41,"TheAbacus":63,"hubris:Backtick":74,"aspiration:AnachronicSnailShell":41,"Ring of Peace":63,"Tiny Chest":79,"astrologer:SkyMirror":63,"hubris:FunFungus":90,"sneckomod:RareBoosterPack":41,"hubris:GlazedTorus":44,"Runic Pyramid":63,"vexMod:GildedClover":59,"BargainBundle":63,"ReplayTheSpireMod:Ninjato":77,"aspiration:FetidBarrel":39,"infinitespire:CursedDice":86,"Guide Book":86,"hubris:MedicalManual":34,"Omamori":63,"infinitespire:Lucky Rock":63,"hubris:Towel":63,"Medical Kit":27,"Replay:Arrowhead":41,"Strange Spoon":63,"Anchor":15,"vexMod:HeadHunter":4,"sneckomod:SleevedAce":12,"Ring of Fury":63,"hubris:BundleOfHerbs":78,"Bag of Marbles":63,"aspiration:RitualDagger":8,"Membership Card":41,"conspire:DeflatedDodgeball":42,"ReplayTheSpireMod:Lightbulb":63,"hubris:OldNail":1,"hubris:Potato":41,"Toy Ornithopter":63},{"Calipers":220,"Vajra":231,"sneckomod:SneckoSoul":0,"Boot":225,"sneckomod:SuperSneckoSoul":132,"infinitespire:ShieldingShard":203,"HornCleat":225,"m_SnakeBloodCore":225,"vexMod:CardConverter":261,"sneckomod:ConfusingCodex":187,"aspiration:BabyByrd":225,"Replay:Bronze Core":259,"Honey Jar":198,"Kunai":263,"Girya":225,"vexMod:Trinoculars":225,"hubris:DuctTape":187,"aspiration:Nostalgia":225,"Oddly Smooth Stone":263,"Pen Nib":203,"infinitespire:Beetle Shell":263,"Letter Opener":11,"infinitespire:EvilPickle":132,"Du-Vu Doll":225,"vexMod:GhostlyGear":229,"SlaversCollar":207,"OrangePellets":220,"Replay:Baseball":75,"Bottled Flame":250,"Bronze Scales":225,"Onion Ring":117,"hubris:PeanutButter":249,"infinitespire:EmpoweringShard":220,"Black Star":225,"Grinning Jar":225,"aspiration:HatOfInfinitePower":204,"Mirror":262,"Pocketwatch":225,"ReplayFunnel":225,"vexMod:PlasmaPancake":140,"aspiration:Lifesprig":185,"Snecko Heart":98,"aspiration:TomeofQuesting":111,"Mango":222,"Incense Burner":202,"Bag of Preparation":225,"vexMod:Spyglass":225,"conspire:TopHat":203,"Replay:Rubber Ducky":212,"SsserpentHead":203,"Frozen Eye":225,"Replay:Bandana":122,"Nunchaku":225,"hubris:Icosahedron":185,"TheAbacus":225,"hubris:Backtick":245,"aspiration:AnachronicSnailShell":185,"Ring of Peace":225,"Tiny Chest":251,"astrologer:SkyMirror":225,"hubris:FunFungus":273,"sneckomod:RareBoosterPack":185,"hubris:GlazedTorus":191,"Runic Pyramid":225,"vexMod:GildedClover":216,"BargainBundle":225,"ReplayTheSpireMod:Ninjato":249,"aspiration:FetidBarrel":178,"infinitespire:CursedDice":263,"Guide Book":263,"hubris:MedicalManual":150,"Omamori":225,"infinitespire:Lucky Rock":225,"hubris:Towel":225,"Medical Kit":122,"Replay:Arrowhead":185,"Strange Spoon":225,"Anchor":72,"vexMod:HeadHunter":20,"sneckomod:SleevedAce":63,"Ring of Fury":225,"hubris:BundleOfHerbs":250,"Bag of Marbles":225,"aspiration:RitualDagger":38,"Membership Card":185,"conspire:DeflatedDodgeball":187,"ReplayTheSpireMod:Lightbulb":225,"hubris:OldNail":3,"hubris:Potato":185,"Toy Ornithopter":225}],"Toy Ornithopter":0,"Pocketwatch":[0]},"card_choices":[{"not_picked":["astrologer:StarOfChange","astrologer:TheEmpress"],"picked":"astrologer:Divination","floor":1.0},{"not_picked":["astrologer:CometStrike","astrologer:Temperance"],"picked":"astrologer:MeteorShower","floor":7.0},{"not_picked":["astrologer:Stardust","astrologer:Conjunction"],"picked":"astrologer:TheMoon","floor":10.0},{"not_picked":["astrologer:Still","astrologer:Moonlight"],"picked":"astrologer:Sunrise","floor":11.0},{"not_picked":["astrologer:Cataclysm","astrologer:Radiance","astrologer:Conjunction"],"picked":"SKIP","floor":12.0},{"not_picked":["astrologer:StarOfCourage","astrologer:Still"],"picked":"astrologer:MeteorShower","floor":13.0},{"not_picked":["astrologer:Still","astrologer:Opposition"],"picked":"astrologer:FrozenStar","floor":15.0},{"not_picked":["astrologer:SolarFlare","astrologer:TheWorld"],"picked":"astrologer:TheEmperor","floor":17.0},{"not_picked":["astrologer:CometStrike","astrologer:Shine"],"picked":"astrologer:Stardust","floor":18.0},{"not_picked":["astrologer:TheDevil","astrologer:Conjunction"],"picked":"astrologer:MeteorShower","floor":21.0},{"not_picked":["astrologer:Sunrise","astrologer:ReadTheStars","astrologer:TheHermit"],"picked":"SKIP","floor":25.0},{"not_picked":["astrologer:Shine","astrologer:Still"],"picked":"astrologer:TheStar","floor":26.0},{"not_picked":["astrologer:DarkMatter","astrologer:BlackHole"],"picked":"astrologer:Trine","floor":30.0},{"not_picked":["astrologer:Stardust","astrologer:Opposition"],"picked":"astrologer:ShiningStar","floor":32.0},{"not_picked":["astrologer:CometStrike","astrologer:Quincunx"],"picked":"astrologer:MeteorShower","floor":34.0},{"not_picked":["astrologer:StarOfRegret+1","astrologer:FrozenStar"],"picked":"astrologer:MeteorShower+1","floor":35.0},{"not_picked":["astrologer:TheDevil+1","astrologer:Radiance","astrologer:Sunrise"],"picked":"SKIP","floor":41.0},{"not_picked":["astrologer:CometStrike","astrologer:Conjunction"],"picked":"astrologer:Opposition","floor":43.0},{"not_picked":["astrologer:Quincunx","astrologer:Opposition"],"picked":"astrologer:ShiningStar","floor":45.0},{"not_picked":["astrologer:RejectReality","astrologer:WheelofFortune"],"picked":"astrologer:TheMagician","floor":47.0},{"not_picked":["astrologer:Moonlight","astrologer:FrozenStar+1"],"picked":"astrologer:LonelyStar","floor":49.0},{"not_picked":["astrologer:Stardust+1","astrologer:SpaceDust+1"],"picked":"astrologer:MeteorShower+1","floor":50.0},{"not_picked":["astrologer:Radiance","astrologer:Conjunction+1"],"picked":"astrologer:Prismatic+1","floor":52.0},{"not_picked":["astrologer:FrozenStar+1","astrologer:Prestidigitation","astrologer:Still+1"],"picked":"SKIP","floor":54.0},{"not_picked":["astrologer:Stardust","astrologer:GlassStar","astrologer:RejectReality"],"picked":"SKIP","floor":59.0},{"not_picked":["astrologer:SpaceDust","astrologer:TheTower+1"],"picked":"astrologer:ReadTheStars+1","floor":60.0},{"not_picked":["astrologer:Still","astrologer:SolarFlare+1"],"picked":"astrologer:MeteorShower+1","floor":61.0},{"not_picked":["astrologer:MeteorShower","astrologer:Sunrise"],"picked":"astrologer:Strength","floor":62.0},{"not_picked":["astrologer:Eclipse","astrologer:ReadTheStars","astrologer:Sunrise"],"picked":"SKIP","floor":68.0},{"not_picked":["Perfected Strike","astrologer:ReadTheStars"],"picked":"astrologer:StarOfMisfortune","floor":70.0},{"not_picked":["astrologer:SolarFlare","astrologer:Premeditation","astrologer:TheEmpress"],"picked":"SKIP","floor":71.0},{"not_picked":["astrologer:Conjunction","astrologer:SpaceDust"],"picked":"astrologer:FadingStar","floor":72.0},{"not_picked":["astrologer:FrozenStar","astrologer:MeteorShower"],"picked":"astrologer:Judgement","floor":73.0},{"not_picked":["astrologer:Confirmation","astrologer:Radiance","astrologer:Prismatic"],"picked":"SKIP","floor":76.0},{"not_picked":["astrologer:WheelofFortune","astrologer:TheTower","astrologer:ShiningStar"],"picked":"SKIP","floor":77.0},{"not_picked":["astrologer:Moonlight","astrologer:Stardust","astrologer:SpaceDust"],"picked":"SKIP","floor":79.0},{"not_picked":["astrologer:ReadTheStars","Burst","astrologer:FrozenStar"],"picked":"SKIP","floor":80.0},{"not_picked":["astrologer:TheMoon","astrologer:TheHighPriestess"],"picked":"astrologer:FadingStar","floor":81.0},{"not_picked":["astrologer:Stardust","astrologer:SpaceDust","astrologer:FrozenStar"],"picked":"SKIP","floor":83.0},{"not_picked":["astrologer:Nova","astrologer:Premonition"],"picked":"astrologer:Fate","floor":85.0},{"not_picked":["astrologer:TheStar","astrologer:Stardust"],"picked":"astrologer:Glimpse","floor":87.0},{"not_picked":["astrologer:Conjunction+1","astrologer:SpaceDust"],"picked":"astrologer:MeteorShower","floor":89.0},{"not_picked":["astrologer:SolarFlare","astrologer:DarkMatter"],"picked":"astrologer:Temperance","floor":90.0},{"not_picked":["astrologer:TheStar","astrologer:TheLovers+1"],"picked":"astrologer:Opposition","floor":93.0},{"not_picked":["astrologer:Still","astrologer:FrozenStar"],"picked":"astrologer:MeteorShower","floor":96.0},{"not_picked":["astrologer:Fireball","astrologer:Observe","astrologer:Eclipse"],"picked":"SKIP","floor":98.0},{"not_picked":["astrologer:Prismatic","astrologer:BlackHole"],"picked":"astrologer:Glimpse","floor":100.0},{"not_picked":["astrologer:BlackHole","astrologer:Death"],"picked":"astrologer:HeatDeath","floor":102.0},{"not_picked":["astrologer:SolarFlare+1","astrologer:ReadTheStars"],"picked":"astrologer:Opposition","floor":104.0},{"not_picked":["astrologer:Opposition","astrologer:FadingStar+1"],"picked":"astrologer:MeteorShower+1","floor":105.0},{"not_picked":["astrologer:Still","astrologer:Nova"],"picked":"astrologer:MeteorShower+1","floor":107.0},{"not_picked":["astrologer:ReadTheStars","astrologer:Sunrise+1"],"picked":"astrologer:Conjunction+1","floor":110.0},{"not_picked":["astrologer:Stardust+1","astrologer:ReadTheStars+1"],"picked":"astrologer:Conjunction","floor":115},{"not_picked":["astrologer:Opposition","astrologer:CometStrike"],"picked":"astrologer:Conjunction+1","floor":116},{"not_picked":["astrologer:CometStrike+1","astrologer:Still","astrologer:Stardust+1"],"picked":"SKIP","floor":117},{"not_picked":["astrologer:Judgement","astrologer:Moonlight","astrologer:GlassStar"],"picked":"SKIP","floor":123}],"player_experience":1071082,"relics_obtained":[{"floor":9.0,"key":"Pen Nib"},{"floor":12.0,"key":"Replay:Rubber Ducky"},{"floor":16.0,"key":"Grinning Jar"},{"floor":23.0,"key":"ReplayFunnel"},{"floor":24.0,"key":"Ring of Peace"},{"floor":24.0,"key":"Ring of Fury"},{"floor":38.0,"key":"Nunchaku"},{"floor":40.0,"key":"Bag of Marbles"},{"floor":54.0,"key":"Toy Ornithopter"},{"floor":54.0,"key":"Boot"},{"floor":57.0,"key":"Bronze Scales"},{"floor":68.0,"key":"Pocketwatch"},{"floor":68.0,"key":"Bag of Preparation"},{"floor":78.0,"key":"Vajra"},{"floor":82.0,"key":"Replay:Bandana"},{"floor":88.0,"key":"Letter Opener"},{"floor":94.0,"key":"Bottled Flame"},{"floor":95.0,"key":"hubris:BundleOfHerbs"},{"floor":106.0,"key":"vexMod:CardConverter"},{"floor":108.0,"key":"Mirror"},{"floor":110.0,"key":"conspire:TopHat"},{"floor":110.0,"key":"Oddly Smooth Stone"},{"floor":111.0,"key":"infinitespire:CursedDice"},{"floor":112.0,"key":"infinitespire:Beetle Shell"},{"floor":123,"key":"Replay:Baseball"},{"floor":123,"key":"aspiration:TomeofQuesting"}],"event_choices":[{"damage_healed":77.0,"max_hp_gain":0.0,"max_hp_loss":77.0,"gold_gain":0.0,"event_name":"betterThird:BetterShining","player_choice":"Embrace","floor":2.0,"gold_loss":0.0,"damage_taken":0.0},{"damage_healed":0.0,"max_hp_gain":0.0,"max_hp_loss":0.0,"gold_gain":112.0,"event_name":"betterSkull:BetterSkull","player_choice":"GO ","floor":33.0,"gold_loss":0.0,"damage_taken":10.0,"cards_upgraded":[],"relics_obtained":[]},{"damage_healed":0.0,"max_hp_gain":0.0,"max_hp_loss":0.0,"gold_gain":0.0,"event_name":"The Woman in Blue","player_choice":"Bought 0 Potions","floor":36.0,"gold_loss":0.0,"damage_taken":0.0},{"damage_healed":21.0,"max_hp_gain":0.0,"max_hp_loss":0.0,"gold_gain":0.0,"event_name":"Wheel of Change","player_choice":"Full Heal","floor":39.0,"gold_loss":0.0,"damage_taken":0.0},{"damage_healed":0.0,"max_hp_gain":0.0,"max_hp_loss":0.0,"gold_gain":0.0,"event_name":"Tomb of Lord Red Mask","player_choice":"Ignored","floor":56.0,"gold_loss":0.0,"damage_taken":0.0}],"is_beta":false,"boss_relics":[{"not_picked":["Replay:Drink Me","energizedSpire:EnergizedDie"],"picked":"Black Star"},{"not_picked":["aspiration:RitualDagger","conspire:RoyalGoblet"],"picked":"Runic Pyramid"},{"not_picked":["vexMod:ImprovementManual","Snecko Eye"],"picked":"hubris:Backtick"},{"not_picked":["vexMod:DeviousBotling","vexMod:StarEater"],"picked":"Replay:Bronze Core"}],"items_purged_floors":[5,14,14,19,28,42,58,67,69],"is_endless":false,"potions_floor_spawned":[1,11,12,15,26,30,34,45,47,50,54,60,62,70,76,77,83,87,90,93,98,107,117,123],"ascension_level":0}}