{"host":"p084pgp93u1tv48k","time":1607647402,"event":{"mods":["BaseMod","StSLib","AchievementEnabler","Hermit","Quick Restart","Minty Spire (QoL Compilation)","A Magickal Journey","The Mystic"],"gold_per_floor":[99,59,9,9,9,9,9,9,9,9,9,9,9,9,9,9,9,9,9,9,9,9,9,9,9,9,9,9,9,9,9,9,9,9],"floor_reached":33,"playtime":1711,"items_purged":[],"score":321,"play_id":"3fed30b8-4b65-468f-82fa-089f5326785c","local_time":"20201210201322","is_ascension_mode":false,"campfire_choices":[{"data":"hermit:Combo","floor":6,"key":"SMITH"},{"data":"hermit:Dive","floor":8,"key":"SMITH"},{"data":"hermit:Brawl","floor":15,"key":"SMITH"},{"data":"hermit:Brawl","floor":23,"key":"SMITH"},{"data":"hermit:LoneWolf","floor":27,"key":"SMITH"},{"floor":30,"key":"RECALL"},{"data":"hermit:GhostlyPresence","floor":32,"key":"SMITH"}],"circlet_count":0,"master_deck":["hermit:Strike_Hermit","hermit:Strike_Hermit","hermit:Strike_Hermit","hermit:Strike_Hermit","hermit:Defend_Hermit","hermit:Defend_Hermit+1","hermit:Defend_Hermit","hermit:Defend_Hermit","hermit:Snapshot","hermit:GhostlyPresence+1","hermit:Combo+1","hermit:Dive+1","hermit:Brawl+1","hermit:GhostlyPresence+1","hermit:Brawl+1","hermit:EyeOfTheStorm","hermit:LoneWolf+1","hermit:Enervate"],"relics":["Ectoplasm","Tiny Chest","Anchor","Coffee Dripper","MawBank","Orichalcum"],"acts_visited":["Exordium","TheCity"],"potions_floor_usage":[14,16,16,24,33,33],"damage_taken":[{"damage":1,"enemies":"Cultist","floor":1,"turns":3},{"damage":0,"enemies":"Small Slimes","floor":4,"turns":4},{"damage":0,"enemies":"2 Louse","floor":5,"turns":3},{"damage":0,"enemies":"3 Sentries","floor":7,"turns":6},{"damage":0,"enemies":"2 Fungi Beasts","floor":10,"turns":4},{"damage":3,"enemies":"Red Slaver","floor":12,"turns":3},{"damage":0,"enemies":"3 Louse","floor":13,"turns":3},{"damage":29,"enemies":"Gremlin Gang","floor":14,"turns":6},{"damage":6,"enemies":"Hexaghost","floor":16,"turns":9},{"damage":9,"enemies":"Spheric Guardian","floor":18,"turns":4},{"damage":13,"enemies":"3 Byrds","floor":19,"turns":5},{"damage":17,"enemies":"Sentry and Sphere","floor":20,"turns":7},{"damage":13,"enemies":"Book of Stabbing","floor":24,"turns":7},{"damage":5,"enemies":"Snake Plant","floor":25,"turns":4},{"damage":0,"enemies":"Centurion and Healer","floor":28,"turns":3},{"damage":2,"enemies":"Sentry and Sphere","floor":31,"turns":5},{"damage":18,"enemies":"Collector","floor":33,"turns":5}],"seed_played":"-473178715601230826","potions_obtained":[{"floor":5,"key":"LiquidBronze"},{"floor":7,"key":"hermit:Tonic"},{"floor":13,"key":"Dexterity Potion"},{"floor":16,"key":"LiquidBronze"},{"floor":20,"key":"Strength Potion"},{"floor":25,"key":"Weak Potion"},{"floor":31,"key":"SmokeBomb"}],"is_trial":false,"path_per_floor":["M","$","?","M","M","R","E","R","T","M","?","M","M","M","R","B",null,"M","M","M","?","?","R","E","M","T","R","M","T","R","M","R","B"],"character_chosen":"HERMIT","items_purchased":["hermit:GhostlyPresence"],"campfire_rested":0,"item_purchase_floors":[2],"current_hp_per_floor":[74,74,74,74,74,74,74,74,74,74,59,56,56,27,27,21,75,66,53,36,36,36,36,23,18,18,18,18,18,18,16,16,0,0],"gold":9,"neow_bonus":"BOSS_RELIC","is_daily":false,"chose_seed":false,"campfire_upgraded":6,"win_rate":0.0,"timestamp":1607647402,"path_taken":["M","$","?","M","M","R","E","R","T","M","?","M","M","M","R","BOSS","M","M","M","?","?","R","E","M","T","R","M","?","R","M","R","BOSS"],"build_version":"2020-11-30","purchased_purges":0,"victory":false,"max_hp_per_floor":[75,75,75,75,75,75,75,75,75,75,75,75,75,75,75,75,75,75,75,75,75,75,75,75,75,75,75,75,75,75,75,75,75,75],"card_choices":[{"not_picked":["hermit:Misfire","hermit:WideOpen","hermit:FlashPowder"],"picked":"SKIP","floor":1},{"not_picked":["hermit:Cheat","hermit:Showdown"],"picked":"hermit:Combo","floor":4},{"not_picked":["hermit:CursedWeapon","hermit:BodyArmor","hermit:HoleUp"],"picked":"SKIP","floor":5},{"not_picked":["hermit:Gestalt","hermit:GoldenBullet"],"picked":"hermit:Dive","floor":7},{"not_picked":["hermit:TrackingShot","hermit:CursedWeapon"],"picked":"hermit:Brawl","floor":10},{"not_picked":["hermit:HighNoon","hermit:HoleUp","hermit:Spite"],"picked":"SKIP","floor":12},{"not_picked":["hermit:Gestalt","hermit:HighCaliber","hermit:Showdown"],"picked":"SKIP","floor":13},{"not_picked":["hermit:Horror","hermit:Feint","hermit:Desperado"],"picked":"SKIP","floor":14},{"not_picked":["hermit:FullyLoaded","hermit:Maintenance"],"picked":"hermit:GhostlyPresence","floor":18},{"not_picked":["hermit:Glare","hermit:HoleUp"],"picked":"hermit:Brawl","floor":19},{"not_picked":["hermit:SprayPray","hermit:Manifest"],"picked":"hermit:EyeOfTheStorm","floor":20},{"not_picked":["hermit:ShadowCloak","hermit:Vantage+1","hermit:Coalescence"],"picked":"SKIP","floor":24},{"not_picked":["hermit:TrackingShot+1","hermit:Gestalt"],"picked":"hermit:Enervate","floor":25},{"not_picked":["hermit:Headshot","hermit:Misfire+1","hermit:Ricochet"],"picked":"SKIP","floor":28},{"not_picked":["hermit:HoleUp","hermit:SprayPray+1","hermit:Dive"],"picked":"SKIP","floor":31}],"player_experience":83532,"relics_obtained":[{"floor":7,"key":"Tiny Chest"},{"floor":9,"key":"Anchor"},{"floor":24,"key":"MawBank"},{"floor":26,"key":"Orichalcum"}],"event_choices":[{"cards_removed":["hermit:Covet"],"damage_healed":0,"gold_gain":0,"player_choice":"Card Removal","damage_taken":0,"max_hp_gain":0,"max_hp_loss":0,"event_name":"The Cleric","floor":3,"gold_loss":50},{"damage_healed":0,"gold_gain":0,"player_choice":"Entered Light","damage_taken":15,"max_hp_gain":0,"max_hp_loss":0,"event_name":"Shining Light","floor":11,"gold_loss":0,"cards_upgraded":["hermit:Defend_Hermit","hermit:GhostlyPresence"]},{"damage_healed":0,"gold_gain":0,"player_choice":"Read","damage_taken":0,"max_hp_gain":0,"max_hp_loss":0,"event_name":"The Library","floor":21,"gold_loss":0,"cards_obtained":["hermit:LoneWolf"]},{"damage_healed":0,"gold_gain":0,"player_choice":"Ignored","damage_taken":0,"max_hp_gain":0,"max_hp_loss":0,"event_name":"Vampires","floor":22,"gold_loss":0}],"is_beta":false,"boss_relics":[{"not_picked":["Astrolabe","Runic Dome"],"picked":"Coffee Dripper"}],"items_purged_floors":[],"is_endless":false,"potions_floor_spawned":[5,7,13,16,20,25,31],"killed_by":"Collector","ascension_level":0}}