{"host":"t8l92xzjkmihtain","time":1607680966,"event":{"mods":["AchievementEnabler","BaseMod","Colored Map","Minty Spire (QoL Compilation)","Rare Cards Sparkle","SuperFastMode","everything is the same but u backflip on backflip"],"gold_per_floor":[110,122,137,148,160,160,185,201,275,350,90,107,107,133,133,238,238,251,20,37,53,53,86,96,96,166,178,198,198,17,33,33,133,133,145,92,104,124,124,124,177,177,223,223,223,238,238,0,0,0,0],"floor_reached":50,"playtime":2315,"items_purged":["Defend_R"],"score":466,"play_id":"4b173846-5a95-4b12-8090-4758b39c1b74","local_time":"20201211190246","is_ascension_mode":false,"campfire_choices":[{"data":"Inflame","floor":6,"key":"SMITH"},{"floor":15,"key":"REST"},{"floor":32,"key":"REST"},{"floor":40,"key":"REST"},{"data":"Strike_R+1","floor":42,"key":"PURGE"},{"data":"Defend_R+1","floor":47,"key":"PURGE"},{"data":"Strike_R+1","floor":49,"key":"PURGE"}],"circlet_count":0,"master_deck":["Strike_R+1","Strike_R+1","Strike_R+1","Defend_R+1","Bash","Inflame+1","Flex","Pummel","Twin Strike","Flex","Clash","Demon Form","Battle Trance+1","Rage","Pummel","Anger","Anger","Anger","Pummel","CurseOfTheBell","Thunderclap+1","Flex","Reaper","Impatience","Rampage","Madness","Madness","Sword Boomerang"],"relics":["Burning Blood","Boot","Paper Frog","Shuriken","War Paint","Fusion Hammer","Orrery","TungstenRod","Mercury Hourglass","Bag of Marbles","Calling Bell","Oddly Smooth Stone","HornCleat","Charon\u0027s Ashes","Peace Pipe","Nunchaku","Red Mask"],"acts_visited":["Exordium","TheCity","TheBeyond"],"potions_floor_usage":[16,23,24,33,33],"damage_taken":[{"damage":6,"enemies":"Cultist","floor":1,"turns":4},{"damage":8,"enemies":"Jaw Worm","floor":2,"turns":4},{"damage":5,"enemies":"Small Slimes","floor":3,"turns":4},{"damage":16,"enemies":"Red Slaver","floor":4,"turns":3},{"damage":14,"enemies":"Blue Slaver","floor":5,"turns":3},{"damage":15,"enemies":"Gremlin Nob","floor":7,"turns":4},{"damage":1,"enemies":"2 Fungi Beasts","floor":8,"turns":3},{"damage":10,"enemies":"3 Louse","floor":12,"turns":3},{"damage":35,"enemies":"Hexaghost","floor":16,"turns":7},{"damage":0,"enemies":"Shell Parasite","floor":18,"turns":2},{"damage":11,"enemies":"2 Thieves","floor":20,"turns":3},{"damage":12,"enemies":"Centurion and Healer","floor":21,"turns":4},{"damage":38,"enemies":"Slavers","floor":23,"turns":4},{"damage":8,"enemies":"Cultist and Chosen","floor":24,"turns":3},{"damage":8,"enemies":"Chosen and Byrds","floor":27,"turns":3},{"damage":4,"enemies":"Shelled Parasite and Fungi","floor":28,"turns":3},{"damage":18,"enemies":"Centurion and Healer","floor":31,"turns":3},{"damage":65,"enemies":"Champ","floor":33,"turns":6},{"damage":5,"enemies":"Orb Walker","floor":35,"turns":2},{"damage":22,"enemies":"3 Shapes","floor":37,"turns":3},{"damage":30,"enemies":"Transient","floor":38,"turns":5},{"damage":23,"enemies":"2 Orb Walkers","floor":41,"turns":3},{"damage":25,"enemies":"Jaw Worm Horde","floor":46,"turns":4},{"damage":63,"enemies":"Awakened One","floor":50,"turns":4}],"seed_played":"-4590961915425286970","potions_obtained":[{"floor":1,"key":"Energy Potion"},{"floor":3,"key":"SpeedPotion"},{"floor":7,"key":"ElixirPotion"},{"floor":12,"key":"DistilledChaos"},{"floor":16,"key":"Energy Potion"},{"floor":22,"key":"BloodPotion"},{"floor":22,"key":"Swift Potion"},{"floor":23,"key":"LiquidMemories"},{"floor":37,"key":"Dexterity Potion"},{"floor":41,"key":"Ancient Potion"}],"is_trial":false,"path_per_floor":["M","M","M","M","M","R","E","M","T","?","$","M","?","T","R","B",null,"M","$","M","M","?","E","M","?","T","M","M","?","$","M","R","B",null,"M","$","M","M","?","R","?","R","T","?","?","M","R","?","R","B"],"character_chosen":"IRONCLAD","items_purchased":["Shuriken","Orrery","Bag of Marbles","Pummel","Flex"],"campfire_rested":3,"item_purchase_floors":[11,19,30,30,36],"current_hp_per_floor":[88,86,87,77,69,69,60,65,65,54,54,50,50,50,76,47,88,88,88,83,77,77,62,60,60,60,58,60,60,60,48,74,15,88,88,88,72,48,48,74,71,71,71,61,61,55,55,55,55,0,0],"gold":0,"neow_bonus":"TEN_PERCENT_HP_BONUS","is_daily":false,"chose_seed":false,"campfire_upgraded":1,"win_rate":0.0,"timestamp":1607680966,"path_taken":["M","M","M","M","M","R","E","M","T","?","$","M","?","?","R","BOSS","M","$","?","M","?","E","?","?","T","M","M","?","$","M","R","BOSS","M","$","M","M","?","R","?","R","T","?","?","?","R","?","R","BOSS"],"items_purchased_type":["Relic","Relic","Relic","Card","Card"],"build_version":"2020-11-30","purchased_purges":1,"victory":false,"max_hp_per_floor":[88,88,88,88,88,88,88,88,88,88,88,88,88,88,88,88,88,88,88,88,88,88,88,88,88,88,88,88,88,88,88,88,88,88,88,88,88,88,88,88,88,88,88,88,88,88,88,88,88,88,88],"card_choices":[{"not_picked":["Rampage","Cleave"],"picked":"Inflame","floor":1},{"not_picked":["Seeing Red","Twin Strike"],"picked":"Flex","floor":2},{"not_picked":["Clothesline","Disarm","Thunderclap"],"picked":"SKIP","floor":3},{"not_picked":["Seeing Red","Sever Soul"],"picked":"Pummel","floor":4},{"not_picked":["Dropkick","Ghostly Armor","Second Wind"],"picked":"SKIP","floor":5},{"not_picked":["Perfected Strike","Thunderclap"],"picked":"Twin Strike","floor":7},{"not_picked":["Rage","Fiend Fire"],"picked":"Flex","floor":8},{"not_picked":["Cleave","Twin Strike"],"picked":"Clash","floor":12},{"not_picked":["Barricade","Double Tap"],"picked":"Demon Form","floor":16},{"not_picked":["Perfected Strike","Armaments+1"],"picked":"Battle Trance+1","floor":18},{"not_picked":["Power Through","Body Slam"],"picked":"Rage","floor":19},{"not_picked":["Ghostly Armor+1","Dropkick"],"picked":"Pummel","floor":19},{"not_picked":["Dropkick","Demon Form"],"picked":"Anger","floor":19},{"not_picked":["Iron Wave","Shrug It Off+1","Armaments"],"picked":"SKIP","floor":20},{"not_picked":["Twin Strike","Cleave"],"picked":"Anger","floor":21},{"not_picked":["Rupture+1","Warcry","Power Through"],"picked":"SKIP","floor":23},{"not_picked":["Intimidate","Flame Barrier","Dual Wield"],"picked":"SKIP","floor":24},{"not_picked":["Headbutt","True Grit","Clothesline+1"],"picked":"SKIP","floor":27},{"not_picked":["Armaments+1","Intimidate"],"picked":"Anger","floor":28},{"not_picked":["Rupture","Feed","Carnage"],"picked":"SKIP","floor":31},{"not_picked":["Body Slam","Metallicize"],"picked":"Thunderclap+1","floor":35},{"not_picked":["Sever Soul","Headbutt+1","Armaments+1"],"picked":"SKIP","floor":37},{"not_picked":["Sever Soul","Feel No Pain"],"picked":"Reaper","floor":38},{"not_picked":["Finesse","Mayhem"],"picked":"Impatience","floor":39},{"not_picked":["Iron Wave+1","True Grit+1"],"picked":"Rampage","floor":41},{"not_picked":["Perfected Strike","Seeing Red+1"],"picked":"Sword Boomerang","floor":46}],"player_experience":1560,"relics_obtained":[{"floor":7,"key":"Boot"},{"floor":9,"key":"Paper Frog"},{"floor":14,"key":"War Paint"},{"floor":23,"key":"TungstenRod"},{"floor":26,"key":"Mercury Hourglass"},{"floor":34,"key":"Oddly Smooth Stone"},{"floor":34,"key":"HornCleat"},{"floor":34,"key":"Charon\u0027s Ashes"},{"floor":41,"key":"Peace Pipe"},{"floor":43,"key":"Nunchaku"}],"event_choices":[{"damage_healed":0,"gold_gain":75,"player_choice":"Gather Gold","damage_taken":11,"max_hp_gain":0,"max_hp_loss":0,"event_name":"World of Goop","floor":10,"gold_loss":0},{"damage_healed":0,"gold_gain":0,"player_choice":"Ignored","damage_taken":0,"max_hp_gain":0,"max_hp_loss":0,"event_name":"Liars Game","floor":13,"gold_loss":0},{"damage_healed":0,"gold_gain":0,"player_choice":"Got Potions","damage_taken":0,"max_hp_gain":0,"max_hp_loss":0,"event_name":"Lab","floor":22,"gold_loss":0},{"damage_healed":0,"gold_gain":0,"player_choice":"Ignored","damage_taken":0,"max_hp_gain":0,"max_hp_loss":0,"event_name":"Ghosts","floor":25,"gold_loss":0},{"damage_healed":0,"gold_gain":0,"player_choice":"Simplicity","damage_taken":0,"max_hp_gain":0,"max_hp_loss":0,"event_name":"Back to Basics","floor":29,"gold_loss":0,"cards_upgraded":["Strike_R","Strike_R","Strike_R","Strike_R","Strike_R","Defend_R"]},{"damage_healed":0,"gold_gain":0,"player_choice":"Memory 1","damage_taken":0,"max_hp_gain":0,"max_hp_loss":0,"event_name":"SensoryStone","floor":39,"gold_loss":0},{"damage_healed":0,"gold_gain":0,"player_choice":"Fight","damage_taken":0,"max_hp_gain":0,"max_hp_loss":0,"event_name":"Mysterious Sphere","floor":41,"gold_loss":0},{"damage_healed":0,"gold_gain":0,"player_choice":"Embrace Madness","damage_taken":11,"max_hp_gain":0,"max_hp_loss":0,"event_name":"Winding Halls","floor":44,"gold_loss":0,"cards_obtained":["Madness","Madness"]},{"cards_removed":["Defend_R"],"damage_healed":0,"gold_gain":0,"player_choice":"Removed Skill","damage_taken":0,"max_hp_gain":0,"max_hp_loss":0,"event_name":"Falling","floor":45,"gold_loss":0},{"damage_healed":0,"gold_gain":0,"player_choice":"Paid","damage_taken":0,"relics_obtained":["Red Mask"],"max_hp_gain":0,"max_hp_loss":0,"event_name":"Tomb of Lord Red Mask","floor":48,"gold_loss":238}],"is_beta":false,"boss_relics":[{"not_picked":["Runic Pyramid","Cursed Key"],"picked":"Fusion Hammer"},{"not_picked":["Runic Dome","Coffee Dripper"],"picked":"Calling Bell"}],"items_purged_floors":[19],"is_endless":false,"potions_floor_spawned":[1,3,7,12,16,21,23,37,41],"killed_by":"Awakened One","ascension_level":0}}