{"host":"oumbqh1z6oj8ya5w","time":1607710991,"event":{"mods":["A Magickal Journey","AchievementEnabler","Act Like it!","Aspiration","BaseMod","Better Note","Conjunction","Gensokyo","Googly Eyes","Hallownest","Hyrulean Relics","Jedi Mod","Koishi","Marisa????????","Minty Spire (QoL Compilation)","Pale of the Ancients","Rare Cards Sparkle","Reimu??????","SCP261 Mod","SacredBarkPlus","StSLib","The Bladedancer","The Blue Laboratory","The Bug Knight","The Death Knight","The Forsaken","The Servant 0.9.4","The Spell Scribe","Uncapped"],"gold_per_floor":[117,117,131,41,59,59,86,104,104,104,129,129,139,3,3,102,102,118,118,133,153,153,153,186,186,212,242,242,272,286,286,286,385,385,399,416,416,416,432,432,462,462,462,492,492,266,266,18,18,18,18],"floor_reached":50,"playtime":2130,"items_purged":[],"score":721,"play_id":"d13a03d3-8534-4317-a9ff-cd6fb89d3496","local_time":"20201211182311","is_ascension_mode":true,"campfire_choices":[{"data":"SpreadBorder2:ReiMu","floor":6.0,"key":"SMITH"},{"data":"DependentForm:ReiMu","floor":10.0,"key":"SMITH"},{"data":"Amulet:ReiMu","floor":12.0,"key":"SMITH"},{"floor":15.0,"key":"REST"},{"data":"Free:ReiMu","floor":23.0,"key":"SMITH"},{"floor":25.0,"key":"REST"},{"floor":32.0,"key":"REST"},{"floor":40.0,"key":"RECALL"},{"data":"1","floor":42.0,"key":"LIFT"},{"data":"SpreadBorder2:ReiMu","floor":45.0,"key":"SMITH"},{"floor":47.0,"key":"REST"},{"data":"NB:ReiMu","floor":49.0,"key":"SMITH"}],"circlet_count":0,"master_deck":["Strike_Lin:ReiMu","Strike_Lin:ReiMu","Defend_Lin:ReiMu","Defend_Lin:ReiMu+1","Defend_Lin:ReiMu","NB:ReiMu+1","Stagnation:ReiMu","Amulet:ReiMu+1","SpreadBorder2:ReiMu+1","AirStrike:ReiMu","DependentForm:ReiMu+1","RainPray2:ReiMu","RainPray2:ReiMu","Free:ReiMu+1","KamiRite:ReiMu","CeremonyResonance:ReiMu","Dreaming:ReiMu+1","NineCharacters:ReiMu+1","SpringWay:ReiMu+1","SubAcupoint:ReiMu+1","AlertArray:ReiMu+1","PassingAway:ReiMu","Dreaming2:ReiMu","CardOfSanctity:ReiMu+1","SpreadBorder2:ReiMu+1","SealNeedle:ReiMu+1","Madness","Madness","FineLineFantasy:ReiMu","RainPray2:ReiMu+1","NineCharacters:ReiMu"],"relics":["FlyPower:ReiMu","NeowsBlessing","jedi:angrymask","Kunai","jedi:archwizardhat","Astrolabe","Snecko Eye","Sundial","Regal Pillow","Lantern","Shuriken","Gensokyo:ConquerorOfFear","Girya","Dead Branch","CrownOfHeavens:ReiMu","Ornamental Fan","Du-Vu Doll","War Paint","Blue Candle"],"acts_visited":["Exordium","Gensokyo:Gensokyo","TheBeyond"],"potions_floor_usage":[50],"damage_taken":[{"damage":0.0,"enemies":"Gensokyo:3_Fairies","floor":1.0,"turns":2.0},{"damage":0.0,"enemies":"Gensokyo:Python","floor":3.0,"turns":1.0},{"damage":0.0,"enemies":"Gensokyo:Gryphon","floor":5.0,"turns":1.0},{"damage":0.0,"enemies":"Gensokyo:Cirno","floor":7.0,"turns":5.0},{"damage":4.0,"enemies":"Gensokyo:5_Fairies","floor":8.0,"turns":8.0},{"damage":16.0,"enemies":"Gensokyo:Aya","floor":11.0,"turns":10.0},{"damage":24.0,"enemies":"Gensokyo:3_Kodama","floor":13.0,"turns":6.0},{"damage":20.0,"enemies":"Gensokyo:Yukari","floor":16.0,"turns":9.0},{"damage":10.0,"enemies":"Gensokyo:AngelMirror","floor":18.0,"turns":5.0},{"damage":10.0,"enemies":"Gensokyo:3_Dogs","floor":20.0,"turns":2.0},{"damage":0.0,"enemies":"Gensokyo:Swordslinger","floor":21.0,"turns":3.0},{"damage":11.0,"enemies":"Gensokyo:Koishi","floor":24.0,"turns":8.0},{"damage":0.0,"enemies":"Gensokyo:Reisen","floor":27.0,"turns":5.0},{"damage":25.0,"enemies":"Gensokyo:Tenshi","floor":29.0,"turns":7.0},{"damage":13.0,"enemies":"Gensokyo:Monolith_and_Dog","floor":30.0,"turns":7.0},{"damage":5.0,"enemies":"Gensokyo:Eternal_Rivals","floor":33.0,"turns":7.0},{"damage":0.0,"enemies":"Orb Walker","floor":35.0,"turns":2.0},{"damage":0.0,"enemies":"3 Shapes","floor":36.0,"turns":3.0},{"damage":12.0,"enemies":"3 Darklings","floor":39.0,"turns":4.0},{"damage":3.0,"enemies":"Giant Head","floor":41.0,"turns":8.0},{"damage":9.0,"enemies":"Nemesis","floor":44.0,"turns":5.0},{"damage":57,"enemies":"Awakened One","floor":50,"turns":3}],"seed_played":"4791318737466093755","potions_obtained":[{"floor":1.0,"key":"BlessingOfTheForge"},{"floor":3.0,"key":"BottledKami:ReiMu"},{"floor":4.0,"key":"SCP261:PenguinPunchPotion"},{"floor":7.0,"key":"blueLaboratory:HorrorPotion"},{"floor":13.0,"key":"Fruit Juice"},{"floor":27.0,"key":"SkillPotion"},{"floor":29.0,"key":"SpeedPotion"},{"floor":30.0,"key":"EssenceOfSteel"},{"floor":39.0,"key":"PowerPotion"}],"is_trial":false,"path_per_floor":["M","?","M","?","M","R","E","M","T","R","E","R","M","$","R","B",null,"M","?","M","M","T","R","E","R","T","E","?","E","M","T","R","B",null,"M","M","?","?","M","R","E","R","T","E","R","$","R","$","R","B"],"character_chosen":"REIMU","items_purchased":["KamiRite:ReiMu","NineCharacters:ReiMu","War Paint","Blue Candle"],"campfire_rested":4,"item_purchase_floors":[14,46,46,48],"current_hp_per_floor":[65,65,65,65,65,65,65,61,61,61,45,45,21,21,40,20,65,55,49,44,44,44,44,33,54,54,54,54,29,16,16,47,42,54,54,54,47,47,35,35,32,32,32,23,23,23,54,54,54,0,0],"gold":18,"neow_bonus":"THREE_ENEMY_KILL","is_daily":false,"chose_seed":false,"campfire_upgraded":6,"win_rate":0.0,"timestamp":1607710991,"path_taken":["M","?","M","?","?","R","E","M","T","R","E","R","?","$","R","BOSS","M","?","?","?","?","R","E","R","T","E","?","E","M","?","R","BOSS","M","M","?","?","M","R","E","R","T","E","R","?","R","$","R","BOSS"],"items_purchased_type":["Card","Card","Relic","Relic"],"build_version":"2020-11-30","purchased_purges":0,"victory":false,"max_hp_per_floor":[65,65,65,65,65,65,65,65,65,65,65,65,65,65,65,65,65,65,49,54,54,54,54,54,54,54,54,54,54,54,54,54,54,54,54,54,54,54,54,54,54,54,54,54,54,54,54,54,54,54,54],"card_choices":[{"not_picked":["UpKicking:ReiMu","Enchanting:ReiMu"],"picked":"Amulet:ReiMu","floor":1.0},{"not_picked":["SafetyPray:ReiMu","Intuition:ReiMu"],"picked":"SpreadBorder2:ReiMu","floor":3.0},{"not_picked":["YinYangSign:ReiMu","Meditation:ReiMu"],"picked":"AirStrike:ReiMu","floor":5.0},{"not_picked":["FantasyMoon:ReiMu","OrbThrow:ReiMu"],"picked":"DependentForm:ReiMu","floor":7.0},{"not_picked":["SubcavityInstant:ReiMu","LearningPray:ReiMu"],"picked":"RainPray2:ReiMu","floor":8.0},{"not_picked":["TightArray:ReiMu","Meditation:ReiMu"],"picked":"RainPray2:ReiMu","floor":11.0},{"not_picked":["PhosphorusFlame:ReiMu","MikOfLucky:ReiMu"],"picked":"Free:ReiMu","floor":13.0},{"not_picked":["CardOfSanctity:ReiMu","Shading:ReiMu"],"picked":"CeremonyResonance:ReiMu","floor":16.0},{"not_picked":["OrbThrow:ReiMu","ManaGlint:ReiMu"],"picked":"SubAcupoint:ReiMu+1","floor":18.0},{"not_picked":["SpringWay:ReiMu","OrbThrow:ReiMu"],"picked":"AlertArray:ReiMu+1","floor":20.0},{"not_picked":["InherentArray:ReiMu","Enchanting:ReiMu+1"],"picked":"PassingAway:ReiMu","floor":21.0},{"not_picked":["UpKicking:ReiMu+1","SubcavityInstant:ReiMu"],"picked":"Dreaming2:ReiMu","floor":24.0},{"not_picked":["ShadowOfCrow2:ReiMu","FantasyBorder:ReiMu","PayForSelf:ReiMu"],"picked":"SKIP","floor":27.0},{"not_picked":["PayForSelf:ReiMu+1","OrbThrow:ReiMu","HakureiPhantom:ReiMu"],"picked":"SKIP","floor":29.0},{"not_picked":["Intuition:ReiMu","SpringWay:ReiMu","EmergencyTakeOff:ReiMu"],"picked":"SKIP","floor":30.0},{"not_picked":["OctopathSalyBorderN:ReiMu","Determination:ReiMu"],"picked":"CardOfSanctity:ReiMu","floor":33.0},{"not_picked":["CollectionFlower2:ReiMu+1","Conquer:ReiMu"],"picked":"SpreadBorder2:ReiMu","floor":35.0},{"not_picked":["SpringWay:ReiMu+1","SpiritualOutbreak2:ReiMu"],"picked":"SealNeedle:ReiMu+1","floor":36.0},{"not_picked":["TightArray:ReiMu+1","Crusade:ReiMu+1"],"picked":"FineLineFantasy:ReiMu","floor":39.0},{"not_picked":["AlertArray:ReiMu","SafetyPray:ReiMu+1"],"picked":"RainPray2:ReiMu+1","floor":41.0},{"not_picked":["AirStrike:ReiMu+1","OctopathBindingBorder2:ReiMu","SpiritualOutbreak2:ReiMu+1"],"picked":"SKIP","floor":44.0}],"player_experience":543840,"relics_obtained":[{"floor":7.0,"key":"jedi:angrymask"},{"floor":9.0,"key":"Kunai"},{"floor":11.0,"key":"jedi:archwizardhat"},{"floor":22.0,"key":"Sundial"},{"floor":24.0,"key":"Regal Pillow"},{"floor":26.0,"key":"Lantern"},{"floor":27.0,"key":"Shuriken"},{"floor":29.0,"key":"Gensokyo:ConquerorOfFear"},{"floor":29.0,"key":"Girya"},{"floor":31.0,"key":"Dead Branch"},{"floor":41.0,"key":"Ornamental Fan"},{"floor":44.0,"key":"Du-Vu Doll"}],"event_choices":[{"damage_healed":0.0,"max_hp_gain":0.0,"max_hp_loss":0.0,"gold_gain":0.0,"event_name":"Winding Halls","player_choice":"Embrace Madness","floor":37.0,"gold_loss":0.0,"damage_taken":7.0,"cards_obtained":["Madness","Madness"]}],"is_beta":false,"boss_relics":[{"not_picked":["theForsaken:PaleLantern","Empty Cage"],"picked":"Astrolabe"},{"not_picked":["aspiration:SilentSkillbook","jedi:paperlyon"],"picked":"CrownOfHeavens:ReiMu"}],"items_purged_floors":[],"is_endless":false,"potions_floor_spawned":[1,3,7,13,27,29,30,33,35,36,39],"killed_by":"Awakened One","ascension_level":4}}