{"host":"u2dm6glrpyjr66v9","time":1607674140,"event":{"mods":["AchievementEnabler","BaseMod","CapriCore","Colored Map","Colored Powertips","DeckTracker","Friendly Minions","Minty Spire (QoL Compilation)","Quick Restart","StSLib","SuperFastMode","The Immortal"],"gold_per_floor":[117,117,117,129,158,197,209,231,269,281,293,159,174,174,174,300,300,314,314,224,242,242,276,276,295,295,295,295,295,295,295,295],"floor_reached":31,"playtime":736,"items_purged":[],"score":276,"play_id":"7f37d4e7-3548-46ee-ba3d-fae2ac450904","local_time":"20201211170900","is_ascension_mode":false,"campfire_choices":[{"data":"Deadly Poison","floor":7,"key":"SMITH"},{"floor":15,"key":"REST"},{"floor":24,"key":"RECALL"}],"circlet_count":0,"master_deck":["Strike_G+1","Strike_G+1","Strike_G+1","Strike_G+1","Strike_G+1","Defend_G+1","Defend_G+1","Defend_G+1","Survivor+1","Neutralize","Deadly Poison+1","Caltrops","Adrenaline","Crippling Poison+1","Blade Dance+1","Noxious Fumes","Deadly Poison","Deadly Poison","Deadly Poison","Crippling Poison"],"relics":["Ring of the Snake","Smiling Mask","MawBank","Mercury Hourglass","Juzu Bracelet","Bloody Idol","TwistedFunnel","Thread and Needle","Astrolabe","Darkstone Periapt","Nilry\u0027s Codex"],"acts_visited":["Exordium","TheCity"],"potions_floor_usage":[16,30],"damage_taken":[{"damage":0,"enemies":"2 Louse","floor":1,"turns":3},{"damage":0,"enemies":"Cultist","floor":5,"turns":5},{"damage":35,"enemies":"Lagavulin","floor":6,"turns":9},{"damage":6,"enemies":"Jaw Worm","floor":8,"turns":3},{"damage":0,"enemies":"Blue Slaver","floor":13,"turns":3},{"damage":25,"enemies":"The Guardian","floor":16,"turns":10},{"damage":0,"enemies":"Chosen","floor":18,"turns":4},{"damage":0,"enemies":"3 Byrds","floor":21,"turns":3},{"damage":30,"enemies":"Slavers","floor":23,"turns":4},{"damage":17,"enemies":"Snake Plant","floor":25,"turns":3},{"damage":11,"enemies":"Snecko","floor":30,"turns":3},{"damage":11,"enemies":"Masked Bandits","floor":31,"turns":3}],"seed_played":"3483950477328476457","potions_obtained":[{"floor":1,"key":"SmokeBomb"},{"floor":5,"key":"GamblersBrew"},{"floor":8,"key":"ColorlessPotion"},{"floor":21,"key":"Swift Potion"}],"is_trial":false,"path_per_floor":["M","?","?","?","M","E","R","M","T","?","?","$","M","T","R","B",null,"M","?","?","M","?","E","R","M","T","?","?","?","M","?"],"character_chosen":"THE_SILENT","items_purchased":["TwistedFunnel"],"campfire_rested":1,"item_purchase_floors":[12],"current_hp_per_floor":[70,70,58,58,58,23,23,17,17,17,17,17,17,17,38,13,70,70,70,70,70,70,45,45,33,33,33,17,17,6,0,0],"gold":295,"neow_bonus":"RANDOM_COMMON_RELIC","is_daily":false,"chose_seed":false,"campfire_upgraded":1,"win_rate":0.0,"timestamp":1607674140,"path_taken":["M","?","?","?","M","E","R","M","T","?","?","$","M","?","R","BOSS","M","?","?","M","?","E","R","M","T","?","?","?","M","?"],"items_purchased_type":["Relic"],"build_version":"2020-11-30","purchased_purges":0,"victory":false,"max_hp_per_floor":[70,70,70,70,70,70,70,70,70,70,70,70,70,70,70,70,70,70,70,70,70,70,70,70,70,70,70,70,70,70,70,70],"card_choices":[{"not_picked":["Reflex","Calculated Gamble","Expertise"],"picked":"SKIP","floor":1},{"not_picked":["Acrobatics","Blur"],"picked":"Deadly Poison","floor":5},{"not_picked":["Escape Plan","Flechettes","Acrobatics"],"picked":"SKIP","floor":6},{"not_picked":["Flechettes","Infinite Blades"],"picked":"Caltrops","floor":8},{"not_picked":["Dash","Sucker Punch","Prepared"],"picked":"SKIP","floor":13},{"not_picked":["After Image","Grand Finale"],"picked":"Adrenaline","floor":16},{"not_picked":["Cloak And Dagger","All Out Attack"],"picked":"Noxious Fumes","floor":18},{"not_picked":["Blade Dance+1","Prepared+1"],"picked":"Deadly Poison","floor":21},{"not_picked":["Terror+1","Acrobatics+1"],"picked":"Deadly Poison","floor":23},{"not_picked":["Quick Slash","Prepared"],"picked":"Deadly Poison","floor":25}],"player_experience":45601,"relics_obtained":[{"floor":6,"key":"Mercury Hourglass"},{"floor":9,"key":"Juzu Bracelet"},{"floor":14,"key":"Thread and Needle"},{"floor":23,"key":"Darkstone Periapt"},{"floor":28,"key":"Nilry\u0027s Codex"}],"event_choices":[{"damage_healed":0,"gold_gain":0,"player_choice":"Leave","damage_taken":0,"max_hp_gain":0,"max_hp_loss":0,"event_name":"The Cleric","floor":2,"gold_loss":0},{"damage_healed":0,"gold_gain":0,"player_choice":"Success","damage_taken":12,"relics_obtained":["MawBank"],"max_hp_gain":0,"max_hp_loss":0,"event_name":"Scrap Ooze","floor":3,"gold_loss":0},{"damage_healed":0,"gold_gain":0,"player_choice":"Ignored","damage_taken":0,"max_hp_gain":0,"max_hp_loss":0,"event_name":"Purifier","floor":4,"gold_loss":0},{"damage_healed":0,"gold_gain":0,"player_choice":"Ignored","damage_taken":0,"max_hp_gain":0,"max_hp_loss":0,"event_name":"Golden Wing","floor":10,"gold_loss":0},{"damage_healed":0,"gold_gain":0,"player_choice":"Take Wound","damage_taken":0,"relics_obtained":["Golden Idol"],"max_hp_gain":0,"max_hp_loss":0,"event_name":"Golden Idol","floor":11,"gold_loss":0,"cards_obtained":["Injury"]},{"damage_healed":0,"gold_gain":0,"player_choice":"Gave Idol","damage_taken":0,"relics_obtained":["Bloody Idol"],"max_hp_gain":0,"max_hp_loss":0,"event_name":"Forgotten Altar","floor":19,"relics_lost":["Golden Idol"],"gold_loss":0},{"cards_removed":["Decay"],"damage_healed":0,"gold_gain":0,"player_choice":"Upgrade and Remove","damage_taken":0,"max_hp_gain":0,"max_hp_loss":0,"event_name":"Designer","floor":20,"gold_loss":90,"cards_upgraded":["Survivor"]},{"damage_healed":0,"gold_gain":0,"player_choice":"Simplicity","damage_taken":0,"max_hp_gain":0,"max_hp_loss":0,"event_name":"Back to Basics","floor":22,"gold_loss":0,"cards_upgraded":["Strike_G","Strike_G","Strike_G","Strike_G","Strike_G","Defend_G","Defend_G","Defend_G"]},{"damage_healed":0,"gold_gain":0,"player_choice":"Read","damage_taken":0,"max_hp_gain":0,"max_hp_loss":0,"event_name":"The Library","floor":27,"gold_loss":0,"cards_obtained":["Crippling Poison"]},{"damage_healed":0,"gold_gain":0,"player_choice":"Obtained Book","damage_taken":16,"max_hp_gain":0,"max_hp_loss":0,"event_name":"Cursed Tome","floor":28,"gold_loss":0},{"damage_healed":0,"gold_gain":0,"player_choice":"Ignored","damage_taken":0,"max_hp_gain":0,"max_hp_loss":0,"event_name":"Beggar","floor":29,"gold_loss":0},{"damage_healed":0,"gold_gain":0,"player_choice":"Fought Bandits","damage_taken":0,"max_hp_gain":0,"max_hp_loss":0,"event_name":"Masked Bandits","floor":31,"gold_loss":0}],"is_beta":false,"boss_relics":[{"not_picked":["WristBlade","Ectoplasm"],"picked":"Astrolabe"}],"items_purged_floors":[],"is_endless":false,"potions_floor_spawned":[1,5,8,21],"killed_by":"Masked Bandits","ascension_level":0}}