{"host":"951sez6ulsv0fw1i","time":1607702282,"event":{"mods":["2.2 Compatiblity","Aspiration","BaseMod","BetterRewards","Conspire","Downfall","Googly Eyes","Infinite Spire","JesterMod","Luminous","Marisa????????","Minty Spire (QoL Compilation)","StSLib","The Cursed","The Mystic","The Poker Player","The Servant 0.9.4"],"gold_per_floor":[118,134,34,34,67,67,123,177,228,250,250],"floor_reached":10,"playtime":460,"items_purged":[],"score":68,"play_id":"ea4da8f2-9531-4c64-8725-916cf0f4f5e2","local_time":"20201211165802","is_ascension_mode":false,"campfire_choices":[{"data":"jesterMod:HedgehogForm","floor":6,"key":"SMITH"}],"circlet_count":0,"master_deck":["jesterMod:Strike","jesterMod:Strike","jesterMod:Strike","jesterMod:Strike","jesterMod:Sickle","jesterMod:Defend","jesterMod:Defend","jesterMod:Defend","jesterMod:Defend","jesterMod:Dodge","jesterMod:DancingMad","jesterMod:Swiftness","conspire:SpireCoStock","conspire:SpireCoStock","jesterMod:HedgehogForm+1","jesterMod:Frenzy","jesterMod:Schizophrenia"],"relics":["Guardian:ModeShifter","NeowsBlessing","infinitespire:Cubic Diamond","Strawberry"],"acts_visited":["Exordium"],"potions_floor_usage":[],"damage_taken":[{"damage":0,"enemies":"Jaw Worm","floor":1,"turns":1},{"damage":0,"enemies":"Small Slimes","floor":2,"turns":1},{"damage":0,"enemies":"Cultist","floor":5,"turns":1},{"damage":52,"enemies":"Gremlin Nob","floor":7,"turns":7},{"damage":14,"enemies":"Exordium Wildlife","floor":8,"turns":8},{"damage":13,"enemies":"Lagavulin","floor":10,"turns":10}],"seed_played":"-545198890856373045","potions_obtained":[],"is_trial":false,"path_per_floor":["M","M","?","?","M","R","E","M","T","E"],"character_chosen":"THE_JESTER","items_purchased":[],"campfire_rested":0,"item_purchase_floors":[],"current_hp_per_floor":[70,70,70,70,70,70,25,11,11,0,0],"gold":250,"neow_bonus":"THREE_ENEMY_KILL","is_daily":false,"chose_seed":false,"campfire_upgraded":1,"win_rate":0.0,"timestamp":1607702282,"path_taken":["M","M","?","?","M","R","E","M","T","E"],"items_purchased_type":[],"build_version":"2020-11-30","purchased_purges":0,"victory":false,"max_hp_per_floor":[70,70,70,70,70,70,77,77,77,77,77],"card_choices":[{"not_picked":["jesterMod:SelfMockery","jesterMod:QuickStrike"],"picked":"jesterMod:DancingMad","floor":1},{"not_picked":["jesterMod:Discretion","jesterMod:Twirl"],"picked":"jesterMod:Swiftness","floor":2},{"not_picked":["jesterMod:OblivionStrike","jesterMod:SmokeScreen"],"picked":"jesterMod:HedgehogForm","floor":5},{"not_picked":["jesterMod:Procrastination","jesterMod:JackInTheBox"],"picked":"jesterMod:Frenzy","floor":7},{"not_picked":["jesterMod:Dilapidation","jesterMod:Prankster"],"picked":"jesterMod:Schizophrenia","floor":8}],"player_experience":470630,"relics_obtained":[{"floor":7,"key":"Strawberry"}],"event_choices":[{"damage_healed":0,"gold_gain":0,"player_choice":"Invest 2","damage_taken":0,"max_hp_gain":0,"max_hp_loss":0,"event_name":"conspire:Investor","floor":3,"gold_loss":0}],"is_beta":false,"boss_relics":[],"items_purged_floors":[],"is_endless":false,"potions_floor_spawned":[],"killed_by":"Lagavulin","ascension_level":0}}