{"host":"6o1vh5lr98s0jjq7","time":1607651147,"event":{"mods":["2.2 Compatiblity","Act Like it!","Aspiration","BaseMod","Better Altar","Better Match","Better Note","Better Third Choice","Conspire","Downfall","Gensokyo","Hallownest","Infinite Spire","Marisa????????","Minty Spire (QoL Compilation)","Replay The Spire","StSLib","The Alterego","WarShipGirlsR/????R mod"],"gold_per_floor":[116,129,142,33,33,66,16,48,75,75,106,106,141,45,45,147,147,161,161,61,83,83,114,114],"floor_reached":23,"playtime":1042,"items_purged":["Injury"],"score":334,"play_id":"103ba9ae-04d1-46b6-b66b-39e1a25203c0","local_time":"20201210194547","is_ascension_mode":true,"campfire_choices":[{"floor":10,"key":"REST"},{"floor":15,"key":"REST"}],"circlet_count":0,"master_deck":["Strike_MRS","Strike_MRS","Strike_MRS","Strike_MRS","Defend_MRS","Defend_MRS","Defend_MRS","Defend_MRS","MasterSpark","UpSweep","CollectingQuirk","DC","BlazeAway","MysteriousBeam","AlicesGift","AlicesGift","NonDirectionalLaser","StarlightTyphoon+1","GalacticHalo+1","AsteroidBelt+1","NonDirectionalLaser","6A","CasketOfStar","GalacticHalo+1","FairyDestructionRay","conspire:SpireCoStock+1","conspire:SpireCoStock+1","PowerUp+1"],"relics":["MiniHakkero","Toxic Egg 2","Replay:Towering Pillar of Hats","HandmadeGrimoire","Smiling Mask","aspiration:Lifesprig","Black Star"],"acts_visited":["Exordium","TheCity"],"potions_floor_usage":[6,8,13,16,23],"damage_taken":[{"damage":1,"enemies":"Cultist","floor":1,"turns":3},{"damage":5,"enemies":"Small Slimes","floor":2,"turns":2},{"damage":2,"enemies":"2 Louse","floor":3,"turns":2},{"damage":25,"enemies":"Lagavulin","floor":6,"turns":5},{"damage":15,"enemies":"3 Sentries","floor":8,"turns":3},{"damage":30,"enemies":"Lagavulin","floor":11,"turns":5},{"damage":0,"enemies":"Gremlin Nob","floor":13,"turns":3},{"damage":0,"enemies":"Slime Boss","floor":16,"turns":4},{"damage":2,"enemies":"Chosen","floor":18,"turns":3},{"damage":20,"enemies":"2 Thieves","floor":21,"turns":3},{"damage":54,"enemies":"Replay:Snechameleon","floor":23,"turns":5}],"seed_played":"-4804595690335435263","potions_obtained":[{"floor":1,"key":"DuplicationPotion"},{"floor":8,"key":"Elixir"},{"floor":11,"key":"Elixir"},{"floor":13,"key":"DuplicationPotion"},{"floor":16,"key":"Ancient Potion"}],"is_trial":false,"path_per_floor":["M","M","M","$","?","E","$","E","T","R","E","?","E","$","R","B",null,"M","?","?","M","?","E"],"character_chosen":"MARISA","items_purchased":["AlicesGift","NonDirectionalLaser","ColorlessPotion","6A"],"campfire_rested":2,"item_purchase_floors":[4,4,7,14],"current_hp_per_floor":[74,69,67,67,67,42,42,27,27,49,19,19,19,19,41,41,75,73,73,73,53,53,0,0],"gold":114,"neow_bonus":"ONE_RANDOM_RARE_CARD","is_daily":false,"chose_seed":false,"campfire_upgraded":0,"win_rate":0.0,"timestamp":1607651147,"path_taken":["M","M","?","$","?","E","$","E","T","R","E","?","E","$","R","BOSS","M","?","?","M","?","E"],"items_purchased_type":["Card","Card","Potion","Card"],"build_version":"2020-11-30","purchased_purges":1,"victory":false,"max_hp_per_floor":[75,75,75,75,75,75,75,75,75,75,75,75,75,75,75,75,75,75,75,75,75,75,75,75],"card_choices":[{"not_picked":["ShootingEcho","MysteriousBeam"],"picked":"DC","floor":1},{"not_picked":["MagicChant","PowerUp"],"picked":"BlazeAway","floor":2},{"not_picked":["DC","DoubleSpark"],"picked":"MysteriousBeam","floor":3},{"not_picked":["DC","Robbery"],"picked":"StarlightTyphoon+1","floor":6},{"not_picked":["EventHorizon","WitchLeyline"],"picked":"GalacticHalo+1","floor":8},{"not_picked":["ChargingUp+1","SprinkleStarSeal+1"],"picked":"AsteroidBelt+1","floor":11},{"not_picked":["EscapeVelocity","Robbery"],"picked":"NonDirectionalLaser","floor":13},{"not_picked":["AbsoluteMagnitude","BigCrunch+1"],"picked":"CasketOfStar","floor":16},{"not_picked":["ShootTheMoon","WitchOfGreed+1"],"picked":"GalacticHalo+1","floor":18},{"not_picked":["ManaConvection+1","GalacticHalo+1"],"picked":"PowerUp+1","floor":21}],"player_experience":177177,"relics_obtained":[{"floor":6,"key":"Replay:Towering Pillar of Hats"},{"floor":8,"key":"HandmadeGrimoire"},{"floor":11,"key":"Smiling Mask"},{"floor":13,"key":"aspiration:Lifesprig"}],"event_choices":[{"damage_healed":0,"gold_gain":0,"player_choice":"Read","damage_taken":0,"max_hp_gain":0,"max_hp_loss":0,"event_name":"The Library","floor":19,"gold_loss":0,"cards_obtained":["FairyDestructionRay"]},{"damage_healed":0,"gold_gain":0,"player_choice":"Invest 2","damage_taken":0,"max_hp_gain":0,"max_hp_loss":0,"event_name":"conspire:Investor","floor":20,"gold_loss":0},{"damage_healed":0,"gold_gain":0,"player_choice":"Ignored","damage_taken":0,"max_hp_gain":0,"max_hp_loss":0,"event_name":"Ghosts","floor":22,"gold_loss":0}],"is_beta":false,"boss_relics":[{"not_picked":["Runic Dome","aspiration:WatcherSkillbook"],"picked":"Black Star"}],"items_purged_floors":[14],"is_endless":false,"potions_floor_spawned":[1,8,11,13,16],"killed_by":"Replay:Snechameleon","ascension_level":3}}