{"host":"n4uuurn0hsyp2b8w","time":1607691202,"event":{"mods":["Ascension Reborn","Aspiration","BaseMod","BetterRewards","Challenge The Spire","Googly Eyes","Hubris","Infinite Spire","Minty Spire (QoL Compilation)","Replay The Spire","StSLib","The Bug Knight","The Jungle","[IsaacMod]????"],"gold_per_floor":[111,111,111,53,53,80,80,80,105,30,54,54,79,113,113,13,13],"floor_reached":16,"playtime":1890,"items_purged":[],"score":158,"play_id":"c725b890-496a-41f7-8212-7e24b0cf59a0","local_time":"20201211155322","is_ascension_mode":true,"campfire_choices":[{"data":"HollowMod:InfectionAssault","floor":7.0,"key":"SMITH"},{"floor":12.0,"key":"REST"},{"floor":15,"key":"DIG"}],"circlet_count":0,"master_deck":["HollowMod:NailStrikeStart","HollowMod:NailStrikeStart+1","HollowMod:NailStrikeStart","HollowMod:NailStrikeStart","HollowMod:QuickDashStart","HollowMod:QuickDashStart","HollowMod:QuickDashStart","HollowMod:QuickDashStart","HollowMod:FocusHealStart","HollowMod:PogoStrike+1","HollowMod:CloakDash","HollowMod:InfectionAssault+1","HollowMod:SoulVessel","HollowMod:InfectedCysts+1","HollowMod:MothsMistake","HollowMod:InfectedAttack","HollowMod:Hiveblood"],"relics":["HollowMod:VesselMask","HushsDoor","SteamSale","NeowsBlessing","Replay:Wax Seal","Damocles","Strange Spoon","CaptainsWheel","Gremlin Horn","Golden Idol","aspiration:Lifesprig","Eternal Feather","Whetstone","ReplayFunnel","HollowMod:LumaflyLanternRelic","infinitespire:Satchel","hubris:DeckOfHolding"],"acts_visited":["Exordium"],"potions_floor_usage":[14,16],"damage_taken":[{"damage":0.0,"enemies":"2 Louse","floor":1.0,"turns":1.0},{"damage":0.0,"enemies":"Lagavulin","floor":6.0,"turns":1.0},{"damage":0.0,"enemies":"Jaw Worm","floor":10.0,"turns":1.0},{"damage":0.0,"enemies":"Cultist","floor":11.0,"turns":3.0},{"damage":0.0,"enemies":"Looter","floor":13.0,"turns":3.0},{"damage":0,"enemies":"Replay:BlueRogue","floor":14,"turns":4},{"damage":100000004,"enemies":"Fading Forest","floor":16,"turns":8}],"seed_played":"3715560666968106282","potions_obtained":[{"floor":10.0,"key":"Strength Potion"},{"floor":11.0,"key":"Block Potion"},{"floor":13,"key":"Adrenaline Potion"}],"is_trial":false,"path_per_floor":["M","?","?","$","?","E","R","?","T","M","M","R","M","E","R","B"],"character_chosen":"THE_BUGKNIGHT","items_purchased":["Replay:Wax Seal","Damocles","Strange Spoon","HollowMod:InfectionAssault"],"campfire_rested":1,"item_purchase_floors":[4,4,4,4],"current_hp_per_floor":[75,75,75,75,60,60,60,42,42,42,42,73,73,75,75,0,0],"gold":13,"neow_bonus":"THREE_ENEMY_KILL","is_daily":false,"chose_seed":false,"campfire_upgraded":1,"win_rate":0.0,"timestamp":1607691202,"path_taken":["M","?","?","$","?","E","R","?","T","M","M","R","M","E","R","BOSS"],"items_purchased_type":["Relic","Relic","Relic","Card"],"build_version":"2020-11-30","purchased_purges":0,"victory":false,"max_hp_per_floor":[75,75,75,75,75,75,75,75,75,75,75,75,75,75,75,75,75],"card_choices":[{"not_picked":["HollowMod:SharpenedNail","HollowMod:DungDefenderAura"],"picked":"HollowMod:CloakDash","floor":1.0},{"not_picked":["HollowMod:VoidDash","HollowMod:ChannelNail"],"picked":"HollowMod:SoulVessel","floor":6.0},{"not_picked":["HollowMod:DashSlash","HollowMod:MothsMistake"],"picked":"HollowMod:InfectedCysts","floor":10.0},{"not_picked":["HollowMod:CloakDash","HollowMod:ChannelNail"],"picked":"HollowMod:MothsMistake","floor":11.0},{"not_picked":["HollowMod:TaintedHusks","HollowMod:SharpenedNail"],"picked":"HollowMod:InfectedAttack","floor":13},{"not_picked":["HollowMod:LifebloodCocoon","HollowMod:DescendingDark"],"picked":"HollowMod:Hiveblood","floor":14}],"player_experience":36111,"relics_obtained":[{"floor":6.0,"key":"CaptainsWheel"},{"floor":6.0,"key":"Gremlin Horn"},{"floor":9.0,"key":"aspiration:Lifesprig"},{"floor":10.0,"key":"Eternal Feather"},{"floor":11.0,"key":"Whetstone"},{"floor":13,"key":"ReplayFunnel"},{"floor":14,"key":"HollowMod:LumaflyLanternRelic"},{"floor":14,"key":"infinitespire:Satchel"},{"floor":15,"key":"hubris:DeckOfHolding"}],"event_choices":[{"damage_healed":0.0,"max_hp_gain":0.0,"max_hp_loss":0.0,"gold_gain":0.0,"event_name":"The Cleric","player_choice":"Leave","floor":2.0,"gold_loss":0.0,"damage_taken":0.0},{"damage_healed":0.0,"max_hp_gain":0.0,"max_hp_loss":0.0,"gold_gain":0.0,"event_name":"Golden Idol","player_choice":"Take Damage","floor":8.0,"gold_loss":0.0,"damage_taken":18.0,"relics_obtained":["Golden Idol"]}],"is_beta":false,"boss_relics":[],"items_purged_floors":[],"is_endless":false,"potions_floor_spawned":[10,11,13],"killed_by":"Fading Forest","ascension_level":0}}