{"host":"lpze9ywvzk5bsxql","time":1607690489,"event":{"mods":["2.2 Compatiblity","BaseMod","Better Third Choice","Colored Map","Downfall","Ironclad Rager","Minty Spire (QoL Compilation)","Replay The Spire","StSLib"],"gold_per_floor":[112,62,62,72,85,119,119,144,171,171,188,208,243,46,46,150,150,162,190,190,200,31,31,31,47,92,107,135,155,155,165,165,261,261,278,80,130,130,140,171,190,190,263,485,281,313,333,360,360,360,360,360,43,69,69],"floor_reached":56,"playtime":9281,"items_purged":["CommonCold","Strike_R","Purity","Strike_R","Strike_R"],"score":1404,"play_id":"500604be-1346-40c1-b5ae-977da6563cff","local_time":"20201211134129","is_ascension_mode":true,"campfire_choices":[{"data":"ReplayReversal","floor":7,"key":"SMITH"},{"data":"Body Slam","floor":10,"key":"SMITH"},{"data":"Replay:SS_forest_6","floor":15,"key":"SMITH"},{"data":"Demonic Infusion","floor":23,"key":"SMITH"},{"floor":30,"key":"REST"},{"floor":42,"key":"RECALL"},{"data":"ReplayReversal","floor":52,"key":"SMITH"}],"circlet_count":0,"master_deck":["Strike_R+1","Defend_R","Defend_R","Defend_R","Defend_R+1","Bash","Iron Wave","ReplayReversal+1","Inflame","Body Slam+1","Cleave","Shrug It Off","Replay:SS_forest_6+1","Bloodletting","Demonic Infusion+1","Flex+1","Warcry","Infernal Blade","Disarm","Iron Wave","Sentinel+1","Sentinel+1","Exhume","Battle Trance+1","ReplayReversal+1","Massacre+1","Shrug It Off","Metallicize","Metallicize","Feed","Iron Wave+1","Armaments+1","Spot Weakness","Sentinel+1"],"relics":["Burning Blood","ReplayTheSpireMod:Ring of Addiction","Chameleon Ring","SacredBark","Ring of Hypnosis","Simple Rune","Replay:Wax Seal","ReplayTheSpireMod:Lightbulb","Velvet Choker","Red Mask","Quantum Egg","Replay:Mystery Machine","Onion Ring","ChewingGum","Girya","Calipers","Mercury Hourglass","Potion Belt","Sundial","Shuriken"],"acts_visited":["Exordium","TheCity","TheBeyond","TheEnding"],"potions_floor_usage":[4,6,8,11,13,13,16,19,25,28,33,33,41,47,50,50,55,55,55],"damage_taken":[{"damage":3,"enemies":"Cultist","floor":1,"turns":5},{"damage":3,"enemies":"Jaw Worm","floor":4,"turns":3},{"damage":2,"enemies":"Small Slimes","floor":5,"turns":5},{"damage":10,"enemies":"Lagavulin","floor":6,"turns":1},{"damage":2,"enemies":"Replay:BlueRogue","floor":8,"turns":4},{"damage":0,"enemies":"Exordium Wildlife","floor":11,"turns":2},{"damage":12,"enemies":"Looter","floor":12,"turns":4},{"damage":10,"enemies":"Gremlin Nob","floor":13,"turns":4},{"damage":6,"enemies":"The Guardian","floor":16,"turns":7},{"damage":0,"enemies":"Chosen","floor":18,"turns":4},{"damage":17,"enemies":"Masked Bandits","floor":19,"turns":4},{"damage":0,"enemies":"Spheric Guardian","floor":21,"turns":4},{"damage":26,"enemies":"Snake Plant","floor":25,"turns":5},{"damage":18,"enemies":"3 Cultists","floor":27,"turns":5},{"damage":10,"enemies":"Gremlin Leader","floor":28,"turns":7},{"damage":10,"enemies":"Sentry and Sphere","floor":29,"turns":4},{"damage":8,"enemies":"Centurion and Healer","floor":31,"turns":7},{"damage":28,"enemies":"Collector","floor":33,"turns":9},{"damage":21,"enemies":"3 Shapes","floor":35,"turns":4},{"damage":0,"enemies":"Mind Bloom Boss Battle","floor":37,"turns":6},{"damage":3,"enemies":"3 Darklings","floor":39,"turns":3},{"damage":28,"enemies":"Giant Head","floor":40,"turns":10},{"damage":12,"enemies":"Maw","floor":41,"turns":8},{"damage":28,"enemies":"Reptomancer","floor":46,"turns":8},{"damage":22,"enemies":"Sphere and 2 Shapes","floor":47,"turns":6},{"damage":0,"enemies":"R_Hoarder","floor":48,"turns":8},{"damage":16,"enemies":"Donu and Deca","floor":50,"turns":9},{"damage":48,"enemies":"Shield and Spear","floor":54,"turns":10},{"damage":33,"enemies":"The Heart","floor":55,"turns":12}],"seed_played":"4122279138130247315","potions_obtained":[{"floor":3,"key":"Energy Potion"},{"floor":3,"key":"SpeedPotion"},{"floor":3,"key":"Explosive Potion"},{"floor":5,"key":"Death Potion"},{"floor":6,"key":"Strength Potion"},{"floor":8,"key":"SteroidPotion"},{"floor":12,"key":"Energy Potion"},{"floor":16,"key":"Adrenaline Potion"},{"floor":21,"key":"BloodPotion"},{"floor":25,"key":"Ancient Potion"},{"floor":32,"key":"Explosive Potion"},{"floor":32,"key":"Dexterity Potion"},{"floor":37,"key":"BloodPotion"},{"floor":39,"key":"ElixirPotion"},{"floor":46,"key":"LiquidBronze"},{"floor":48,"key":"FearPotion"},{"floor":49,"key":"BlessingOfTheForge"},{"floor":49,"key":"LifebloodPotion"},{"floor":54,"key":"Languid Potion"}],"is_trial":false,"path_per_floor":["M","?","?","M","M","E","R","E","T","R","M","M","E","$","R","B",null,"M","?","T","M","$","R","?","M","T","M","E","M","R","M","R","B",null,"M","$","?","?","M","E","M","R","T","?","$","E","M","E","R_BF","B",null,"R","$","E","B",null],"character_chosen":"IRONCLAD","items_purchased":["Replay:SS_forest_6","Bloodletting","Infernal Blade","ReplayReversal","Metallicize","Spot Weakness","DuplicationPotion"],"campfire_rested":1,"item_purchase_floors":[14,14,22,36,45,53,53],"current_hp_per_floor":[88,88,88,88,88,84,84,88,88,88,88,82,78,78,78,78,88,88,77,77,83,83,83,71,86,86,74,70,66,86,84,84,62,84,69,69,75,80,82,58,80,80,80,80,78,56,52,70,70,60,78,78,78,37,10],"gold":69,"neow_bonus":"TEN_PERCENT_HP_BONUS","is_daily":false,"chose_seed":false,"campfire_upgraded":5,"win_rate":0.0,"timestamp":1607690489,"path_taken":["M","?","?","M","M","E","R","E","T","R","M","M","E","$","R","BOSS","M","?","?","M","$","R","?","?","T","M","E","?","R","M","R","BOSS","M","$","?","?","?","E","M","R","T","?","$","E","M","E","R_BF","BOSS","R","$","E","BOSS"],"items_purchased_type":["Card","Card","Card","Card","Card","Card","Potion"],"build_version":"2020-11-30","purchased_purges":5,"victory":true,"max_hp_per_floor":[88,88,88,88,88,88,88,88,88,88,88,88,88,88,88,88,88,88,88,88,88,88,86,86,86,86,86,86,86,86,86,84,84,84,84,84,82,82,82,80,80,80,80,80,78,78,78,78,78,78,78,78,78,79,79],"card_choices":[{"not_picked":["ReplayTheSpireMod:LeadingStrike","ReplayTheSpireMod:Strike From Hell"],"picked":"Iron Wave","floor":1},{"not_picked":["ReplayTheSpireMod:Muscle Training","ReplayTheSpireMod:LeadingStrike"],"picked":"ReplayReversal","floor":4},{"not_picked":["Carnage","Armaments"],"picked":"Replay:Undeath\u0027s Touch","floor":5},{"not_picked":["Headbutt","Run Through"],"picked":"Inflame","floor":6},{"not_picked":["Headbutt","Flame Barrier"],"picked":"Body Slam","floor":8},{"not_picked":["Clothesline","Anger"],"picked":"Cleave","floor":11},{"not_picked":["Wild Strike","Evolve","Clothesline"],"picked":"SKIP","floor":12},{"not_picked":["Armaments","Headbutt"],"picked":"Shrug It Off","floor":13},{"not_picked":["Corruption","Eclipse"],"picked":"Demonic Infusion","floor":16},{"not_picked":["Life Link","Abandon","Perfected Strike"],"picked":"SKIP","floor":18},{"not_picked":["Anger","ReplayTheSpireMod:Strike From Hell"],"picked":"Flex+1","floor":19},{"not_picked":["Heavy Blade","Defy Death"],"picked":"Warcry","floor":21},{"not_picked":["Cleave","Flex"],"picked":"Disarm","floor":25},{"not_picked":["Feel No Pain","Sever Soul+1","Double Tap"],"picked":"SKIP","floor":27},{"not_picked":["Perfected Strike","ReplayTheSpireMod:Strike From Hell"],"picked":"Iron Wave","floor":28},{"not_picked":["Replay:Undeath\u0027s Touch+1","Wild Strike"],"picked":"Sentinel+1","floor":29},{"not_picked":["Shockwave","Inflame+1"],"picked":"Sentinel+1","floor":31},{"not_picked":["Hemogenesis","Brutality"],"picked":"Exhume","floor":33},{"not_picked":["Headbutt","ReplayTheSpireMod:Corrosion Curse+1"],"picked":"Battle Trance+1","floor":35},{"not_picked":["Thunderclap+1","Perfected Strike+1"],"picked":"Massacre+1","floor":39},{"not_picked":["Pummel","Sword Boomerang+1"],"picked":"Shrug It Off","floor":40},{"not_picked":["Sword Boomerang","Hemokinesis+1","Rupture+1"],"picked":"SKIP","floor":41},{"not_picked":["Rampage+1","Brutality"],"picked":"Feed","floor":46},{"not_picked":["Shrug It Off","Havoc+1"],"picked":"Iron Wave+1","floor":47},{"not_picked":["Clash+1","Havoc"],"picked":"Armaments+1","floor":48},{"not_picked":["Metallicize","Clash+1"],"picked":"Sentinel+1","floor":54}],"player_experience":217967,"relics_obtained":[{"floor":3,"key":"ReplayTheSpireMod:Ring of Addiction"},{"floor":3,"key":"Chameleon Ring"},{"floor":3,"key":"SacredBark"},{"floor":3,"key":"Ring of Hypnosis"},{"floor":6,"key":"Simple Rune"},{"floor":8,"key":"Replay:Wax Seal"},{"floor":13,"key":"ReplayTheSpireMod:Lightbulb"},{"floor":19,"key":"Red Mask"},{"floor":20,"key":"Quantum Egg"},{"floor":26,"key":"Replay:Mystery Machine"},{"floor":28,"key":"Onion Ring"},{"floor":37,"key":"Girya"},{"floor":40,"key":"Calipers"},{"floor":43,"key":"Mercury Hourglass"},{"floor":46,"key":"Potion Belt"},{"floor":48,"key":"Sundial"},{"floor":54,"key":"Shuriken"}],"event_choices":[{"cards_removed":["Strike_R"],"damage_healed":0,"gold_gain":0,"player_choice":"Card Removal","damage_taken":0,"max_hp_gain":0,"max_hp_loss":0,"event_name":"The Cleric","floor":2,"gold_loss":50},{"damage_healed":0,"gold_gain":0,"player_choice":"Fought Bandits","damage_taken":0,"max_hp_gain":0,"max_hp_loss":0,"event_name":"Masked Bandits","floor":19,"gold_loss":0},{"damage_healed":0,"gold_gain":0,"player_choice":"CARD ","damage_taken":12,"max_hp_gain":0,"max_hp_loss":0,"event_name":"Knowing Skull","floor":24,"potions_obtained":[],"gold_loss":0,"cards_obtained":["Purity"]},{"damage_healed":0,"gold_gain":0,"player_choice":"Fight","damage_taken":0,"max_hp_gain":0,"max_hp_loss":0,"event_name":"MindBloom","floor":37,"gold_loss":0},{"cards_removed":["Replay:Undeath\u0027s Touch"],"damage_healed":5,"gold_gain":0,"player_choice":"Offered Common","damage_taken":0,"max_hp_gain":0,"max_hp_loss":0,"event_name":"Bonfire Elementals","floor":38,"gold_loss":0},{"cards_removed":["Replay:Undeath\u0027s Touch"],"damage_healed":5,"gold_gain":0,"player_choice":"Offered Special","damage_taken":0,"max_hp_gain":0,"max_hp_loss":0,"event_name":"Bonfire Elementals","floor":38,"gold_loss":0},{"damage_healed":0,"gold_gain":222,"player_choice":"Wore Mask","damage_taken":0,"max_hp_gain":0,"max_hp_loss":0,"event_name":"Tomb of Lord Red Mask","floor":44,"gold_loss":0}],"is_beta":false,"boss_relics":[{"not_picked":["Abe\u0027s Treasure","Runic Pyramid"],"picked":"Velvet Choker"},{"not_picked":["Coffee Dripper","Replay:Wanted Poster"],"picked":"ChewingGum"}],"items_purged_floors":[14,22,36,45,53],"is_endless":false,"potions_floor_spawned":[5,6,8,12,16,21,25,37,39,46,48,54],"ascension_level":1}}