{"host":"121m0oxswv9tg9hk","time":1607689747,"event":{"mods":["AchievementEnabler","Aspiration","BaseMod","Better Third Choice","Downfall","Hermit","Hubris","Infinite Spire","MarisaÅiñ∂âJÅ@ñÇóùçπÅj","Minty Spire (QoL Compilation)","Replay The Spire","Shade Mod","StSLib","The Construct","The Cursed","The Dragon Tamer","The Gatherer","The Hierophant","The Mystic"],"gold_per_floor":[112,112,112,8,8,8,28,28,48,83,136,136,136,136,164,229,229,332,332,344,358,28,28,48,48,48,48],"floor_reached":26,"playtime":1326,"items_purged":[],"score":254,"play_id":"2adbb107-6010-432f-9fd4-996d2144f19b","local_time":"20201211132906","is_ascension_mode":true,"campfire_choices":[{"data":"expansioncontent:Chronoboost","floor":8,"key":"SMITH"},{"floor":12,"key":"REST"},{"floor":14,"key":"DIG"},{"floor":17,"key":"DIG"},{"floor":25,"key":"REST"}],"circlet_count":0,"master_deck":["TheCursedMod:Strike_TheCursed","TheCursedMod:Strike_TheCursed","TheCursedMod:Strike_TheCursed","TheCursedMod:Strike_TheCursed","TheCursedMod:Defend_TheCursed","TheCursedMod:Defend_TheCursed","TheCursedMod:Defend_TheCursed","TheCursedMod:CursedWand","TheCursedMod:CleanUpWorkshop","TheCursedMod:Dregs","expansioncontent:Chronoboost+1","TheCursedMod:RavingStaff","Injury","TheCursedMod:Hemoplague","TheCursedMod:Hemoplague","TheCursedMod:ReleasedStrength+1","TheCursedMod:AbyssShockwave","TheCursedMod:DemonSword","Pot Of Greed+1","Pot Of Greed+1","hermit:Virtue+1","ReplayTheSpireMod:Splinters","TheCursedMod:Torture+1","hermit:FromBeyond+1","TheCursedMod:CursedShiv","TheCursedMod:CircleOfCorruption+1","Pot Of Greed+1","TheCursedMod:CursedAmulet+1","TheCursedMod:HellfireBreathing"],"relics":["TheCursedMod:BlackMagic101","Toxic Egg 2","Replay:Multitool","Grinning Jar","hubris:DisguiseKit","Ginger","Potion Belt","infinitespire:Lychee Nut","Ring of Chaos","hubris:BottledRain"],"acts_visited":["Exordium","TheCity"],"potions_floor_usage":[10,18,18,20,20,20,24],"damage_taken":[{"damage":5,"enemies":"Small Slimes","floor":1,"turns":4},{"damage":11,"enemies":"Jaw Worm","floor":7,"turns":4},{"damage":0,"enemies":"Cultist","floor":9,"turns":3},{"damage":26,"enemies":"Gremlin Nob","floor":10,"turns":4},{"damage":20,"enemies":"3 Sentries","floor":15,"turns":6},{"damage":42,"enemies":"Slime Boss","floor":18,"turns":6},{"damage":16,"enemies":"3 Byrds","floor":20,"turns":4},{"damage":42,"enemies":"Shell Parasite","floor":21,"turns":6},{"damage":10,"enemies":"Snecko","floor":24,"turns":4},{"damage":25,"enemies":"Replay:Snechameleon","floor":26,"turns":3}],"seed_played":"5195415556681304500","potions_obtained":[{"floor":1,"key":"ColorlessPotion"},{"floor":15,"key":"LifebloodPotion"},{"floor":16,"key":"FairyPotion"},{"floor":16,"key":"Elixir"},{"floor":21,"key":"SteroidPotion"}],"is_trial":false,"path_per_floor":["M","?","?","$","PTL","PTL","M","R","M","E","T","R","$","R","E","?","R","B",null,"M","M","$","?","M","R","E"],"character_chosen":"THE_CURSED","items_purchased":["TheCursedMod:Hemoplague","Explosive Potion","Explosive Potion","hubris:BottledRain","TheCursedMod:CursedAmulet+1","TheCursedMod:HellfireBreathing"],"campfire_rested":2,"item_purchase_floors":[4,4,13,22,22,22],"current_hp_per_floor":[70,70,63,63,63,63,52,52,52,26,26,48,45,45,25,25,25,30,56,43,7,7,7,3,19,0,0],"gold":48,"neow_bonus":"RANDOM_COLORLESS","is_daily":false,"chose_seed":false,"campfire_upgraded":1,"win_rate":0.0,"timestamp":1607689746,"path_taken":["M","?","?","?","PTL","PTL","M","R","M","E","T","R","?","R","E","?","R","BOSS","M","M","$","?","M","R","E"],"items_purchased_type":["Card","Potion","Potion","Relic","Undefined","Card"],"build_version":"2020-11-30","purchased_purges":0,"victory":false,"max_hp_per_floor":[75,75,75,75,75,75,75,75,75,75,75,75,75,75,75,75,56,56,56,56,56,56,56,56,56,56,56],"card_choices":[{"not_picked":["Survey Options","Jack Of All Trades"],"picked":"expansioncontent:Chronoboost","floor":0},{"not_picked":["TheCursedMod:SmokeScreen","TheCursedMod:Evocation"],"picked":"TheCursedMod:RavingStaff","floor":1},{"not_picked":["TheCursedMod:SpitefulStrike","TheCursedMod:CircleOfFocus+1"],"picked":"TheCursedMod:ReleasedStrength+1","floor":7},{"not_picked":["TheCursedMod:CursedMace","TheCursedMod:RavingStaff"],"picked":"TheCursedMod:AbyssShockwave","floor":9},{"not_picked":["TheCursedMod:Wield","TheCursedMod:ReleasedStrength+1"],"picked":"TheCursedMod:DemonSword","floor":10},{"not_picked":["TheCursedMod:RapidMovement+1","TheCursedMod:CursedArmor+1","TheCursedMod:DoubleShield+1"],"picked":"hermit:Virtue","floor":15},{"not_picked":["TheCursedMod:TroublousMinions+1","TheCursedMod:VitalStrike","hermit:BigShot"],"picked":"TheCursedMod:Torture+1","floor":16},{"not_picked":["TheCursedMod:CollectTribute","TheCursedMod:ShockAndAwe","TheCursedMod:DemonicPact"],"picked":"hermit:FromBeyond","floor":18},{"not_picked":["TheCursedMod:Torture+1","TheCursedMod:CircleOfBlood+1","hermit:ItchyTrigger"],"picked":"TheCursedMod:CursedShiv","floor":20},{"not_picked":["TheCursedMod:CursedBoomerang","TheCursedMod:Wield+1","hermit:Headshot"],"picked":"TheCursedMod:CircleOfCorruption+1","floor":21},{"not_picked":["TheCursedMod:CursedMace","TheCursedMod:CursedBlade","TheCursedMod:CursedBoomerang","hermit:NoHoldsBarred"],"picked":"SKIP","floor":24}],"player_experience":2805068,"relics_obtained":[{"floor":10,"key":"Replay:Multitool"},{"floor":11,"key":"Grinning Jar"},{"floor":14,"key":"hubris:DisguiseKit"},{"floor":15,"key":"Ginger"},{"floor":16,"key":"Potion Belt"},{"floor":17,"key":"infinitespire:Lychee Nut"}],"event_choices":[{"cards_removed":["TheCursedMod:Defend_TheCursed"],"damage_healed":0,"gold_gain":0,"player_choice":"Card Removal","damage_taken":7,"max_hp_gain":0,"max_hp_loss":0,"event_name":"Golden Wing","floor":3,"gold_loss":0}],"is_beta":false,"boss_relics":[{"not_picked":["aspiration:RunicSpoon","hubris:TerracottaHorce"],"picked":"Ring of Chaos"}],"items_purged_floors":[],"is_endless":false,"potions_floor_spawned":[1,15,21],"killed_by":"Replay:Snechameleon","ascension_level":4}}