{"host":"v52ntiwll8g9892u","time":1607713163,"event":{"mods":["Aspiration","BaseMod","Marisa£®ÏF”Í°°ƒß¿Ì…≥£©","Minty Spire (QoL Compilation)","StSLib","The Bug Knight"],"gold_per_floor":[119,99,114,39,53,53,81,94,94,94,111,136,136,170,170,247,247,261,261,278,289,115,115,150,170,170,45,45,45,45,77,77,152,152,163,176,176,186,199,199,199],"floor_reached":40,"playtime":1594,"items_purged":["Defend_P","Defend_P","Defend_P"],"score":892,"play_id":"ca0872c7-44b9-4776-bfde-bd936393b23d","local_time":"20201212025923","is_ascension_mode":true,"campfire_choices":[{"data":"Eruption","floor":6.0,"key":"SMITH"},{"data":"InnerPeace","floor":10.0,"key":"SMITH"},{"floor":13.0,"key":"REST"},{"data":"FearNoEvil","floor":15.0,"key":"SMITH"},{"floor":23.0,"key":"REST"},{"floor":28.0,"key":"REST"},{"floor":30.0,"key":"RECALL"},{"floor":32.0,"key":"REST"}],"circlet_count":0,"master_deck":["AscendersBane","Strike_P","Strike_P+1","Strike_P+1","Strike_P+1","Defend_P+1","Eruption+1","Vigilance","InnerPeace+1","DevaForm","CutThroughFate","FearNoEvil+1","LessonLearned+1","BowlingBash","Tantrum+1","MasterReality+1","Wallop","Ragnarok"],"relics":["PureWater","Ring of the Snake","Anchor","Mercury Hourglass","aspiration:ChemicalBlood","Bottled Lightning","Fusion Hammer","Nloth\u0027s Gift","Prayer Wheel","Question Card","Bird Faced Urn","Black Star"],"acts_visited":["Exordium","TheCity","TheBeyond"],"potions_floor_usage":[],"damage_taken":[{"damage":0.0,"enemies":"Small Slimes","floor":1.0,"turns":2.0},{"damage":0.0,"enemies":"Cultist","floor":3.0,"turns":3.0},{"damage":16.0,"enemies":"Jaw Worm","floor":5.0,"turns":4.0},{"damage":29.0,"enemies":"3 Sentries","floor":7.0,"turns":10.0},{"damage":1.0,"enemies":"Exordium Thugs","floor":8.0,"turns":4.0},{"damage":1.0,"enemies":"Exordium Wildlife","floor":11.0,"turns":4.0},{"damage":4.0,"enemies":"Lagavulin","floor":12.0,"turns":6.0},{"damage":14.0,"enemies":"Gremlin Nob","floor":14.0,"turns":3.0},{"damage":10.0,"enemies":"Slime Boss","floor":16.0,"turns":7.0},{"damage":9.0,"enemies":"Shell Parasite","floor":18.0,"turns":3.0},{"damage":19.0,"enemies":"3 Byrds","floor":20.0,"turns":4.0},{"damage":15.0,"enemies":"Snake Plant","floor":21.0,"turns":3.0},{"damage":13.0,"enemies":"Slavers","floor":24.0,"turns":3.0},{"damage":0.0,"enemies":"Centurion and Healer","floor":25.0,"turns":3.0},{"damage":24.0,"enemies":"Gremlin Leader","floor":31.0,"turns":4.0},{"damage":33.0,"enemies":"Collector","floor":33.0,"turns":5.0},{"damage":1.0,"enemies":"Orb Walker","floor":35.0,"turns":3.0},{"damage":26.0,"enemies":"3 Darklings","floor":36.0,"turns":4.0},{"damage":9.0,"enemies":"Jaw Worm Horde","floor":38.0,"turns":3.0},{"damage":18.0,"enemies":"Maw","floor":39.0,"turns":5.0},{"damage":50,"enemies":"Reptomancer","floor":40,"turns":2}],"seed_played":"5430961024649519277","potions_obtained":[{"floor":1.0,"key":"PowerPotion"},{"floor":2.0,"key":"LiquidMemories"},{"floor":7.0,"key":"LiquidMemories"},{"floor":14.0,"key":"ColorlessPotion"},{"floor":25.0,"key":"Weak Potion"},{"floor":31.0,"key":"SteroidPotion"},{"floor":33.0,"key":"GamblersBrew"},{"floor":36.0,"key":"Regen Potion"}],"is_trial":false,"path_per_floor":["M","?","M","$","M","R","E","M","T","R","M","E","R","E","R","B",null,"M","?","M","M","$","R","E","M","T","$","R","T","R","E","R","B",null,"M","M","?","M","M","E"],"character_chosen":"WATCHER","items_purchased":["Tantrum"],"campfire_rested":4,"item_purchase_floors":[22],"current_hp_per_floor":[61,61,61,61,45,45,16,15,15,15,14,10,30,16,16,6,53,44,44,25,10,10,30,17,17,17,17,37,37,37,13,33,4,52,55,35,38,38,24,0,0],"gold":199,"neow_bonus":"NOSTALGIA","is_daily":false,"chose_seed":false,"campfire_upgraded":3,"win_rate":0.0,"timestamp":1607713163,"path_taken":["M","?","M","$","M","R","E","?","T","R","M","E","R","E","R","BOSS","M","?","M","M","$","R","E","M","T","?","R","?","R","E","R","BOSS","M","M","?","M","M","E"],"items_purchased_type":["Card"],"build_version":"2020-11-30","purchased_purges":3,"victory":false,"max_hp_per_floor":[68,68,68,68,68,68,68,68,68,68,68,68,68,68,68,68,68,68,68,68,68,68,68,68,68,68,68,68,68,68,68,68,68,68,68,68,68,68,68,68,68],"card_choices":[{"not_picked":["Swivel","Evaluate","Halt"],"picked":"SKIP","floor":1.0},{"not_picked":["JustLucky","ThirdEye"],"picked":"InnerPeace","floor":3.0},{"not_picked":["FlyingSleeves","Halt","CrushJoints"],"picked":"SKIP","floor":5.0},{"not_picked":["WreathOfFlame","LikeWater"],"picked":"DevaForm","floor":7.0},{"not_picked":["SandsOfTime","ClearTheMind"],"picked":"CutThroughFate","floor":8.0},{"not_picked":["SashWhip","CrushJoints","ThirdEye"],"picked":"SKIP","floor":11.0},{"not_picked":["SignatureMove","Prostrate","Protect"],"picked":"SKIP","floor":12.0},{"not_picked":["Wireheading","PathToVictory"],"picked":"FearNoEvil","floor":14.0},{"not_picked":["Brilliance","MasterReality"],"picked":"LessonLearned","floor":16.0},{"not_picked":["Worship","FlyingSleeves","Halt"],"picked":"SKIP","floor":18.0},{"not_picked":["Evaluate+1","InnerPeace","ThirdEye"],"picked":"SKIP","floor":20.0},{"not_picked":["ForeignInfluence","Consecrate+1"],"picked":"BowlingBash","floor":21.0},{"not_picked":["BowlingBash","Establishment"],"picked":"MasterReality","floor":24.0},{"not_picked":["Evaluate","InnerPeace","FlurryOfBlows"],"picked":"SKIP","floor":25.0},{"not_picked":["WindmillStrike","Consecrate","Tantrum"],"picked":"SKIP","floor":25.0},{"not_picked":["Crescendo","InnerPeace","Prostrate","DeceiveReality"],"picked":"SKIP","floor":31.0},{"not_picked":["Evaluate","ThirdEye","ForeignInfluence+1"],"picked":"Wallop","floor":35.0},{"not_picked":["Study","WheelKick","EmptyBody","Prostrate+1"],"picked":"SKIP","floor":35.0},{"not_picked":["Indignation","SandsOfTime+1","SashWhip+1","Crescendo+1"],"picked":"SKIP","floor":36.0},{"not_picked":["CarveReality","CrushJoints","Crescendo","Prostrate"],"picked":"SKIP","floor":36.0},{"not_picked":["FlyingSleeves","MentalFortress","JustLucky+1"],"picked":"Ragnarok","floor":38.0},{"not_picked":["CrushJoints+1","WreathOfFlame","SpiritShield","FearNoEvil"],"picked":"SKIP","floor":38.0},{"not_picked":["WaveOfTheHand","WreathOfFlame+1","EmptyFist","Crescendo"],"picked":"SKIP","floor":39.0},{"not_picked":["SashWhip","Brilliance","Crescendo","FlurryOfBlows"],"picked":"SKIP","floor":39.0}],"player_experience":1250404,"relics_obtained":[{"floor":7.0,"key":"Anchor"},{"floor":9.0,"key":"Mercury Hourglass"},{"floor":12.0,"key":"aspiration:ChemicalBlood"},{"floor":14.0,"key":"Bottled Lightning"},{"floor":24.0,"key":"Prayer Wheel"},{"floor":29.0,"key":"Question Card"},{"floor":31.0,"key":"Bird Faced Urn"}],"event_choices":[{"damage_healed":0.0,"max_hp_gain":0.0,"max_hp_loss":0.0,"gold_gain":0.0,"event_name":"The Woman in Blue","player_choice":"Bought 1 Potion","floor":2.0,"gold_loss":0.0,"damage_taken":0.0},{"damage_healed":0.0,"max_hp_gain":0.0,"max_hp_loss":0.0,"gold_gain":0.0,"event_name":"N\u0027loth","player_choice":"Traded Relic","floor":19.0,"relics_lost":["aspiration:Nostalgia"],"gold_loss":0.0,"damage_taken":0.0,"relics_obtained":["Nloth\u0027s Gift"]}],"is_beta":false,"boss_relics":[{"not_picked":["Astrolabe","Sozu"],"picked":"Fusion Hammer"},{"not_picked":["Pandora\u0027s Box","aspiration:RunicSpoon"],"picked":"Black Star"}],"items_purged_floors":[4,22,27],"is_endless":false,"potions_floor_spawned":[1,7,12,14,16,21,25,33,36],"killed_by":"Reptomancer","ascension_level":20}}