{"host":"y3h3n3f7seyagppx","time":1607724068,"event":{"mods":["AlwaysNeverKeys","BaseMod","Better Vampires","Colored Powertips","DeckTracker","Emptier Cage","Minty Spire (QoL Compilation)","Permanent Neow","Quick Restart","Rare Cards Sparkle","Relic Sorter","Relic Stats","StSLib","Transform Curses"],"gold_per_floor":[119,134,154,104,62,62,87,87,113,132,132,165,176,176,176,254,254,267,267,30,47,67,67,99,113,138,138,155,175,208,227,227,304,304,314,333,358,377,377,412,236,248,272,272,307,307,342,342,342,342,342,342,342,11,44,44],"floor_reached":57,"playtime":40941,"items_purged":["Pain","Strike_R"],"score":2888,"play_id":"73a15a99-3ae4-44ac-b4ef-169a8863d042","local_time":"20201211170108","is_ascension_mode":true,"campfire_choices":[{"data":"Bash","floor":6.0,"key":"SMITH"},{"data":"Bludgeon","floor":8.0,"key":"SMITH"},{"data":"Armaments","floor":15.0,"key":"SMITH"},{"data":"Fiend Fire","floor":23.0,"key":"SMITH"},{"data":"Whirlwind","floor":27.0,"key":"SMITH"},{"data":"Uppercut","floor":32.0,"key":"SMITH"},{"floor":44.0,"key":"REST"},{"data":"Feel No Pain","floor":49.0,"key":"SMITH"},{"data":"Flame Barrier","floor":53.0,"key":"SMITH"}],"circlet_count":0,"master_deck":["AscendersBane","Strike_R","Defend_R","Defend_R","Defend_R","Defend_R","Bash+1","Pommel Strike","Shrug It Off","Bludgeon+1","Fire Breathing","Armaments+1","Fiend Fire+1","Whirlwind+1","Blood for Blood","Shrug It Off","Entrench","Evolve","Uppercut+1","Corruption","Body Slam","Flame Barrier+1","Shockwave+1","Feel No Pain+1","True Grit+1","Dark Embrace+1","Impervious"],"relics":["Burning Blood","Juzu Bracelet","Ancient Tea Set","Bronze Scales","WarpedTongs","Oddly Smooth Stone","Snecko Eye","Medical Kit","Champion Belt","Bag of Marbles","Paper Frog","Empty Cage","Torii","Akabeko","PreservedInsect","Strawberry","Toy Ornithopter","ClockworkSouvenir","Pen Nib","Anchor"],"acts_visited":["Exordium","TheCity","TheBeyond","TheEnding"],"potions_floor_usage":[56],"damage_taken":[{"damage":5.0,"enemies":"Small Slimes","floor":1.0,"turns":6.0},{"damage":5.0,"enemies":"2 Louse","floor":2.0,"turns":3.0},{"damage":7.0,"enemies":"Cultist","floor":3.0,"turns":4.0},{"damage":17.0,"enemies":"Exordium Thugs","floor":4.0,"turns":5.0},{"damage":15.0,"enemies":"Lagavulin","floor":7.0,"turns":7.0},{"damage":8.0,"enemies":"Blue Slaver","floor":10.0,"turns":3.0},{"damage":8.0,"enemies":"3 Sentries","floor":12.0,"turns":5.0},{"damage":8.0,"enemies":"2 Fungi Beasts","floor":13.0,"turns":4.0},{"damage":15.0,"enemies":"Hexaghost","floor":16.0,"turns":7.0},{"damage":1.0,"enemies":"Chosen","floor":18.0,"turns":2.0},{"damage":7.0,"enemies":"3 Byrds","floor":21.0,"turns":4.0},{"damage":3.0,"enemies":"Snecko","floor":22.0,"turns":3.0},{"damage":0.0,"enemies":"Gremlin Leader","floor":24.0,"turns":3.0},{"damage":4.0,"enemies":"Chosen and Byrds","floor":25.0,"turns":3.0},{"damage":0.0,"enemies":"Snake Plant","floor":28.0,"turns":1.0},{"damage":0.0,"enemies":"Centurion and Healer","floor":29.0,"turns":2.0},{"damage":9.0,"enemies":"Slavers","floor":30.0,"turns":3.0},{"damage":0.0,"enemies":"Sentry and Sphere","floor":31.0,"turns":4.0},{"damage":30.0,"enemies":"Collector","floor":33.0,"turns":5.0},{"damage":0.0,"enemies":"3 Darklings","floor":35.0,"turns":2.0},{"damage":0.0,"enemies":"Orb Walker","floor":36.0,"turns":2.0},{"damage":18.0,"enemies":"Mind Bloom Boss Battle","floor":37.0,"turns":5.0},{"damage":1.0,"enemies":"3 Darklings","floor":38.0,"turns":3.0},{"damage":24.0,"enemies":"Giant Head","floor":40.0,"turns":6.0},{"damage":21.0,"enemies":"Spire Growth","floor":42.0,"turns":3.0},{"damage":0.0,"enemies":"Nemesis","floor":45.0,"turns":5.0},{"damage":0.0,"enemies":"Reptomancer","floor":47.0,"turns":4.0},{"damage":78.0,"enemies":"Awakened One","floor":50.0,"turns":9.0},{"damage":2.0,"enemies":"Time Eater","floor":51.0,"turns":8.0},{"damage":37,"enemies":"Shield and Spear","floor":55,"turns":4},{"damage":24,"enemies":"The Heart","floor":56,"turns":7}],"seed_played":"8422458385958239880","potions_obtained":[{"floor":3.0,"key":"BlessingOfTheForge"},{"floor":7.0,"key":"Block Potion"},{"floor":10.0,"key":"BlessingOfTheForge"},{"floor":12.0,"key":"BlessingOfTheForge"},{"floor":16.0,"key":"FairyPotion"},{"floor":25.0,"key":"DuplicationPotion"},{"floor":55,"key":"SkillPotion"}],"is_trial":false,"path_per_floor":["M","M","M","M","?","R","E","R","T","M","?","E","M","?","R","B",null,"M","?","$","M","M","R","E","M","T","R","M","M","E","M","R","B",null,"M","M","?","M","?","E","$","M","T","R","E","?","E","?","R","B","B",null,"R","$","E","B",null],"character_chosen":"IRONCLAD","items_purchased":["Medical Kit","Feel No Pain","ClockworkSouvenir","Pen Nib"],"campfire_rested":1,"item_purchase_floors":[20,41,54,54],"current_hp_per_floor":[69,70,69,58,58,58,49,49,49,47,47,45,43,43,43,34,65,70,70,70,69,72,72,75,75,75,75,75,75,72,75,75,51,69,75,75,63,68,68,50,50,35,35,57,70,70,76,76,76,34,38,68,68,68,37,24],"gold":44,"neow_bonus":"RANDOM_COMMON_RELIC","is_daily":false,"chose_seed":false,"campfire_upgraded":8,"win_rate":0.0,"timestamp":1607724068,"path_taken":["M","M","M","M","?","R","E","R","T","M","?","E","M","?","R","BOSS","M","?","$","M","M","R","E","M","T","R","M","M","E","M","R","BOSS","M","M","?","M","?","E","$","M","T","R","E","?","E","?","R","BOSS","BOSS","R","$","E","BOSS"],"items_purchased_type":["Relic","Card","Relic","Relic"],"build_version":"2020-11-30","purchased_purges":2,"victory":true,"max_hp_per_floor":[75,75,75,75,75,75,75,75,75,75,75,75,75,75,75,75,75,75,75,75,75,75,75,75,75,75,75,75,75,75,75,75,75,75,75,75,75,75,75,75,75,75,75,75,82,82,82,78,78,78,78,78,78,78,78,78],"relic_stats":{"Torii":10,"counters":[31,132],"PreservedInsect":190,"Pen Nib":[1],"Juzu Bracelet":1,"Medical Kit":[5],"Burning Blood":160,"WarpedTongs":[99],"Bronze Scales":[424],"Snecko Eye":[170,146,174,159],"Champion Belt":[57],"obtain_stats":[{"Torii":37,"Oddly Smooth Stone":12,"PreservedInsect":43,"Pen Nib":54,"Juzu Bracelet":0,"Ancient Tea Set":7,"Medical Kit":20,"Empty Cage":34,"Burning Blood":0,"Akabeko":40,"WarpedTongs":11,"ClockworkSouvenir":54,"Anchor":55,"Bronze Scales":9,"Strawberry":45,"Snecko Eye":17,"Bag of Marbles":26,"Champion Belt":24,"Toy Ornithopter":47,"Paper Frog":30},{"Torii":22,"Oddly Smooth Stone":7,"PreservedInsect":25,"Pen Nib":29,"Juzu Bracelet":0,"Ancient Tea Set":5,"Medical Kit":10,"Empty Cage":19,"Burning Blood":0,"Akabeko":24,"WarpedTongs":6,"ClockworkSouvenir":29,"Anchor":30,"Bronze Scales":5,"Strawberry":26,"Snecko Eye":9,"Bag of Marbles":14,"Champion Belt":13,"Toy Ornithopter":27,"Paper Frog":17},{"Torii":83,"Oddly Smooth Stone":33,"PreservedInsect":95,"Pen Nib":121,"Juzu Bracelet":0,"Ancient Tea Set":25,"Medical Kit":46,"Empty Cage":74,"Burning Blood":0,"Akabeko":92,"WarpedTongs":28,"ClockworkSouvenir":121,"Anchor":125,"Bronze Scales":25,"Strawberry":100,"Snecko Eye":44,"Bag of Marbles":59,"Champion Belt":56,"Toy Ornithopter":104,"Paper Frog":65}],"Toy Ornithopter":10},"card_choices":[{"not_picked":["Twin Strike","Body Slam"],"picked":"Pommel Strike","floor":1.0},{"not_picked":["True Grit","Sword Boomerang","Heavy Blade"],"picked":"SKIP","floor":2.0},{"not_picked":["Rupture","Second Wind"],"picked":"Shrug It Off","floor":3.0},{"not_picked":["Iron Wave","Body Slam"],"picked":"Metallicize","floor":4.0},{"not_picked":["Reckless Charge","Entrench"],"picked":"Bludgeon","floor":7.0},{"not_picked":["Thunderclap","Dual Wield"],"picked":"Fire Breathing","floor":10.0},{"not_picked":["Flex","Hemokinesis","Blood for Blood"],"picked":"SKIP","floor":12.0},{"not_picked":["Havoc","Twin Strike"],"picked":"Armaments","floor":13.0},{"not_picked":["Brutality","Barricade"],"picked":"Fiend Fire","floor":16.0},{"not_picked":["Heavy Blade","Anger","Body Slam"],"picked":"SKIP","floor":18.0},{"not_picked":["Pummel","Havoc+1"],"picked":"Blood for Blood","floor":21.0},{"not_picked":["Headbutt","True Grit"],"picked":"Shrug It Off","floor":22.0},{"not_picked":["Body Slam","Infernal Blade","Twin Strike"],"picked":"SKIP","floor":24.0},{"not_picked":["Sever Soul","Sentinel"],"picked":"Entrench","floor":25.0},{"not_picked":["Combust","Perfected Strike"],"picked":"Evolve","floor":28.0},{"not_picked":["Sever Soul","Cleave","Carnage"],"picked":"SKIP","floor":29.0},{"not_picked":["Clash","Twin Strike"],"picked":"Uppercut","floor":30.0},{"not_picked":["Entrench","Sever Soul","Headbutt"],"picked":"SKIP","floor":31.0},{"not_picked":["Double Tap","Offering"],"picked":"Corruption","floor":33.0},{"not_picked":["Anger","Havoc"],"picked":"Body Slam","floor":35.0},{"not_picked":["Clothesline","Body Slam"],"picked":"Flame Barrier","floor":36.0},{"not_picked":["Uppercut","Flex+1","Body Slam"],"picked":"SKIP","floor":38.0},{"not_picked":["Ghostly Armor","Brutality"],"picked":"Shockwave+1","floor":40.0},{"not_picked":["Pommel Strike","Warcry"],"picked":"True Grit+1","floor":42.0},{"not_picked":["Entrench+1","Heavy Blade+1"],"picked":"Dark Embrace+1","floor":45.0},{"not_picked":["Clothesline+1","Iron Wave","Perfected Strike"],"picked":"SKIP","floor":47.0},{"not_picked":["Second Wind","Dark Embrace"],"picked":"Impervious","floor":55}],"player_experience":19912257,"relics_obtained":[{"floor":7.0,"key":"Ancient Tea Set"},{"floor":9.0,"key":"Bronze Scales"},{"floor":12.0,"key":"Oddly Smooth Stone"},{"floor":24.0,"key":"Champion Belt"},{"floor":26.0,"key":"Bag of Marbles"},{"floor":30.0,"key":"Paper Frog"},{"floor":37.0,"key":"Torii"},{"floor":40.0,"key":"Akabeko"},{"floor":43.0,"key":"PreservedInsect"},{"floor":45.0,"key":"Strawberry"},{"floor":47.0,"key":"Toy Ornithopter"},{"floor":55,"key":"Anchor"}],"event_choices":[{"damage_healed":0.0,"max_hp_gain":0.0,"max_hp_loss":0.0,"gold_gain":0.0,"event_name":"World of Goop","player_choice":"Left Gold","floor":5.0,"gold_loss":42.0,"damage_taken":0.0},{"damage_healed":0.0,"max_hp_gain":0.0,"max_hp_loss":0.0,"gold_gain":0.0,"event_name":"Accursed Blacksmith","player_choice":"Rummage","floor":11.0,"gold_loss":0.0,"damage_taken":0.0,"relics_obtained":["WarpedTongs"],"cards_obtained":["Pain"]},{"damage_healed":0.0,"max_hp_gain":0.0,"max_hp_loss":0.0,"gold_gain":0.0,"event_name":"Liars Game","player_choice":"Ignored","floor":14.0,"gold_loss":0.0,"damage_taken":0.0},{"damage_healed":0.0,"max_hp_gain":0.0,"max_hp_loss":0.0,"gold_gain":0.0,"event_name":"The Library","player_choice":"Read","floor":19.0,"gold_loss":0.0,"damage_taken":0.0,"cards_obtained":["Whirlwind"]},{"damage_healed":0.0,"max_hp_gain":0.0,"max_hp_loss":0.0,"gold_gain":0.0,"event_name":"MindBloom","player_choice":"Fight","floor":37.0,"gold_loss":0.0,"damage_taken":0.0},{"cards_removed":["Metallicize"],"damage_healed":0.0,"max_hp_gain":0.0,"max_hp_loss":0.0,"gold_gain":0.0,"event_name":"Falling","player_choice":"Removed Power","floor":39.0,"gold_loss":0.0,"damage_taken":0.0},{"damage_healed":0.0,"max_hp_gain":0.0,"max_hp_loss":0.0,"gold_gain":0.0,"event_name":"Tomb of Lord Red Mask","player_choice":"Ignored","floor":46.0,"gold_loss":0.0,"damage_taken":0.0},{"damage_healed":0.0,"max_hp_gain":0.0,"max_hp_loss":4.0,"gold_gain":0.0,"event_name":"Winding Halls","player_choice":"Max HP","floor":48.0,"gold_loss":0.0,"damage_taken":0.0}],"is_beta":false,"boss_relics":[{"not_picked":["Tiny House","Fusion Hammer"],"picked":"Snecko Eye"},{"not_picked":["Runic Pyramid","Black Blood"],"picked":"Empty Cage"}],"items_purged_floors":[20,41],"is_endless":false,"potions_floor_spawned":[3,7,10,12,16,21,25,30,31,33,35,40,42,55],"ascension_level":20}}