{"host":"6fbjdsiu9jij34p7","time":1607701062,"event":{"mods":["2.2 Compatiblity","AchievementEnabler","BaseMod","Colored Map","DeckTracker","Highlight Path","Keyboard Shortcuts","Minty Spire (QoL Compilation)","Permanent Neow","Quick Restart","StSLib","SuperFastMode"],"gold_per_floor":[111,72,247,41,41,41,41,41,109,119,119,119,119,138,138,229,229,247,447,47,63,81,81,102,102,126,149,170,10,34,58,58,151,151,176,207,0,0,15,15,38,62,62,86,86,110,110,124,124,124],"floor_reached":51,"playtime":1468,"items_purged":["Doubt","Strike_B","Strike_B"],"score":1155,"play_id":"780ae71d-e039-40fe-9d97-1b0f1567526e","local_time":"20201212003742","is_ascension_mode":true,"campfire_choices":[{"data":"Barrage","floor":6.0,"key":"SMITH"},{"data":"Dualcast","floor":8.0,"key":"SMITH"},{"data":"Cold Snap","floor":11.0,"key":"SMITH"},{"floor":15.0,"key":"REST"},{"floor":23.0,"key":"REST"},{"floor":25.0,"key":"REST"},{"floor":32.0,"key":"REST"},{"floor":40,"key":"REST"},{"data":"1","floor":45,"key":"LIFT"},{"data":"Barrage","floor":47,"key":"SMITH"},{"data":"2","floor":49,"key":"LIFT"}],"circlet_count":0,"master_deck":["AscendersBane","Strike_B","Strike_B","Defend_B+1","Defend_B","Defend_B","Defend_B","Zap+1","Dualcast+1","Self Repair","Capacitor","Barrage+1","Cold Snap+1","Capacitor","Coolheaded","Glacier","Compile Driver","Chill","Cold Snap+1","Chill","Hologram","Stack+1","Cold Snap","Barrage+1","Cold Snap+1","Parasite","Chill+1"],"relics":["FrozenCore","Bronze Scales","Nunchaku","Eternal Feather","Golden Idol","Inserter","Vajra","Blood Vial","Girya","Red Mask","Mummified Hand","Strawberry"],"acts_visited":["Exordium","TheCity","TheBeyond"],"potions_floor_usage":[50],"damage_taken":[{"damage":1.0,"enemies":"Cultist","floor":1.0,"turns":3.0},{"damage":0.0,"enemies":"Small Slimes","floor":10.0,"turns":3.0},{"damage":1.0,"enemies":"2 Louse","floor":14.0,"turns":3.0},{"damage":44.0,"enemies":"Slime Boss","floor":16.0,"turns":9.0},{"damage":26.0,"enemies":"Shell Parasite","floor":18.0,"turns":6.0},{"damage":14.0,"enemies":"Spheric Guardian","floor":21.0,"turns":4.0},{"damage":24.0,"enemies":"Snake Plant","floor":22.0,"turns":4.0},{"damage":31.0,"enemies":"Sentry and Sphere","floor":24.0,"turns":7.0},{"damage":18.0,"enemies":"Shelled Parasite and Fungi","floor":27.0,"turns":6.0},{"damage":32.0,"enemies":"Cultist and Chosen","floor":28.0,"turns":8.0},{"damage":0.0,"enemies":"3 Cultists","floor":30.0,"turns":6.0},{"damage":11.0,"enemies":"Sentry and Sphere","floor":31.0,"turns":6.0},{"damage":59.0,"enemies":"Automaton","floor":33.0,"turns":14.0},{"damage":12,"enemies":"3 Darklings","floor":35,"turns":7},{"damage":28,"enemies":"Mind Bloom Boss Battle","floor":36,"turns":9},{"damage":0,"enemies":"Orb Walker","floor":39,"turns":4},{"damage":1,"enemies":"Sphere and 2 Shapes","floor":41,"turns":6},{"damage":42,"enemies":"Transient","floor":42,"turns":5},{"damage":9,"enemies":"Spire Growth","floor":44,"turns":6},{"damage":21,"enemies":"Sphere and 2 Shapes","floor":46,"turns":8},{"damage":20,"enemies":"Writhing Mass","floor":48,"turns":7},{"damage":8,"enemies":"Donu and Deca","floor":50,"turns":10}],"seed_played":"8389638542884069134","potions_obtained":[{"floor":10.0,"key":"Strength Potion"},{"floor":14.0,"key":"SpeedPotion"},{"floor":22.0,"key":"Weak Potion"},{"floor":28.0,"key":"FocusPotion"},{"floor":31.0,"key":"Energy Potion"},{"floor":48,"key":"FocusPotion"}],"is_trial":false,"path_per_floor":["M","$","?","$","?","R","?","R","T","M","R","?","?","M","R","B",null,"M","?","$","M","M","R","M","R","T","M","M","$","M","M","R","B",null,"M","?","?","T","M","R","M","M","T","M","R","M","R","M","R","B",null],"character_chosen":"DEFECT","items_purchased":["Self Repair","Capacitor","Barrage","Fruit Juice","Vajra","Compile Driver","Chill"],"campfire_rested":5,"item_purchase_floors":[2,4,4,20,20,20,29],"current_hp_per_floor":[63,63,63,63,60,60,60,60,60,67,71,57,40,46,71,27,60,41,41,46,39,22,53,29,60,60,51,28,28,37,35,69,12,60,57,38,38,38,47,76,76,41,48,48,63,51,66,55,70,64],"gold":124,"neow_bonus":"RANDOM_COMMON_RELIC","is_daily":false,"chose_seed":false,"campfire_upgraded":4,"win_rate":0.0,"timestamp":1607701062,"path_taken":["M","$","?","$","?","R","?","R","T","?","R","?","?","M","R","BOSS","M","?","$","M","M","R","?","R","T","M","M","$","M","M","R","BOSS","M","?","?","?","M","R","M","M","T","M","R","M","R","M","R","BOSS"],"items_purchased_type":["Card","Card","Card","Potion","Relic","Card","Card"],"build_version":"2020-11-30","purchased_purges":3,"victory":true,"max_hp_per_floor":[71,71,71,71,71,71,71,71,71,71,71,71,71,71,71,71,71,71,71,76,76,76,76,76,76,76,76,76,76,76,76,76,76,76,76,76,76,76,76,76,76,76,83,83,83,83,83,83,83,83],"card_choices":[{"not_picked":["Turbo","Redo","Auto Shields"],"picked":"SKIP","floor":1.0},{"not_picked":["Rebound","Skim"],"picked":"Capacitor","floor":10.0},{"not_picked":["Ball Lightning","Gash"],"picked":"Coolheaded","floor":14.0},{"not_picked":["Streamline","Coolheaded"],"picked":"Glacier","floor":18.0},{"not_picked":["Go for the Eyes","Darkness+1"],"picked":"Chill","floor":21.0},{"not_picked":["Redo+1","Go for the Eyes","Sunder+1"],"picked":"SKIP","floor":22.0},{"not_picked":["Rebound","Heatsinks","BootSequence"],"picked":"SKIP","floor":24.0},{"not_picked":["Genetic Algorithm","Capacitor+1"],"picked":"Cold Snap+1","floor":27.0},{"not_picked":["Loop","Fusion+1","Multi-Cast"],"picked":"SKIP","floor":28.0},{"not_picked":["Skim","Beam Cell"],"picked":"Hologram","floor":30.0},{"not_picked":["Scrape+1","Chaos"],"picked":"Stack+1","floor":31.0},{"not_picked":["Heatsinks","Self Repair+1"],"picked":"Cold Snap","floor":35},{"not_picked":["Steam","Lockon+1"],"picked":"Barrage","floor":39},{"not_picked":["Turbo","Coolheaded","Conserve Battery"],"picked":"SKIP","floor":41},{"not_picked":["Cold Snap","Sunder+1","Gash"],"picked":"SKIP","floor":42},{"not_picked":["Conserve Battery","Turbo"],"picked":"Cold Snap+1","floor":44},{"not_picked":["Cold Snap","Turbo","FTL+1"],"picked":"SKIP","floor":46},{"not_picked":["Ball Lightning","Skim"],"picked":"Chill+1","floor":48}],"player_experience":217421,"relics_obtained":[{"floor":9.0,"key":"Eternal Feather"},{"floor":26.0,"key":"Blood Vial"},{"floor":36,"key":"Girya"},{"floor":38,"key":"Mummified Hand"},{"floor":43,"key":"Strawberry"}],"event_choices":[{"damage_healed":0.0,"max_hp_gain":0.0,"max_hp_loss":0.0,"gold_gain":175.0,"event_name":"Liars Game","player_choice":"AGREE","floor":3.0,"gold_loss":0.0,"damage_taken":0.0,"cards_obtained":["Doubt"]},{"damage_healed":0.0,"max_hp_gain":0.0,"max_hp_loss":0.0,"gold_gain":0.0,"event_name":"Scrap Ooze","player_choice":"Success","floor":5.0,"gold_loss":0.0,"damage_taken":3.0,"relics_obtained":["Nunchaku"]},{"damage_healed":0.0,"max_hp_gain":0.0,"max_hp_loss":0.0,"gold_gain":0.0,"event_name":"Match and Keep!","player_choice":"1 cards matched","floor":7.0,"gold_loss":0.0,"damage_taken":0.0,"cards_obtained":["Cold Snap"]},{"damage_healed":0.0,"max_hp_gain":0.0,"max_hp_loss":0.0,"gold_gain":0.0,"event_name":"Shining Light","player_choice":"Entered Light","floor":12.0,"gold_loss":0.0,"damage_taken":14.0,"cards_upgraded":["Defend_B","Zap"]},{"damage_healed":0.0,"max_hp_gain":0.0,"max_hp_loss":0.0,"gold_gain":0.0,"event_name":"Golden Idol","player_choice":"Take Damage","floor":13.0,"gold_loss":0.0,"damage_taken":17.0,"relics_obtained":["Golden Idol"]},{"damage_healed":0.0,"max_hp_gain":0.0,"max_hp_loss":0.0,"gold_gain":200.0,"event_name":"Wheel of Change","player_choice":"Gold","floor":19.0,"gold_loss":0.0,"damage_taken":0.0},{"damage_healed":0,"gold_gain":0,"player_choice":"Fight","damage_taken":0,"max_hp_gain":0,"max_hp_loss":0,"event_name":"MindBloom","floor":36,"gold_loss":0},{"damage_healed":0,"gold_gain":0,"player_choice":"Paid","damage_taken":0,"relics_obtained":["Red Mask"],"max_hp_gain":0,"max_hp_loss":0,"event_name":"Tomb of Lord Red Mask","floor":37,"gold_loss":207}],"is_beta":false,"boss_relics":[{"not_picked":["Black Star","Ectoplasm"],"picked":"Inserter"},{"not_picked":["Runic Dome","Cursed Key"],"picked":"FrozenCore"}],"items_purged_floors":[4,20,29],"is_endless":false,"potions_floor_spawned":[10,14,18,22,28,31,36,44,46,48],"ascension_level":14}}