{"host":"s3g5dmvfnpdztvul","time":1607648503,"event":{"mods":["AchievementEnabler","AlwaysNeverKeys","Aspiration","BaseMod","Better Altar","Better Match","Better Note","Better Sensory Stone","Better Vampires","BetterRewards","CatGirl Mod","Challenge The Spire","Colored Map","Colored Powertips","Colorless Booster Pack","Conspire","Curses Come First","DeckTracker","Displayed Cursed Tome","Downfall","Energized Spire","Fiend Mod","Friendly Minions","GifTheSpireLib","Hubris","Hyrulean Relics","Infinite Spire","Ironclad Rager","Jedi Mod","Marisa????????","Marked Mod","Mimic Mod","Minty Spire (QoL Compilation)","Permanent Neow","Quick Restart","Railgun Mod","Random Character Button","Rare Cards Sparkle","Replay The Spire","SCP261 Mod","Shade Mod","Small Relic Pack","Spicy Shops","Spikes Relics","StSLib","Stuff the Spire","The Alterego","The Blue Laboratory","The Clintock","The Cursed","The Factory","The Jungle","The Necromancer","TheSwordswoman","Trackpad","Unceasing Turn Reminder","Virulent Crown","Waifu the Spire","Wandering Minibosses","vexMod"],"gold_per_floor":[213,213,224,241,241,285,285,285,311,311,39,79,115,77,77,77,77,77,52,52,52,52,52,52,52],"floor_reached":24,"playtime":1720,"items_purged":[],"score":245,"play_id":"93389cba-841f-4081-bfa0-ed1e66bee800","local_time":"20201210200143","is_ascension_mode":true,"campfire_choices":[{"floor":10,"key":"REST"},{"floor":15,"key":"REST"},{"floor":23,"key":"REST"}],"circlet_count":0,"master_deck":["alterego_mod:Strike","alterego_mod:Strike","alterego_mod:Strike","alterego_mod:Strike","alterego_mod:Defend","alterego_mod:Defend","alterego_mod:Defend","alterego_mod:Defend","alterego_mod:Impale","alterego_mod:BigMeatyClaws","alterego_mod:BrynhildrsRune","alterego_mod:SakuraPetals+1","alterego_mod:Swimsuit","alterego_mod:Undulate","alterego_mod:IdEs","Parasite","alterego_mod:Cooking","alterego_mod:DeftHands","alterego_mod:Clap","alterego_mod:Cooking","Doubt","alterego_mod:SakuraFive+1","alterego_mod:Punishment+1","conspire:Banana+1","alterego_mod:ClassAdvantage+1","alterego_mod:Cooking","alterego_mod:Bounce","StuffTheSpire:DeathNote"],"relics":["alterego_mod:MasochisticConstitution","Golden Idol","vexMod:Dragonfruit","aspiration:HiddenCompartment","Toolbox","StuffTheSpire:HeavyRock","Tiny Chest","jedi:ominousloannote","Bronze Scales","Golden Egg","trackpad:Trackpad","Potion Belt"],"acts_visited":["Exordium","TheCity"],"potions_floor_usage":[3,6,13],"damage_taken":[{"damage":12,"enemies":"Small Slimes","floor":1,"turns":3},{"damage":0,"enemies":"Cultist","floor":3,"turns":4},{"damage":0,"enemies":"2 Louse","floor":4,"turns":2},{"damage":57,"enemies":"3 Sentries","floor":6,"turns":8},{"damage":4,"enemies":"Large Slime","floor":12,"turns":7},{"damage":20,"enemies":"Gremlin Nob","floor":13,"turns":5},{"damage":89,"enemies":"The Guardian","floor":16,"turns":9},{"damage":34,"enemies":"Shell Parasite","floor":18,"turns":6},{"damage":40,"enemies":"conspire:FuzzyDice","floor":20,"turns":5},{"damage":58,"enemies":"Centurion and Healer","floor":24,"turns":4}],"seed_played":"8153735913990919559","potions_obtained":[{"floor":1,"key":"Energy Potion"},{"floor":3,"key":"blueLaboratory:Moonshine"},{"floor":6,"key":"Block Potion"}],"is_trial":false,"path_per_floor":["M","?","M","M","?","E","?","?","T","R","$","MIM","E","$","R","B",null,"M","?","M","?","T","R","M"],"character_chosen":"The_Alterego","items_purchased":["Toolbox","alterego_mod:Cooking","alterego_mod:DeftHands","jedi:ominousloannote","Bronze Scales","Golden Egg","alterego_mod:SakuraFive","alterego_mod:Punishment","conspire:Banana"],"campfire_rested":3,"item_purchase_floors":[11,11,11,14,14,14,14,14,14],"current_hp_per_floor":[59,59,59,59,59,29,47,50,50,72,72,72,56,56,77,12,82,57,57,32,12,12,38,0,0],"gold":52,"neow_bonus":"HUNDRED_GOLD","is_daily":false,"chose_seed":false,"campfire_upgraded":0,"win_rate":0.0,"timestamp":1607648503,"path_taken":["M","?","?","M","?","E","?","?","T","R","$","?","E","?","R","BOSS","M","?","M","?","?","R","M"],"items_purchased_type":["Relic","Card","Card","Relic","Relic","Relic","Card","Card","Card"],"build_version":"2020-11-30","purchased_purges":0,"victory":false,"max_hp_per_floor":[71,71,71,71,66,72,72,75,75,75,75,76,77,77,77,82,82,85,85,88,88,88,88,90,90],"card_choices":[{"not_picked":["alterego_mod:PerceptionDisorder","alterego_mod:DiscoLights"],"picked":"alterego_mod:SakuraPetals","floor":1},{"not_picked":["alterego_mod:TrashNCrash","alterego_mod:BusterCard"],"picked":"alterego_mod:Swimsuit","floor":3},{"not_picked":["alterego_mod:BoobPocket","alterego_mod:DestructionOfProperty"],"picked":"alterego_mod:Undulate","floor":4},{"not_picked":["alterego_mod:Undulate","alterego_mod:Santa"],"picked":"alterego_mod:IdEs","floor":6},{"not_picked":["alterego_mod:Jiggle","alterego_mod:Bloomers"],"picked":"alterego_mod:Clap","floor":12},{"not_picked":["alterego_mod:Undulate","alterego_mod:TrashNCrash"],"picked":"alterego_mod:Cooking","floor":13},{"not_picked":["alterego_mod:STier","alterego_mod:AlterEgo"],"picked":"alterego_mod:ClassAdvantage","floor":16},{"not_picked":["alterego_mod:BustOut+1","alterego_mod:MagicResistance"],"picked":"alterego_mod:Cooking","floor":18},{"not_picked":["alterego_mod:Cycle","alterego_mod:DustData+1"],"picked":"alterego_mod:Bounce","floor":20}],"player_experience":491146,"relics_obtained":[{"floor":6,"key":"vexMod:Dragonfruit"},{"floor":9,"key":"aspiration:HiddenCompartment"},{"floor":12,"key":"StuffTheSpire:HeavyRock"},{"floor":13,"key":"Tiny Chest"},{"floor":22,"key":"Potion Belt"}],"event_choices":[{"damage_healed":0,"gold_gain":0,"player_choice":"Upgraded","damage_taken":0,"max_hp_gain":0,"max_hp_loss":0,"event_name":"Upgrade Shrine","floor":2,"gold_loss":0,"cards_upgraded":["alterego_mod:SakuraPetals"]},{"damage_healed":0,"gold_gain":0,"player_choice":"Lose Max HP","damage_taken":0,"relics_obtained":["Golden Idol"],"max_hp_gain":0,"max_hp_loss":5,"event_name":"Golden Idol","floor":5,"gold_loss":0},{"damage_healed":18,"gold_gain":0,"player_choice":"Healed and dodged fight","damage_taken":0,"max_hp_gain":0,"max_hp_loss":0,"event_name":"Mushrooms","floor":7,"gold_loss":0,"cards_obtained":["Parasite"]}],"is_beta":false,"boss_relics":[{"not_picked":["Replay:Bronze Core","Painkiller Herb"],"picked":"trackpad:Trackpad"}],"items_purged_floors":[],"is_endless":false,"potions_floor_spawned":[1,3,6],"killed_by":"Centurion and Healer","ascension_level":2}}