{"host":"kpyf5rnb72uwap8k","time":1607651650,"event":{"mods":["AchievementEnabler","BaseMod","Colored Map","Colored Powertips","DeckTracker","Minty Spire (QoL Compilation)","Permanent Neow","Quick Restart","StSLib","SuperFastMode"],"gold_per_floor":[115,126,146,96,109,109,140,1,1,1,1,1,19,36,36,140,140,158,171,198,210,279,279,304,314,340,356,255,255,170,181,181,181,181],"floor_reached":33,"playtime":1230,"items_purged":["Strike_R"],"score":296,"play_id":"b2e646f1-5328-4197-9427-3c79dc767925","local_time":"20201211105410","is_ascension_mode":true,"campfire_choices":[{"data":"Heavy Blade","floor":6.0,"key":"SMITH"},{"data":"Demon Form","floor":10,"key":"SMITH"},{"floor":15,"key":"REST"},{"data":"Bloodletting","floor":23,"key":"SMITH"},{"floor":29,"key":"REST"},{"data":"Armaments","floor":32,"key":"SMITH"}],"circlet_count":0,"master_deck":["Strike_R","Strike_R","Defend_R","Defend_R","Defend_R","Defend_R","Bash","Heavy Blade+1","Flex","Spot Weakness","Power Through","Offering","Demon Form+1","Bloodletting+1","Evolve","Pommel Strike","Barricade","Flex","Headbutt","Battle Trance","Ghostly Armor","Heavy Blade","Armaments+1","Pummel"],"relics":["Burning Blood","Nunchaku","Anchor","Runic Dome","Red Mask","Blue Candle","Self Forming Clay","Regal Pillow","Singing Bowl"],"acts_visited":["Exordium","TheCity"],"potions_floor_usage":[16,16,16,20,24,27,33],"damage_taken":[{"damage":1.0,"enemies":"2 Louse","floor":1.0,"turns":3.0},{"damage":7.0,"enemies":"Jaw Worm","floor":2.0,"turns":2.0},{"damage":0.0,"enemies":"Cultist","floor":3.0,"turns":3.0},{"damage":6.0,"enemies":"Looter","floor":5.0,"turns":3.0},{"damage":37,"enemies":"3 Sentries","floor":7,"turns":8},{"damage":12,"enemies":"Exordium Wildlife","floor":13,"turns":4},{"damage":10,"enemies":"Red Slaver","floor":14,"turns":2},{"damage":10,"enemies":"Hexaghost","floor":16,"turns":6},{"damage":13,"enemies":"2 Thieves","floor":18,"turns":5},{"damage":11,"enemies":"Spheric Guardian","floor":19,"turns":4},{"damage":21,"enemies":"Masked Bandits","floor":20,"turns":4},{"damage":9,"enemies":"Centurion and Healer","floor":21,"turns":5},{"damage":35,"enemies":"Book of Stabbing","floor":24,"turns":7},{"damage":12,"enemies":"Snake Plant","floor":25,"turns":5},{"damage":0,"enemies":"Snecko","floor":27,"turns":4},{"damage":9,"enemies":"Sentry and Sphere","floor":31,"turns":4},{"damage":84,"enemies":"Collector","floor":33,"turns":5}],"seed_played":"-1345046386636977613","potions_obtained":[{"floor":1.0,"key":"Weak Potion"},{"floor":2.0,"key":"DistilledChaos"},{"floor":13,"key":"SpeedPotion"},{"floor":18,"key":"Fire Potion"},{"floor":20,"key":"DuplicationPotion"},{"floor":21,"key":"Weak Potion"},{"floor":24,"key":"Regen Potion"}],"is_trial":false,"path_per_floor":["M","M","M","?","M","R","E","$","T","R","$","?","M","M","R","B",null,"M","M","?","M","T","R","E","M","T","M","$","R","?","M","R","B"],"character_chosen":"IRONCLAD","items_purchased":["Bloodletting","Evolve","Armaments"],"campfire_rested":2,"item_purchase_floors":[8,8,28],"current_hp_per_floor":[80,79,80,80,80,80,49,49,49,49,49,49,43,39,63,59,80,73,68,53,50,50,50,21,15,15,33,33,72,72,69,69,0,0],"gold":181,"neow_bonus":"THREE_CARDS","is_daily":false,"chose_seed":false,"campfire_upgraded":4,"win_rate":0.0,"timestamp":1607651650,"path_taken":["M","M","M","?","M","R","E","$","T","R","$","?","M","M","R","BOSS","M","?","?","M","?","R","E","?","T","M","$","R","?","M","R","BOSS"],"items_purchased_type":["Card","Card","Card"],"build_version":"2020-11-30","purchased_purges":1,"victory":false,"max_hp_per_floor":[80,80,80,80,80,80,80,80,80,80,80,80,80,80,80,80,80,80,80,80,80,80,80,80,80,80,80,80,80,80,80,80,80,80],"card_choices":[{"not_picked":["Intimidate","Anger"],"picked":"Heavy Blade","floor":0.0},{"not_picked":["Dark Embrace","Body Slam"],"picked":"Flex","floor":1.0},{"not_picked":["Inflame","Dual Wield"],"picked":"Spot Weakness","floor":2.0},{"not_picked":["Flex","Dark Embrace"],"picked":"Power Through","floor":3.0},{"not_picked":["Twin Strike","Intimidate"],"picked":"Offering","floor":5.0},{"not_picked":["Wild Strike","Twin Strike"],"picked":"Demon Form","floor":7},{"not_picked":["Searing Blow","Warcry","Twin Strike"],"picked":"SKIP","floor":13},{"not_picked":["Body Slam","Havoc"],"picked":"Pommel Strike","floor":14},{"not_picked":["Corruption","Demon Form"],"picked":"Barricade","floor":16},{"not_picked":["Reckless Charge+1","Clash"],"picked":"Flex","floor":18},{"not_picked":["Clothesline+1","Dropkick"],"picked":"Headbutt","floor":19},{"not_picked":["Iron Wave+1","Thunderclap"],"picked":"Battle Trance","floor":20},{"not_picked":["Intimidate","Clothesline"],"picked":"Ghostly Armor","floor":21},{"not_picked":["Hemokinesis","Feel No Pain+1","Spot Weakness"],"picked":"SKIP","floor":24},{"not_picked":["Flex","Reckless Charge+1"],"picked":"Heavy Blade","floor":25},{"not_picked":["Evolve","Bludgeon","Perfected Strike"],"picked":"SKIP","floor":27},{"not_picked":["Havoc+1","Sword Boomerang"],"picked":"Pummel","floor":31}],"player_experience":232087,"relics_obtained":[{"floor":7,"key":"Nunchaku"},{"floor":9,"key":"Anchor"},{"floor":20,"key":"Red Mask"},{"floor":22,"key":"Blue Candle"},{"floor":24,"key":"Self Forming Clay"},{"floor":26,"key":"Regal Pillow"}],"event_choices":[{"cards_removed":["Strike_R"],"damage_healed":0.0,"max_hp_gain":0.0,"max_hp_loss":0.0,"gold_gain":0.0,"event_name":"The Cleric","player_choice":"Card Removal","floor":4.0,"gold_loss":50.0,"damage_taken":0.0},{"cards_removed":["Strike_R"],"damage_healed":0,"gold_gain":0,"player_choice":"Purged","damage_taken":0,"max_hp_gain":0,"max_hp_loss":0,"event_name":"Purifier","floor":12,"gold_loss":0},{"damage_healed":0,"gold_gain":0,"player_choice":"Fought Bandits","damage_taken":0,"max_hp_gain":0,"max_hp_loss":0,"event_name":"Masked Bandits","floor":20,"gold_loss":0},{"damage_healed":0,"gold_gain":0,"player_choice":"Obtained Relic","damage_taken":0,"relics_obtained":["Singing Bowl"],"max_hp_gain":0,"max_hp_loss":0,"event_name":"Addict","floor":30,"gold_loss":85}],"is_beta":false,"boss_relics":[{"not_picked":["SacredBark","Runic Pyramid"],"picked":"Runic Dome"}],"items_purged_floors":[28],"is_endless":false,"potions_floor_spawned":[1,2,13,14,18,20,21,24],"killed_by":"Collector","ascension_level":2}}