{"host":"spdo1rkrnctwf3z7","time":1607670576,"event":{"mods":["AchievementEnabler","BaseMod","Colored Map","Minty Spire (QoL Compilation)","SuperFastMode"],"gold_per_floor":[109,184,184,198,222,222,68,93,93,93,111,111,125,150,150,269,269,288,288,312,312,237,237,237,258,312,327,348,361,361,374,374,499,499,518,76,76,90,423,423,441,458,458,458,207,225,225,239,239,239],"floor_reached":51,"playtime":1696,"items_purged":["Eruption+1","ConjureBlade"],"score":695,"play_id":"48623921-1a90-4ee9-85c7-f43982231aeb","local_time":"20201211160936","is_ascension_mode":false,"campfire_choices":[{"data":"Eruption","floor":6,"key":"SMITH"},{"floor":15,"key":"REST"},{"floor":23,"key":"REST"},{"floor":30,"key":"REST"},{"floor":32,"key":"REST"},{"data":"BattleHymn","floor":40,"key":"PURGE"},{"data":"Judgement","floor":44,"key":"SMITH"},{"floor":49,"key":"REST"}],"circlet_count":0,"master_deck":["Vigilance","Prostrate","Judgement+1","Alpha","Alpha","ThirdEye","LikeWater","Perseverance+1","Protect","Prostrate","Wish","DeceiveReality","ClearTheMind+1"],"relics":["PureWater","NeowsBlessing","Chemical X","Matryoshka","Pandora\u0027s Box","Kunai","CaptainsWheel","Nunchaku","Art of War","SlaversCollar","Peace Pipe","Incense Burner","Whetstone"],"acts_visited":["Exordium","TheCity","TheBeyond"],"potions_floor_usage":[16,16,27,33,50,50],"damage_taken":[{"damage":0,"enemies":"Cultist","floor":1,"turns":1},{"damage":0,"enemies":"Jaw Worm","floor":4,"turns":1},{"damage":0,"enemies":"Small Slimes","floor":5,"turns":2},{"damage":10,"enemies":"Exordium Thugs","floor":8,"turns":4},{"damage":10,"enemies":"Looter","floor":11,"turns":3},{"damage":7,"enemies":"3 Louse","floor":13,"turns":4},{"damage":2,"enemies":"Large Slime","floor":14,"turns":3},{"damage":35,"enemies":"Slime Boss","floor":16,"turns":4},{"damage":0,"enemies":"Chosen","floor":18,"turns":4},{"damage":23,"enemies":"2 Thieves","floor":20,"turns":4},{"damage":19,"enemies":"Snake Plant","floor":25,"turns":4},{"damage":11,"enemies":"Chosen and Byrds","floor":27,"turns":3},{"damage":1,"enemies":"Snecko","floor":28,"turns":5},{"damage":7,"enemies":"Centurion and Healer","floor":29,"turns":5},{"damage":10,"enemies":"Chosen and Byrds","floor":31,"turns":5},{"damage":20,"enemies":"Champ","floor":33,"turns":7},{"damage":10,"enemies":"3 Shapes","floor":35,"turns":4},{"damage":5,"enemies":"3 Darklings","floor":38,"turns":5},{"damage":0,"enemies":"Sphere and 2 Shapes","floor":41,"turns":5},{"damage":13,"enemies":"Jaw Worm Horde","floor":42,"turns":3},{"damage":5,"enemies":"Maw","floor":46,"turns":8},{"damage":26,"enemies":"Spire Growth","floor":48,"turns":7},{"damage":16,"enemies":"Awakened One","floor":50,"turns":12}],"seed_played":"-9145149365473309683","potions_obtained":[{"floor":1,"key":"LiquidMemories"},{"floor":11,"key":"SkillPotion"},{"floor":14,"key":"Fruit Juice"},{"floor":16,"key":"SneckoOil"},{"floor":27,"key":"Dexterity Potion"},{"floor":28,"key":"EssenceOfSteel"},{"floor":29,"key":"Dexterity Potion"},{"floor":38,"key":"SpeedPotion"}],"is_trial":false,"path_per_floor":["M","?","?","M","M","R","$","M","T","?","M","?","M","M","R","B",null,"M","?","M","?","?","R","T","M","T","M","M","M","R","M","R","B",null,"M","$","?","M","?","R","M","M","T","R","$","M","?","M","R","B",null],"character_chosen":"WATCHER","items_purchased":["Chemical X","Peace Pipe","DeceiveReality","Whetstone"],"campfire_rested":5,"item_purchase_floors":[7,36,36,45],"current_hp_per_floor":[72,61,43,43,43,43,43,33,33,33,23,23,16,14,35,5,77,77,63,40,40,40,64,64,45,45,34,33,26,50,40,64,44,82,72,72,72,67,67,67,67,54,54,54,54,49,49,23,46,30],"gold":239,"neow_bonus":"THREE_ENEMY_KILL","is_daily":false,"chose_seed":false,"campfire_upgraded":2,"win_rate":0.0,"timestamp":1607670576,"path_taken":["M","?","?","M","?","R","$","M","T","?","?","?","M","M","R","BOSS","M","?","M","?","?","R","?","M","T","M","M","M","R","M","R","BOSS","M","$","?","M","?","R","M","M","T","R","$","M","?","M","R","BOSS"],"items_purchased_type":["Relic","Relic","Card","Relic"],"build_version":"2020-11-30","purchased_purges":2,"victory":true,"max_hp_per_floor":[72,72,72,72,72,72,72,72,72,72,72,72,72,72,72,77,77,77,82,82,82,82,82,82,82,82,82,82,82,82,82,82,82,82,82,82,78,78,78,78,78,78,78,78,78,78,78,78,78,78],"card_choices":[{"not_picked":["InnerPeace","ThirdEye"],"picked":"BattleHymn","floor":1},{"not_picked":["Collect","FollowUp","PathToVictory"],"picked":"SKIP","floor":4},{"not_picked":["Indignation","JustLucky","Sanctity"],"picked":"SKIP","floor":5},{"not_picked":["Indignation","FollowUp","BowlingBash"],"picked":"SKIP","floor":8},{"not_picked":["Meditate","LikeWater"],"picked":"Prostrate","floor":11},{"not_picked":["DeceiveReality","PathToVictory","BattleHymn"],"picked":"SKIP","floor":13},{"not_picked":["Evaluate","WreathOfFlame","Swivel"],"picked":"SKIP","floor":14},{"not_picked":["Wish","MasterReality"],"picked":"Judgement","floor":16},{"not_picked":["Protect","Perseverance","Crescendo"],"picked":"SKIP","floor":18},{"not_picked":["Evaluate","Consecrate"],"picked":"Perseverance+1","floor":20},{"not_picked":["Evaluate","DeceiveReality"],"picked":"Protect","floor":25},{"not_picked":["CarveReality","BattleHymn","WindmillStrike"],"picked":"SKIP","floor":27},{"not_picked":["PathToVictory+1","FollowUp","Nirvana"],"picked":"SKIP","floor":28},{"not_picked":["Evaluate+1","CrushJoints","Indignation"],"picked":"SKIP","floor":29},{"not_picked":["SashWhip","ThirdEye+1"],"picked":"Prostrate","floor":31},{"not_picked":["LessonLearned","Brilliance"],"picked":"Wish","floor":33},{"not_picked":["Crescendo+1","PathToVictory","ReachHeaven+1"],"picked":"SKIP","floor":35},{"not_picked":["Consecrate","EmptyMind","Meditate+1"],"picked":"SKIP","floor":38},{"not_picked":["FearNoEvil","Crescendo+1","Adaptation"],"picked":"SKIP","floor":41},{"not_picked":["CutThroughFate","EmptyFist","Halt+1"],"picked":"SKIP","floor":42},{"not_picked":["BowlingBash+1","Tantrum","TalkToTheHand+1"],"picked":"SKIP","floor":46},{"not_picked":["ForeignInfluence","FlurryOfBlows+1"],"picked":"ClearTheMind+1","floor":48}],"player_experience":114330,"relics_obtained":[{"floor":9,"key":"Matryoshka"},{"floor":24,"key":"Kunai"},{"floor":24,"key":"CaptainsWheel"},{"floor":26,"key":"Nunchaku"},{"floor":26,"key":"Art of War"},{"floor":43,"key":"Incense Burner"}],"event_choices":[{"damage_healed":0,"gold_gain":75,"player_choice":"Gather Gold","damage_taken":11,"max_hp_gain":0,"max_hp_loss":0,"event_name":"World of Goop","floor":2,"gold_loss":0},{"damage_healed":0,"gold_gain":0,"player_choice":"Take Damage","damage_taken":18,"relics_obtained":["Golden Idol"],"max_hp_gain":0,"max_hp_loss":0,"event_name":"Golden Idol","floor":3,"gold_loss":0},{"damage_healed":0,"gold_gain":0,"cards_transformed":["Defend_P"],"player_choice":"Transformed","damage_taken":0,"max_hp_gain":0,"max_hp_loss":0,"event_name":"Transmorgrifier","floor":10,"gold_loss":0,"cards_obtained":["ConjureBlade"]},{"cards_removed":["Strike_P"],"damage_healed":0,"gold_gain":0,"player_choice":"Purged","damage_taken":0,"max_hp_gain":0,"max_hp_loss":0,"event_name":"Purifier","floor":12,"gold_loss":0},{"damage_healed":0,"gold_gain":0,"player_choice":"Shed Blood","damage_taken":19,"max_hp_gain":5,"max_hp_loss":0,"event_name":"Forgotten Altar","floor":19,"gold_loss":0},{"damage_healed":0,"gold_gain":0,"player_choice":"Ignored","damage_taken":0,"max_hp_gain":0,"max_hp_loss":0,"event_name":"Ghosts","floor":21,"gold_loss":0},{"cards_removed":["Ragnarok"],"damage_healed":0,"gold_gain":0,"player_choice":"Gave Gold","damage_taken":0,"max_hp_gain":0,"max_hp_loss":0,"event_name":"Beggar","floor":22,"gold_loss":75},{"damage_healed":0,"gold_gain":0,"player_choice":"Max HP","damage_taken":0,"max_hp_gain":0,"max_hp_loss":4,"event_name":"Winding Halls","floor":37,"gold_loss":0},{"damage_healed":0,"gold_gain":333,"player_choice":"Gave Idol","damage_taken":0,"max_hp_gain":0,"max_hp_loss":0,"event_name":"The Moai Head","floor":39,"relics_lost":["Golden Idol"],"gold_loss":0},{"cards_removed":["Devotion"],"damage_healed":0,"gold_gain":0,"player_choice":"Removed Power","damage_taken":0,"max_hp_gain":0,"max_hp_loss":0,"event_name":"Falling","floor":47,"gold_loss":0}],"is_beta":false,"boss_relics":[{"not_picked":["Philosopher\u0027s Stone","Empty Cage"],"picked":"Pandora\u0027s Box"},{"not_picked":["Velvet Choker","Coffee Dripper"],"picked":"SlaversCollar"}],"items_purged_floors":[36,45],"is_endless":false,"potions_floor_spawned":[1,11,14,16,27,28,29,31,38,41,48],"ascension_level":0}}