{"host":"27hat5v0dffgaxzm","time":1607706483,"event":{"mods":["BaseMod","Colored Map","Colored Powertips","Highlight Path","Minty Spire (QoL Compilation)","Permanent Neow","Quick Restart"],"gold_per_floor":[114,129,46,59,74,99,99,18,44,44,61,61,78,112,112,191,191,211,211,229,241,241,241],"floor_reached":22,"playtime":589,"items_purged":[],"score":546,"play_id":"45939562-2532-468b-9b45-41d09c5c8bbd","local_time":"20201212020803","is_ascension_mode":true,"campfire_choices":[{"data":"Cloak And Dagger","floor":7.0,"key":"SMITH"},{"data":"Cloak And Dagger","floor":12.0,"key":"SMITH"},{"data":"Infinite Blades","floor":15.0,"key":"SMITH"}],"circlet_count":0,"master_deck":["AscendersBane","Strike_G","Strike_G","Strike_G","Strike_G","Defend_G","Defend_G","Defend_G","Defend_G","Defend_G","Survivor","Neutralize","Blade Dance","Infinite Blades+1","Backflip","Cloak And Dagger+1","Accuracy","Cloak And Dagger+1","Terror","Outmaneuver","Night Terror","Footwork","Blade Dance"],"relics":["WristBlade","Juzu Bracelet","Tiny Chest","Nunchaku","Busted Crown"],"acts_visited":["Exordium","TheCity"],"potions_floor_usage":[21],"damage_taken":[{"damage":0.0,"enemies":"2 Louse","floor":1.0,"turns":2.0},{"damage":5.0,"enemies":"Cultist","floor":2.0,"turns":4.0},{"damage":3.0,"enemies":"Small Slimes","floor":4.0,"turns":3.0},{"damage":1.0,"enemies":"2 Fungi Beasts","floor":5.0,"turns":2.0},{"damage":5.0,"enemies":"3 Sentries","floor":6.0,"turns":7.0},{"damage":3.0,"enemies":"Looter","floor":11.0,"turns":3.0},{"damage":3.0,"enemies":"Blue Slaver","floor":13.0,"turns":3.0},{"damage":0.0,"enemies":"Lagavulin","floor":14.0,"turns":4.0},{"damage":0.0,"enemies":"Slime Boss","floor":16.0,"turns":5.0},{"damage":0.0,"enemies":"Chosen","floor":18.0,"turns":2.0},{"damage":15.0,"enemies":"Shell Parasite","floor":20.0,"turns":4.0},{"damage":26,"enemies":"Cultist and Chosen","floor":21,"turns":5},{"damage":20,"enemies":"Shelled Parasite and Fungi","floor":22,"turns":2}],"seed_played":"2816465210578958252","potions_obtained":[{"floor":2.0,"key":"DuplicationPotion"},{"floor":5.0,"key":"Ancient Potion"},{"floor":6.0,"key":"SneckoOil"}],"is_trial":false,"path_per_floor":["M","M","$","M","M","E","R","$","T","?","M","R","M","E","R","B",null,"M","?","M","M","M"],"character_chosen":"THE_SILENT","items_purchased":["Infinite Blades","Accuracy"],"campfire_rested":0,"item_purchase_floors":[3,8],"current_hp_per_floor":[59,54,54,51,50,45,45,45,45,45,42,42,39,39,39,39,59,59,59,44,18,0,0],"gold":241,"neow_bonus":"BOSS_RELIC","is_daily":false,"chose_seed":false,"campfire_upgraded":3,"win_rate":0.0,"timestamp":1607706483,"path_taken":["M","M","$","M","M","E","R","$","T","?","M","R","M","E","R","BOSS","M","?","M","M","M"],"items_purchased_type":["Card","Card"],"build_version":"2020-11-30","purchased_purges":0,"victory":false,"max_hp_per_floor":[66,66,66,66,66,66,66,66,66,66,66,66,66,66,66,66,66,66,66,66,66,66,66],"card_choices":[{"not_picked":["Underhanded Strike","Poisoned Stab","Deflect"],"picked":"SKIP","floor":1.0},{"not_picked":["Deadly Poison","Setup"],"picked":"Blade Dance","floor":2.0},{"not_picked":["Heel Hook","Acrobatics"],"picked":"Backflip","floor":4.0},{"not_picked":["Flying Knee","Poisoned Stab","Dagger Throw"],"picked":"SKIP","floor":5.0},{"not_picked":["Dagger Throw","Dagger Spray"],"picked":"Cloak And Dagger","floor":6.0},{"not_picked":["Outmaneuver","Dodge and Roll"],"picked":"Cloak And Dagger","floor":11.0},{"not_picked":["Finisher","Bullet Time"],"picked":"Terror","floor":13.0},{"not_picked":["Dagger Throw","Masterful Stab"],"picked":"Outmaneuver","floor":14.0},{"not_picked":["Storm of Steel","Corpse Explosion"],"picked":"Night Terror","floor":16.0},{"not_picked":["Deadly Poison"],"picked":"SKIP","floor":18.0},{"not_picked":[],"picked":"Footwork","floor":20.0},{"not_picked":[],"picked":"Blade Dance","floor":21}],"player_experience":303320,"relics_obtained":[{"floor":6.0,"key":"Juzu Bracelet"},{"floor":9.0,"key":"Tiny Chest"},{"floor":14.0,"key":"Nunchaku"}],"event_choices":[{"cards_removed":["Strike_G"],"damage_healed":0.0,"max_hp_gain":0.0,"max_hp_loss":0.0,"gold_gain":0.0,"event_name":"Purifier","player_choice":"Purged","floor":10.0,"gold_loss":0.0,"damage_taken":0.0},{"damage_healed":0.0,"max_hp_gain":0.0,"max_hp_loss":0.0,"gold_gain":0.0,"event_name":"Ghosts","player_choice":"Ignored","floor":19.0,"gold_loss":0.0,"damage_taken":0.0}],"is_beta":false,"boss_relics":[{"not_picked":["Velvet Choker","Fusion Hammer"],"picked":"Busted Crown"}],"items_purged_floors":[],"is_endless":false,"potions_floor_spawned":[2,5,6,13],"killed_by":"Shelled Parasite and Fungi","ascension_level":20}}