{"host":"07ljfmttuzqopd7f","time":1607719652,"event":{"mods":["2.2 Compatiblity","BaseMod","Bestiary","Block Reminder","Colored Map","Colored Powertips","Curses Come First","Hermit","Minty Spire (QoL Compilation)","Quick Restart","Random Character Button","Rare Cards Sparkle","Relic Stats","StSLib","The Cursed","UnlockEverythingMod"],"gold_per_floor":[110,34,34,34,51,85,85,111,111,111,61,90,107,131,131,232,232,256,266,286,11,110,115,115],"floor_reached":23,"playtime":1076,"items_purged":[],"score":293,"play_id":"f84e84ab-7754-4ce6-af51-dba6d4ee9de1","local_time":"20201211154732","is_ascension_mode":true,"campfire_choices":[{"data":"hermit:Combo","floor":7,"key":"SMITH"},{"data":"hermit:Roulette","floor":10,"key":"SMITH"},{"floor":15,"key":"REST"}],"circlet_count":0,"master_deck":["hermit:Strike_Hermit+1","hermit:Strike_Hermit","hermit:Strike_Hermit","hermit:Defend_Hermit","hermit:Defend_Hermit","hermit:Defend_Hermit","hermit:Defend_Hermit","hermit:Snapshot+1","hermit:Covet","hermit:Roulette+1","hermit:Combo+1","hermit:Ricochet","hermit:BigShot","hermit:Scavenge","hermit:Deadeye","hermit:Dive","hermit:FromBeyond","hermit:Manifest","hermit:EyeOfTheStorm","hermit:TakeAim","hermit:Roughhouse"],"relics":["hermit:Momento","NeowsBlessing","White Beast Statue","Potion Belt","Question Card","Omamori","SacredBark","PreservedInsect"],"acts_visited":["Exordium","TheCity"],"potions_floor_usage":[8,8,12,14,16,16,16,19,20,20,23,23],"damage_taken":[{"damage":0,"enemies":"2 Louse","floor":1,"turns":1},{"damage":0,"enemies":"Small Slimes","floor":5,"turns":1},{"damage":0,"enemies":"Lagavulin","floor":6,"turns":1},{"damage":11,"enemies":"3 Sentries","floor":8,"turns":6},{"damage":23,"enemies":"Lagavulin","floor":12,"turns":5},{"damage":0,"enemies":"Cultist","floor":13,"turns":1},{"damage":1,"enemies":"Gremlin Gang","floor":14,"turns":3},{"damage":45,"enemies":"The Guardian","floor":16,"turns":9},{"damage":14,"enemies":"Chosen","floor":18,"turns":5},{"damage":12,"enemies":"3 Byrds","floor":19,"turns":7},{"damage":32,"enemies":"Snake Plant","floor":20,"turns":6},{"damage":30,"enemies":"Slavers","floor":23,"turns":3}],"seed_played":"-2118392244850095054","potions_obtained":[{"floor":1,"key":"hermit:Tonic"},{"floor":5,"key":"Fire Potion"},{"floor":6,"key":"FearPotion"},{"floor":8,"key":"Weak Potion"},{"floor":12,"key":"ColorlessPotion"},{"floor":13,"key":"Energy Potion"},{"floor":14,"key":"hermit:BlackBile"},{"floor":16,"key":"DuplicationPotion"},{"floor":18,"key":"Fire Potion"},{"floor":19,"key":"Regen Potion"},{"floor":20,"key":"SpeedPotion"}],"is_trial":false,"path_per_floor":["M","$","?","?","M","E","R","E","T","R","?","E","M","M","R","B",null,"M","M","M","$","?","E"],"character_chosen":"HERMIT","items_purchased":["hermit:Combo","PreservedInsect","hermit:Roughhouse","ColorlessPotion"],"campfire_rested":1,"item_purchase_floors":[2,21,21,21],"current_hp_per_floor":[75,75,75,60,60,60,60,49,49,49,49,26,26,25,47,2,57,43,31,26,26,26,0,0],"gold":115,"neow_bonus":"THREE_ENEMY_KILL","is_daily":false,"chose_seed":false,"campfire_upgraded":2,"win_rate":0.0,"timestamp":1607719652,"path_taken":["M","$","?","?","M","E","R","E","T","R","?","E","M","M","R","BOSS","M","M","M","$","?","E"],"items_purchased_type":["Card","Relic","Card","Potion"],"build_version":"2020-11-30","purchased_purges":0,"victory":false,"max_hp_per_floor":[75,75,75,75,75,75,75,75,75,75,75,75,75,75,75,75,75,75,75,75,75,75,75,75],"relic_stats":{"counters":[12,48],"PreservedInsect":39,"Question Card":7,"obtain_stats":[{"Potion Belt":8,"NeowsBlessing":0,"SacredBark":17,"PreservedInsect":21,"Omamori":12,"Question Card":9,"hermit:Momento":0,"White Beast Statue":6},{"Potion Belt":4,"NeowsBlessing":0,"SacredBark":8,"PreservedInsect":11,"Omamori":5,"Question Card":4,"hermit:Momento":0,"White Beast Statue":3},{"Potion Belt":9,"NeowsBlessing":0,"SacredBark":27,"PreservedInsect":45,"Omamori":14,"Question Card":9,"hermit:Momento":0,"White Beast Statue":3}]},"card_choices":[{"not_picked":["hermit:BigShot","hermit:CalledShot"],"picked":"hermit:Roulette","floor":1},{"not_picked":["hermit:Determination","hermit:Horror"],"picked":"hermit:Ricochet","floor":5},{"not_picked":["hermit:Midnight","hermit:Glare"],"picked":"hermit:BigShot","floor":6},{"not_picked":["hermit:WideOpen","hermit:Headshot"],"picked":"hermit:Scavenge","floor":8},{"not_picked":["hermit:Ricochet","hermit:GoldenBullet","hermit:Midnight","hermit:HoleUp"],"picked":"SKIP","floor":12},{"not_picked":["hermit:Roulette","hermit:Scavenge","hermit:Misfire"],"picked":"hermit:Deadeye","floor":13},{"not_picked":["hermit:WideOpen","hermit:Coalescence","hermit:LowProfile"],"picked":"hermit:Dive","floor":14},{"not_picked":["hermit:OverwhelmingPower","hermit:FinalCanter","hermit:Reprieve"],"picked":"hermit:FromBeyond","floor":16},{"not_picked":["hermit:Headshot","hermit:LowProfile","hermit:ShadowCloak"],"picked":"hermit:Manifest","floor":18},{"not_picked":["hermit:Spite","hermit:Enervate","hermit:Quickdraw"],"picked":"hermit:EyeOfTheStorm","floor":19},{"not_picked":["hermit:Determination+1","hermit:Feint","hermit:Scavenge"],"picked":"hermit:TakeAim","floor":20}],"player_experience":374184,"relics_obtained":[{"floor":6,"key":"White Beast Statue"},{"floor":8,"key":"Potion Belt"},{"floor":9,"key":"Question Card"},{"floor":12,"key":"Omamori"}],"event_choices":[{"damage_healed":0,"gold_gain":0,"player_choice":"Ignored","damage_taken":0,"max_hp_gain":0,"max_hp_loss":0,"event_name":"Liars Game","floor":3,"gold_loss":0},{"damage_healed":0,"gold_gain":0,"player_choice":"Entered Light","damage_taken":15,"max_hp_gain":0,"max_hp_loss":0,"event_name":"Shining Light","floor":4,"gold_loss":0,"cards_upgraded":["hermit:Snapshot","hermit:Strike_Hermit"]},{"cards_removed":["hermit:Strike_Hermit"],"damage_healed":0,"gold_gain":0,"player_choice":"Card Removal","damage_taken":0,"max_hp_gain":0,"max_hp_loss":0,"event_name":"The Cleric","floor":11,"gold_loss":50},{"damage_healed":0,"gold_gain":99,"player_choice":"Stole From Cult","damage_taken":0,"max_hp_gain":0,"max_hp_loss":0,"event_name":"Nest","floor":22,"gold_loss":0}],"is_beta":false,"boss_relics":[{"not_picked":["Empty Cage","Coffee Dripper"],"picked":"SacredBark"}],"items_purged_floors":[],"is_endless":false,"potions_floor_spawned":[1,5,6,8,12,13,14,16,18,19,20],"killed_by":"Slavers","ascension_level":5}}