{"host":"b4asi0laiv85suj9","time":1607678240,"event":{"mods":["BaseMod","Minty Spire (QoL Compilation)","MostiFishMod","Relic Stats","StSLib","TestMod","noobMod"],"gold_per_floor":[111,126,144,162,181,213,213,243,243,271,283,305,333,349,349,452,452,472,472,489,509,509,509,535,535,560,592,612,125,151,151,151,251,251,271,151,170,188,188,188,214,214,284,137,168,185,217,236,236,236,236,236,136,169,169],"floor_reached":56,"playtime":2211,"items_purged":["Normality","Defend_G","MostiFishMod:FrostNova+1"],"score":2287,"play_id":"3816cbd3-6d9e-4533-a38d-f9fea866b9d2","local_time":"20201211171720","is_ascension_mode":true,"campfire_choices":[{"data":"MostiFishMod:FrostNova","floor":7,"key":"SMITH"},{"data":"Hologram","floor":15,"key":"SMITH"},{"data":"MostiFishMod:WinterMarkForm","floor":23,"key":"SMITH"},{"data":"Sunder","floor":25,"key":"SMITH"},{"floor":32,"key":"RECALL"},{"data":"testmod-AutoReboundSystem","floor":40,"key":"SMITH"},{"data":"Purity","floor":42,"key":"SMITH"},{"data":"testmod-Automaton","floor":49,"key":"SMITH"},{"data":"testmod-Arrangement","floor":52,"key":"SMITH"}],"circlet_count":0,"master_deck":["Strike_G+1","Strike_G+1","Strike_G","Strike_G","Strike_G","Defend_G","Defend_G","Defend_G","Defend_G+1","Survivor","Neutralize","Injury","Parasite","BowlingBash","MostiFishMod:FrostNova+1","Sunder+1","MostiFishMod:WinterMarkForm+1","Hologram+1","Expertise+1","testmod-Arrangement+1","Body Slam+1","TalkToTheHand+1","MostiFishMod:AdrenalineArouse+1","testmod-AutoReboundSystem+1","Battle Trance+1","Purity+1","testmod-Automaton+1","White Noise+1"],"relics":["testmod-TestBox","DaveBox","ice","FeatherPendant","testmod-Laevatain","BloodWine","Question Card","PrismaticShard","Pantograph","Snake Skull","SynthV:C4","White Beast Statue","Odd Mushroom","Lantern","ImportantClient","Black Star","Boot","Meat on the Bone","Anchor","Sundial","testmod-Justice","Medical Kit","testmod-TurbochargingSystem","Question Card","Philosopher\u0027s Stone","testmod-LifeArmor","testmod-OneHitWonder","PreservedInsect","Frozen Egg 2","Whetstone","Singing Bowl","testmod-Hope","War Paint","testmod-IndustrialRevolution"],"acts_visited":["Exordium","TheCity","TheBeyond","TheEnding"],"potions_floor_usage":[29,45],"damage_taken":[{"damage":0,"enemies":"Cultist","floor":1,"turns":1},{"damage":8,"enemies":"2 Louse","floor":2,"turns":2},{"damage":0,"enemies":"Small Slimes","floor":3,"turns":1},{"damage":8,"enemies":"Blue Slaver","floor":4,"turns":3},{"damage":0,"enemies":"Lots of Slimes","floor":5,"turns":2},{"damage":0,"enemies":"3 Sentries","floor":6,"turns":1},{"damage":0,"enemies":"Lagavulin","floor":10,"turns":2},{"damage":11,"enemies":"Looter","floor":11,"turns":2},{"damage":2,"enemies":"The Mushroom Lair","floor":12,"turns":3},{"damage":10,"enemies":"3 Sentries","floor":13,"turns":2},{"damage":0,"enemies":"Exordium Thugs","floor":14,"turns":1},{"damage":32,"enemies":"Hexaghost","floor":16,"turns":5},{"damage":1,"enemies":"Spheric Guardian","floor":18,"turns":3},{"damage":2,"enemies":"Chosen","floor":20,"turns":4},{"damage":38,"enemies":"Snake Plant","floor":21,"turns":3},{"damage":0,"enemies":"Book of Stabbing","floor":24,"turns":2},{"damage":0,"enemies":"Slavers","floor":27,"turns":2},{"damage":0,"enemies":"3 Cultists","floor":28,"turns":1},{"damage":0,"enemies":"Book of Stabbing","floor":30,"turns":2},{"damage":0,"enemies":"Automaton","floor":33,"turns":2},{"damage":6,"enemies":"3 Shapes","floor":35,"turns":1},{"damage":0,"enemies":"Orb Walker","floor":37,"turns":1},{"damage":4,"enemies":"4 Shapes","floor":38,"turns":2},{"damage":14,"enemies":"Giant Head","floor":41,"turns":4},{"damage":0,"enemies":"Nemesis","floor":45,"turns":4},{"damage":0,"enemies":"Spire Growth","floor":46,"turns":2},{"damage":0,"enemies":"Reptomancer","floor":47,"turns":1},{"damage":0,"enemies":"Sphere and 2 Shapes","floor":48,"turns":1},{"damage":15,"enemies":"Time Eater","floor":50,"turns":3},{"damage":0,"enemies":"Shield and Spear","floor":54,"turns":2},{"damage":7,"enemies":"The Heart","floor":55,"turns":5}],"seed_played":"8761939457100304270","potions_obtained":[{"floor":2,"key":"Poison Potion"},{"floor":5,"key":"GamblersBrew"},{"floor":6,"key":"SteroidPotion"},{"floor":11,"key":"AttackPotion"},{"floor":12,"key":"BlessingOfTheForge"},{"floor":28,"key":"DuplicationPotion"},{"floor":33,"key":"DuplicationPotion"},{"floor":41,"key":"GhostInAJar"},{"floor":45,"key":"testmod-SpacePotion"},{"floor":46,"key":"testmod-TestPotion"},{"floor":47,"key":"Ancient Potion"}],"is_trial":false,"path_per_floor":["M","M","M","M","M","E","R","?","T","E","M","?","E","M","R","B",null,"M","?","M","M","?","R","E","R","T","E","M","$","E","?","R","B",null,"M","?","M","M","$","R","E","R","T","$","E","M","E","M","R","B",null,"R","$","E","B",null],"character_chosen":"THE_SILENT","items_purchased":["Medical Kit","testmod-SpacePotion","SpeedPotion","SneckoOil","MostiFishMod:AdrenalineArouse","testmod-Automaton"],"campfire_rested":0,"item_purchase_floors":[29,29,29,29,29,44],"current_hp_per_floor":[63,55,55,47,47,47,47,47,47,47,41,39,29,29,29,36,62,61,61,59,21,21,21,21,21,21,33,45,45,55,55,55,70,70,64,64,64,65,65,65,51,51,51,51,63,63,65,67,67,63,71,71,71,76,74],"gold":169,"neow_bonus":"BOSS_RELIC","is_daily":false,"chose_seed":false,"campfire_upgraded":8,"win_rate":0.0,"timestamp":1607678240,"path_taken":["M","?","M","M","M","E","R","?","T","E","M","?","E","M","R","BOSS","M","?","?","M","?","R","E","R","T","E","M","?","E","?","R","BOSS","M","?","M","M","$","R","E","R","T","?","E","M","E","M","R","BOSS","R","$","E","BOSS"],"items_purchased_type":["Relic","Potion","Potion","Potion","Card","Card"],"build_version":"2020-11-30","purchased_purges":3,"victory":true,"max_hp_per_floor":[70,70,70,70,70,70,70,70,70,70,70,70,70,70,70,70,70,70,70,70,70,70,70,70,70,70,70,70,70,70,70,70,70,70,70,70,70,70,70,70,70,70,70,70,70,70,72,74,74,74,74,74,74,76,76],"relic_stats":{"Singing Bowl":6,"counters":[31,70],"Snake Skull":[3],"PreservedInsect":190,"Whetstone":["Strike_G","Strike_G"],"War Paint":["Defend_G","Expertise"],"Question Card":38,"Boot":[44],"Medical Kit":[2],"Sundial":[0],"Pantograph":47,"Black Star":7,"obtain_stats":[{"Lantern":13,"DaveBox":0,"Singing Bowl":47,"BloodWine":0,"Snake Skull":8,"testmod-LifeArmor":36,"ice":0,"Whetstone":45,"PrismaticShard":1,"Boot":24,"SynthV:C4":9,"testmod-Laevatain":0,"Sundial":27,"Pantograph":6,"Philosopher\u0027s Stone":34,"Ring of the Snake":0,"ImportantClient":16,"testmod-TestBox":0,"PreservedInsect":41,"testmod-TurbochargingSystem":30,"Odd Mushroom":12,"testmod-Justice":27,"Frozen Egg 2":45,"War Paint":54,"Question Card":1,"Medical Kit":29,"testmod-IndustrialRevolution":54,"White Beast Statue":10,"Anchor":26,"FeatherPendant":0,"testmod-Hope":47,"Black Star":17,"testmod-OneHitWonder":41,"Meat on the Bone":24},{"Lantern":10,"DaveBox":0,"Singing Bowl":27,"BloodWine":0,"Snake Skull":6,"testmod-LifeArmor":21,"ice":0,"Whetstone":25,"PrismaticShard":1,"Boot":16,"SynthV:C4":6,"testmod-Laevatain":0,"Sundial":17,"Pantograph":6,"Philosopher\u0027s Stone":20,"Ring of the Snake":0,"ImportantClient":12,"testmod-TestBox":0,"PreservedInsect":24,"testmod-TurbochargingSystem":19,"Odd Mushroom":9,"testmod-Justice":17,"Frozen Egg 2":25,"War Paint":30,"Question Card":1,"Medical Kit":18,"testmod-IndustrialRevolution":30,"White Beast Statue":7,"Anchor":16,"FeatherPendant":0,"testmod-Hope":27,"Black Star":12,"testmod-OneHitWonder":24,"Meat on the Bone":16},{"Lantern":19,"DaveBox":0,"Singing Bowl":59,"BloodWine":0,"Snake Skull":10,"testmod-LifeArmor":45,"ice":0,"Whetstone":56,"PrismaticShard":1,"Boot":37,"SynthV:C4":10,"testmod-Laevatain":0,"Sundial":39,"Pantograph":10,"Philosopher\u0027s Stone":44,"Ring of the Snake":0,"ImportantClient":25,"testmod-TestBox":0,"PreservedInsect":52,"testmod-TurbochargingSystem":42,"Odd Mushroom":17,"testmod-Justice":39,"Frozen Egg 2":56,"War Paint":65,"Question Card":1,"Medical Kit":40,"testmod-IndustrialRevolution":65,"White Beast Statue":12,"Anchor":37,"FeatherPendant":0,"testmod-Hope":59,"Black Star":25,"testmod-OneHitWonder":52,"Meat on the Bone":37}],"Meat on the Bone":24},"card_choices":[{"not_picked":["Setup","Dagger Spray","Blade Dance"],"picked":"SKIP","floor":1},{"not_picked":["Blade Dance","Crescendo","Steam"],"picked":"BowlingBash","floor":2},{"not_picked":["PiercingWail","Conserve Battery","MostiFishMod:PerfectParry","ClearTheMind"],"picked":"SKIP","floor":3},{"not_picked":["CutThroughFate","Blizzard","MostiFishMod:FluxCapactior"],"picked":"MostiFishMod:FrostNova","floor":4},{"not_picked":["Adaptation","Heavy Blade","Compile Driver"],"picked":"Sunder","floor":5},{"not_picked":["JustLucky","CrushJoints","Conserve Battery","BootSequence"],"picked":"SKIP","floor":6},{"not_picked":["Havoc","testmod-FightingIntention","Iron Wave"],"picked":"MostiFishMod:WinterMarkForm","floor":10},{"not_picked":["Perfected Strike","MostiFishMod:InvigoratingSolution","Iron Wave"],"picked":"Hologram","floor":11},{"not_picked":["WindmillStrike","Stack","testmod-PainDetonator"],"picked":"Expertise","floor":12},{"not_picked":["Crescendo","Chill","Glacier","testmod-WeaknessCounterattack"],"picked":"SKIP","floor":13},{"not_picked":["Steam","Forethought","Sweeping Beam","MostiFishMod:ScryFuture"],"picked":"SKIP","floor":14},{"not_picked":["MostiFishMod:DisColor","Thinking Ahead","MostiFishMod:DeathFromBelow"],"picked":"testmod-Arrangement","floor":16},{"not_picked":["EmptyFist+1","Pommel Strike","Evaluate+1","BowlingBash"],"picked":"SKIP","floor":18},{"not_picked":["Deflect","Spot Weakness","Twin Strike","testmod-LimitFlipper"],"picked":"SKIP","floor":20},{"not_picked":["Steam+1","Protect","Reckless Charge","Redo+1"],"picked":"SKIP","floor":21},{"not_picked":["Tools of the Trade","Poisoned Stab","testmod-BackupPower"],"picked":"Body Slam+1","floor":24},{"not_picked":["Havoc","Finisher","Nirvana+1"],"picked":"TalkToTheHand+1","floor":27},{"not_picked":["testmod-PerfectCombo","Leap","Hologram","Collect"],"picked":"SKIP","floor":28},{"not_picked":["Streamline","Redo","Blur","ClearTheMind"],"picked":"SKIP","floor":30},{"not_picked":["Juggernaut","MostiFishMod:GoodWordForIt","Thunder Strike","Multi-Cast"],"picked":"testmod-AutoReboundSystem","floor":33},{"not_picked":["Rebound+1","Stack","Perseverance+1","Flex"],"picked":"Battle Trance+1","floor":35},{"not_picked":["Genetic Algorithm","Shrug It Off","True Grit","Stack+1","Wild Strike"],"picked":"SKIP","floor":37},{"not_picked":["testmod-DeathImprint+1","Gash","Headbutt+1","Judgement"],"picked":"Purity","floor":38},{"not_picked":["Shrug It Off","Nirvana","Bandage Up+1","Twin Strike+1","Backstab"],"picked":"SKIP","floor":41},{"not_picked":["Evaluate","Dagger Spray","Cleave+1","Crescendo"],"picked":"White Noise+1","floor":45},{"not_picked":["Genetic Algorithm","Sentinel","Bandage Up","Dagger Throw+1","MostiFishMod:FluxCapactior"],"picked":"SKIP","floor":46},{"not_picked":["Undo","Blur","CutThroughFate","WreathOfFlame+1","Deadly Poison"],"picked":"Singing Bowl","floor":47},{"not_picked":["Gash","testmod-LimitFlipper","Masterful Stab","Swivel","Cold Snap+1"],"picked":"Singing Bowl","floor":48},{"not_picked":["MentalFortress+1","Go for the Eyes","testmod-Collector","Sucker Punch","MostiFishMod:Neptune"],"picked":"Singing Bowl","floor":54}],"player_experience":168145,"relics_obtained":[{"floor":1,"key":"Question Card"},{"floor":1,"key":"PrismaticShard"},{"floor":6,"key":"Pantograph"},{"floor":9,"key":"SynthV:C4"},{"floor":10,"key":"White Beast Statue"},{"floor":12,"key":"Odd Mushroom"},{"floor":13,"key":"Lantern"},{"floor":16,"key":"ImportantClient"},{"floor":24,"key":"Boot"},{"floor":24,"key":"Meat on the Bone"},{"floor":26,"key":"Anchor"},{"floor":27,"key":"Sundial"},{"floor":27,"key":"testmod-Justice"},{"floor":30,"key":"testmod-TurbochargingSystem"},{"floor":30,"key":"Question Card"},{"floor":41,"key":"testmod-OneHitWonder"},{"floor":41,"key":"PreservedInsect"},{"floor":45,"key":"Frozen Egg 2"},{"floor":45,"key":"Whetstone"},{"floor":47,"key":"Singing Bowl"},{"floor":47,"key":"testmod-Hope"},{"floor":54,"key":"War Paint"},{"floor":54,"key":"testmod-IndustrialRevolution"}],"event_choices":[{"damage_healed":0,"gold_gain":30,"player_choice":"Searched \u00273\u0027 times","damage_taken":0,"relics_obtained":["Snake Skull"],"max_hp_gain":0,"max_hp_loss":0,"event_name":"Dead Adventurer","floor":8,"gold_loss":0},{"damage_healed":0,"gold_gain":0,"player_choice":"Fought Mushrooms","damage_taken":0,"max_hp_gain":0,"max_hp_loss":0,"event_name":"Mushrooms","floor":12,"gold_loss":0},{"damage_healed":0,"gold_gain":0,"player_choice":"0 cards matched","damage_taken":0,"max_hp_gain":0,"max_hp_loss":0,"event_name":"Match and Keep!","floor":19,"gold_loss":0,"cards_obtained":[]},{"damage_healed":0,"gold_gain":0,"player_choice":"Copied","damage_taken":0,"max_hp_gain":0,"max_hp_loss":0,"event_name":"Duplicator","floor":22,"gold_loss":0,"cards_obtained":["MostiFishMod:FrostNova"]},{"damage_healed":0,"gold_gain":0,"player_choice":"Forge","damage_taken":0,"max_hp_gain":0,"max_hp_loss":0,"event_name":"Accursed Blacksmith","floor":31,"gold_loss":0,"cards_upgraded":["MostiFishMod:AdrenalineArouse"]},{"damage_healed":0,"gold_gain":0,"player_choice":"Paid Gold","damage_taken":0,"relics_obtained":["testmod-LifeArmor"],"max_hp_gain":0,"max_hp_loss":0,"event_name":"WeMeetAgain","floor":36,"gold_loss":120}],"is_beta":false,"boss_relics":[{"not_picked":["testmod-CardMagician","testmod-Fanaticism"],"picked":"Black Star"},{"not_picked":["SynthV:MejaisSoulstealer","RhineFirstAidKit"],"picked":"Philosopher\u0027s Stone"}],"items_purged_floors":[29,44,53],"is_endless":false,"potions_floor_spawned":[2,5,6,11,12,13,14,16,18,20,21,24,28,30,33,35,37,38,41,45,46,47,48,54],"ascension_level":9}}