{"host":"gk5m6v7zec9neb0j","time":1607664432,"event":{"mods":["AchievementEnabler","AlwaysNeverKeys","BaseMod","BetterRewards","Block Reminder","Minty Spire (QoL Compilation)","Rare Cards Sparkle","Relic Stats","StSLib"],"gold_per_floor":[112,34,45,45,45,77,92,92,115,125,125,125,151,180,180,275,275,285,303,228,228,238,270,270,287,287,197,228,228,245,256,256,356,356,375,389,6,18,32,32,42,54,54,54,88,88,104,120,120,120,120,120,93,125,125,125],"floor_reached":55,"playtime":1767,"items_purged":["Strike_R","Strike_R"],"score":951,"play_id":"2752f314-e91f-4569-aaba-dacbd95e064c","local_time":"20201211002712","is_ascension_mode":false,"campfire_choices":[{"floor":8,"key":"REST"},{"data":"Bash","floor":11,"key":"SMITH"},{"data":"Whirlwind","floor":15,"key":"SMITH"},{"data":"Defend_R","floor":24,"key":"SMITH"},{"data":"Defend_R","floor":29,"key":"SMITH"},{"data":"Strike_R","floor":32,"key":"SMITH"},{"data":"Rampage","floor":40,"key":"SMITH"},{"data":"Defend_R","floor":44,"key":"SMITH"},{"floor":49,"key":"REST"},{"floor":52,"key":"REST"}],"circlet_count":0,"master_deck":["Strike_R+1","Strike_R+1","Defend_R+1","Defend_R+1","Defend_R+1","Defend_R+1","Bash+1","Dramatic Entrance+1","Disarm+1","Shrug It Off+1","Flex+1","Disarm+1","Flex+1","Flame Barrier+1","Whirlwind+1","Spot Weakness+1","Whirlwind+1","Spot Weakness+1","Metallicize+1","Shrug It Off+1","Rampage+1","Spot Weakness+1","Seeing Red+1","Headbutt","Barricade"],"relics":["Burning Blood","Ice Cream","Bag of Marbles","Toxic Egg 2","Incense Burner","HornCleat","Regal Pillow","Nunchaku","Odd Mushroom","Art of War","Toy Ornithopter","White Beast Statue","Meat on the Bone","SacredBark","Akabeko","Singing Bowl","Strawberry","Thread and Needle"],"acts_visited":["Exordium","TheCity","TheBeyond","TheEnding"],"potions_floor_usage":[23,25,33,33,41,41,45,50,54],"damage_taken":[{"damage":0.0,"enemies":"2 Louse","floor":1.0,"turns":1.0},{"damage":3,"enemies":"Jaw Worm","floor":3,"turns":3},{"damage":25,"enemies":"Gremlin Nob","floor":6,"turns":5},{"damage":0,"enemies":"Cultist","floor":7,"turns":1},{"damage":0,"enemies":"2 Fungi Beasts","floor":10,"turns":1},{"damage":0,"enemies":"3 Sentries","floor":13,"turns":10},{"damage":0,"enemies":"The Mushroom Lair","floor":14,"turns":1},{"damage":3,"enemies":"The Guardian","floor":16,"turns":9},{"damage":0,"enemies":"3 Byrds","floor":18,"turns":2},{"damage":4,"enemies":"Chosen","floor":19,"turns":6},{"damage":3,"enemies":"Snake Plant","floor":22,"turns":3},{"damage":17,"enemies":"Slavers","floor":23,"turns":3},{"damage":0,"enemies":"Cultist and Chosen","floor":25,"turns":4},{"damage":1,"enemies":"Book of Stabbing","floor":28,"turns":6},{"damage":0,"enemies":"3 Cultists","floor":30,"turns":2},{"damage":0,"enemies":"Snake Plant","floor":31,"turns":4},{"damage":21,"enemies":"Collector","floor":33,"turns":10},{"damage":8,"enemies":"3 Shapes","floor":35,"turns":5},{"damage":0,"enemies":"Orb Walker","floor":36,"turns":4},{"damage":0,"enemies":"4 Shapes","floor":38,"turns":1},{"damage":17,"enemies":"Spire Growth","floor":39,"turns":6},{"damage":0,"enemies":"Transient","floor":41,"turns":5},{"damage":10,"enemies":"Writhing Mass","floor":42,"turns":6},{"damage":5,"enemies":"Nemesis","floor":45,"turns":3},{"damage":2,"enemies":"Sphere and 2 Shapes","floor":47,"turns":4},{"damage":40,"enemies":"Transient","floor":48,"turns":5},{"damage":18,"enemies":"Donu and Deca","floor":50,"turns":9},{"damage":0,"enemies":"Shield and Spear","floor":54,"turns":1},{"damage":177,"enemies":"The Heart","floor":55,"turns":11}],"seed_played":"-2951858088676455310","potions_obtained":[{"floor":16,"key":"Block Potion"},{"floor":22,"key":"DistilledChaos"},{"floor":23,"key":"Energy Potion"},{"floor":30,"key":"DistilledChaos"},{"floor":31,"key":"SteroidPotion"},{"floor":33,"key":"HeartOfIron"},{"floor":35,"key":"Energy Potion"},{"floor":36,"key":"ColorlessPotion"},{"floor":41,"key":"SteroidPotion"},{"floor":42,"key":"DistilledChaos"},{"floor":45,"key":"FairyPotion"},{"floor":54,"key":"SneckoOil"}],"is_trial":false,"path_per_floor":["M","$","M","?","T","E","M","R","T","M","R","?","E","?","R","B",null,"M","M","$","?","M","E","R","M","T","?","E","R","M","M","R","B",null,"M","M","$","M","M","R","M","M","T","R","E","?","M","M","R","B",null,"R","$","E","B"],"character_chosen":"IRONCLAD","items_purchased":["Dramatic Entrance","Bag of Marbles","Toxic Egg 2","Shrug It Off+1","Flex+1","Rampage","SteroidPotion","Akabeko","Headbutt"],"campfire_rested":3,"item_purchase_floors":[0,0,0,2,2,37,37,37,53],"current_hp_per_floor":[52,52,55,39,39,20,26,50,50,56,56,80,80,80,80,80,80,80,80,80,80,80,69,69,80,80,80,80,80,80,80,80,65,80,78,80,80,80,69,69,80,76,76,76,87,87,89,55,89,77,89,89,89,89,0,0],"gold":125,"neow_bonus":"","is_daily":false,"chose_seed":false,"campfire_upgraded":7,"win_rate":0.0,"timestamp":1607664432,"path_taken":["M","$","M","?","?","E","?","R","T","M","R","?","E","?","R","BOSS","M","M","$","?","M","E","R","?","T","?","E","R","?","M","R","BOSS","M","?","$","M","M","R","M","M","T","R","E","?","?","M","R","BOSS","R","$","E","BOSS"],"items_purchased_type":["Card","Relic","Relic","Undefined","Undefined","Card","Potion","Relic","Card"],"build_version":"2020-11-30","purchased_purges":2,"victory":false,"max_hp_per_floor":[80,80,80,80,80,80,80,80,80,80,80,80,80,80,80,80,80,80,80,80,80,80,80,80,80,80,80,80,80,80,80,80,80,80,80,80,80,80,80,80,80,80,80,80,87,87,89,89,89,89,89,89,89,89,89,89],"relic_stats":{"Regal Pillow":8,"Nunchaku":[12],"Singing Bowl":28,"counters":[231,1104],"Art of War":[23],"obtain_stats":[{"Ice Cream":0,"Calipers":0,"Gremlin Horn":24,"CeramicFish":11,"Vajra":19,"Whetstone":45,"Ginger":48,"Bottled Tornado":12,"Boot":40,"Old Coin":9,"Blood Vial":54,"Lizard Tail":25,"Centennial Puzzle":26,"HornCleat":54,"Sundial":43,"Strawberry":43,"Fusion Hammer":34,"Kunai":3,"Toxic Egg 2":25,"Girya":0,"Pear":6,"Happy Flower":0,"Dead Branch":13,"Blue Candle":9,"Eternal Feather":6,"Charon\u0027s Ashes":0,"Pen Nib":9,"Letter Opener":26,"War Paint":55,"Question Card":9,"Akabeko":37,"Du-Vu Doll":43,"OrangePellets":0,"SlaversCollar":17,"Runic Dome":17,"Bottled Flame":54,"Shuriken":0,"Bronze Scales":0,"Bird Faced Urn":0,"Molten Egg 2":26,"Mark of Pain":34,"Nloth\u0027s Gift":20,"StrikeDummy":47,"Unceasing Top":0,"Pocketwatch":47,"Meat on the Bone":28,"Darkstone Periapt":26,"Regal Pillow":9,"Singing Bowl":42,"SacredBark":34,"Black Blood":17,"StoneCalendar":0,"Mango":26,"Juzu Bracelet":3,"Incense Burner":0,"Bag of Preparation":41,"Ancient Tea Set":6,"Empty Cage":17,"Burning Blood":0,"ClockworkSouvenir":0,"Nunchaku":36,"Dream Catcher":25,"TheAbacus":37,"Matryoshka":27,"Mummified Hand":0,"Gambling Chip":13,"Tiny Chest":24,"WingedGreaves":11,"Red Mask":41,"Chemical X":0,"Red Skull":4,"Paper Frog":9,"Runic Pyramid":34,"Potion Belt":43,"Golden Idol":4,"Thread and Needle":0,"The Courier":13,"Omamori":13,"Orichalcum":20,"Frozen Egg 2":8,"Odd Mushroom":14,"MawBank":9,"White Beast Statue":2,"Mercury Hourglass":30,"Peace Pipe":0,"Anchor":12,"Orrery":0,"Turnip":13,"Bag of Marbles":0,"Art of War":26,"Membership Card":0,"Champion Belt":23,"FossilizedHelix":0,"Toy Ornithopter":9,"TungstenRod":36},{"Ice Cream":80,"Calipers":80,"Gremlin Horn":39,"CeramicFish":33,"Vajra":140,"Whetstone":46,"Ginger":104,"Bottled Tornado":137,"Boot":102,"Old Coin":4,"Blood Vial":49,"Lizard Tail":39,"Centennial Puzzle":39,"HornCleat":174,"Sundial":149,"Strawberry":124,"Fusion Hammer":98,"Kunai":2,"Toxic Egg 2":117,"Girya":50,"Pear":111,"Happy Flower":80,"Dead Branch":88,"Blue Candle":112,"Eternal Feather":25,"Charon\u0027s Ashes":50,"Pen Nib":56,"Letter Opener":67,"War Paint":79,"Question Card":135,"Akabeko":221,"Du-Vu Doll":149,"OrangePellets":19,"SlaversCollar":36,"Runic Dome":61,"Bottled Flame":106,"Shuriken":0,"Bronze Scales":29,"Bird Faced Urn":129,"Molten Egg 2":165,"Mark of Pain":70,"Nloth\u0027s Gift":115,"StrikeDummy":47,"Unceasing Top":0,"Pocketwatch":172,"Meat on the Bone":216,"Darkstone Periapt":93,"Regal Pillow":157,"Singing Bowl":102,"SacredBark":219,"Black Blood":16,"StoneCalendar":80,"Mango":141,"Juzu Bracelet":10,"Incense Burner":107,"Bag of Preparation":196,"Ancient Tea Set":84,"Empty Cage":160,"Burning Blood":0,"ClockworkSouvenir":0,"Nunchaku":42,"Dream Catcher":141,"TheAbacus":99,"Matryoshka":118,"Mummified Hand":50,"Gambling Chip":34,"Tiny Chest":92,"WingedGreaves":26,"Red Mask":148,"Chemical X":50,"Red Skull":32,"Paper Frog":33,"Runic Pyramid":41,"Potion Belt":102,"Golden Idol":2,"Thread and Needle":154,"The Courier":15,"Omamori":27,"Orichalcum":17,"Frozen Egg 2":25,"Odd Mushroom":28,"MawBank":13,"White Beast Statue":10,"Mercury Hourglass":69,"Peace Pipe":0,"Anchor":59,"Orrery":9,"Turnip":59,"Bag of Marbles":50,"Art of War":117,"Membership Card":0,"Champion Belt":66,"FossilizedHelix":129,"Toy Ornithopter":181,"TungstenRod":193},{"Ice Cream":388,"Calipers":388,"Gremlin Horn":203,"CeramicFish":177,"Vajra":586,"Whetstone":235,"Ginger":445,"Bottled Tornado":578,"Boot":443,"Old Coin":20,"Blood Vial":254,"Lizard Tail":203,"Centennial Puzzle":203,"HornCleat":729,"Sundial":607,"Strawberry":538,"Fusion Hammer":434,"Kunai":11,"Toxic Egg 2":496,"Girya":262,"Pear":468,"Happy Flower":388,"Dead Branch":406,"Blue Candle":470,"Eternal Feather":132,"Charon\u0027s Ashes":262,"Pen Nib":288,"Letter Opener":332,"War Paint":381,"Question Card":574,"Akabeko":1053,"Du-Vu Doll":607,"OrangePellets":106,"SlaversCollar":194,"Runic Dome":314,"Bottled Flame":448,"Shuriken":0,"Bronze Scales":164,"Bird Faced Urn":552,"Molten Egg 2":671,"Mark of Pain":351,"Nloth\u0027s Gift":488,"StrikeDummy":240,"Unceasing Top":0,"Pocketwatch":718,"Meat on the Bone":1028,"Darkstone Periapt":419,"Regal Pillow":630,"Singing Bowl":443,"SacredBark":1044,"Black Blood":80,"StoneCalendar":388,"Mango":587,"Juzu Bracelet":50,"Incense Burner":454,"Bag of Preparation":876,"Ancient Tea Set":396,"Empty Cage":646,"Burning Blood":0,"ClockworkSouvenir":0,"Nunchaku":221,"Dream Catcher":587,"TheAbacus":436,"Matryoshka":499,"Mummified Hand":262,"Gambling Chip":183,"Tiny Chest":417,"WingedGreaves":139,"Red Mask":605,"Chemical X":262,"Red Skull":173,"Paper Frog":177,"Runic Pyramid":217,"Potion Belt":443,"Golden Idol":11,"Thread and Needle":621,"The Courier":70,"Omamori":150,"Orichalcum":95,"Frozen Egg 2":132,"Odd Mushroom":152,"MawBank":57,"White Beast Statue":50,"Mercury Hourglass":341,"Peace Pipe":0,"Anchor":301,"Orrery":48,"Turnip":301,"Bag of Marbles":262,"Art of War":496,"Membership Card":0,"Champion Belt":329,"FossilizedHelix":552,"Toy Ornithopter":757,"TungstenRod":854}],"Burning Blood":1330,"Toy Ornithopter":59,"Meat on the Bone":0},"card_choices":[{"not_picked":["Heavy Blade","Armaments+1"],"picked":"Disarm+1","floor":1.0},{"not_picked":["Perfected Strike","Body Slam"],"picked":"Disarm+1","floor":3},{"not_picked":["Second Wind+1","Pummel"],"picked":"Flex+1","floor":6},{"not_picked":["Armaments+1","Sword Boomerang","Iron Wave"],"picked":"SKIP","floor":7},{"not_picked":["Perfected Strike","Cleave"],"picked":"Flame Barrier+1","floor":10},{"not_picked":["Havoc+1","Clash","Wild Strike"],"picked":"SKIP","floor":13},{"not_picked":["Reckless Charge","Shockwave+1"],"picked":"Whirlwind","floor":14},{"not_picked":["True Grit+1","Heavy Blade"],"picked":"Spot Weakness+1","floor":18},{"not_picked":["Headbutt","Uppercut+1"],"picked":"Whirlwind+1","floor":19},{"not_picked":["Blood for Blood+1","Twin Strike+1","Sever Soul+1"],"picked":"SKIP","floor":22},{"not_picked":["Clothesline","Intimidate+1","Headbutt+1"],"picked":"SKIP","floor":23},{"not_picked":["Clothesline","Intimidate+1","Headbutt+1"],"picked":"SKIP","floor":23},{"not_picked":["Thunderclap","Sever Soul"],"picked":"Spot Weakness+1","floor":25},{"not_picked":["Clothesline+1","Flex+1","Thunderclap"],"picked":"SKIP","floor":28},{"not_picked":["Searing Blow","Wild Strike"],"picked":"Metallicize+1","floor":30},{"not_picked":["Dual Wield+1","Feed","Shockwave+1"],"picked":"SKIP","floor":31},{"not_picked":["Twin Strike+1","Cleave"],"picked":"Shrug It Off+1","floor":35},{"not_picked":["Shrug It Off+1","Dual Wield+1","Entrench+1"],"picked":"SKIP","floor":36},{"not_picked":["Power Through+1","Body Slam+1","Uppercut"],"picked":"SKIP","floor":38},{"not_picked":["Blood for Blood+1","Fire Breathing+1","Bloodletting+1"],"picked":"SKIP","floor":39},{"not_picked":["Immolate","Warcry+1","Reckless Charge"],"picked":"SKIP","floor":41},{"not_picked":["Iron Wave+1","Rampage","Body Slam+1"],"picked":"SKIP","floor":42},{"not_picked":["Disarm+1","Carnage"],"picked":"Spot Weakness+1","floor":45},{"not_picked":["Dark Embrace+1","Flame Barrier+1","Pommel Strike+1"],"picked":"Singing Bowl","floor":47},{"not_picked":["Ghostly Armor+1","Armaments+1"],"picked":"Seeing Red+1","floor":48},{"not_picked":["Flame Barrier+1","Infernal Blade+1"],"picked":"Barricade","floor":54}],"player_experience":663992,"relics_obtained":[{"floor":5,"key":"Incense Burner"},{"floor":6,"key":"HornCleat"},{"floor":9,"key":"Regal Pillow"},{"floor":13,"key":"Nunchaku"},{"floor":14,"key":"Odd Mushroom"},{"floor":23,"key":"Toy Ornithopter"},{"floor":26,"key":"White Beast Statue"},{"floor":28,"key":"Meat on the Bone"},{"floor":43,"key":"Singing Bowl"},{"floor":45,"key":"Strawberry"},{"floor":54,"key":"Thread and Needle"}],"event_choices":[{"damage_healed":0,"gold_gain":0,"player_choice":"Entered Light","damage_taken":16,"max_hp_gain":0,"max_hp_loss":0,"event_name":"Shining Light","floor":4,"gold_loss":0,"cards_upgraded":["Dramatic Entrance","Defend_R"]},{"damage_healed":26,"gold_gain":0,"player_choice":"Banana","damage_taken":0,"max_hp_gain":0,"max_hp_loss":0,"event_name":"Big Fish","floor":12,"gold_loss":0},{"damage_healed":0,"gold_gain":0,"player_choice":"Fought Mushrooms","damage_taken":0,"max_hp_gain":0,"max_hp_loss":0,"event_name":"Mushrooms","floor":14,"gold_loss":0},{"damage_healed":0,"gold_gain":0,"player_choice":"Gave Potion","damage_taken":0,"relics_obtained":["Art of War"],"max_hp_gain":0,"max_hp_loss":0,"event_name":"WeMeetAgain","floor":21,"gold_loss":0},{"cards_removed":["Strike_R"],"damage_healed":0,"gold_gain":0,"player_choice":"Upgrade and Remove","damage_taken":0,"max_hp_gain":0,"max_hp_loss":0,"event_name":"Designer","floor":27,"gold_loss":90,"cards_upgraded":["Strike_R"]},{"damage_healed":0,"gold_gain":0,"player_choice":"Ignored","damage_taken":0,"max_hp_gain":0,"max_hp_loss":0,"event_name":"NoteForYourself","floor":46,"gold_loss":0}],"is_beta":false,"boss_relics":[{"not_picked":["Black Star","Runic Pyramid","Cursed Key"]},{"not_picked":["Busted Crown","Tiny House"],"picked":"SacredBark"}],"items_purged_floors":[20,37],"is_endless":false,"potions_floor_spawned":[3,16,22,23,28,30,31,33,35,36,38,39,41,42,45,47,48,54],"killed_by":"The Heart","ascension_level":0}}