{"host":"q5ywcqpu34kfjllv","time":1607666496,"event":{"mods":["AchievementEnabler","Aspiration","BaseMod","Better Note","Better Third Choice","BetterRewards","Card Forge","Colored Powertips","Disable Question Mark Monsters","Downfall","GungeonMod","Hermit","Hubris","Lobotomy","LobotomyExtend","Mad Scientist","Minty Spire (QoL Compilation)","Quick Restart","Rare Cards Sparkle","Replay The Spire","Shop Mod","StSLib","Synergy Search","The Construct","The Forsaken","The Hierophant","The Kombatant","The Runesmith","The Showman","TheLocksmith","TheVacant","Transform Curses","slay the spire mod where everything is the same but ironclad has a cowboy hat","????"],"gold_per_floor":[110,52,63,81,81,81,81,81],"floor_reached":7,"playtime":506,"items_purged":[],"score":41,"play_id":"09b2a804-1cc2-4dba-980d-45e469bca473","local_time":"20201211000136","is_ascension_mode":false,"campfire_choices":[{"data":"Chaos","floor":6,"key":"SMITH"}],"circlet_count":0,"master_deck":["Strike_B","Strike_B","Strike_B","Strike_B","Defend_B","Defend_B","Defend_B","Defend_B","Zap","Dualcast","ShyLook","Chaos+1","Storm+1","RedShoes","Storm+1","Murderer","Hello World"],"relics":["Cracked Core","Hammer of Thor","Seething Fire","Anvil of the Gods","CogitoBucket","LetterFromLob"],"acts_visited":["Exordium"],"potions_floor_usage":[],"damage_taken":[{"damage":0,"enemies":"Cultist","floor":1,"turns":4},{"damage":11,"enemies":"Jaw Worm","floor":3,"turns":4},{"damage":9,"enemies":"2 Louse","floor":4,"turns":3},{"damage":80,"enemies":"Gremlin Nob","floor":7,"turns":4}],"seed_played":"1696778170203503674","potions_obtained":[{"floor":4,"key":"Fire Potion"}],"is_trial":false,"path_per_floor":["M","$","M","M","?","R","E"],"character_chosen":"DEFECT","items_purchased":["Storm+1"],"campfire_rested":0,"item_purchase_floors":[2],"current_hp_per_floor":[75,75,64,55,55,55,0,0],"gold":81,"neow_bonus":"","is_daily":false,"chose_seed":false,"campfire_upgraded":1,"win_rate":0.0,"timestamp":1607666496,"path_taken":["M","$","M","M","?","R","E"],"items_purchased_type":["Undefined"],"build_version":"2020-11-30","purchased_purges":0,"victory":false,"max_hp_per_floor":[75,75,75,75,75,75,75,75],"card_choices":[{"not_picked":["OldLady","OSAHOGD"],"picked":"ShyLook","floor":1},{"not_picked":["Beam Cell","Steam"],"picked":"Chaos","floor":1},{"not_picked":["Murderer","BeautyBeast"],"picked":"RedShoes","floor":3},{"not_picked":["BasicCrystalCard","Reprogram"],"picked":"Storm","floor":3},{"not_picked":["OSAHOGD","Bloodbath"],"picked":"Murderer","floor":4},{"not_picked":["Turbo","Barrage"],"picked":"Hello World","floor":4}],"player_experience":496771,"relics_obtained":[{"floor":1,"key":"LetterFromLob"}],"event_choices":[{"damage_healed":0,"gold_gain":0,"player_choice":"Grow","damage_taken":0,"max_hp_gain":0,"max_hp_loss":0,"event_name":"Living Wall","floor":5,"gold_loss":0,"cards_upgraded":["Storm"]}],"is_beta":false,"boss_relics":[],"items_purged_floors":[],"is_endless":false,"potions_floor_spawned":[4],"killed_by":"Gremlin Nob","ascension_level":0}}