{"host":"aeidq2c3auzxo1yh","time":1607723436,"event":{"mods":["AchievementEnabler","BaseMod","Colored Map","Colored Powertips","Minty Spire (QoL Compilation)","Relic Stats","StSLib"],"gold_per_floor":[15,27,47,63,63,63,106,106,132,151,151,185,150,170,170,170,170],"floor_reached":16,"playtime":692,"items_purged":[],"score":162,"play_id":"4ca8f2c7-c489-495c-ae16-325a9ca6cc61","local_time":"20201212025036","is_ascension_mode":true,"campfire_choices":[{"data":"Streamline","floor":6,"key":"SMITH"},{"floor":11,"key":"REST"},{"floor":15,"key":"REST"}],"circlet_count":0,"master_deck":["Strike_B","Strike_B","Strike_B","Defend_B","Defend_B","Defend_B","Defend_B","Zap","Dualcast","Biased Cognition","Redo","Conserve Battery","Streamline+1","Hologram","Undo","Loop","Darkness"],"relics":["Cracked Core","Golden Idol","Orichalcum","Lantern","Omamori"],"acts_visited":["Exordium"],"potions_floor_usage":[],"damage_taken":[{"damage":3,"enemies":"Jaw Worm","floor":1,"turns":4},{"damage":0,"enemies":"Small Slimes","floor":2,"turns":2},{"damage":2,"enemies":"2 Louse","floor":3,"turns":2},{"damage":1,"enemies":"Blue Slaver","floor":4,"turns":2},{"damage":28,"enemies":"3 Sentries","floor":7,"turns":7},{"damage":12,"enemies":"Lots of Slimes","floor":10,"turns":4},{"damage":30,"enemies":"Lagavulin","floor":12,"turns":6},{"damage":0,"enemies":"Looter","floor":14,"turns":3},{"damage":30,"enemies":"Slime Boss","floor":16,"turns":3}],"seed_played":"-3570143241247443403","potions_obtained":[{"floor":7,"key":"SteroidPotion"},{"floor":10,"key":"SmokeBomb"},{"floor":12,"key":"Dexterity Potion"}],"is_trial":false,"path_per_floor":["M","M","M","M","?","R","E","?","T","M","R","E","?","M","R","B"],"character_chosen":"DEFECT","items_purchased":[],"campfire_rested":2,"item_purchase_floors":[],"current_hp_per_floor":[65,65,63,62,62,62,34,27,27,15,35,5,5,5,25,0,0],"gold":170,"neow_bonus":"THREE_RARE_CARDS","is_daily":false,"chose_seed":false,"campfire_upgraded":1,"win_rate":0.0,"timestamp":1607723436,"path_taken":["M","M","M","M","?","R","E","?","T","M","R","E","?","M","R","BOSS"],"items_purchased_type":[],"build_version":"2020-11-30","purchased_purges":0,"victory":false,"max_hp_per_floor":[75,75,75,75,69,69,69,69,69,69,69,69,69,69,69,69,69],"relic_stats":{"counters":[9,33],"Golden Idol":24,"Orichalcum":[18],"obtain_stats":[{"Lantern":9,"Golden Idol":5,"Omamori":12,"Orichalcum":7,"Cracked Core":0},{"Lantern":5,"Golden Idol":4,"Omamori":7,"Orichalcum":5,"Cracked Core":0},{"Lantern":17,"Golden Idol":10,"Omamori":27,"Orichalcum":17,"Cracked Core":0}]},"card_choices":[{"not_picked":["Machine Learning","Reboot"],"picked":"Biased Cognition","floor":0},{"not_picked":["Rebound","Coolheaded"],"picked":"Redo","floor":1},{"not_picked":["Self Repair","Gash"],"picked":"Conserve Battery","floor":2},{"not_picked":["Rebound","Redo"],"picked":"Streamline","floor":3},{"not_picked":["Recycle","Rebound"],"picked":"Hologram","floor":4},{"not_picked":["Heatsinks","Go for the Eyes","Undo"],"picked":"SKIP","floor":7},{"not_picked":["Go for the Eyes","Barrage"],"picked":"Undo","floor":10},{"not_picked":["Aggregate","Heatsinks"],"picked":"Loop","floor":12},{"not_picked":["Streamline","Turbo"],"picked":"Darkness","floor":14}],"player_experience":842558,"relics_obtained":[{"floor":7,"key":"Orichalcum"},{"floor":9,"key":"Lantern"},{"floor":12,"key":"Omamori"}],"event_choices":[{"damage_healed":0,"gold_gain":0,"player_choice":"Lose Max HP","damage_taken":0,"relics_obtained":["Golden Idol"],"max_hp_gain":0,"max_hp_loss":6,"event_name":"Golden Idol","floor":5,"gold_loss":0},{"cards_removed":["Strike_B"],"damage_healed":0,"gold_gain":0,"player_choice":"Card Removal","damage_taken":7,"max_hp_gain":0,"max_hp_loss":0,"event_name":"Golden Wing","floor":8,"gold_loss":0},{"damage_healed":0,"gold_gain":0,"player_choice":"Left Gold","damage_taken":0,"max_hp_gain":0,"max_hp_loss":0,"event_name":"World of Goop","floor":13,"gold_loss":35}],"is_beta":false,"boss_relics":[],"items_purged_floors":[],"is_endless":false,"potions_floor_spawned":[7,10,12],"killed_by":"Slime Boss","ascension_level":9}}