{"host":"9r4xop0yxveozoj0","time":1607729994,"event":{"mods":["BaseMod","Colored Map","Colored Powertips","Hubris","Infinite Spire","Minty Spire (QoL Compilation)","Permanent Neow","Replay The Spire","StSLib","The Blue Laboratory","The Cursed"],"gold_per_floor":[114,66,115,127,146,146,157,173,173,173,193,209,222,222,222,323,323,340,360,360,374,299,299,299],"floor_reached":23,"playtime":1855,"items_purged":["ReplayTheSpireMod:Restless Dread"],"score":187,"play_id":"7b37c9d3-9cc2-4b1b-bdec-3b6c354e6530","local_time":"20201211183954","is_ascension_mode":false,"campfire_choices":[{"data":"Caltrops","floor":6.0,"key":"SMITH"},{"floor":10.0,"key":"REST"},{"data":"Infinite Blades","floor":15.0,"key":"SMITH"}],"circlet_count":0,"master_deck":["Strike_G","Strike_G","Strike_G","Strike_G","Strike_G","Defend_G","Defend_G","Defend_G","Defend_G","Defend_G","Survivor","Neutralize","ReplayTheSpireMod:Scrap Shanks","Hidden Blade+1","Caltrops+1","Slice","Infinite Blades+1","Unload","Blade Dance"],"relics":["WristBlade","infinitespire:ShieldingShard","HoveringKite","hubris:ToyBattleship"],"acts_visited":["Exordium","TheCity"],"potions_floor_usage":[19],"damage_taken":[{"damage":2.0,"enemies":"Cultist","floor":1.0,"turns":5.0},{"damage":0.0,"enemies":"2 Louse","floor":4.0,"turns":2.0},{"damage":3.0,"enemies":"Jaw Worm","floor":5.0,"turns":3.0},{"damage":7.0,"enemies":"Blue Slaver","floor":7.0,"turns":4.0},{"damage":10.0,"enemies":"2 Fungi Beasts","floor":8.0,"turns":4.0},{"damage":5.0,"enemies":"Exordium Wildlife","floor":11.0,"turns":4.0},{"damage":5.0,"enemies":"Red Slaver","floor":12.0,"turns":4.0},{"damage":0.0,"enemies":"3 Louse","floor":13.0,"turns":2.0},{"damage":5.0,"enemies":"Slime Boss","floor":16.0,"turns":12.0},{"damage":0.0,"enemies":"Chosen","floor":18.0,"turns":4.0},{"damage":18,"enemies":"Shell Parasite","floor":19,"turns":5},{"damage":0,"enemies":"Centurion and Healer","floor":21,"turns":5},{"damage":65,"enemies":"Gremlin Leader","floor":23,"turns":5}],"seed_played":"-6540142957433405582","potions_obtained":[{"floor":1.0,"key":"blueLaboratory:HummingbirdPotion"},{"floor":11.0,"key":"blueLaboratory:BlinkPotion"},{"floor":16.0,"key":"Reflective Coating"}],"is_trial":false,"path_per_floor":["M","$","T","M","M","R","M","M","T","R","M","M","M","?","R","B",null,"M","M","?","M","$","E"],"character_chosen":"THE_SILENT","items_purchased":["Hidden Blade"],"campfire_rested":1,"item_purchase_floors":[2],"current_hp_per_floor":[68,68,68,68,65,65,58,48,48,69,64,59,59,59,59,54,70,70,52,52,52,52,0,0],"gold":299,"neow_bonus":"BOSS_RELIC","is_daily":false,"chose_seed":false,"campfire_upgraded":2,"win_rate":0.0,"timestamp":1607729994,"path_taken":["M","$","?","M","M","R","M","M","T","R","M","M","M","?","R","BOSS","M","M","?","M","$","E"],"items_purchased_type":["Card"],"build_version":"2020-11-30","purchased_purges":1,"victory":false,"max_hp_per_floor":[70,70,70,70,70,70,70,70,70,70,70,70,70,70,70,70,70,70,70,70,70,70,70,70],"card_choices":[{"not_picked":["Tactician","hubris:SlightOfHand"],"picked":"ReplayTheSpireMod:Scrap Shanks","floor":1.0},{"not_picked":["Deadly Poison","Reflex"],"picked":"Caltrops","floor":4.0},{"not_picked":["Outmaneuver","Sucker Punch","Terror"],"picked":"SKIP","floor":5.0},{"not_picked":["Crippling Poison","Sucker Punch","hubris:Counter"],"picked":"SKIP","floor":7.0},{"not_picked":["hubris:TrickCloak","Distraction"],"picked":"Slice","floor":8.0},{"not_picked":["Expertise","Backflip"],"picked":"Infinite Blades","floor":11.0},{"not_picked":["Sucker Punch","Backflip","Deadly Poison"],"picked":"SKIP","floor":12.0},{"not_picked":["Sucker Punch","ReplayTheSpireMod:From All Sides","Bane"],"picked":"SKIP","floor":13.0},{"not_picked":["Adrenaline","Wraith Form v2"],"picked":"Unload","floor":16.0},{"not_picked":["Quick Slash","Dagger Throw","Deflect"],"picked":"SKIP","floor":18.0},{"not_picked":["Backflip","Deflect","Heel Hook+1"],"picked":"SKIP","floor":19},{"not_picked":["Slice","Sneak Up"],"picked":"Blade Dance","floor":21}],"player_experience":147276,"relics_obtained":[{"floor":9.0,"key":"infinitespire:ShieldingShard"}],"event_choices":[],"is_beta":false,"boss_relics":[{"not_picked":["hubris:CrackedHourglass","SlaversCollar"],"picked":"HoveringKite"}],"items_purged_floors":[22],"is_endless":false,"potions_floor_spawned":[1,7,11,16,18],"killed_by":"Gremlin Leader","ascension_level":0}}