{"host":"sum4dy402bbv9y4o","time":1607725303,"event":{"mods":["Aspiration","BaseMod","Conspire","Highlight Path","Minty Spire (QoL Compilation)","StSLib"],"gold_per_floor":[118,43,43,0,17,17,42,58,82,82,38,71,71,71,71,145,145,163,181,193,193,205,205,124,124,147,167,167,182,182,212,212,286,286,286,286],"floor_reached":35,"playtime":1023,"items_purged":[],"score":816,"play_id":"81a485b4-e19c-4265-8406-75aa0de9504f","local_time":"20201212012143","is_ascension_mode":true,"campfire_choices":[{"data":"Bash","floor":6,"key":"SMITH"},{"data":"Glass Knife","floor":10,"key":"SMITH"},{"data":"Dropkick","floor":13,"key":"SMITH"},{"data":"Dropkick","floor":15,"key":"SMITH"},{"data":"Sword Boomerang","floor":23,"key":"SMITH"},{"data":"Rampage","floor":25,"key":"SMITH"},{"floor":28,"key":"REST"},{"data":"Rampage","floor":32,"key":"SMITH"}],"circlet_count":0,"master_deck":["AscendersBane","Defend_R+1","Defend_R+1","Defend_R+1","Bash+1","Shockwave+1","Sword Boomerang+1","Pummel","Glass Knife+1","Backstab","Dropkick+1","Rampage+1","Dropkick+1","conspire:HitWhereItHurts","Anger","Headbutt+1","Evolve+1","Flex","Pommel Strike","Cleave","conspire:Charge","Rampage+1"],"relics":["Burning Blood","Tiny Chest","conspire:TopHat","aspiration:RitualDagger","aspiration:Lifesprig","Matryoshka","Smiling Mask","conspire:SpecialSausage"],"acts_visited":["Exordium","TheCity","TheBeyond"],"potions_floor_usage":[7,12,16,18,20,33,33],"damage_taken":[{"damage":8,"enemies":"Jaw Worm","floor":1,"turns":4},{"damage":9,"enemies":"Small Slimes","floor":5,"turns":2},{"damage":25,"enemies":"3 Sentries","floor":7,"turns":6},{"damage":0,"enemies":"Cultist","floor":8,"turns":2},{"damage":0,"enemies":"Gremlin Nob","floor":12,"turns":2},{"damage":31,"enemies":"Slime Boss","floor":16,"turns":8},{"damage":9,"enemies":"Chosen","floor":18,"turns":3},{"damage":12,"enemies":"3 Byrds","floor":19,"turns":4},{"damage":27,"enemies":"Snecko","floor":20,"turns":3},{"damage":9,"enemies":"Centurion and Healer","floor":22,"turns":3},{"damage":33,"enemies":"Snake Plant","floor":27,"turns":3},{"damage":9,"enemies":"3 Cultists","floor":29,"turns":3},{"damage":16,"enemies":"Gremlin Leader","floor":31,"turns":4},{"damage":115,"enemies":"Champ","floor":33,"turns":8},{"damage":75,"enemies":"3 Darklings","floor":35,"turns":3}],"seed_played":"-7200985634346328660","potions_obtained":[{"floor":1,"key":"SpeedPotion"},{"floor":7,"key":"Strength Potion"},{"floor":8,"key":"SkillPotion"},{"floor":16,"key":"DuplicationPotion"},{"floor":18,"key":"SpeedPotion"},{"floor":19,"key":"Regen Potion"},{"floor":20,"key":"SpeedPotion"},{"floor":27,"key":"conspire:TimeTravelPotion"},{"floor":33,"key":"LiquidBronze"}],"is_trial":false,"path_per_floor":["M","?","?","?","M","R","E","M","T","R","$","E","R","?","R","B",null,"M","M","M","?","M","R","$","R","T","M","R","M","T","E","R","B",null,"M"],"character_chosen":"IRONCLAD","items_purchased":["Dropkick","PowerPotion","Pommel Strike"],"campfire_rested":1,"item_purchase_floors":[11,24,24],"current_hp_per_floor":[48,48,48,48,45,45,26,32,32,32,32,38,38,38,38,13,60,57,51,39,39,36,36,36,36,36,9,31,28,28,18,18,35,65,0,0],"gold":286,"neow_bonus":"TRANSFORM_TWO_CARDS","is_daily":false,"chose_seed":false,"campfire_upgraded":7,"win_rate":0.0,"timestamp":1607725303,"path_taken":["M","?","?","?","M","R","E","M","T","R","$","E","R","?","R","BOSS","M","M","M","?","M","R","$","R","T","?","R","M","?","E","R","BOSS","M"],"items_purchased_type":["Card","Potion","Card"],"build_version":"2020-11-30","purchased_purges":0,"victory":false,"max_hp_per_floor":[75,75,75,75,75,75,75,75,75,75,75,75,75,75,75,75,75,75,75,75,75,75,75,75,75,75,75,75,75,75,75,75,75,75,75,75],"card_choices":[{"not_picked":["Bloodletting","Thunderclap"],"picked":"Pummel","floor":1},{"not_picked":["Shockwave","Dark Embrace"],"picked":"Dropkick","floor":5},{"not_picked":["Power Through","Heavy Blade"],"picked":"Rampage","floor":7},{"not_picked":["Thunderclap","Dark Embrace","Heavy Blade"],"picked":"SKIP","floor":8},{"not_picked":["Evolve","Shrug It Off","Flex"],"picked":"SKIP","floor":12},{"not_picked":["Brutality","Fiend Fire"],"picked":"conspire:HitWhereItHurts","floor":16},{"not_picked":["Sword Boomerang","Havoc"],"picked":"Anger","floor":18},{"not_picked":["Carnage","Fire Breathing"],"picked":"Headbutt+1","floor":19},{"not_picked":["conspire:Purge","Hemokinesis"],"picked":"Evolve+1","floor":20},{"not_picked":["Warcry","Anger"],"picked":"Flex","floor":22},{"not_picked":["Warcry","Iron Wave+1"],"picked":"Cleave","floor":27},{"not_picked":["Pommel Strike+1","Body Slam"],"picked":"conspire:Charge","floor":29},{"not_picked":["Uppercut","Wild Strike"],"picked":"Rampage","floor":31}],"player_experience":2777479,"relics_obtained":[{"floor":7,"key":"Tiny Chest"},{"floor":9,"key":"conspire:TopHat"},{"floor":12,"key":"PreservedInsect"},{"floor":26,"key":"aspiration:Lifesprig"},{"floor":30,"key":"Matryoshka"},{"floor":31,"key":"Smiling Mask"}],"event_choices":[{"cards_removed":["Strike_R"],"damage_healed":0,"gold_gain":0,"player_choice":"Card Removal","damage_taken":0,"max_hp_gain":0,"max_hp_loss":0,"event_name":"The Cleric","floor":2,"gold_loss":75},{"damage_healed":0,"gold_gain":0,"player_choice":"Left Gold","damage_taken":0,"max_hp_gain":0,"max_hp_loss":0,"event_name":"World of Goop","floor":4,"gold_loss":43},{"cards_removed":["Riddle With Holes"],"damage_healed":0,"gold_gain":0,"player_choice":"Purged","damage_taken":0,"max_hp_gain":0,"max_hp_loss":0,"event_name":"Purifier","floor":21,"gold_loss":0}],"is_beta":false,"boss_relics":[{"not_picked":["conspire:SlowCooker","aspiration:RandomNobGenerator"],"picked":"aspiration:RitualDagger"},{"not_picked":["Runic Cube","Runic Pyramid"],"picked":"conspire:SpecialSausage"}],"items_purged_floors":[],"is_endless":false,"potions_floor_spawned":[1,7,8,16,18,19,20,27,33],"killed_by":"3 Darklings","ascension_level":20}}