{"host":"xenpv6dj5x1yxp66","time":1607695270,"event":{"mods":["AchievementEnabler","Aspiration","BaseMod","Better Altar","Better Sensory Stone","Better Skull","Better Third Choice","BetterRewards","Colored Map","Colored Powertips","Conspire","Downfall","Highlight Path","Hubris","Marisa????????","Minty Spire (QoL Compilation)","Quick Restart","READ ME - Guardian Mod","Replay The Spire","Shade Mod","StSLib","The Animator","The Bug Knight","The Construct","The Cursed","The Disciple","The Necromancer","The Runesmith","The Servant 0.9.4"],"gold_per_floor":[118,118,133,150,34,34,53,83,83,83,95,130,146,146,146,251,251,268,268,285,285,33,33,45,45,45,55,65,65,77,88,88,184,184,204,235,1,1,18,18,18,18,18,31,50,84,84,101,101,101,101],"floor_reached":50,"playtime":4178,"items_purged":["Languid"],"score":585,"play_id":"573dc6eb-5f5c-4df7-8783-c51d93a813ae","local_time":"20201211150110","is_ascension_mode":false,"campfire_choices":[{"data":"WindmillStrike","floor":6,"key":"SMITH"},{"floor":15,"key":"REST"},{"data":"BowlingBash","floor":23,"key":"SMITH"},{"data":"Alpha","floor":25,"key":"SMITH"},{"floor":29,"key":"REST"},{"floor":32,"key":"REST"},{"floor":40,"key":"REST"},{"data":"Replay:DivineShield","floor":42,"key":"SMITH"},{"data":"Perseverance","floor":49,"key":"SMITH"}],"circlet_count":0,"master_deck":["Strike_P","Strike_P","Strike_P","Strike_P","Defend_P","Defend_P","Defend_P","Defend_P","Eruption+1","Vigilance","Evaluate","EmptyBody","ClearTheMind","Perseverance","Replay:DivineShield+1","Protect+1","BowlingBash+1","Conclude","Alpha+1","Replay:Anticipation+1","Replay:DivineShield+1","Replay:Hum+1","MentalFortress+1","Perseverance+1","EmptyFist+1","EmptyBody+1","Wallop","Replay:BluntJabs+1","Conclude+1","SpiritShield","Evaluate+1","Protect+1","expansioncontent:AwakenDeath","FlurryOfBlows+1","Parasite","Evaluate+1","FlurryOfBlows+1"],"relics":["PureWater","construct:FoamFinger","conspire:TopHat","hubris:BottledRain","Ring of Searing","Astrolabe","White Beast Statue","ReplayTheSpireMod:CursedCoin","CaptainsWheel","Ornamental Fan","conspire:SpecialSausage","hubris:GlazedTorus","Lee\u0027s Waffle","hubris:Towel","Bottled Flame","aspiration:Lifesprig","Spirit Poop"],"acts_visited":["Exordium","TheCity","TheBeyond"],"potions_floor_usage":[20,30,31,31,33,44,44,46,48,48,50,50],"damage_taken":[{"damage":10,"enemies":"Small Slimes","floor":1,"turns":2},{"damage":4,"enemies":"2 Louse","floor":3,"turns":4},{"damage":0,"enemies":"Jaw Worm","floor":4,"turns":6},{"damage":0,"enemies":"Looter","floor":7,"turns":3},{"damage":32,"enemies":"Gremlin Nob","floor":8,"turns":4},{"damage":1,"enemies":"Exordium Thugs","floor":11,"turns":5},{"damage":23,"enemies":"3 Sentries","floor":12,"turns":9},{"damage":0,"enemies":"Gremlin Gang","floor":13,"turns":3},{"damage":0,"enemies":"Fading Forest","floor":16,"turns":11},{"damage":25,"enemies":"Spheric Guardian","floor":18,"turns":3},{"damage":0,"enemies":"Chosen","floor":20,"turns":6},{"damage":6,"enemies":"Shelled Parasite and Fungi","floor":24,"turns":4},{"damage":19,"enemies":"Sentry and Sphere","floor":27,"turns":5},{"damage":15,"enemies":"Snake Plant","floor":28,"turns":4},{"damage":12,"enemies":"3 Cultists","floor":30,"turns":5},{"damage":6,"enemies":"Centurion and Healer","floor":31,"turns":4},{"damage":23,"enemies":"Collector","floor":33,"turns":7},{"damage":21,"enemies":"Orb Walker","floor":35,"turns":6},{"damage":11,"enemies":"conspire:MimicChest","floor":36,"turns":7},{"damage":67,"enemies":"3 Shapes","floor":39,"turns":5},{"damage":2,"enemies":"Writhing Mass","floor":44,"turns":7},{"damage":0,"enemies":"Transient","floor":45,"turns":5},{"damage":7,"enemies":"Nemesis","floor":46,"turns":7},{"damage":14,"enemies":"Sphere and 2 Shapes","floor":48,"turns":12},{"damage":119,"enemies":"hubris:GrandSnecko","floor":50,"turns":12}],"seed_played":"-3325504942600741849","potions_obtained":[{"floor":3,"key":"Elixir"},{"floor":12,"key":"PowerPotion"},{"floor":16,"key":"LifebloodPotion"},{"floor":18,"key":"SkillPotion"},{"floor":20,"key":"Ambrosia"},{"floor":24,"key":"BlessingOfTheForge"},{"floor":30,"key":"GamblersBrew"},{"floor":31,"key":"hexamod:EctoCoolerPotion"},{"floor":33,"key":"Strength Potion"},{"floor":35,"key":"sneckomod:MuddlingPotion"},{"floor":39,"key":"SpeedPotion"},{"floor":44,"key":"EssenceOfSteel"},{"floor":45,"key":"Energy Potion"},{"floor":46,"key":"PowerPotion"},{"floor":48,"key":"Explosive Potion"}],"is_trial":false,"path_per_floor":["M","?","M","M","$","R","M","E","T","?","M","E","M","?","R","B",null,"M","?","M","?","$","R","M","R","T","M","M","R","M","M","R","B",null,"M","?","$","?","M","R","?","R","T","M","M","E","?","M","R","B"],"character_chosen":"WATCHER","items_purchased":["Perseverance","WindmillStrike","ReplayTheSpireMod:CursedCoin","EmptyFist+1","CaptainsWheel","Lee\u0027s Waffle","expansioncontent:AwakenDeath"],"campfire_rested":4,"item_purchase_floors":[5,5,22,22,22,37,37],"current_hp_per_floor":[62,69,65,65,65,65,65,33,33,33,32,9,9,9,30,40,72,47,47,47,47,47,47,41,41,41,22,7,28,16,10,31,8,72,51,40,79,79,12,35,55,55,55,53,53,46,46,32,32,0,0],"gold":101,"neow_bonus":"THREE_CARDS","is_daily":false,"chose_seed":false,"campfire_upgraded":5,"win_rate":0.0,"timestamp":1607695270,"path_taken":["M","?","M","M","$","R","M","E","T","?","M","E","M","?","R","BOSS","M","?","?","?","$","R","M","R","T","M","M","R","M","M","R","BOSS","M","?","$","?","?","R","?","R","T","M","M","E","?","?","R","BOSS"],"items_purchased_type":["Card","Card","Relic","Undefined","Relic","Relic","Card"],"build_version":"2020-11-30","purchased_purges":1,"victory":false,"max_hp_per_floor":[72,72,72,72,72,72,72,72,72,72,72,72,72,72,72,72,72,72,72,72,72,72,72,72,72,72,72,72,72,72,72,72,72,72,72,72,79,79,79,79,79,79,79,79,79,79,79,79,79,79,79],"card_choices":[{"not_picked":["Worship","EmptyBody"],"picked":"PathToVictory","floor":0},{"not_picked":["Replay:Vibes","FlyingSleeves"],"picked":"Evaluate","floor":1},{"not_picked":["CarveReality","Crescendo"],"picked":"EmptyBody","floor":3},{"not_picked":["CutThroughFate","EmptyBody"],"picked":"ClearTheMind","floor":4},{"not_picked":["JustLucky","FearNoEvil"],"picked":"Consecrate","floor":7},{"not_picked":["Pray","Wireheading"],"picked":"Replay:DivineShield","floor":8},{"not_picked":["Replay:Cycle","Replay:BluntJabs"],"picked":"BowlingBash","floor":11},{"not_picked":["Wireheading","MasterReality"],"picked":"Conclude","floor":12},{"not_picked":["Vengeance","Replay:BluntJabs"],"picked":"Replay:ManipulateFuture","floor":13},{"not_picked":["Wish","DevaForm"],"picked":"Alpha","floor":16},{"not_picked":["BowlingBash+1","EmptyBody"],"picked":"MentalFortress+1","floor":18},{"not_picked":["Replay:AtTheReady","FollowUp"],"picked":"Perseverance","floor":20},{"not_picked":["WheelKick","Indignation"],"picked":"EmptyBody+1","floor":24},{"not_picked":["BowlingBash","Omniscience","EmptyFist"],"picked":"SKIP","floor":27},{"not_picked":["Swivel","Replay:BluntJabs"],"picked":"Wallop","floor":28},{"not_picked":["Adaptation","Replay:AtTheReady"],"picked":"Replay:BluntJabs+1","floor":30},{"not_picked":["Replay:Battleflow","ClearTheMind"],"picked":"Conclude+1","floor":31},{"not_picked":["Omniscience","Ragnarok"],"picked":"SpiritShield","floor":33},{"not_picked":["Indignation+1","Pray+1"],"picked":"Evaluate+1","floor":35},{"not_picked":["Worship","Replay:Vibes+1"],"picked":"Protect+1","floor":36},{"not_picked":["Collect","EmptyFist+1"],"picked":"FlurryOfBlows+1","floor":39},{"not_picked":["Consecrate","Pray"],"picked":"Evaluate+1","floor":44},{"not_picked":["ThirdEye","BattleHymn"],"picked":"FlurryOfBlows+1","floor":45},{"not_picked":["FearNoEvil","Halt","Evaluate"],"picked":"SKIP","floor":46},{"not_picked":["Replay:Cycle+1","FollowUp+1","Conclude"],"picked":"SKIP","floor":48}],"player_experience":127430,"relics_obtained":[{"floor":8,"key":"construct:FoamFinger"},{"floor":9,"key":"conspire:TopHat"},{"floor":12,"key":"hubris:BottledRain"},{"floor":14,"key":"Ring of Searing"},{"floor":26,"key":"Ornamental Fan"},{"floor":36,"key":"hubris:GlazedTorus"},{"floor":43,"key":"Bottled Flame"},{"floor":46,"key":"aspiration:Lifesprig"}],"event_choices":[{"damage_healed":20,"gold_gain":0,"player_choice":"Writhe","damage_taken":0,"max_hp_gain":0,"max_hp_loss":0,"event_name":"Winding Halls","floor":41,"gold_loss":0,"cards_obtained":["Writhe"]},{"cards_removed":["Writhe"],"damage_healed":0,"gold_gain":0,"player_choice":"Offered Curse","damage_taken":0,"relics_obtained":["Spirit Poop"],"max_hp_gain":0,"max_hp_loss":0,"event_name":"Bonfire Elementals","floor":47,"gold_loss":0}],"is_beta":false,"boss_relics":[{"not_picked":["conspire:SeveredTorchhead","hubris:ScarierMask"],"picked":"Astrolabe"},{"not_picked":["Velvet Choker","Tiny House"],"picked":"conspire:SpecialSausage"}],"items_purged_floors":[22],"is_endless":false,"potions_floor_spawned":[3,12,16,18,20,24,27,28,30,31,33,35,36,39,44,45,46,48],"killed_by":"hubris:GrandSnecko","ascension_level":0}}