{"host":"njruw0b0uprlitpx","time":1607715009,"event":{"mods":["2.2 Compatiblity","AchievementEnabler","Aspiration","BaseMod","Block Reminder","Colored Map","Colored Powertips","Jedi Mod","Keyboard Shortcuts","Minty Spire (QoL Compilation)","Replay The Spire","Spicy Shops","StSLib","SuperFastMode","The Bug Knight"],"gold_per_floor":[112,126,7,7,7,38,38,51,132,132,1,42,42,42,42,167,167,192,192,192,2,16,49,49,80,80,99,99,99],"floor_reached":28,"playtime":1193,"items_purged":["Amnesia"],"score":262,"play_id":"53a632e3-0bf6-4963-89d1-1160c4bf9267","local_time":"20201211133009","is_ascension_mode":false,"campfire_choices":[{"data":"HollowMod:FocusHealStart","floor":7,"key":"SMITH"},{"data":"jedi:cleanse","floor":10,"key":"SMITH"},{"data":"HollowMod:Hiveblood","floor":13,"key":"SMITH"},{"data":"HollowMod:RadiancesLament","floor":24,"key":"SMITH"}],"circlet_count":0,"master_deck":["HollowMod:NailStrikeStart+1","HollowMod:NailStrikeStart","HollowMod:NailStrikeStart","HollowMod:NailStrikeStart","HollowMod:QuickDashStart","HollowMod:QuickDashStart","HollowMod:QuickDashStart","HollowMod:QuickDashStart+1","HollowMod:FocusHealStart+1","HollowMod:PogoStrike","CommonCold","HollowMod:HeavyBlow","HollowMod:MothsMistake","jedi:cleanse+1","Injury","HollowMod:CycloneSlash+1","HollowMod:GreatSlash+1","HollowMod:InfectedAttack+1","HollowMod:Hiveblood+1","HollowMod:RadiancesLament+1","HollowMod:InfectedCysts+1","RitualDagger+1","HollowMod:SlysStrikes","HollowMod:NewGlowingWomb","HollowMod:DungDefenderAura","HollowMod:PerfectDash","HollowMod:FallenFury+1"],"relics":["HollowMod:VesselMask","SlaversCollar","ReplayTheSpireMod:CursedCoin","Golden Idol","Molten Egg 2","Eternal Feather","jedi:angrymask","ReplayFunnel","Runic Dome","Question Card","Replay:Rubber Ducky","Pantograph"],"acts_visited":["Exordium","TheCity"],"potions_floor_usage":[12,16,23,23,23],"damage_taken":[{"damage":5,"enemies":"Small Slimes","floor":1,"turns":4},{"damage":1,"enemies":"Jaw Worm","floor":2,"turns":3},{"damage":31,"enemies":"Gremlin Nob","floor":6,"turns":5},{"damage":6,"enemies":"2 Louse","floor":8,"turns":2},{"damage":13,"enemies":"Replay:BlueRogue","floor":12,"turns":3},{"damage":53,"enemies":"Hexaghost","floor":16,"turns":9},{"damage":3,"enemies":"3 Byrds","floor":18,"turns":4},{"damage":7,"enemies":"Chosen","floor":22,"turns":5},{"damage":53,"enemies":"Slavers","floor":23,"turns":3},{"damage":43,"enemies":"Gremlin Leader","floor":25,"turns":5},{"damage":23,"enemies":"Centurion and Healer","floor":27,"turns":6},{"damage":29,"enemies":"Shelled Parasite and Fungi","floor":28,"turns":4}],"seed_played":"-8133582384795786518","potions_obtained":[{"floor":8,"key":"PowerPotion"},{"floor":16,"key":"Regen Potion"},{"floor":22,"key":"BlessingOfTheForge"},{"floor":25,"key":"jedi:hoardpotion"}],"is_trial":false,"path_per_floor":["M","M","$","?","?","E","R","M","T","R","$","E","R","?","R_BF","B",null,"M","?","?","$","M","E","R","E","T","M","M"],"character_chosen":"THE_BUGKNIGHT","items_purchased":["ReplayTheSpireMod:CursedCoin","jedi:cleanse","HollowMod:InfectedAttack+1","Dexterity Potion","HollowMod:SlysStrikes","Adrenaline Potion"],"campfire_rested":0,"item_purchase_floors":[3,3,11,11,21,21],"current_hp_per_floor":[75,74,74,56,56,31,40,40,40,49,49,42,54,54,51,32,75,75,69,69,69,68,44,59,35,35,22,0,0],"gold":99,"neow_bonus":"CURSED_BOSS_RELIC","is_daily":false,"chose_seed":false,"campfire_upgraded":4,"win_rate":0.0,"timestamp":1607715009,"path_taken":["M","M","$","?","?","E","R","M","T","R","$","E","R","?","R_BF","BOSS","M","?","?","$","M","E","R","E","T","M","M"],"items_purchased_type":["Relic","Card","Card","Potion","Card","Potion"],"build_version":"2020-11-30","purchased_purges":1,"victory":false,"max_hp_per_floor":[75,75,75,75,75,75,75,75,75,75,75,75,75,75,75,75,75,75,75,75,75,75,75,75,75,75,75,75,75],"card_choices":[{"not_picked":["HollowMod:SoulSplash","HollowMod:HowlingWraiths"],"picked":"HollowMod:HeavyBlow","floor":1},{"not_picked":["HollowMod:NewLittleFool","HollowMod:CrystalDash"],"picked":"HollowMod:MothsMistake","floor":2},{"not_picked":["HollowMod:DoubleDash","HollowMod:SoulSplash"],"picked":"HollowMod:CycloneSlash+1","floor":6},{"not_picked":["HollowMod:HeavyBlow+1","HollowMod:DescendingDark+1"],"picked":"HollowMod:GreatSlash+1","floor":8},{"not_picked":["HollowMod:MonomonsArchive","HollowMod:VengefulVoid+1"],"picked":"HollowMod:Hiveblood","floor":12},{"not_picked":["HollowMod:LifebloodCore","HollowMod:LordofShades"],"picked":"HollowMod:RadiancesLament","floor":16},{"not_picked":["HollowMod:SoulEater+1","HollowMod:ChannelNail"],"picked":"HollowMod:InfectedCysts+1","floor":18},{"not_picked":["HollowMod:DoubleDash","HollowMod:WraithStrike+1"],"picked":"HollowMod:NewGlowingWomb","floor":22},{"not_picked":["HollowMod:SiblingsShadow+1","HollowMod:DashSlash+1"],"picked":"HollowMod:DungDefenderAura","floor":23},{"not_picked":["HollowMod:CornifersMapStart+1","HollowMod:BlackTendrils+1","HollowMod:WraithStrike+1"],"picked":"HollowMod:PerfectDash","floor":25},{"not_picked":["HollowMod:SoulSplash+1","HollowMod:TaintedHusks","HollowMod:NewJinnsSoul"],"picked":"HollowMod:FallenFury+1","floor":27}],"player_experience":1069720,"relics_obtained":[{"floor":6,"key":"Eternal Feather"},{"floor":9,"key":"jedi:angrymask"},{"floor":12,"key":"ReplayFunnel"},{"floor":23,"key":"Question Card"},{"floor":25,"key":"Replay:Rubber Ducky"},{"floor":26,"key":"Pantograph"}],"event_choices":[{"damage_healed":0,"gold_gain":0,"player_choice":"Take Damage","damage_taken":18,"relics_obtained":["Golden Idol"],"max_hp_gain":0,"max_hp_loss":0,"event_name":"Golden Idol","floor":4,"gold_loss":0},{"damage_healed":0,"gold_gain":0,"player_choice":"Ignored","damage_taken":0,"max_hp_gain":0,"max_hp_loss":0,"event_name":"Liars Game","floor":14,"gold_loss":0},{"damage_healed":0,"gold_gain":0,"player_choice":"Entered Light","damage_taken":15,"max_hp_gain":0,"max_hp_loss":0,"event_name":"Shining Light","floor":15,"gold_loss":0,"cards_upgraded":["HollowMod:NailStrikeStart","HollowMod:QuickDashStart"]},{"damage_healed":0,"gold_gain":0,"player_choice":"Joined the Cult","damage_taken":6,"max_hp_gain":0,"max_hp_loss":0,"event_name":"Nest","floor":19,"gold_loss":0,"cards_obtained":["RitualDagger"]},{"cards_removed":["Injury"],"damage_healed":0,"gold_gain":0,"player_choice":"Elegance","damage_taken":0,"max_hp_gain":0,"max_hp_loss":0,"event_name":"Back to Basics","floor":20,"gold_loss":0}],"is_beta":false,"boss_relics":[{"not_picked":["ReplayTheSpireMod:DimensionalGlitch","aspiration:FutureDiary"],"picked":"Runic Dome"}],"items_purged_floors":[3],"is_endless":false,"potions_floor_spawned":[8,16,22,25],"killed_by":"Shelled Parasite and Fungi","ascension_level":0}}