{"host":"1tl36azeqm6yhdgj","time":1607649123,"event":{"mods":["AchievementEnabler","BaseMod","Minty Spire (QoL Compilation)","StSLib","The IronCluck","everything is the same but u backflip on backflip"],"gold_per_floor":[114,44,54,54,68,68,93,103,103,129,54,54,69,80,80,183,183,200,219,21,35,35,35,35],"floor_reached":23,"playtime":814,"items_purged":["Strike_R"],"score":315,"play_id":"514ab2ee-7223-45a1-9eef-471b66dd63d6","local_time":"20201210201203","is_ascension_mode":true,"campfire_choices":[{"data":"Jack Of All Trades","floor":6.0,"key":"SMITH"},{"floor":12.0,"key":"RECALL"},{"floor":15.0,"key":"REST"}],"circlet_count":0,"master_deck":["AscendersBane","Strike_R","Strike_R","Strike_R","Defend_R","Defend_R","Defend_R","Bash","Cleave","Inflame","Anger","Impervious","Burning Pact","Jack Of All Trades+1","Dropkick","Flex","Berserk","Armaments+1","Shrug It Off+1","Feed","Pommel Strike+1","Havoc+1","Clash"],"relics":["Burning Blood","NeowsBlessing","Toy Ornithopter","Art of War","Toxic Egg 2","Empty Cage","MealTicket"],"acts_visited":["Exordium","TheCity"],"potions_floor_usage":[21],"damage_taken":[{"damage":0.0,"enemies":"Cultist","floor":1.0,"turns":1.0},{"damage":0.0,"enemies":"Small Slimes","floor":3.0,"turns":1.0},{"damage":0.0,"enemies":"Jaw Worm","floor":5.0,"turns":1.0},{"damage":10.0,"enemies":"Lagavulin","floor":7.0,"turns":8.0},{"damage":15.0,"enemies":"3 Louse","floor":8.0,"turns":4.0},{"damage":34.0,"enemies":"Gremlin Nob","floor":10.0,"turns":4.0},{"damage":20.0,"enemies":"Large Slime","floor":13.0,"turns":6.0},{"damage":16.0,"enemies":"Exordium Wildlife","floor":14.0,"turns":5.0},{"damage":21.0,"enemies":"Slime Boss","floor":16.0,"turns":8.0},{"damage":20.0,"enemies":"Chosen","floor":18.0,"turns":5.0},{"damage":13.0,"enemies":"3 Byrds","floor":19.0,"turns":5.0},{"damage":53,"enemies":"Cultist and Chosen","floor":21,"turns":8},{"damage":20,"enemies":"Slavers","floor":23,"turns":2}],"seed_played":"3237183408787177700","potions_obtained":[{"floor":1.0,"key":"SmokeBomb"},{"floor":5.0,"key":"Ancient Potion"},{"floor":10.0,"key":"Block Potion"},{"floor":13.0,"key":"CultistPotion"},{"floor":14.0,"key":"AttackPotion"},{"floor":19.0,"key":"SteroidPotion"}],"is_trial":false,"path_per_floor":["M","$","M","?","M","R","E","M","T","E","$","R","M","M","R","B",null,"M","M","$","M","?","E"],"character_chosen":"IRONCLAD","items_purchased":["Inflame","MealTicket","Havoc+1"],"campfire_rested":1,"item_purchase_floors":[2,20,20],"current_hp_per_floor":[78,78,80,80,80,80,76,67,67,39,39,39,30,20,44,34,69,60,57,57,15,15,0,0],"gold":35,"neow_bonus":"THREE_ENEMY_KILL","is_daily":false,"chose_seed":false,"campfire_upgraded":1,"win_rate":0.0,"timestamp":1607649123,"path_taken":["M","?","?","?","?","R","E","M","T","E","$","R","M","M","R","BOSS","M","M","$","M","?","E"],"items_purchased_type":["Card","Relic","Undefined"],"build_version":"2020-11-30","purchased_purges":1,"victory":false,"max_hp_per_floor":[80,80,80,80,80,80,80,80,80,80,80,80,80,80,80,80,80,80,84,84,84,84,84,84],"card_choices":[{"not_picked":["Ghostly Armor","Warcry"],"picked":"Cleave","floor":1.0},{"not_picked":["Entrench","Bloodletting"],"picked":"Anger","floor":3.0},{"not_picked":["Twin Strike","Uppercut"],"picked":"Dropkick","floor":5.0},{"not_picked":["Inflame","Armaments"],"picked":"Flex","floor":7.0},{"not_picked":["Sword Boomerang","Iron Wave","Rupture"],"picked":"SKIP","floor":8.0},{"not_picked":["Rupture","Berserk","Hemokinesis"],"picked":"SKIP","floor":10.0},{"not_picked":["Rupture","Hemokinesis"],"picked":"Berserk","floor":10.0},{"not_picked":["Havoc+1","Perfected Strike"],"picked":"Armaments+1","floor":13.0},{"not_picked":["Second Wind+1","Rampage"],"picked":"Shrug It Off+1","floor":14.0},{"not_picked":["Offering+1","Brutality"],"picked":"Feed","floor":16.0},{"not_picked":["Twin Strike+1","Heavy Blade+1"],"picked":"Pommel Strike+1","floor":18.0},{"not_picked":["Second Wind+1","Thunderclap","Shrug It Off+1"],"picked":"SKIP","floor":19.0},{"not_picked":["Heavy Blade+1","Twin Strike"],"picked":"Clash","floor":21}],"player_experience":1908355,"relics_obtained":[{"floor":7.0,"key":"Toy Ornithopter"},{"floor":9.0,"key":"Art of War"},{"floor":10.0,"key":"Toxic Egg 2"}],"event_choices":[{"damage_healed":0.0,"max_hp_gain":0.0,"max_hp_loss":0.0,"gold_gain":0.0,"event_name":"Match and Keep!","player_choice":"3 cards matched","floor":4.0,"gold_loss":0.0,"damage_taken":0.0,"cards_obtained":["Impervious","Burning Pact","Jack Of All Trades"]}],"is_beta":false,"boss_relics":[{"not_picked":["SlaversCollar","Black Star"],"picked":"Empty Cage"}],"items_purged_floors":[11],"is_endless":false,"potions_floor_spawned":[1,5,10,13,14,19],"killed_by":"Slavers","ascension_level":11}}