{"host":"6x4iiutqpimyd4s6","time":1607713265,"event":{"mods":["AchievementEnabler","BaseMod","BetterRewards","Colored Map","Data Control","Minty Spire (QoL Compilation)","Nulf Mod","Remove Card Discount Mod","Shop Mod","StSLib"],"gold_per_floor":[111,111,107,57,81,81,115,115,164,164,136,136,157,209,209,339,339,358,308,327,347,193,193,228,228,228,228,228,244,262,302,302,428,428,449,437,451,451,466,509,509,534,534,553,592,611,635,659,659,659],"floor_reached":51,"playtime":970,"items_purged":["Injury","Clumsy","Defend_R","Defend_R","Corruption","Fiend Fire","Metallicize","Flame Barrier","Thunderclap","Body Slam"],"score":972,"play_id":"58858a3e-daf5-45d3-8e5b-e503d494aee7","local_time":"20201211140105","is_ascension_mode":false,"campfire_choices":[{"data":"Heavy Blade","floor":6,"key":"SMITH"},{"data":"Bash","floor":8,"key":"SMITH"},{"data":"Heavy Blade","floor":15,"key":"SMITH"},{"data":"Perfected Strike","floor":23,"key":"SMITH"},{"data":"Heavy Blade","floor":25,"key":"SMITH"},{"data":"Clash","floor":27,"key":"SMITH"},{"data":"Strike_R","floor":32,"key":"SMITH"},{"data":"Heavy Blade","floor":41,"key":"SMITH"},{"floor":49,"key":"REST"}],"circlet_count":0,"master_deck":["Bash+1","Heavy Blade+1","Heavy Blade+1","Perfected Strike+1","Clash+1","Heavy Blade+1","Perfected Strike+1","Heavy Blade+1","Perfected Strike+1","Heavy Blade+1","Shrug It Off+1","Perfected Strike+1","Heavy Blade+1"],"relics":["Burning Blood","Nulfmod:PlaceholderRelic","Nulfmod:PlaceholderRelic2","Golden Idol","Art of War","Red Skull","PreservedInsect","Gremlin Horn","Matryoshka","Orichalcum","Pandora\u0027s Box","Incense Burner","Bag of Preparation","Toy Ornithopter","Blood Vial"],"acts_visited":["Exordium","TheCity","TheBeyond"],"potions_floor_usage":[50],"damage_taken":[{"damage":0,"enemies":"2 Louse","floor":1,"turns":2},{"damage":0,"enemies":"Jaw Worm","floor":5,"turns":2},{"damage":4,"enemies":"Lagavulin","floor":7,"turns":3},{"damage":0,"enemies":"Small Slimes","floor":13,"turns":1},{"damage":0,"enemies":"Slime Boss","floor":16,"turns":4},{"damage":11,"enemies":"2 Thieves","floor":18,"turns":2},{"damage":10,"enemies":"Chosen","floor":20,"turns":2},{"damage":0,"enemies":"Snake Plant","floor":21,"turns":2},{"damage":12,"enemies":"Book of Stabbing","floor":24,"turns":2},{"damage":11,"enemies":"Centurion and Healer","floor":29,"turns":3},{"damage":0,"enemies":"3 Cultists","floor":30,"turns":2},{"damage":0,"enemies":"Gremlin Leader","floor":31,"turns":2},{"damage":19,"enemies":"Collector","floor":33,"turns":4},{"damage":0,"enemies":"Orb Walker","floor":35,"turns":2},{"damage":0,"enemies":"3 Darklings","floor":37,"turns":2},{"damage":20,"enemies":"Writhing Mass","floor":39,"turns":3},{"damage":14,"enemies":"Giant Head","floor":40,"turns":4},{"damage":0,"enemies":"Transient","floor":42,"turns":5},{"damage":19,"enemies":"Maw","floor":44,"turns":3},{"damage":0,"enemies":"Reptomancer","floor":45,"turns":2},{"damage":15,"enemies":"Writhing Mass","floor":46,"turns":2},{"damage":0,"enemies":"3 Darklings","floor":47,"turns":2},{"damage":8,"enemies":"Jaw Worm Horde","floor":48,"turns":2},{"damage":43,"enemies":"Awakened One","floor":50,"turns":7}],"seed_played":"1423991391667044626","potions_obtained":[{"floor":1,"key":"HeartOfIron"},{"floor":7,"key":"Explosive Potion"},{"floor":21,"key":"ElixirPotion"}],"is_trial":false,"path_per_floor":["M","?","$","?","M","R","E","R","T","?","$","$","M","?","R","B",null,"M","$","M","M","$","R","E","R","T","R","?","M","M","E","R","B",null,"M","$","M","?","M","E","R","M","T","M","E","M","M","M","R","B",null],"character_chosen":"IRONCLAD","items_purchased":["Heavy Blade","Clash","PreservedInsect"],"campfire_rested":1,"item_purchase_floors":[11,19,22],"current_hp_per_floor":[96,96,96,96,96,96,96,96,96,77,77,77,83,83,83,89,96,91,91,87,93,93,93,87,87,87,87,87,82,88,94,94,81,96,96,96,96,96,82,74,74,80,80,67,73,66,74,74,96,64],"gold":659,"neow_bonus":"TWENTY_PERCENT_HP_BONUS","is_daily":false,"chose_seed":false,"campfire_upgraded":8,"win_rate":0.0,"timestamp":1607713265,"path_taken":["M","?","$","?","M","R","E","R","T","?","?","$","M","?","R","BOSS","M","$","M","M","$","R","E","R","T","R","?","M","M","E","R","BOSS","M","$","M","?","M","E","R","M","T","M","E","M","M","M","R","BOSS"],"items_purchased_type":["Card","Card","Relic"],"build_version":"2020-11-30","purchased_purges":10,"victory":true,"max_hp_per_floor":[96,96,96,96,96,96,96,96,96,96,96,96,96,96,96,96,96,96,96,96,96,96,96,96,96,96,96,96,96,96,96,96,96,96,96,96,96,96,96,96,96,96,96,96,96,96,96,96,96,96],"card_choices":[{"not_picked":["Havoc","Thunderclap","Hemokinesis"],"picked":"SKIP","floor":1},{"not_picked":["Flame Barrier","Carnage"],"picked":"Heavy Blade","floor":5},{"not_picked":["Spot Weakness","Clothesline","Wild Strike"],"picked":"SKIP","floor":7},{"not_picked":["Headbutt","Wild Strike","Bludgeon"],"picked":"SKIP","floor":13},{"not_picked":["Wild Strike","Clash"],"picked":"Perfected Strike","floor":18},{"not_picked":["Thunderclap","Blood for Blood+1","Reckless Charge"],"picked":"SKIP","floor":20},{"not_picked":["Clothesline","Havoc","Combust"],"picked":"SKIP","floor":21},{"not_picked":["Warcry","Rampage+1"],"picked":"Heavy Blade","floor":24},{"not_picked":["Clothesline","Disarm"],"picked":"Perfected Strike+1","floor":29},{"not_picked":["Iron Wave","Clothesline","Clash"],"picked":"SKIP","floor":30},{"not_picked":["Iron Wave+1","Dark Embrace","Shockwave+1"],"picked":"SKIP","floor":31},{"not_picked":["Shrug It Off","True Grit"],"picked":"Heavy Blade","floor":35},{"not_picked":["Impervious","Anger+1"],"picked":"Perfected Strike+1","floor":37},{"not_picked":["Twin Strike","Power Through","Warcry"],"picked":"SKIP","floor":39},{"not_picked":["Sword Boomerang+1","Wild Strike+1"],"picked":"Heavy Blade+1","floor":40},{"not_picked":["Clothesline","Anger","Havoc"],"picked":"SKIP","floor":42},{"not_picked":["True Grit","Heavy Blade"],"picked":"Shrug It Off+1","floor":44},{"not_picked":["Clash","Immolate"],"picked":"Perfected Strike+1","floor":45},{"not_picked":["Iron Wave","Dark Embrace+1","Hemokinesis+1"],"picked":"SKIP","floor":46},{"not_picked":["Battle Trance","Sword Boomerang"],"picked":"Heavy Blade+1","floor":47},{"not_picked":["Disarm+1","Pommel Strike","Body Slam"],"picked":"SKIP","floor":48}],"player_experience":280251,"relics_obtained":[{"floor":7,"key":"Art of War"},{"floor":9,"key":"Red Skull"},{"floor":24,"key":"Gremlin Horn"},{"floor":26,"key":"Matryoshka"},{"floor":31,"key":"Orichalcum"},{"floor":40,"key":"Incense Burner"},{"floor":43,"key":"Bag of Preparation"},{"floor":43,"key":"Toy Ornithopter"},{"floor":45,"key":"Blood Vial"}],"event_choices":[{"damage_healed":0,"gold_gain":0,"player_choice":"Take Wound","damage_taken":0,"relics_obtained":["Golden Idol"],"max_hp_gain":0,"max_hp_loss":0,"event_name":"Golden Idol","floor":2,"gold_loss":0,"cards_obtained":["Injury"]},{"cards_removed":["Strike_R"],"damage_healed":0,"gold_gain":0,"player_choice":"Card Removal","damage_taken":0,"max_hp_gain":0,"max_hp_loss":0,"event_name":"The Cleric","floor":4,"gold_loss":50},{"damage_healed":0,"gold_gain":0,"player_choice":"Entered Light","damage_taken":19,"max_hp_gain":0,"max_hp_loss":0,"event_name":"Shining Light","floor":10,"gold_loss":0,"cards_upgraded":["Defend_R","Defend_R"]},{"damage_healed":0,"gold_gain":52,"player_choice":"Gained Gold","damage_taken":0,"max_hp_gain":0,"max_hp_loss":0,"event_name":"Golden Wing","floor":14,"gold_loss":0},{"damage_healed":0,"gold_gain":0,"player_choice":"Ignored","damage_taken":0,"max_hp_gain":0,"max_hp_loss":0,"event_name":"Beggar","floor":28,"gold_loss":0},{"damage_healed":0,"gold_gain":0,"player_choice":"Ignored","damage_taken":0,"max_hp_gain":0,"max_hp_loss":0,"event_name":"Tomb of Lord Red Mask","floor":38,"gold_loss":0}],"is_beta":false,"boss_relics":[{"not_picked":["Philosopher\u0027s Stone","Runic Dome","Sozu"]},{"not_picked":["SlaversCollar","Black Star"],"picked":"Pandora\u0027s Box"}],"items_purged_floors":[3,3,11,11,36,36,36,36,36,36],"is_endless":false,"potions_floor_spawned":[1,7,21,29,30,31,37,39,44,45],"ascension_level":0}}