{"host":"f14d6hm2349s9jse","time":1607655774,"event":{"mods":["2.2 Compatiblity","BaseMod","Minty Spire (QoL Compilation)","StSLib","【东方二次创作】八云紫mod"],"gold_per_floor":[130,130,143,143,160,160,188,203,203,203,222,222,235,235,235,335,335,335],"floor_reached":17,"playtime":1473,"items_purged":[],"score":182,"play_id":"a411a388-b843-43ee-a87b-050704a267ab","local_time":"20201210220254","is_ascension_mode":false,"campfire_choices":[{"data":"Theboundaryofcreation_purpleEX","floor":6,"key":"SMITH"},{"floor":12,"key":"REST"},{"floor":15,"key":"REST"}],"circlet_count":0,"master_deck":["AT_purpleEX","AT_purpleEX","AT_purpleEX","AT_purpleEX","Defend_purpleEX","Defend_purpleEX","Defend_purpleEX","Defend_purpleEX","Observe_purple_1","Observe_purple_2","CommonSense_AntiCommonSense_purple","Theboundaryofcreation_purpleEX+1","ExternalForce_HighSpeedFlying_purple+1","BarrageBoundary_PipeDream_purple"],"relics":["Boundary_crack","Memoryfragments_purpleEX","NeowsBlessing","InkBottle","Sozu"],"acts_visited":["Exordium","TheCity"],"potions_floor_usage":[7],"damage_taken":[{"damage":0,"enemies":"Small Slimes","floor":1,"turns":1},{"damage":0,"enemies":"Jaw Worm","floor":3,"turns":1},{"damage":0,"enemies":"Cultist","floor":5,"turns":1},{"damage":21,"enemies":"Lagavulin","floor":7,"turns":7},{"damage":24,"enemies":"Exordium Thugs","floor":8,"turns":7},{"damage":10,"enemies":"Large Slime","floor":11,"turns":8},{"damage":0,"enemies":"Red Slaver","floor":13,"turns":3},{"damage":32,"enemies":"The Guardian","floor":16,"turns":8}],"seed_played":"6870240233721584849","potions_obtained":[{"floor":3,"key":"PowerPotion"},{"floor":7,"key":"DistilledChaos"},{"floor":13,"key":"ColorlessPotion"},{"floor":16,"key":"GamblersBrew"}],"is_trial":false,"path_per_floor":["M","?","M","?","M","R","E","M","T","?","M","R","M","?","R","B",null],"character_chosen":"Youkari","items_purchased":[],"campfire_rested":2,"item_purchase_floors":[],"current_hp_per_floor":[70,70,70,70,70,70,54,40,40,28,22,43,48,48,69,39,70,70],"gold":335,"neow_bonus":"THREE_ENEMY_KILL","is_daily":false,"chose_seed":false,"campfire_upgraded":1,"win_rate":0.0,"timestamp":1607655774,"path_taken":["M","?","M","?","M","R","E","M","T","?","M","R","M","?","R","BOSS"],"items_purchased_type":[],"build_version":"2020-11-30","purchased_purges":0,"victory":false,"max_hp_per_floor":[70,70,70,70,70,70,70,70,70,70,70,70,70,70,70,70,70,70],"card_choices":[{"not_picked":["Line_surface_state_purple","AdvanceAttack_purple","WeekHit_purple"],"picked":"SKIP","floor":1},{"not_picked":["StateErode_purple","Fantasy_PerpetualMotionMachine_purple"],"picked":"CommonSense_AntiCommonSense_purple","floor":3},{"not_picked":["RuleDissolution_purple","Boundary_ObjectiveBoundary_purple"],"picked":"Theboundaryofcreation_purpleEX","floor":5},{"not_picked":["Umbrella_purple","RuptureOfTimeAndSpace_purple"],"picked":"ExternalForce_HighSpeedFlying_purple","floor":7},{"not_picked":["RuleDissolution_purple","Line_surface_state_purple","StateDuplicate_purple"],"picked":"SKIP","floor":8},{"not_picked":["CommonSense_AntiCommonSense_purple","RuleDissolution_purple","Boundary_DreamRealityDamnation_purple"],"picked":"SKIP","floor":11},{"not_picked":["Umbrella_purple","ExistenceContinue_purple","CommonSense_AntiCommonSense_purple"],"picked":"SKIP","floor":13},{"not_picked":["ContainerChange_purple","Computing_the_future_purpleEX"],"picked":"BarrageBoundary_PipeDream_purple","floor":16}],"player_experience":2463875,"relics_obtained":[{"floor":7,"key":"InkBottle"}],"event_choices":[{"damage_healed":0,"gold_gain":0,"player_choice":"Leave","damage_taken":0,"max_hp_gain":0,"max_hp_loss":0,"event_name":"The Cleric","floor":2,"gold_loss":0},{"damage_healed":0,"gold_gain":0,"player_choice":"Ignored","damage_taken":0,"max_hp_gain":0,"max_hp_loss":0,"event_name":"Golden Wing","floor":4,"gold_loss":0},{"damage_healed":0,"gold_gain":0,"player_choice":"Upgraded","damage_taken":0,"max_hp_gain":0,"max_hp_loss":0,"event_name":"Upgrade Shrine","floor":14,"gold_loss":0,"cards_upgraded":["ExternalForce_HighSpeedFlying_purple"]}],"is_beta":false,"boss_relics":[{"not_picked":["Velvet Choker","Philosopher\u0027s Stone"],"picked":"Sozu"}],"items_purged_floors":[],"is_endless":false,"potions_floor_spawned":[3,7,13,16],"ascension_level":0}}