{"host":"wfuprrvhjp4xs686","time":1607667981,"event":{"mods":["BaseMod","Better Match","Better Skull","Better Third Choice","Minty Spire (QoL Compilation)","Quick Restart","Replay The Spire","Spicy Shops","StSLib","Uncapped","Unceasing Turn Reminder"],"gold_per_floor":[113,36,56,56,81,81,116,116,116,146,159,197,122,161,161,161,161],"floor_reached":16,"playtime":2248,"items_purged":[],"score":336,"play_id":"953c6be1-b279-4c93-8262-0d1583d98429","local_time":"20201211012621","daily_mods":["SealedDeck","DeadlyEvents","Elite Swarm","Uncertain Future"],"is_ascension_mode":true,"campfire_choices":[{"data":"True Grit","floor":6,"key":"SMITH"},{"data":"Evolve","floor":8,"key":"SMITH"},{"data":"Fire Breathing","floor":15,"key":"SMITH"}],"circlet_count":0,"master_deck":["AscendersBane","Sentinel","Thunderclap","Rampage","Ghostly Armor","Shrug It Off","True Grit+1","Shrug It Off","Fire Breathing+1","Evolve+1","Dropkick+1"],"relics":["Burning Blood","Golden Idol","FossilizedHelix","White Beast Statue","Pocketwatch","Replay:Bottled Eggs","InkBottle"],"acts_visited":["Exordium"],"potions_floor_usage":[7,7,11,14,16,16],"damage_taken":[{"damage":0,"enemies":"Cultist","floor":1,"turns":4},{"damage":2,"enemies":"2 Louse","floor":3,"turns":3},{"damage":3,"enemies":"Small Slimes","floor":5,"turns":6},{"damage":5,"enemies":"Lagavulin","floor":7,"turns":6},{"damage":15,"enemies":"Exordium Wildlife","floor":11,"turns":4},{"damage":0,"enemies":"3 Sentries","floor":12,"turns":3},{"damage":0,"enemies":"Gremlin Nob","floor":14,"turns":4},{"damage":62,"enemies":"Fading Forest","floor":16,"turns":9}],"seed_played":"8387461305754679823","potions_obtained":[{"floor":1,"key":"AttackPotion"},{"floor":5,"key":"CultistPotion"},{"floor":7,"key":"EntropicBrew"},{"floor":11,"key":"DistilledChaos"},{"floor":14,"key":"Block Potion"}],"is_trial":true,"path_per_floor":["M","$","M","?","M","R","E","R","T","?","M","E","?","E","R","B"],"character_chosen":"IRONCLAD","items_purchased":["Dropkick"],"campfire_rested":0,"item_purchase_floors":[2],"current_hp_per_floor":[74,74,75,49,52,52,53,53,53,53,44,50,50,56,56,0,0],"gold":161,"neow_bonus":"","is_daily":false,"chose_seed":false,"campfire_upgraded":3,"win_rate":0.0,"timestamp":1607667981,"path_taken":["M","$","M","?","M","R","E","R","T","?","M","E","?","E","R","BOSS"],"items_purchased_type":["Card"],"build_version":"2020-11-30","purchased_purges":0,"victory":false,"max_hp_per_floor":[75,75,75,75,75,75,75,75,75,75,75,75,75,75,75,75,75],"card_choices":[{"not_picked":["Clothesline","Shockwave","Flex"],"picked":"SKIP","floor":1},{"not_picked":["Defy Death","Pummel","Sever Soul"],"picked":"SKIP","floor":3},{"not_picked":["Clothesline","Shrug It Off","Replay:Undeath\u0027s Touch"],"picked":"SKIP","floor":5},{"not_picked":["Double Tap","Demon Form","Berserk"],"picked":"SKIP","floor":7},{"not_picked":["ReplayTheSpireMod:Stacked","ReplayTheSpireMod:Strike From Hell","Ghostly Armor"],"picked":"SKIP","floor":11},{"not_picked":["Impervious","Replay:Many Hands","Demon Form"],"picked":"SKIP","floor":12},{"not_picked":["Brutality","Juggernaut","Impervious"],"picked":"SKIP","floor":14}],"player_experience":2284811,"relics_obtained":[{"floor":7,"key":"FossilizedHelix"},{"floor":9,"key":"White Beast Statue"},{"floor":12,"key":"Replay:Bottled Eggs"},{"floor":14,"key":"InkBottle"}],"event_choices":[{"damage_healed":0,"gold_gain":0,"player_choice":"Take Damage","damage_taken":26,"relics_obtained":["Golden Idol"],"max_hp_gain":0,"max_hp_loss":0,"event_name":"Golden Idol","floor":4,"gold_loss":0},{"damage_healed":0,"gold_gain":30,"player_choice":"Searched \u00273\u0027 times","damage_taken":0,"relics_obtained":["Pocketwatch"],"max_hp_gain":0,"max_hp_loss":0,"event_name":"Dead Adventurer","floor":10,"gold_loss":0},{"cards_removed":["Wild Strike"],"damage_healed":0,"gold_gain":0,"player_choice":"Card Removal","damage_taken":0,"max_hp_gain":0,"max_hp_loss":0,"event_name":"The Cleric","floor":13,"gold_loss":75}],"is_beta":false,"boss_relics":[],"items_purged_floors":[],"is_endless":true,"potions_floor_spawned":[1,5,7,11,12,14],"killed_by":"Fading Forest","ascension_level":20}}