{"host":"hy2szz7gr4t1h4kp","time":1607727402,"event":{"mods":["Act Like it!","Ascension Unlocker","Aspiration","BaseMod","Beaked The Cultist","Better Sensory Stone","Better Third Choice","Better-Laid Plans","Challenge The Spire","Colored Map","Custom Start","Elementarium","Energized Spire","GifTheSpireLib","Minty Spire (QoL Compilation)","Robot Space Explorer","Shade Mod","Shop Mod","StSLib","Stuff the Spire","The Cursed","The Hierophant","The Servant 0.9.4"],"gold_per_floor":[114,134,151,151,151,151,168,186,186,196,214,240,258,277,277,376,376,390,390,390,245,265,401,416,431,506,522,522,542,558,518,518,620,620,638,638,638,340,340,468,480,480,480,214,228,248,248,262,262,262,262],"floor_reached":50,"playtime":4193,"items_purged":[],"score":517,"play_id":"8e85c91f-fac3-4307-9422-23c18ce6f2d1","local_time":"20201211145642","is_ascension_mode":false,"campfire_choices":[{"data":"beaked:Foresight","floor":6,"key":"SMITH"},{"data":"beaked:KnowThyFoe","floor":15,"key":"SMITH"},{"data":"beaked:DarkPact","floor":32,"key":"SMITH"},{"floor":47,"key":"REST"},{"floor":49,"key":"RECALL"}],"circlet_count":0,"master_deck":["beaked:Strike_Y","beaked:Strike_Y","beaked:Strike_Y","beaked:Strike_Y","beaked:Strike_Y","beaked:Defend_Y","beaked:Defend_Y","beaked:Ceremony","beaked:Ceremony","beaked:Ceremony","Bouncing Flask","Survivor","StuffTheSpire:BumpUp+1","beaked:CursingBlood","beaked:Foresight","beaked:KnowThyFoe+1","beaked:StickSmack","beaked:Tweet","beaked:KnowThyFoe","beaked:TuckingFeathers+1","Master of Strategy","Swift Strike","beaked:DarkPact+1","beaked:Brace+1","beaked:Caw","beaked:Evade+1","StuffTheSpire:CelestialWarden","beaked:Foresight+1","StuffTheSpire:CelestialWarden","Dagger Throw+1","hierophant:Community+1","beaked:CursingBlood","Rip and Tear","hierophant:ThreeLashes","FlyingSleeves+1"],"relics":["beaked:MendingPlumage","HornCleat","StuffTheSpire:TintedRock","StuffTheSpire:ModemDavis","MutagenicStrength","Omamori","aspiration:RandomNobGenerator","StuffTheSpire:Mouthbags","PrismaticShard","Shuriken","Dream Catcher","Singing Bowl"],"acts_visited":["Exordium","TheCity","TheBeyond"],"potions_floor_usage":[23,24,29,29,45,45],"damage_taken":[{"damage":14,"enemies":"Jaw Worm","floor":1,"turns":7},{"damage":5,"enemies":"Small Slimes","floor":2,"turns":4},{"damage":7,"enemies":"Cultist","floor":3,"turns":5},{"damage":28,"enemies":"Exordium Thugs","floor":7,"turns":14},{"damage":5,"enemies":"2 Fungi Beasts","floor":8,"turns":4},{"damage":22,"enemies":"3 Louse","floor":10,"turns":7},{"damage":23,"enemies":"Exordium Thugs","floor":11,"turns":8},{"damage":19,"enemies":"Blue Slaver","floor":13,"turns":6},{"damage":14,"enemies":"Large Slime","floor":14,"turns":6},{"damage":22,"enemies":"Hexaghost","floor":16,"turns":7},{"damage":33,"enemies":"3 Byrds","floor":18,"turns":6},{"damage":7,"enemies":"Shell Parasite","floor":22,"turns":4},{"damage":49,"enemies":"Slavers","floor":23,"turns":6},{"damage":10,"enemies":"Snecko","floor":24,"turns":7},{"damage":6,"enemies":"Snake Plant","floor":25,"turns":5},{"damage":12,"enemies":"Centurion and Healer","floor":27,"turns":8},{"damage":68,"enemies":"Cultist and Chosen","floor":29,"turns":10},{"damage":3,"enemies":"Snake Plant","floor":30,"turns":5},{"damage":42,"enemies":"Automaton","floor":33,"turns":10},{"damage":12,"enemies":"3 Shapes","floor":35,"turns":5},{"damage":22,"enemies":"Giant Head","floor":40,"turns":9},{"damage":13,"enemies":"Orb Walker","floor":41,"turns":4},{"damage":4,"enemies":"4 Shapes","floor":45,"turns":2},{"damage":39,"enemies":"Sphere and 2 Shapes","floor":46,"turns":6},{"damage":16,"enemies":"Writhing Mass","floor":48,"turns":8},{"damage":93,"enemies":"Donu and Deca","floor":50,"turns":9}],"seed_played":"5362362949918181201","potions_obtained":[{"floor":5,"key":"Fruit Juice"},{"floor":5,"key":"EssenceOfSteel"},{"floor":5,"key":"BlessingOfTheForge"},{"floor":8,"key":"SteroidPotion"},{"floor":10,"key":"LiquidMemories"},{"floor":16,"key":"LiquidMemories"},{"floor":23,"key":"BlessingOfTheForge"},{"floor":29,"key":"FearPotion"},{"floor":33,"key":"Ancient Potion"},{"floor":35,"key":"DuplicationPotion"}],"is_trial":false,"path_per_floor":["M","M","M","?","?","R","M","M","T","M","M","T","M","M","R","B",null,"M","?","?","$","M","E","M","M","T","M","?","M","M","?","R","B",null,"M","?","?","$","?","E","M","R","T","$","M","M","R","M","R","B"],"character_chosen":"BEAKED_THE_CULTIST","items_purchased":["Omamori","StuffTheSpire:Mouthbags","PrismaticShard","beaked:CursingBlood","Singing Bowl"],"campfire_rested":1,"item_purchase_floors":[21,38,38,44,44],"current_hp_per_floor":[55,55,55,55,55,55,55,55,55,49,47,47,44,52,52,50,55,39,39,39,39,48,22,39,50,50,55,55,6,23,23,23,20,55,53,53,53,53,53,46,46,46,46,46,51,31,47,56,56,0,0],"gold":262,"neow_bonus":"TEN_PERCENT_HP_BONUS","is_daily":false,"chose_seed":false,"campfire_upgraded":3,"win_rate":0.0,"timestamp":1607727402,"path_taken":["M","M","M","?","?","R","M","?","T","M","M","?","M","M","R","BOSS","M","?","?","$","M","E","M","M","T","?","?","M","M","?","R","BOSS","M","?","?","$","?","E","M","R","T","$","M","?","R","M","R","BOSS"],"items_purchased_type":["Relic","Relic","Relic","Card","Relic"],"build_version":"2020-11-30","purchased_purges":0,"victory":false,"max_hp_per_floor":[55,55,55,55,55,55,55,55,55,55,55,55,55,55,55,55,55,55,55,55,55,55,55,55,55,55,55,55,55,55,55,55,55,55,55,55,55,55,55,55,55,55,55,55,55,55,55,57,57,57,57],"card_choices":[{"not_picked":["beaked:SurvivalInstinct","beaked:DigDeep","beaked:Poke"],"picked":"SKIP","floor":1},{"not_picked":["beaked:Tweet","beaked:Cower"],"picked":"beaked:Foresight","floor":2},{"not_picked":["beaked:CheekyTricks","beaked:WarriorEssence","beaked:Resilience"],"picked":"SKIP","floor":3},{"not_picked":["beaked:Resilience","beaked:SurvivalInstinct"],"picked":"beaked:CursingBlood","floor":7},{"not_picked":["beaked:Daydream","beaked:SurvivalInstinct"],"picked":"beaked:Foresight","floor":8},{"not_picked":["beaked:BraceForImpact","beaked:MimicHuntress"],"picked":"beaked:KnowThyFoe","floor":10},{"not_picked":["beaked:Poke","beaked:Cower","beaked:Insight"],"picked":"SKIP","floor":11},{"not_picked":["beaked:Insight","beaked:FeelMyPain"],"picked":"beaked:StickSmack","floor":13},{"not_picked":["beaked:WarriorEssence","beaked:WildInstinct"],"picked":"beaked:Tweet","floor":14},{"not_picked":["beaked:LiftOff","beaked:ScreechingChant"],"picked":"beaked:KnowThyFoe","floor":16},{"not_picked":["beaked:FeelMyPain+1","beaked:Resilience+1"],"picked":"beaked:TuckingFeathers+1","floor":18},{"not_picked":["Blind","StuffTheSpire:Recharge"],"picked":"Master of Strategy","floor":20},{"not_picked":["Enlightenment","Thinking Ahead"],"picked":"Swift Strike","floor":20},{"not_picked":["beaked:Devastation","beaked:Roost","beaked:Redirect"],"picked":"SKIP","floor":22},{"not_picked":["beaked:BounceBack","beaked:MachineSpirit"],"picked":"beaked:DarkPact","floor":23},{"not_picked":["beaked:SacrificialAttack","beaked:FeelMyPain","beaked:Redirect"],"picked":"SKIP","floor":24},{"not_picked":["beaked:TuckingFeathers","beaked:WarriorEssence"],"picked":"beaked:Brace","floor":25},{"not_picked":["beaked:BraceForImpact","beaked:FeelMyPain","beaked:FakeOut"],"picked":"SKIP","floor":27},{"not_picked":["beaked:Mantra","beaked:SurvivalInstinct","beaked:BraceForImpact"],"picked":"SKIP","floor":29},{"not_picked":["beaked:Foresight+1","beaked:Evade","beaked:DigDeeper"],"picked":"SKIP","floor":30},{"not_picked":["beaked:FullHouse","beaked:ScreechingChant"],"picked":"beaked:Caw","floor":33},{"not_picked":["beaked:WarriorEssence+1","beaked:Daydream+1"],"picked":"beaked:Evade+1","floor":35},{"not_picked":["StuffTheSpire:Harmony","StuffTheSpire:Perfection"],"picked":"StuffTheSpire:CelestialWarden","floor":36},{"not_picked":["Rearm","Foresight"],"picked":"Dagger Throw+1","floor":40},{"not_picked":["RobotSpaceExplorer:MiniDrones+1","Burst"],"picked":"hierophant:Community+1","floor":41},{"not_picked":["TheCursedMod:CircleOfFocus+1","CrushJoints"],"picked":"Rip and Tear","floor":45},{"not_picked":["Shade:Premonition","Comet"],"picked":"hierophant:ThreeLashes","floor":46},{"not_picked":["StuffTheSpire:ReptileScales+1","Shade:FeralStrike+1"],"picked":"FlyingSleeves+1","floor":47},{"not_picked":["hierophant:Shelter+1","Streamline","StuffTheSpire:GlassShard"],"picked":"Singing Bowl","floor":48}],"player_experience":308853,"relics_obtained":[{"floor":9,"key":"HornCleat"},{"floor":12,"key":"StuffTheSpire:TintedRock"},{"floor":23,"key":"StuffTheSpire:Barrel"},{"floor":40,"key":"Shuriken"},{"floor":43,"key":"Dream Catcher"}],"event_choices":[{"damage_healed":0,"gold_gain":0,"player_choice":"Got Potions","damage_taken":0,"max_hp_gain":0,"max_hp_loss":0,"event_name":"Lab","floor":5,"gold_loss":0},{"damage_healed":0,"gold_gain":0,"player_choice":"Inject Mutagens","damage_taken":0,"relics_obtained":["MutagenicStrength"],"max_hp_gain":0,"max_hp_loss":0,"event_name":"Drug Dealer","floor":19,"gold_loss":0},{"damage_healed":0,"gold_gain":2,"player_choice":"1","damage_taken":0,"max_hp_gain":0,"max_hp_loss":0,"event_name":"betterStone:BetterStone","floor":20,"gold_loss":0},{"damage_healed":0,"gold_gain":0,"player_choice":"Ignored","damage_taken":0,"max_hp_gain":0,"max_hp_loss":0,"event_name":"Vampires","floor":28,"gold_loss":0},{"damage_healed":0,"gold_gain":0,"player_choice":"Upgraded Two","damage_taken":0,"max_hp_gain":0,"max_hp_loss":0,"event_name":"Designer","floor":31,"gold_loss":40,"cards_upgraded":["StuffTheSpire:BumpUp","beaked:Brace"]},{"damage_healed":0,"gold_gain":0,"player_choice":"Ignored","damage_taken":0,"max_hp_gain":0,"max_hp_loss":0,"event_name":"Tomb of Lord Red Mask","floor":37,"gold_loss":0},{"damage_healed":0,"gold_gain":0,"player_choice":"Copied","damage_taken":0,"max_hp_gain":0,"max_hp_loss":0,"event_name":"Duplicator","floor":39,"gold_loss":0,"cards_obtained":["StuffTheSpire:CelestialWarden"]}],"is_beta":false,"boss_relics":[{"not_picked":["energizedSpire:StickyHand","aspiration:ServantSkillbook"],"picked":"StuffTheSpire:ModemDavis"},{"not_picked":["Astrolabe","Philosopher\u0027s Stone"],"picked":"aspiration:RandomNobGenerator"}],"items_purged_floors":[],"is_endless":false,"potions_floor_spawned":[8,10,11,14,16,22,23,29,33,35,41],"killed_by":"Donu and Deca","ascension_level":0}}