{"host":"6x4iiutqpimyd4s6","time":1607718208,"event":{"mods":["AchievementEnabler","BaseMod","BetterRewards","Colored Map","Data Control","Minty Spire (QoL Compilation)","Nulf Mod","Remove Card Discount Mod","Shop Mod","StSLib"],"gold_per_floor":[118,193,268,280,299,331,350,385,385,395,395,429,444,281,281,379,429,442,269,281,299,299,331,331,331,355,383,166,192,192,212,212,316,316,316],"floor_reached":34,"playtime":770,"items_purged":["Strike_R","Strike_R","Strike_R","Strike_R","Defend_R","Defend_R","Strike_R"],"score":512,"play_id":"fa0610f2-0553-4c9b-8b1a-26b71e21dc96","local_time":"20201211152328","is_ascension_mode":false,"campfire_choices":[{"data":"Feed","floor":11,"key":"SMITH"},{"data":"Heavy Blade","floor":15,"key":"SMITH"},{"data":"Metallicize","floor":24,"key":"SMITH"},{"data":"Limit Break","floor":32,"key":"SMITH"}],"circlet_count":0,"master_deck":["Defend_R+1","Defend_R+1","Bash+1","Feed+1","Heavy Blade+1","Barricade","Shrug It Off","Metallicize+1","Metallicize","Heavy Blade+1","Limit Break+1","Feed"],"relics":["Burning Blood","Nulfmod:PlaceholderRelic","Nulfmod:PlaceholderRelic2","Prayer Wheel","Bronze Scales","Self Forming Clay","Charon\u0027s Ashes","Sling","Membership Card","The Courier","CeramicFish","PreservedInsect","Shuriken","Blood Vial","MerchantsRug","Boot","MutagenicStrength"],"acts_visited":["Exordium","TheCity","TheBeyond"],"potions_floor_usage":[],"damage_taken":[{"damage":12,"enemies":"2 Louse","floor":1,"turns":3},{"damage":0,"enemies":"Cultist","floor":4,"turns":2},{"damage":0,"enemies":"Small Slimes","floor":5,"turns":2},{"damage":6,"enemies":"Lagavulin","floor":6,"turns":4},{"damage":0,"enemies":"2 Fungi Beasts","floor":7,"turns":2},{"damage":1,"enemies":"Gremlin Nob","floor":8,"turns":3},{"damage":4,"enemies":"Looter","floor":10,"turns":4},{"damage":18,"enemies":"Lagavulin","floor":12,"turns":4},{"damage":0,"enemies":"3 Louse","floor":13,"turns":1},{"damage":7,"enemies":"The Guardian","floor":16,"turns":5},{"damage":0,"enemies":"Shell Parasite","floor":18,"turns":3},{"damage":1,"enemies":"Chosen","floor":20,"turns":2},{"damage":5,"enemies":"Centurion and Healer","floor":21,"turns":3},{"damage":11,"enemies":"Slavers","floor":23,"turns":6},{"damage":0,"enemies":"Shelled Parasite and Fungi","floor":27,"turns":3},{"damage":0,"enemies":"Book of Stabbing","floor":29,"turns":4},{"damage":5,"enemies":"Snake Plant","floor":31,"turns":2},{"damage":11,"enemies":"Collector","floor":33,"turns":4}],"seed_played":"-1594344687653584432","potions_obtained":[{"floor":4,"key":"BlessingOfTheForge"},{"floor":5,"key":"SmokeBomb"},{"floor":6,"key":"ColorlessPotion"},{"floor":20,"key":"FairyPotion"},{"floor":33,"key":"DuplicationPotion"}],"is_trial":false,"path_per_floor":["M","?","?","M","M","E","M","E","T","M","R","E","M","$","R","B",null,"M","$","M","M","?","E","R","?","T","M","$","E","?","M","R","B",null],"character_chosen":"IRONCLAD","items_purchased":["Sling","Shrug It Off","Membership Card","PreservedInsect","Shuriken","Blood Vial","MerchantsRug"],"campfire_rested":0,"item_purchase_floors":[14,19,19,28,28,28,28],"current_hp_per_floor":[82,71,63,69,75,75,81,86,86,88,88,80,90,90,90,93,105,109,109,113,117,117,116,116,116,116,125,125,129,129,133,133,132,137,137],"gold":316,"neow_bonus":"TEN_PERCENT_HP_BONUS","is_daily":false,"chose_seed":false,"campfire_upgraded":4,"win_rate":0.0,"timestamp":1607718208,"path_taken":["M","?","?","M","M","E","M","E","T","M","R","E","M","$","R","BOSS","M","$","?","M","?","E","R","?","T","M","$","E","?","M","R","BOSS"],"items_purchased_type":["Relic","Card","Relic","Relic","Relic","Relic","Relic"],"build_version":"2020-11-30","purchased_purges":7,"victory":false,"max_hp_per_floor":[88,88,88,88,88,88,88,88,88,88,88,92,96,96,96,100,105,109,109,113,117,117,121,121,121,121,125,125,129,129,133,133,137,137,137],"card_choices":[{"not_picked":["Clothesline","Flex","Searing Blow"],"picked":"SKIP","floor":1},{"not_picked":["Carnage","Pommel Strike","Headbutt"],"picked":"SKIP","floor":4},{"not_picked":["Uppercut","Rampage","Iron Wave"],"picked":"SKIP","floor":5},{"not_picked":["Sever Soul","Armaments","Warcry"],"picked":"SKIP","floor":6},{"not_picked":["Sword Boomerang","Rampage","Pommel Strike"],"picked":"SKIP","floor":7},{"not_picked":["Anger","Evolve","Dropkick"],"picked":"SKIP","floor":7},{"not_picked":["Feel No Pain","Disarm"],"picked":"Feed","floor":8},{"not_picked":["Entrench","Warcry"],"picked":"Heavy Blade","floor":10},{"not_picked":["Pommel Strike","Infernal Blade","Sword Boomerang"],"picked":"SKIP","floor":10},{"not_picked":["Intimidate","Cleave","Berserk"],"picked":"SKIP","floor":12},{"not_picked":["Havoc","True Grit","Pommel Strike"],"picked":"SKIP","floor":13},{"not_picked":["Headbutt","Rupture","Juggernaut"],"picked":"SKIP","floor":13},{"not_picked":["Juggernaut","Exhume"],"picked":"Barricade","floor":16},{"not_picked":["True Grit","Warcry","Headbutt"],"picked":"SKIP","floor":18},{"not_picked":["Second Wind+1","Perfected Strike","Intimidate"],"picked":"SKIP","floor":18},{"not_picked":["Dual Wield","Seeing Red+1"],"picked":"Metallicize","floor":20},{"not_picked":["Burning Pact","Havoc+1","Perfected Strike"],"picked":"SKIP","floor":20},{"not_picked":["Flex","Rage"],"picked":"Metallicize","floor":21},{"not_picked":["Clothesline+1","Fiend Fire","Warcry"],"picked":"SKIP","floor":21},{"not_picked":["Fire Breathing","Havoc","Rupture"],"picked":"SKIP","floor":23},{"not_picked":["Sever Soul","Infernal Blade"],"picked":"Heavy Blade+1","floor":27},{"not_picked":["Burning Pact","Pommel Strike","Sword Boomerang"],"picked":"SKIP","floor":27},{"not_picked":["Disarm","Twin Strike","Warcry"],"picked":"SKIP","floor":29},{"not_picked":["Havoc","Warcry"],"picked":"Limit Break","floor":31},{"not_picked":["Sword Boomerang","Twin Strike","Pommel Strike"],"picked":"SKIP","floor":31},{"not_picked":["Double Tap","Exhume"],"picked":"Feed","floor":33}],"player_experience":284817,"relics_obtained":[{"floor":6,"key":"Prayer Wheel"},{"floor":8,"key":"Bronze Scales"},{"floor":9,"key":"Self Forming Clay"},{"floor":12,"key":"Charon\u0027s Ashes"},{"floor":23,"key":"The Courier"},{"floor":26,"key":"CeramicFish"},{"floor":29,"key":"Boot"}],"event_choices":[{"damage_healed":0,"gold_gain":75,"player_choice":"Gather Gold","damage_taken":11,"max_hp_gain":0,"max_hp_loss":0,"event_name":"World of Goop","floor":2,"gold_loss":0},{"damage_healed":0,"gold_gain":75,"player_choice":"Touch","damage_taken":8,"max_hp_gain":0,"max_hp_loss":0,"event_name":"FaceTrader","floor":3,"gold_loss":0},{"damage_healed":0,"gold_gain":0,"player_choice":"Simplicity","damage_taken":0,"max_hp_gain":0,"max_hp_loss":0,"event_name":"Back to Basics","floor":22,"gold_loss":0,"cards_upgraded":["Defend_R","Defend_R"]},{"damage_healed":0,"gold_gain":0,"player_choice":"Ignored","damage_taken":0,"max_hp_gain":0,"max_hp_loss":0,"event_name":"Ghosts","floor":25,"gold_loss":0},{"damage_healed":0,"gold_gain":0,"player_choice":"Inject Mutagens","damage_taken":0,"relics_obtained":["MutagenicStrength"],"max_hp_gain":0,"max_hp_loss":0,"event_name":"Drug Dealer","floor":30,"gold_loss":0}],"is_beta":false,"boss_relics":[{"not_picked":["Velvet Choker","Coffee Dripper"],"picked":"Tiny House"},{"not_picked":["Cursed Key","Philosopher\u0027s Stone","Fusion Hammer"]}],"items_purged_floors":[14,14,14,14,14,14,14],"is_endless":false,"potions_floor_spawned":[4,5,6,8,10,16,20,27,33],"ascension_level":0}}