{"host":"7k7fhzlbqzyu5ijh","time":1607720742,"event":{"mods":["AchievementEnabler","BaseMod","Bestiary","Colored Map","Colored Powertips","Filter the Spire","Minty Spire (QoL Compilation)","RNG Fix","Relic Stats"],"gold_per_floor":[119,129,129,141,91,123,123,151,199,229,229,85,85,100,100,201,201,217,132,146,164,164,198,198,230,230,243,120,120,35,35,35,136,136,149,160,160,160,171,171,201,201,201,216,216,216,230,240,240,240,240,240,41,71,71,71],"floor_reached":55,"playtime":3530,"items_purged":["Dropkick"],"score":1129,"play_id":"bc1cd51c-2ded-4798-b373-058efbfe8bd1","local_time":"20201211160542","is_ascension_mode":true,"campfire_choices":[{"data":"Inflame","floor":7,"key":"SMITH"},{"data":"Sentinel","floor":11,"key":"SMITH"},{"data":"Hemokinesis","floor":13,"key":"SMITH"},{"data":"Infernal Blade","floor":15,"key":"SMITH"},{"data":"Iron Wave","floor":24,"key":"SMITH"},{"data":"Shrug It Off","floor":29,"key":"SMITH"},{"data":"Shrug It Off","floor":32,"key":"SMITH"},{"floor":40,"key":"RECALL"},{"data":"Apotheosis","floor":42,"key":"SMITH"},{"data":"Spot Weakness","floor":46,"key":"SMITH"},{"data":"Pummel","floor":49,"key":"SMITH"},{"data":"Twin Strike","floor":52,"key":"SMITH"}],"circlet_count":0,"master_deck":["Battle Trance","Twin Strike+1","Thunderclap","Sentinel+1","Burning Pact","Thunderclap","Infernal Blade+1","Pummel+1","Inflame+1","Shrug It Off+1","Iron Wave+1","Hemokinesis+1","Sword Boomerang+1","Shrug It Off+1","Flash of Steel+1","Bludgeon+1","Cleave+1","Warcry+1","Carnage+1","Whirlwind+1","Necronomicurse","Body Slam+1","Swift Strike+1","Apotheosis+1","Spot Weakness+1","Flex+1","Flame Barrier"],"relics":["Pandora\u0027s Box","Strawberry","Paper Frog","Happy Flower","Molten Egg 2","Busted Crown","Ginger","Pen Nib","TungstenRod","CaptainsWheel","Self Forming Clay","Necronomicon","Runic Pyramid","Centennial Puzzle","Blue Candle","Bag of Preparation"],"acts_visited":["Exordium","TheCity","TheBeyond","TheEnding"],"potions_floor_usage":[6,14,18,25,30,33,39,44,44,50,50,55,55],"damage_taken":[{"damage":0,"enemies":"Cultist","floor":1,"turns":2},{"damage":12,"enemies":"Small Slimes","floor":2,"turns":2},{"damage":1,"enemies":"2 Louse","floor":4,"turns":2},{"damage":0,"enemies":"Gremlin Nob","floor":6,"turns":2},{"damage":7,"enemies":"3 Sentries","floor":8,"turns":3},{"damage":4,"enemies":"Gremlin Nob","floor":10,"turns":3},{"damage":0,"enemies":"Lots of Slimes","floor":14,"turns":1},{"damage":2,"enemies":"Slime Boss","floor":16,"turns":2},{"damage":11,"enemies":"2 Thieves","floor":18,"turns":2},{"damage":0,"enemies":"Chosen","floor":20,"turns":1},{"damage":4,"enemies":"Shelled Parasite and Fungi","floor":21,"turns":3},{"damage":2,"enemies":"Slavers","floor":23,"turns":2},{"damage":0,"enemies":"Book of Stabbing","floor":25,"turns":3},{"damage":0,"enemies":"Snecko","floor":27,"turns":2},{"damage":0,"enemies":"Collector","floor":33,"turns":2},{"damage":0,"enemies":"Orb Walker","floor":35,"turns":2},{"damage":0,"enemies":"3 Shapes","floor":36,"turns":2},{"damage":1,"enemies":"Maw","floor":39,"turns":3},{"damage":10,"enemies":"Giant Head","floor":41,"turns":3},{"damage":0,"enemies":"Writhing Mass","floor":44,"turns":2},{"damage":0,"enemies":"Sphere and 2 Shapes","floor":47,"turns":3},{"damage":0,"enemies":"Maw","floor":48,"turns":3},{"damage":14,"enemies":"Time Eater","floor":50,"turns":3},{"damage":24,"enemies":"Shield and Spear","floor":54,"turns":3},{"damage":63,"enemies":"The Heart","floor":55,"turns":5}],"seed_played":"6201110358588467033","potions_obtained":[{"floor":2,"key":"Swift Potion"},{"floor":8,"key":"Explosive Potion"},{"floor":14,"key":"AttackPotion"},{"floor":16,"key":"BloodPotion"},{"floor":20,"key":"BloodPotion"},{"floor":23,"key":"Weak Potion"},{"floor":33,"key":"SteroidPotion"},{"floor":39,"key":"DistilledChaos"},{"floor":48,"key":"DistilledChaos"}],"is_trial":false,"path_per_floor":["M","M","?","M","?","E","R","E","T","E","R","$","R","M","R","B",null,"M","?","M","M","?","E","R","E","T","M","$","R","$","?","R","B",null,"M","M","T","?","M","R","E","R","T","M","?","R","M","M","R","B",null,"R","$","E","B"],"character_chosen":"IRONCLAD","items_purchased":["Shrug It Off","Flash of Steel+1","Carnage+1","Block Potion","Whirlwind+1","Energy Potion","LiquidMemories","Strength Potion"],"campfire_rested":0,"item_purchase_floors":[12,12,28,28,30,30,53,53],"current_hp_per_floor":[80,68,73,72,72,79,79,72,72,68,68,68,68,68,68,66,86,75,75,75,71,71,69,69,69,69,69,69,69,87,75,75,75,88,88,88,88,79,92,92,82,82,82,82,82,82,82,82,82,68,86,86,86,62,0,0],"gold":71,"neow_bonus":"BOSS_RELIC","is_daily":false,"chose_seed":false,"campfire_upgraded":11,"win_rate":0.0,"timestamp":1607720742,"path_taken":["M","M","?","?","?","E","R","E","T","E","R","$","R","M","R","BOSS","M","?","M","?","?","E","R","E","T","M","$","R","?","?","R","BOSS","M","?","?","?","M","R","E","R","T","?","?","R","M","M","R","BOSS","R","$","E","BOSS"],"items_purchased_type":["Card","Card","Card","Potion","Card","Potion","Potion","Potion"],"build_version":"2020-11-30","purchased_purges":1,"victory":false,"max_hp_per_floor":[80,80,85,85,85,92,92,92,92,92,92,92,92,92,92,92,92,92,92,92,92,92,92,92,92,92,92,92,92,92,92,92,92,92,92,92,92,92,92,92,92,92,92,92,92,92,92,92,92,92,92,92,92,92,92,92],"relic_stats":{"Happy Flower":[16],"counters":[25,61],"Self Forming Clay":[54],"Blue Candle":[1],"Pen Nib":[12],"Bag of Preparation":[2],"Ginger":[8],"Centennial Puzzle":[9],"Busted Crown":36,"Pandora\u0027s Box":["Battle Trance","Twin Strike","Thunderclap","Sentinel","Burning Pact","Thunderclap","Infernal Blade","Pummel","Inflame"],"Necronomicon":[19],"obtain_stats":[{"Happy Flower":9,"Self Forming Clay":26,"Blue Candle":43,"Pen Nib":22,"Bag of Preparation":54,"Ginger":19,"Burning Blood":0,"CaptainsWheel":25,"Centennial Puzzle":41,"Busted Crown":17,"Strawberry":6,"Pandora\u0027s Box":0,"Molten Egg 2":10,"Necronomicon":31,"TungstenRod":23,"Paper Frog":8,"Runic Pyramid":34},{"Happy Flower":5,"Self Forming Clay":13,"Blue Candle":19,"Pen Nib":11,"Bag of Preparation":24,"Ginger":9,"Burning Blood":0,"CaptainsWheel":13,"Centennial Puzzle":19,"Busted Crown":8,"Strawberry":4,"Pandora\u0027s Box":0,"Molten Egg 2":6,"Necronomicon":14,"TungstenRod":12,"Paper Frog":5,"Runic Pyramid":15},{"Happy Flower":11,"Self Forming Clay":28,"Blue Candle":42,"Pen Nib":23,"Bag of Preparation":56,"Ginger":19,"Burning Blood":0,"CaptainsWheel":28,"Centennial Puzzle":42,"Busted Crown":17,"Strawberry":8,"Pandora\u0027s Box":0,"Molten Egg 2":14,"Necronomicon":30,"TungstenRod":25,"Paper Frog":11,"Runic Pyramid":32}],"TungstenRod":50},"card_choices":[{"not_picked":["Blood for Blood","Twin Strike"],"picked":"Dropkick","floor":1},{"not_picked":["Warcry","Twin Strike"],"picked":"Shrug It Off","floor":2},{"not_picked":["Headbutt","Flex"],"picked":"Iron Wave","floor":4},{"not_picked":["Warcry","Headbutt","Armaments"],"picked":"SKIP","floor":6},{"not_picked":["Blood for Blood","Dual Wield"],"picked":"Hemokinesis","floor":8},{"not_picked":["Uppercut+1","Juggernaut"],"picked":"Sword Boomerang+1","floor":10},{"not_picked":["Twin Strike+1","Armaments","Clothesline+1"],"picked":"SKIP","floor":14},{"not_picked":["Double Tap","Reaper+1"],"picked":"Bludgeon+1","floor":16},{"not_picked":[],"picked":"Cleave+1","floor":18},{"not_picked":["Perfected Strike+1"],"picked":"SKIP","floor":20},{"not_picked":[],"picked":"Warcry+1","floor":21},{"not_picked":["Headbutt+1"],"picked":"SKIP","floor":23},{"not_picked":["Havoc"],"picked":"SKIP","floor":25},{"not_picked":["Pommel Strike+1"],"picked":"SKIP","floor":27},{"not_picked":["Perfected Strike+1"],"picked":"SKIP","floor":35},{"not_picked":[],"picked":"Body Slam+1","floor":36},{"not_picked":[],"picked":"Swift Strike+1","floor":38},{"not_picked":[],"picked":"Apotheosis","floor":38},{"not_picked":[],"picked":"Spot Weakness","floor":39},{"not_picked":["Pommel Strike+1"],"picked":"SKIP","floor":41},{"not_picked":["Burning Pact+1"],"picked":"SKIP","floor":44},{"not_picked":["Warcry"],"picked":"SKIP","floor":47},{"not_picked":[],"picked":"Flex+1","floor":48},{"not_picked":[],"picked":"Flame Barrier","floor":54}],"player_experience":360925,"relics_obtained":[{"floor":6,"key":"Strawberry"},{"floor":8,"key":"Paper Frog"},{"floor":9,"key":"Happy Flower"},{"floor":10,"key":"Molten Egg 2"},{"floor":23,"key":"TungstenRod"},{"floor":25,"key":"CaptainsWheel"},{"floor":26,"key":"Self Forming Clay"},{"floor":31,"key":"Necronomicon"},{"floor":41,"key":"Centennial Puzzle"},{"floor":43,"key":"Blue Candle"},{"floor":54,"key":"Bag of Preparation"}],"event_choices":[{"damage_healed":0,"gold_gain":0,"player_choice":"Donut","damage_taken":0,"max_hp_gain":5,"max_hp_loss":0,"event_name":"Big Fish","floor":3,"gold_loss":0},{"cards_removed":["Bash"],"damage_healed":0,"gold_gain":0,"player_choice":"Card Removal","damage_taken":0,"max_hp_gain":0,"max_hp_loss":0,"event_name":"The Cleric","floor":5,"gold_loss":50},{"damage_healed":0,"gold_gain":0,"player_choice":"Obtained Relic","damage_taken":0,"relics_obtained":["Ginger"],"max_hp_gain":0,"max_hp_loss":0,"event_name":"Addict","floor":19,"gold_loss":85},{"damage_healed":0,"gold_gain":0,"player_choice":"Opened","damage_taken":0,"relics_obtained":["Pen Nib"],"max_hp_gain":0,"max_hp_loss":0,"event_name":"The Mausoleum","floor":22,"gold_loss":0},{"damage_healed":0,"gold_gain":0,"player_choice":"Obtained Book","damage_taken":16,"max_hp_gain":0,"max_hp_loss":0,"event_name":"Cursed Tome","floor":31,"gold_loss":0},{"damage_healed":0,"gold_gain":0,"player_choice":"Memory 3","damage_taken":10,"max_hp_gain":0,"max_hp_loss":0,"event_name":"SensoryStone","floor":38,"gold_loss":0},{"damage_healed":0,"gold_gain":0,"player_choice":"Ignored","damage_taken":0,"max_hp_gain":0,"max_hp_loss":0,"event_name":"Tomb of Lord Red Mask","floor":45,"gold_loss":0}],"is_beta":false,"boss_relics":[{"not_picked":["Empty Cage","Sozu"],"picked":"Busted Crown"},{"not_picked":["Cursed Key","Calling Bell"],"picked":"Runic Pyramid"}],"items_purged_floors":[53],"is_endless":false,"potions_floor_spawned":[2,8,14,16,20,23,33,35,36,39,48],"killed_by":"The Heart","ascension_level":5}}