{"host":"egwexuw5uvnxf11j","time":1607657293,"event":{"mods":["2.2 Compatiblity","Aspiration","BaseMod","Better Altar","Better Note","Better Sensory Stone","Better Third Choice","Displayed Cursed Tome","Downfall","Hermit","Key Reminder","Koishi","Marisa????????","Minty Spire (QoL Compilation)","Quick Restart","Shade Mod","Spicy Shops","StSLib","The Construct","The Cursed","The Hierophant","The Runesmith","The Senshi","The Servant 0.9.4","Transform Curses"],"gold_per_floor":[99,133,146,146,166,183,183,183,209,209,225,236,336,354,371,371,371],"floor_reached":16,"playtime":991,"items_purged":[],"score":139,"play_id":"da91e4be-0591-4cb4-bf0d-78811c8ddb80","local_time":"20201210222813","is_ascension_mode":false,"campfire_choices":[{"data":"sneckomod:Unknown","floor":1.0,"key":"SMITH"},{"floor":8.0,"key":"REST"},{"data":"sneckomod:Mudshield","floor":10.0,"key":"SMITH"}],"circlet_count":0,"master_deck":["sneckomod:Strike","sneckomod:Strike","sneckomod:Strike","sneckomod:Defend","sneckomod:Defend","sneckomod:Defend","sneckomod:TailWhip","sneckomod:SnekBite","sneckomod:Unknown+1","sneckomod:Unknown","sneckomod:UnknownUncommonPower","sneckomod:QuickBite","Pain","sneckomod:UnknownBlock","sneckomod:Mudshield+1","sneckomod:UnknownCommonAttack","sneckomod:UnknownClassGREEN","sneckomod:DiceCrush","sneckomod:UnknownClassRED","sneckomod:UnknownRarePower"],"relics":["sneckomod:SneckoSoul","Ancient Tea Set","sneckomod:D8","Pantograph","aspiration:Lifesprig","downfall:GremlinWheel"],"acts_visited":[],"potions_floor_usage":[16],"damage_taken":[{"damage":10.0,"enemies":"Gremlin Nob","floor":2.0,"turns":3.0},{"damage":1.0,"enemies":"Cultist","floor":3.0,"turns":3.0},{"damage":12.0,"enemies":"Jaw Worm","floor":5.0,"turns":3.0},{"damage":2.0,"enemies":"Small Slimes","floor":6.0,"turns":2.0},{"damage":20.0,"enemies":"3 Sentries","floor":9.0,"turns":8.0},{"damage":23.0,"enemies":"Exordium Thugs","floor":11.0,"turns":5.0},{"damage":37,"enemies":"Exordium Wildlife","floor":12,"turns":7},{"damage":51,"enemies":"Exordium Wildlife","floor":13,"turns":6},{"damage":6,"enemies":"Blue Slaver","floor":14,"turns":3},{"damage":14,"enemies":"Exordium Thugs","floor":15,"turns":5},{"damage":40,"enemies":"downfall:CharBossSilent","floor":16,"turns":4}],"seed_played":"7118800886465581883","potions_obtained":[{"floor":5.0,"key":"EssenceOfSteel"},{"floor":6.0,"key":"Fire Potion"},{"floor":11.0,"key":"FairyPotion"},{"floor":14,"key":"Swift Potion"}],"is_trial":false,"path_per_floor":["R","E","M","?","M","M","T","R","E","R","M","M","?","M","M","B"],"character_chosen":"THE_SNECKO","items_purchased":[],"campfire_rested":1,"item_purchase_floors":[],"current_hp_per_floor":[99,90,89,89,78,76,76,101,82,82,60,25,31,26,13,0,0],"gold":371,"neow_bonus":"TEN_PERCENT_HP_BONUS","is_daily":false,"chose_seed":false,"campfire_upgraded":2,"win_rate":0.0,"timestamp":1607657293,"path_taken":["R","E","M","?","M","M","T","R","E","R","M","?","?","?","M","BOSS"],"items_purchased_type":[],"build_version":"2020-11-30","purchased_purges":0,"victory":false,"max_hp_per_floor":[99,100,100,100,101,101,101,101,102,102,103,105,105,106,107,107,107],"card_choices":[{"not_picked":["sneckomod:UnknownCommonSkill","sneckomod:TrashToTreasure"],"picked":"sneckomod:UnknownUncommonPower","floor":2.0},{"not_picked":["sneckomod:SoulCleanse","sneckomod:UnknownBlock"],"picked":"sneckomod:QuickBite","floor":3.0},{"not_picked":["sneckomod:WideSting","sneckomod:Unknown1Cost"],"picked":"sneckomod:UnknownBlock","floor":5.0},{"not_picked":["sneckomod:UnknownClassDEFAULT_GRAY_COLOR","sneckomod:SoulRoll"],"picked":"sneckomod:Mudshield","floor":6.0},{"not_picked":["sneckomod:QuickMove","sneckomod:SoulRoll"],"picked":"sneckomod:UnknownCommonAttack","floor":9.0},{"not_picked":["sneckomod:UnknownBlock","sneckomod:UnknownClassMARISA_COLOR"],"picked":"sneckomod:UnknownClassGREEN","floor":11.0},{"not_picked":["sneckomod:QuickBite","sneckomod:UnknownWeak"],"picked":"sneckomod:DiceCrush","floor":12},{"not_picked":["sneckomod:UnknownCommonSkill","sneckomod:UnknownWeak"],"picked":"sneckomod:UnknownClassRED","floor":14},{"not_picked":["sneckomod:UnknownX","sneckomod:DiceCrush"],"picked":"sneckomod:UnknownRarePower","floor":15}],"player_experience":2071099,"relics_obtained":[{"floor":2.0,"key":"Ancient Tea Set"},{"floor":7.0,"key":"Pantograph"},{"floor":9.0,"key":"aspiration:Lifesprig"},{"floor":13,"key":"downfall:GremlinWheel"}],"event_choices":[],"is_beta":false,"boss_relics":[],"items_purged_floors":[],"is_endless":false,"potions_floor_spawned":[5,6,11,14],"killed_by":"downfall:CharBossSilent","ascension_level":0}}