{"host":"5vwo9pnza5wfe8ad","time":1607680990,"event":{"mods":["BaseMod","Better Sensory Stone","Colored Map","Colored Powertips","Key Reminder","Minty Spire (QoL Compilation)","Permanent Neow","Rare Cards Sparkle","Shop Mod","StSLib","UnlockEverythingMod"],"gold_per_floor":[20,36,48,62,25,56,67,67,67,87,87,87,87,106,106,179,179,189,189,60,77,155,155,182,192,192,59,59,59],"floor_reached":28,"playtime":4451,"items_purged":[],"score":505,"play_id":"66cbcf02-b364-4dc2-a04a-fcc26616ed94","local_time":"20201211020310","is_ascension_mode":true,"campfire_choices":[{"floor":11.0,"key":"REST"},{"floor":13.0,"key":"REST"},{"data":"Indignation","floor":15.0,"key":"SMITH"},{"floor":23.0,"key":"RECALL"}],"circlet_count":0,"master_deck":["AscendersBane","Defend_P","Defend_P","Defend_P+1","Defend_P+1","Eruption+1","Vigilance+1","LessonLearned+1","Halt","Crescendo+1","Wireheading+1","TalkToTheHand","Nirvana+1","TalkToTheHand","Indignation+1","DeusExMachina+1","ClearTheMind","Bite","Bite","Bite+1","Bite","Bite","FearNoEvil","Study","CutThroughFate","Vengeance","MentalFortress","Protect"],"relics":["PureWater","Potion Belt","Turnip","WingedGreaves","Eternal Feather","Fusion Hammer","TeardropLocket","keyreminder:keyreminder","Bottled Lightning","Singing Bowl"],"acts_visited":["Exordium","TheCity"],"potions_floor_usage":[28],"damage_taken":[{"damage":16.0,"enemies":"Cultist","floor":1.0,"turns":5.0},{"damage":5.0,"enemies":"Jaw Worm","floor":2.0,"turns":7.0},{"damage":0.0,"enemies":"Small Slimes","floor":3.0,"turns":3.0},{"damage":0.0,"enemies":"Looter","floor":4.0,"turns":3.0},{"damage":16.0,"enemies":"Gremlin Nob","floor":6.0,"turns":3.0},{"damage":0.0,"enemies":"2 Fungi Beasts","floor":7.0,"turns":3.0},{"damage":1.0,"enemies":"Exordium Wildlife","floor":10.0,"turns":5.0},{"damage":3.0,"enemies":"Looter","floor":14.0,"turns":4.0},{"damage":30.0,"enemies":"Slime Boss","floor":16.0,"turns":8.0},{"damage":16.0,"enemies":"3 Byrds","floor":18.0,"turns":7.0},{"damage":18.0,"enemies":"2 Thieves","floor":21.0,"turns":4.0},{"damage":33.0,"enemies":"Slavers","floor":24.0,"turns":6.0},{"damage":21.0,"enemies":"Sentry and Sphere","floor":25.0,"turns":7.0},{"damage":34,"enemies":"Book of Stabbing","floor":28,"turns":5}],"seed_played":"5211613354108189145","potions_obtained":[{"floor":2.0,"key":"EntropicBrew"},{"floor":3.0,"key":"GamblersBrew"},{"floor":6.0,"key":"FearPotion"},{"floor":7.0,"key":"SneckoOil"},{"floor":14.0,"key":"Strength Potion"},{"floor":16.0,"key":"BottledMiracle"},{"floor":25.0,"key":"FearPotion"}],"is_trial":false,"path_per_floor":["M","M","M","M","$","E","M","?","T","M","R","T","R","M","R","B",null,"M","?","$","M","T","R","E","M","T","$","E"],"character_chosen":"WATCHER","items_purchased":["TalkToTheHand","FearNoEvil","Study","MentalFortress","Protect"],"campfire_rested":2,"item_purchase_floors":[5,20,20,27,27],"current_hp_per_floor":[45,40,40,40,40,24,24,13,13,12,32,32,61,58,67,37,60,44,44,44,35,35,47,28,25,25,25,0,0],"gold":59,"neow_bonus":"THREE_RARE_CARDS","is_daily":false,"chose_seed":false,"campfire_upgraded":1,"win_rate":0.0,"timestamp":1607680990,"path_taken":["M","M","?","M","$","E","M","?","T","M","R","?","R","M","R","BOSS","BOSS","M","?","?","?","?","R","E","M","T","$","E"],"items_purchased_type":["Card","Card","Card","Card","Card"],"build_version":"2020-11-30","purchased_purges":0,"victory":false,"max_hp_per_floor":[68,68,68,68,68,68,68,68,68,68,68,68,68,68,68,68,68,68,47,47,47,47,47,47,47,47,47,47,47],"card_choices":[{"not_picked":["Alpha","DeusExMachina"],"picked":"LessonLearned","floor":0.0},{"not_picked":["FlyingSleeves","JustLucky","BowlingBash"],"picked":"SKIP","floor":1.0},{"not_picked":["ForeignInfluence","EmptyMind"],"picked":"Halt","floor":2.0},{"not_picked":["FlyingSleeves","EmptyFist"],"picked":"Crescendo","floor":3.0},{"not_picked":["Study","BowlingBash"],"picked":"Wireheading","floor":4.0},{"not_picked":["Worship","Study"],"picked":"Nirvana","floor":6.0},{"not_picked":["Evaluate","Crescendo"],"picked":"TalkToTheHand","floor":7.0},{"not_picked":["Crescendo","Perseverance","Alpha"],"picked":"SKIP","floor":10.0},{"not_picked":["FlurryOfBlows","Wallop"],"picked":"Indignation","floor":14.0},{"not_picked":["MasterReality","Brilliance"],"picked":"DeusExMachina","floor":16.0},{"not_picked":["Weave","FlurryOfBlows"],"picked":"ClearTheMind","floor":18.0},{"not_picked":["Consecrate","TalkToTheHand"],"picked":"CutThroughFate","floor":21.0},{"not_picked":["WindmillStrike+1","FlurryOfBlows"],"picked":"Vengeance","floor":24.0},{"not_picked":["EmptyMind","SandsOfTime","WheelKick"],"picked":"SKIP","floor":25.0}],"player_experience":134329,"relics_obtained":[{"floor":6.0,"key":"Potion Belt"},{"floor":9.0,"key":"WingedGreaves"},{"floor":12.0,"key":"Eternal Feather"},{"floor":22.0,"key":"TeardropLocket"},{"floor":24.0,"key":"Bottled Lightning"},{"floor":26.0,"key":"Singing Bowl"}],"event_choices":[{"damage_healed":0.0,"max_hp_gain":0.0,"max_hp_loss":0.0,"gold_gain":0.0,"event_name":"Scrap Ooze","player_choice":"Success","floor":8.0,"gold_loss":0.0,"damage_taken":11.0,"relics_obtained":["Turnip"]},{"damage_healed":0.0,"max_hp_gain":0.0,"max_hp_loss":21.0,"gold_gain":0.0,"event_name":"Vampires","player_choice":"Became a vampire","floor":19.0,"gold_loss":0.0,"damage_taken":0.0,"cards_obtained":["Bite","Bite","Bite","Bite","Bite"]}],"is_beta":false,"boss_relics":[{"not_picked":["Philosopher\u0027s Stone","Calling Bell"],"picked":"Fusion Hammer"}],"items_purged_floors":[],"is_endless":false,"potions_floor_spawned":[2,3,6,7,14,16,25],"killed_by":"Book of Stabbing","ascension_level":20}}