{"host":"0o4jkshs65tojivq","time":1607661700,"event":{"mods":["AchievementEnabler","BaseMod","Filter the Spire","Minty Spire (QoL Compilation)","Quick Restart","Random Character Button","Relic Stats","Slay the Relics Exporter","StSLib"],"gold_per_floor":[116,134,134,3,3,36,36,36,62,85,116,135,152,172,172,172,172],"floor_reached":16,"playtime":267,"items_purged":["Dualcast"],"score":263,"play_id":"458de023-fccc-4a59-b538-b150a80c1575","local_time":"20201210204140","is_ascension_mode":true,"campfire_choices":[{"data":"Gash","floor":7,"key":"SMITH"},{"floor":15,"key":"REST"}],"circlet_count":0,"master_deck":["AscendersBane","Strike_B","Strike_B","Strike_B","Strike_B","Defend_B","Defend_B","Defend_B","Defend_B","Gash+1","Gash"],"relics":["Cracked Core","NeowsBlessing","Strawberry","Pear","Juzu Bracelet","Bag of Preparation","PreservedInsect"],"acts_visited":["Exordium"],"potions_floor_usage":[14,16],"damage_taken":[{"damage":0,"enemies":"2 Louse","floor":1,"turns":1},{"damage":0,"enemies":"Jaw Worm","floor":2,"turns":1},{"damage":0,"enemies":"Lagavulin","floor":6,"turns":1},{"damage":32,"enemies":"Gremlin Nob","floor":11,"turns":4},{"damage":0,"enemies":"Small Slimes","floor":12,"turns":2},{"damage":26,"enemies":"Blue Slaver","floor":13,"turns":3},{"damage":21,"enemies":"Gremlin Gang","floor":14,"turns":4},{"damage":32,"enemies":"The Guardian","floor":16,"turns":2}],"seed_played":"-4237063261248147938","potions_obtained":[{"floor":2,"key":"Energy Potion"},{"floor":11,"key":"ColorlessPotion"},{"floor":14,"key":"EssenceOfSteel"}],"is_trial":false,"path_per_floor":["M","M","?","$","?","E","R","T","T","T","E","M","M","M","R","B"],"character_chosen":"DEFECT","items_purchased":["Gash"],"campfire_rested":1,"item_purchase_floors":[4],"current_hp_per_floor":[64,64,64,64,64,71,71,81,81,81,49,49,23,2,28,0,0],"gold":172,"neow_bonus":"THREE_ENEMY_KILL","is_daily":false,"chose_seed":false,"campfire_upgraded":1,"win_rate":0.0,"timestamp":1607661700,"path_taken":["M","M","?","$","?","E","R","?","T","?","E","M","M","M","R","BOSS"],"items_purchased_type":["Card"],"build_version":"2020-11-30","purchased_purges":1,"victory":false,"max_hp_per_floor":[71,71,71,71,71,78,78,88,88,88,88,88,88,88,88,88,88],"relic_stats":{"counters":[8,18],"PreservedInsect":0,"Juzu Bracelet":0,"Bag of Preparation":[10],"obtain_stats":[{"Pear":8,"NeowsBlessing":0,"Strawberry":6,"PreservedInsect":11,"Juzu Bracelet":9,"Bag of Preparation":10,"Cracked Core":0},{"Pear":3,"NeowsBlessing":0,"Strawberry":3,"PreservedInsect":4,"Juzu Bracelet":3,"Bag of Preparation":3,"Cracked Core":0},{"Pear":3,"NeowsBlessing":0,"Strawberry":3,"PreservedInsect":7,"Juzu Bracelet":3,"Bag of Preparation":3,"Cracked Core":0}]},"card_choices":[{"not_picked":["Redo","Stack"],"picked":"Gash","floor":1},{"not_picked":["Steam Power","Skim","Turbo"],"picked":"SKIP","floor":2},{"not_picked":["Hologram","Redo","Storm"],"picked":"SKIP","floor":6},{"not_picked":["Leap","Coolheaded","Heatsinks"],"picked":"SKIP","floor":11},{"not_picked":["White Noise","Coolheaded","Go for the Eyes"],"picked":"SKIP","floor":12},{"not_picked":["Storm","Heatsinks","Hologram"],"picked":"SKIP","floor":13},{"not_picked":["Heatsinks","Meteor Strike","Stack"],"picked":"SKIP","floor":14}],"player_experience":1067501,"relics_obtained":[{"floor":6,"key":"Strawberry"},{"floor":8,"key":"Pear"},{"floor":9,"key":"Juzu Bracelet"},{"floor":10,"key":"Bag of Preparation"},{"floor":11,"key":"PreservedInsect"}],"event_choices":[{"cards_removed":["Zap"],"damage_healed":0,"gold_gain":0,"player_choice":"Forget","damage_taken":0,"max_hp_gain":0,"max_hp_loss":0,"event_name":"Living Wall","floor":3,"gold_loss":0},{"damage_healed":0,"gold_gain":0,"player_choice":"Ignored","damage_taken":0,"max_hp_gain":0,"max_hp_loss":0,"event_name":"Liars Game","floor":5,"gold_loss":0}],"is_beta":false,"boss_relics":[],"items_purged_floors":[4],"is_endless":false,"potions_floor_spawned":[2,11,13,14],"killed_by":"The Guardian","ascension_level":19}}