{"host":"sabve5zmqufxyc5o","time":1607673123,"event":{"mods":["2.2 Compatiblity","AchievementEnabler","Act Like it!","BaseMod","Block Reminder","Colored Map","Colored Powertips","DeckTracker","KOR Keyword Fix","Keyboard Shortcuts","Minty Spire (QoL Compilation)","Quick Restart","Rare Cards Sparkle","Relic Stats","StSLib","SuperFastMode"],"gold_per_floor":[117,132,146,160,7,7,19,36,62,62,76,93,15,15,15,94,94,104,115,115,132,32,55,55,66,66,66,83,83,83],"floor_reached":29,"playtime":642,"items_purged":["Strike_B","Decay"],"score":420,"play_id":"5cdfaec6-7295-40c7-935a-81fad2039dab","local_time":"20201211165203","is_ascension_mode":true,"campfire_choices":[{"data":"Zap","floor":6.0,"key":"SMITH"},{"floor":10.0,"key":"REST"},{"data":"Coolheaded","floor":15,"key":"SMITH"},{"floor":24,"key":"REST"},{"floor":27,"key":"REST"}],"circlet_count":0,"master_deck":["AscendersBane","Strike_B","Strike_B","Defend_B","Defend_B","Defend_B","Defend_B","Zap+1","Dualcast","Rebound","Beam Cell","Gash","Genetic Algorithm","Gash","Core Surge","Hologram","Coolheaded+1","Blizzard","Seek","Glacier","Cold Snap","Go for the Eyes"],"relics":["Cracked Core","Toy Ornithopter","SlaversCollar","Orichalcum","Toxic Egg 2"],"acts_visited":["Exordium","TheCity"],"potions_floor_usage":[12,18,28,28],"damage_taken":[{"damage":5.0,"enemies":"Small Slimes","floor":1.0,"turns":4.0},{"damage":4.0,"enemies":"2 Louse","floor":2.0,"turns":3.0},{"damage":6.0,"enemies":"Cultist","floor":3.0,"turns":3.0},{"damage":4.0,"enemies":"3 Louse","floor":4.0,"turns":4.0},{"damage":15.0,"enemies":"Lots of Slimes","floor":7.0,"turns":4.0},{"damage":3.0,"enemies":"2 Fungi Beasts","floor":8.0,"turns":3.0},{"damage":15.0,"enemies":"Exordium Thugs","floor":11.0,"turns":5.0},{"damage":5,"enemies":"Large Slime","floor":12,"turns":4},{"damage":23,"enemies":"The Guardian","floor":16,"turns":15},{"damage":18,"enemies":"Chosen","floor":18,"turns":5},{"damage":26,"enemies":"3 Byrds","floor":19,"turns":6},{"damage":16,"enemies":"Centurion and Healer","floor":21,"turns":10},{"damage":9,"enemies":"Cultist and Chosen","floor":25,"turns":7},{"damage":19,"enemies":"Snake Plant","floor":28,"turns":5},{"damage":41,"enemies":"Gremlin Leader","floor":29,"turns":5}],"seed_played":"-4083920759116911306","potions_obtained":[{"floor":3.0,"key":"DuplicationPotion"},{"floor":8.0,"key":"BlessingOfTheForge"},{"floor":16,"key":"Weak Potion"},{"floor":21,"key":"GamblersBrew"},{"floor":25,"key":"AttackPotion"}],"is_trial":false,"path_per_floor":["M","M","M","M","$","R","M","M","T","R","M","M","$","?","R","B",null,"M","M","?","M","$","T","R","M","T","R","M","E"],"character_chosen":"DEFECT","items_purchased":["Genetic Algorithm","Blizzard"],"campfire_rested":3,"item_purchase_floors":[5,13],"current_hp_per_floor":[59,55,49,45,45,45,30,27,27,48,33,33,33,38,38,15,61,48,22,22,6,6,6,28,19,19,41,32,0,0],"gold":83,"neow_bonus":"REMOVE_CARD","is_daily":false,"chose_seed":false,"campfire_upgraded":2,"win_rate":0.0,"timestamp":1607673123,"path_taken":["M","M","M","M","$","R","M","M","T","R","M","M","$","?","R","BOSS","M","M","?","M","$","?","R","M","T","R","M","E"],"items_purchased_type":["Card","Card"],"build_version":"2020-11-30","purchased_purges":2,"victory":false,"max_hp_per_floor":[71,71,71,71,71,71,71,71,71,71,71,71,71,76,76,76,76,76,76,76,76,76,76,76,76,76,76,76,76,76],"relic_stats":{"counters":[15,83],"Orichalcum":[18],"obtain_stats":[{"SlaversCollar":17,"Orichalcum":23,"Toxic Egg 2":26,"Cracked Core":0,"Toy Ornithopter":9},{"SlaversCollar":9,"Orichalcum":12,"Toxic Egg 2":13,"Cracked Core":0,"Toy Ornithopter":6},{"SlaversCollar":45,"Orichalcum":66,"Toxic Egg 2":73,"Cracked Core":0,"Toy Ornithopter":21}],"Toy Ornithopter":20},"card_choices":[{"not_picked":["Barrage","Steam"],"picked":"Rebound","floor":1.0},{"not_picked":["Compile Driver","Redo"],"picked":"Beam Cell","floor":2.0},{"not_picked":["Beam Cell","Compile Driver"],"picked":"Gash","floor":3.0},{"not_picked":["Steam Power","Hello World","Scrape"],"picked":"SKIP","floor":4.0},{"not_picked":["Barrage","Compile Driver"],"picked":"Gash","floor":7.0},{"not_picked":["Blizzard","Streamline"],"picked":"Core Surge","floor":8.0},{"not_picked":["Conserve Battery","Lockon"],"picked":"Hologram","floor":11.0},{"not_picked":["Sweeping Beam","Turbo"],"picked":"Coolheaded","floor":12},{"not_picked":["Meteor Strike","Buffer"],"picked":"Seek","floor":16},{"not_picked":["Ball Lightning","White Noise+1"],"picked":"Glacier","floor":18},{"not_picked":["Leap","Turbo+1"],"picked":"Cold Snap","floor":19},{"not_picked":["Redo","Turbo"],"picked":"Go for the Eyes","floor":21},{"not_picked":["Heatsinks","Conserve Battery","Redo+1"],"picked":"SKIP","floor":25},{"not_picked":["Streamline","Stack+1","Hologram+1"],"picked":"SKIP","floor":28}],"player_experience":752332,"relics_obtained":[{"floor":9.0,"key":"Toy Ornithopter"},{"floor":23,"key":"Orichalcum"},{"floor":26,"key":"Toxic Egg 2"}],"event_choices":[{"damage_healed":0,"gold_gain":0,"player_choice":"Donut","damage_taken":0,"max_hp_gain":5,"max_hp_loss":0,"event_name":"Big Fish","floor":14,"gold_loss":0},{"damage_healed":0,"gold_gain":0,"player_choice":"Cursed","damage_taken":0,"max_hp_gain":0,"max_hp_loss":0,"event_name":"Wheel of Change","floor":20,"gold_loss":0,"cards_obtained":["Decay"]}],"is_beta":false,"boss_relics":[{"not_picked":["Busted Crown","Fusion Hammer"],"picked":"SlaversCollar"}],"items_purged_floors":[5,22],"is_endless":false,"potions_floor_spawned":[3,8,16,21,25],"killed_by":"Gremlin Leader","ascension_level":18}}