{"host":"nwz9s93nkn2ush8t","time":1607725717,"event":{"mods":["AchievementEnabler","Act Like it!","BaseMod","Block Reminder","Colored Powertips","Googly Eyes","Minty Spire (QoL Compilation)","Quick Restart","Rare Cards Sparkle","StSLib","everything is the same but u backflip on backflip","slay the spire mod where everything is the same but ironclad has a cowboy hat"],"gold_per_floor":[116,191,191,210,63,90,90,118,118,145,165,175,205,216,216,314,314,327,327,342,257,257,257,269,298,379,139,139,139,139,150,150,249,249,267,173,223,297,140,140,152,152,152,152,0,19,29,48,48,48,48],"floor_reached":50,"playtime":4548,"items_purged":[],"score":639,"play_id":"24931e66-73b0-476c-8eff-c31c98b8c57b","local_time":"20201211172837","is_ascension_mode":true,"campfire_choices":[{"data":"Adaptation","floor":7,"key":"SMITH"},{"data":"Eruption","floor":15,"key":"SMITH"},{"floor":23,"key":"REST"},{"data":"TalkToTheHand","floor":29,"key":"SMITH"},{"data":"Crescendo","floor":32,"key":"SMITH"},{"data":"CutThroughFate","floor":40,"key":"SMITH"},{"data":"BowlingBash","floor":44,"key":"SMITH"},{"data":"Devotion","floor":49,"key":"SMITH"}],"circlet_count":0,"master_deck":["Strike_P","Strike_P","Strike_P","Defend_P","Defend_P","Defend_P","Eruption+1","Vigilance","EmptyFist","TalkToTheHand+1","Adaptation+1","Crescendo+1","BowlingBash+1","ClearTheMind+1","ForeignInfluence+1","CutThroughFate+1","FlurryOfBlows","Wish+1","CurseOfTheBell","ThirdEye+1","FollowUp+1","Alpha+1","SashWhip+1","FlyingSleeves","Brilliance","Vault+1","Blind+1","FlurryOfBlows","EmptyMind+1","Evaluate+1","Devotion+1","Evaluate+1"],"relics":["PureWater","NeowsBlessing","Question Card","Anchor","Meat on the Bone","Damaru","PreservedInsect","Toxic Egg 2","Odd Mushroom","Yang","Calling Bell","Akabeko","Letter Opener","Ginger","Nilry\u0027s Codex","Bird Faced Urn","Bronze Scales","Mercury Hourglass","Pantograph","TungstenRod","Singing Bowl","Medical Kit","Gremlin Horn","Red Mask"],"acts_visited":["Exordium","TheCity","TheBeyond"],"potions_floor_usage":[10,11,16,20,25,50,50],"damage_taken":[{"damage":0,"enemies":"Small Slimes","floor":1,"turns":2},{"damage":0,"enemies":"Jaw Worm","floor":4,"turns":1},{"damage":0,"enemies":"3 Sentries","floor":6,"turns":1},{"damage":11,"enemies":"Gremlin Nob","floor":8,"turns":4},{"damage":16,"enemies":"Lagavulin","floor":10,"turns":5},{"damage":9,"enemies":"The Mushroom Lair","floor":11,"turns":4},{"damage":0,"enemies":"2 Louse","floor":12,"turns":2},{"damage":13,"enemies":"Gremlin Nob","floor":13,"turns":3},{"damage":0,"enemies":"2 Fungi Beasts","floor":14,"turns":3},{"damage":38,"enemies":"The Guardian","floor":16,"turns":6},{"damage":1,"enemies":"Spheric Guardian","floor":18,"turns":3},{"damage":4,"enemies":"Shell Parasite","floor":20,"turns":2},{"damage":0,"enemies":"Centurion and Healer","floor":24,"turns":3},{"damage":4,"enemies":"Slavers","floor":25,"turns":2},{"damage":0,"enemies":"Shelled Parasite and Fungi","floor":31,"turns":4},{"damage":28,"enemies":"Champ","floor":33,"turns":6},{"damage":0,"enemies":"Orb Walker","floor":35,"turns":3},{"damage":0,"enemies":"Mind Bloom Boss Battle","floor":37,"turns":4},{"damage":0,"enemies":"3 Shapes","floor":41,"turns":4},{"damage":9,"enemies":"Transient","floor":46,"turns":7},{"damage":33,"enemies":"Writhing Mass","floor":47,"turns":5},{"damage":0,"enemies":"Sphere and 2 Shapes","floor":48,"turns":3},{"damage":78,"enemies":"Donu and Deca","floor":50,"turns":5}],"seed_played":"1560056650013544134","potions_obtained":[{"floor":6,"key":"StancePotion"},{"floor":8,"key":"Dexterity Potion"},{"floor":11,"key":"PowerPotion"},{"floor":14,"key":"Swift Potion"},{"floor":18,"key":"Strength Potion"},{"floor":33,"key":"ColorlessPotion"},{"floor":41,"key":"Weak Potion"}],"is_trial":false,"path_per_floor":["M","?","T","M","$","E","R","E","T","E","?","M","E","M","R","B",null,"M","?","M","?","?","R","M","E","T","$","?","R","$","M","R","B",null,"M","$","?","T","$","R","M","?","T","R","?","M","M","M","R","B"],"character_chosen":"WATCHER","items_purchased":["Anchor","Pantograph","Blind+1","Medical Kit"],"campfire_rested":1,"item_purchase_floors":[5,27,36,39],"current_hp_per_floor":[72,61,61,61,61,61,61,50,50,46,37,37,36,48,48,22,60,59,43,39,39,39,60,60,58,58,58,58,58,58,60,60,46,66,68,68,72,72,72,72,72,72,72,72,72,63,46,50,50,0,0],"gold":48,"neow_bonus":"THREE_ENEMY_KILL","is_daily":false,"chose_seed":false,"campfire_upgraded":7,"win_rate":0.0,"timestamp":1607725717,"path_taken":["M","?","?","M","?","E","R","E","T","E","?","M","E","M","R","BOSS","M","?","M","?","?","R","?","E","T","?","?","R","$","M","R","BOSS","M","$","?","?","$","R","M","?","T","R","?","M","M","M","R","BOSS"],"items_purchased_type":["Relic","Relic","Card","Relic"],"build_version":"2020-11-30","purchased_purges":0,"victory":false,"max_hp_per_floor":[72,72,72,72,72,72,72,72,72,72,72,72,72,72,72,72,72,72,72,72,72,72,72,72,72,72,72,72,72,72,72,72,72,72,72,72,72,72,72,72,72,72,72,72,72,72,72,72,72,72,72],"card_choices":[{"not_picked":["Halt","Protect"],"picked":"EmptyFist","floor":1},{"not_picked":["Indignation","BattleHymn","ThirdEye"],"picked":"TalkToTheHand","floor":4},{"not_picked":["Establishment","PathToVictory","Study"],"picked":"Adaptation","floor":6},{"not_picked":["Meditate","ReachHeaven","Conclude"],"picked":"Crescendo","floor":8},{"not_picked":["Study","ThirdEye+1","BattleHymn"],"picked":"BowlingBash","floor":10},{"not_picked":["Swivel+1","FollowUp","Adaptation"],"picked":"ClearTheMind+1","floor":11},{"not_picked":["Wallop","FlyingSleeves","JustLucky"],"picked":"ForeignInfluence+1","floor":12},{"not_picked":["Establishment","SashWhip","Collect+1"],"picked":"CutThroughFate","floor":13},{"not_picked":["PathToVictory+1","Protect+1","CrushJoints"],"picked":"FlurryOfBlows","floor":14},{"not_picked":["Omniscience+1","SpiritShield+1","Blasphemy+1"],"picked":"Wish+1","floor":16},{"not_picked":["Meditate+1","Nirvana","ClearTheMind+1"],"picked":"ThirdEye+1","floor":18},{"not_picked":["Wallop","Evaluate+1","ReachHeaven+1"],"picked":"FollowUp+1","floor":20},{"not_picked":["FearNoEvil","ClearTheMind+1","Fasting2"],"picked":"SashWhip+1","floor":24},{"not_picked":["BattleHymn+1","FollowUp","Worship+1"],"picked":"FlyingSleeves","floor":25},{"not_picked":["Worship+1","WindmillStrike","CutThroughFate+1"],"picked":"Brilliance","floor":31},{"not_picked":["Devotion","Ragnarok","MasterReality"],"picked":"Vault+1","floor":33},{"not_picked":["ThirdEye+1","Fasting2","PathToVictory+1","EmptyMind+1"],"picked":"SKIP","floor":35},{"not_picked":["ClearTheMind+1","Pray+1","Prostrate+1"],"picked":"FlurryOfBlows","floor":37},{"not_picked":["Crescendo+1","PathToVictory+1","EmptyFist"],"picked":"EmptyMind+1","floor":41},{"not_picked":["Perseverance+1","PathToVictory+1","CrushJoints"],"picked":"Evaluate+1","floor":46},{"not_picked":["PathToVictory+1","Halt+1","Adaptation+1"],"picked":"Devotion","floor":47},{"not_picked":["FlurryOfBlows","BowlingBash+1","DeceiveReality+1"],"picked":"Evaluate+1","floor":48}],"player_experience":380648,"relics_obtained":[{"floor":3,"key":"Question Card"},{"floor":6,"key":"Meat on the Bone"},{"floor":8,"key":"Damaru"},{"floor":9,"key":"PreservedInsect"},{"floor":10,"key":"Toxic Egg 2"},{"floor":11,"key":"Odd Mushroom"},{"floor":13,"key":"Yang"},{"floor":17,"key":"Akabeko"},{"floor":17,"key":"Letter Opener"},{"floor":17,"key":"Ginger"},{"floor":19,"key":"Nilry\u0027s Codex"},{"floor":25,"key":"Bronze Scales"},{"floor":26,"key":"Mercury Hourglass"},{"floor":37,"key":"TungstenRod"},{"floor":38,"key":"Singing Bowl"},{"floor":43,"key":"Gremlin Horn"}],"event_choices":[{"damage_healed":0,"gold_gain":75,"player_choice":"Gather Gold","damage_taken":11,"max_hp_gain":0,"max_hp_loss":0,"event_name":"World of Goop","floor":2,"gold_loss":0},{"damage_healed":0,"gold_gain":0,"player_choice":"Fought Mushrooms","damage_taken":0,"max_hp_gain":0,"max_hp_loss":0,"event_name":"Mushrooms","floor":11,"gold_loss":0},{"damage_healed":0,"gold_gain":0,"player_choice":"Obtained Book","damage_taken":16,"max_hp_gain":0,"max_hp_loss":0,"event_name":"Cursed Tome","floor":19,"gold_loss":0},{"damage_healed":0,"gold_gain":0,"player_choice":"Obtained Relic","damage_taken":0,"relics_obtained":["Bird Faced Urn"],"max_hp_gain":0,"max_hp_loss":0,"event_name":"Addict","floor":21,"gold_loss":85},{"damage_healed":0,"gold_gain":0,"cards_transformed":["Defend_P"],"player_choice":"Transformed","damage_taken":0,"max_hp_gain":0,"max_hp_loss":0,"event_name":"Transmorgrifier","floor":22,"gold_loss":0,"cards_obtained":["Alpha"]},{"damage_healed":0,"gold_gain":0,"player_choice":"Ignored","damage_taken":0,"max_hp_gain":0,"max_hp_loss":0,"event_name":"Beggar","floor":28,"gold_loss":0},{"damage_healed":0,"gold_gain":0,"player_choice":"Fight","damage_taken":0,"max_hp_gain":0,"max_hp_loss":0,"event_name":"MindBloom","floor":37,"gold_loss":0},{"cards_removed":["Strike_P"],"damage_healed":0,"gold_gain":0,"player_choice":"Removed Attack","damage_taken":0,"max_hp_gain":0,"max_hp_loss":0,"event_name":"Falling","floor":42,"gold_loss":0},{"damage_healed":0,"gold_gain":0,"player_choice":"Paid","damage_taken":0,"relics_obtained":["Red Mask"],"max_hp_gain":0,"max_hp_loss":0,"event_name":"Tomb of Lord Red Mask","floor":45,"gold_loss":152}],"is_beta":false,"boss_relics":[{"not_picked":["Runic Pyramid","Snecko Eye"],"picked":"Calling Bell"},{"not_picked":["Philosopher\u0027s Stone","Astrolabe","Fusion Hammer"]}],"items_purged_floors":[],"is_endless":false,"potions_floor_spawned":[6,8,11,14,18,33,41],"killed_by":"Donu and Deca","ascension_level":5}}