{"host":"126yiuos2nq86se7","time":1607646045,"event":{"mods":["AchievementEnabler","Act Like it!","BaseMod","Colored Map","Colored Powertips","Friendly Minions","Highlight Path","Minty Spire (QoL Compilation)","StSLib","SuperFastMode"],"gold_per_floor":[218,238,14,26,26,26,41,51,74,74,94,112,112,132,132,232,232,172,32,32,32,32,32,32,32,32,32,32,32],"floor_reached":28,"playtime":1283,"items_purged":["Dualcast","Zap"],"score":264,"play_id":"e2a4bfb7-b0ee-4264-948d-2a53fe5b03b9","local_time":"20201211112045","is_ascension_mode":false,"campfire_choices":[{"data":"Barrage","floor":6,"key":"SMITH"},{"data":"Barrage","floor":13,"key":"SMITH"},{"floor":15,"key":"REST"},{"data":"Self Repair","floor":23,"key":"SMITH"},{"data":"Core Surge","floor":27,"key":"SMITH"}],"circlet_count":0,"master_deck":["Strike_B","Strike_B","Strike_B","Strike_B","Defend_B","Defend_B","Defend_B","Defend_B","Barrage+1","Barrage+1","Core Surge+1","Rip and Tear","Conserve Battery","BootSequence","Meteor Strike","Undo+1","Self Repair+1","Auto Shields","Hologram+1"],"relics":["Cracked Core","MealTicket","Toy Ornithopter","Ectoplasm","Pantograph"],"acts_visited":["Exordium","TheCity"],"potions_floor_usage":[16,16],"damage_taken":[{"damage":6,"enemies":"Cultist","floor":1,"turns":3},{"damage":1,"enemies":"Jaw Worm","floor":2,"turns":3},{"damage":4,"enemies":"2 Louse","floor":4,"turns":3},{"damage":15,"enemies":"Exordium Thugs","floor":7,"turns":4},{"damage":7,"enemies":"Blue Slaver","floor":8,"turns":3},{"damage":16,"enemies":"Lots of Slimes","floor":11,"turns":3},{"damage":11,"enemies":"Gremlin Gang","floor":12,"turns":5},{"damage":0,"enemies":"Large Slime","floor":14,"turns":4},{"damage":0,"enemies":"Slime Boss","floor":16,"turns":5},{"damage":25,"enemies":"2 Thieves","floor":18,"turns":4},{"damage":0,"enemies":"Chosen","floor":20,"turns":6},{"damage":22,"enemies":"Shelled Parasite and Fungi","floor":22,"turns":6},{"damage":22,"enemies":"Snecko","floor":25,"turns":6},{"damage":51,"enemies":"Centurion and Healer","floor":28,"turns":13}],"seed_played":"8440222587383529007","potions_obtained":[{"floor":1,"key":"SkillPotion"},{"floor":2,"key":"Regen Potion"},{"floor":4,"key":"SteroidPotion"},{"floor":7,"key":"DistilledChaos"},{"floor":20,"key":"ColorlessPotion"}],"is_trial":false,"path_per_floor":["M","M","$","M","$","R","M","M","T","$","M","M","R","M","R","B",null,"M","$","M","$","M","R","?","M","T","R","M"],"character_chosen":"DEFECT","items_purchased":["MealTicket","Self Repair"],"campfire_rested":1,"item_purchase_floors":[3,19],"current_hp_per_floor":[69,68,68,64,75,75,60,53,53,68,52,41,41,41,63,73,75,50,65,72,75,60,60,60,48,48,48,0,0],"gold":32,"neow_bonus":"HUNDRED_GOLD","is_daily":false,"chose_seed":false,"campfire_upgraded":4,"win_rate":0.0,"timestamp":1607646045,"path_taken":["M","M","$","M","$","R","M","?","T","$","M","M","R","M","R","BOSS","M","$","M","$","M","R","?","M","T","R","M"],"items_purchased_type":["Relic","Card"],"build_version":"2020-11-30","purchased_purges":2,"victory":false,"max_hp_per_floor":[75,75,75,75,75,75,75,75,75,75,75,75,75,75,75,75,75,75,75,75,75,75,75,75,75,75,75,75,75],"card_choices":[{"not_picked":["Compile Driver","Beam Cell"],"picked":"Barrage","floor":1},{"not_picked":["Loop","Consume"],"picked":"Barrage","floor":2},{"not_picked":["Streamline","Beam Cell","Ball Lightning"],"picked":"SKIP","floor":4},{"not_picked":["Capacitor","Barrage"],"picked":"Core Surge","floor":7},{"not_picked":["Sunder","Go for the Eyes"],"picked":"Rip and Tear","floor":8},{"not_picked":["Go for the Eyes","Lockon"],"picked":"Conserve Battery","floor":11},{"not_picked":["Compile Driver","Chill"],"picked":"BootSequence","floor":12},{"not_picked":["Redo","Gash","Blizzard"],"picked":"SKIP","floor":14},{"not_picked":["Amplify","Hyperbeam"],"picked":"Meteor Strike","floor":16},{"not_picked":["Leap+1","Streamline"],"picked":"Undo+1","floor":18},{"not_picked":["Stack","Rebound","Loop"],"picked":"SKIP","floor":20},{"not_picked":["Redo","Static Discharge"],"picked":"Auto Shields","floor":22},{"not_picked":["Redo","Recycle"],"picked":"Hologram+1","floor":25}],"player_experience":1414303,"relics_obtained":[{"floor":9,"key":"Toy Ornithopter"},{"floor":26,"key":"Pantograph"}],"event_choices":[{"damage_healed":0,"gold_gain":0,"player_choice":"Ignored","damage_taken":0,"max_hp_gain":0,"max_hp_loss":0,"event_name":"Ghosts","floor":24,"gold_loss":0}],"is_beta":false,"boss_relics":[{"not_picked":["SacredBark","Tiny House"],"picked":"Ectoplasm"}],"items_purged_floors":[3,19],"is_endless":false,"potions_floor_spawned":[1,2,4,7,20],"killed_by":"Centurion and Healer","ascension_level":0}}