{"host":"5gc11emcm5chfr5t","time":1607666214,"event":{"mods":["2.2 Compatiblity","AchievementEnabler","BaseMod","Bestiary","Better Note","Colored Map","Colored Powertips","Googly Eyes","Minty Spire (QoL Compilation)","Rare Cards Sparkle","StSLib"],"gold_per_floor":[112,130,145,159,159,159,190,190,190,222,222,297,313,64,64,159,159,171,171,171,184,198,198,230,230,230,265,265,285,285,312,312,312,312],"floor_reached":33,"playtime":1014,"items_purged":[],"score":385,"play_id":"b293facd-3468-43c6-a880-2aa8ef352202","local_time":"20201211005654","is_ascension_mode":true,"campfire_choices":[{"data":"Inflame","floor":6.0,"key":"SMITH"},{"floor":8.0,"key":"REST"},{"data":"Cleave","floor":11.0,"key":"SMITH"},{"floor":15.0,"key":"REST"},{"data":"Perfected Strike","floor":23.0,"key":"SMITH"},{"floor":25,"key":"REST"},{"floor":30,"key":"REST"},{"data":"Armaments","floor":32,"key":"SMITH"}],"circlet_count":0,"master_deck":["Strike_R+1","Strike_R+1","Strike_R+1","Strike_R+1","Strike_R+1","Defend_R+1","Defend_R+1","Defend_R+1","Defend_R+1","Bash","Ghostly Armor","Twin Strike","Inflame+1","Spot Weakness","Regret","Cleave+1","Perfected Strike+1","Wild Strike","Immolate","CurseOfTheBell","Armaments+1"],"relics":["Burning Blood","NeowsBlessing","Anchor","Pear","Singing Bowl","Frozen Egg 2","Calling Bell","CeramicFish","Mummified Hand","TungstenRod","Ornamental Fan","HornCleat","White Beast Statue","Juzu Bracelet","Letter Opener"],"acts_visited":["Exordium","TheCity"],"potions_floor_usage":[27,31,33],"damage_taken":[{"damage":0.0,"enemies":"Cultist","floor":1.0,"turns":1.0},{"damage":0.0,"enemies":"Jaw Worm","floor":2.0,"turns":1.0},{"damage":0.0,"enemies":"Small Slimes","floor":3.0,"turns":1.0},{"damage":6.0,"enemies":"Looter","floor":4.0,"turns":3.0},{"damage":49.0,"enemies":"Gremlin Nob","floor":7.0,"turns":6.0},{"damage":17.0,"enemies":"3 Sentries","floor":10.0,"turns":7.0},{"damage":3.0,"enemies":"Blue Slaver","floor":13.0,"turns":2.0},{"damage":67.0,"enemies":"The Guardian","floor":16.0,"turns":9.0},{"damage":51.0,"enemies":"Shell Parasite","floor":18.0,"turns":7.0},{"damage":17.0,"enemies":"Spheric Guardian","floor":21.0,"turns":4.0},{"damage":21.0,"enemies":"Snake Plant","floor":22.0,"turns":3.0},{"damage":43,"enemies":"Gremlin Leader","floor":24,"turns":6},{"damage":12,"enemies":"Slavers","floor":27,"turns":4},{"damage":15,"enemies":"Cultist and Chosen","floor":29,"turns":6},{"damage":16,"enemies":"Gremlin Leader","floor":31,"turns":5},{"damage":90,"enemies":"Automaton","floor":33,"turns":8}],"seed_played":"-6029706810712697033","potions_obtained":[{"floor":2.0,"key":"Fruit Juice"},{"floor":3.0,"key":"Fire Potion"},{"floor":7.0,"key":"ElixirPotion"},{"floor":10.0,"key":"AttackPotion"},{"floor":13.0,"key":"ColorlessPotion"},{"floor":21.0,"key":"Dexterity Potion"},{"floor":24,"key":"LiquidMemories"},{"floor":27,"key":"LiquidBronze"},{"floor":29,"key":"Regen Potion"},{"floor":31,"key":"FearPotion"}],"is_trial":false,"path_per_floor":["M","M","M","M","?","R","E","R","T","E","R","?","M","$","R","B",null,"M","?","T","M","M","R","E","R","T","E","?","M","R","E","R","B"],"character_chosen":"IRONCLAD","items_purchased":["Frozen Egg 2"],"campfire_rested":4,"item_purchase_floors":[14],"current_hp_per_floor":[80,80,80,80,80,80,47,74,74,63,63,52,55,55,82,26,95,52,84,84,75,62,62,27,57,57,53,53,44,75,81,81,0,0],"gold":312,"neow_bonus":"THREE_ENEMY_KILL","is_daily":false,"chose_seed":false,"campfire_upgraded":4,"win_rate":0.0,"timestamp":1607666214,"path_taken":["M","M","M","M","?","R","E","R","T","E","R","?","M","?","R","BOSS","M","?","?","M","M","R","E","R","T","E","?","M","R","E","R","BOSS"],"items_purchased_type":["Relic"],"build_version":"2020-11-30","purchased_purges":0,"victory":false,"max_hp_per_floor":[80,80,80,80,80,80,90,90,90,90,90,90,90,90,90,95,95,97,97,97,99,101,101,103,103,103,105,105,105,105,107,107,107,107],"card_choices":[{"not_picked":["Anger","Iron Wave"],"picked":"Ghostly Armor","floor":1.0},{"not_picked":["Battle Trance","Seeing Red"],"picked":"Twin Strike","floor":2.0},{"not_picked":["Thunderclap","Clothesline"],"picked":"Inflame","floor":3.0},{"not_picked":["Sentinel","Disarm"],"picked":"Spot Weakness","floor":4.0},{"not_picked":["Sever Soul","Carnage"],"picked":"Cleave","floor":7.0},{"not_picked":["Second Wind","Sentinel"],"picked":"Perfected Strike","floor":10.0},{"not_picked":["True Grit","Seeing Red"],"picked":"Wild Strike","floor":13.0},{"not_picked":["Corruption+1","Bludgeon"],"picked":"Immolate","floor":16.0},{"not_picked":["Clash+1","Body Slam","Headbutt"],"picked":"Singing Bowl","floor":18.0},{"not_picked":["Body Slam","Uppercut","Battle Trance"],"picked":"Singing Bowl","floor":21.0},{"not_picked":["Whirlwind","Pommel Strike","Dark Embrace+1"],"picked":"Singing Bowl","floor":22.0},{"not_picked":["Shrug It Off+1","Combust+1","Sentinel"],"picked":"Singing Bowl","floor":24},{"not_picked":["Infernal Blade","Cleave","Battle Trance+1"],"picked":"Singing Bowl","floor":27},{"not_picked":["Carnage","Rupture+1"],"picked":"Armaments","floor":29},{"not_picked":["Reckless Charge+1","Feel No Pain+1","Body Slam"],"picked":"Singing Bowl","floor":31}],"player_experience":312057,"relics_obtained":[{"floor":7.0,"key":"Pear"},{"floor":10.0,"key":"Singing Bowl"},{"floor":17.0,"key":"CeramicFish"},{"floor":17.0,"key":"Mummified Hand"},{"floor":17.0,"key":"TungstenRod"},{"floor":20.0,"key":"Ornamental Fan"},{"floor":24,"key":"HornCleat"},{"floor":26,"key":"White Beast Statue"},{"floor":27,"key":"Juzu Bracelet"},{"floor":31,"key":"Letter Opener"}],"event_choices":[{"damage_healed":0.0,"max_hp_gain":0.0,"max_hp_loss":0.0,"gold_gain":0.0,"event_name":"Big Fish","player_choice":"Box","floor":5.0,"gold_loss":0.0,"damage_taken":0.0,"relics_obtained":["Anchor"],"cards_obtained":["Regret"]},{"damage_healed":0.0,"max_hp_gain":0.0,"max_hp_loss":0.0,"gold_gain":75.0,"event_name":"World of Goop","player_choice":"Gather Gold","floor":12.0,"gold_loss":0.0,"damage_taken":11.0},{"damage_healed":32.0,"max_hp_gain":0.0,"max_hp_loss":0.0,"gold_gain":0.0,"event_name":"The Library","player_choice":"Heal","floor":19.0,"gold_loss":0.0,"damage_taken":0.0},{"damage_healed":0,"gold_gain":0,"player_choice":"Simplicity","damage_taken":0,"max_hp_gain":0,"max_hp_loss":0,"event_name":"Back to Basics","floor":28,"gold_loss":0,"cards_upgraded":["Strike_R","Strike_R","Strike_R","Strike_R","Strike_R","Defend_R","Defend_R","Defend_R","Defend_R"]}],"is_beta":false,"boss_relics":[{"not_picked":["Runic Pyramid","Fusion Hammer"],"picked":"Calling Bell"}],"items_purged_floors":[],"is_endless":false,"potions_floor_spawned":[2,3,7,10,13,21,24,27,29,31],"killed_by":"Automaton","ascension_level":3}}