{"host":"vpnygm79y7yi43ig","time":1607674801,"event":{"mods":["BaseMod","Bestiary","Minty Spire (QoL Compilation)"],"gold_per_floor":[110,125,135,6,16,50,1,1,27,51,74,86,127,37,37,37,37],"floor_reached":16,"playtime":828,"items_purged":["Strike_P"],"score":112,"play_id":"3773ff1b-2c9c-418d-be5d-3e172f1a381a","local_time":"20201211002001","is_ascension_mode":false,"campfire_choices":[{"data":"Adaptation","floor":12,"key":"SMITH"},{"data":"Eruption","floor":15,"key":"SMITH"}],"circlet_count":0,"master_deck":["Strike_P","Strike_P","Strike_P","Defend_P","Defend_P","Defend_P","Eruption+1","Vigilance","EmptyBody","FlyingSleeves","Crescendo","Conclude","FlurryOfBlows","Adaptation+1","Scrawl","FollowUp","FlurryOfBlows","EmptyBody"],"relics":["PureWater","Tiny Chest","MawBank","Bag of Preparation"],"acts_visited":[],"potions_floor_usage":[16,16],"damage_taken":[{"damage":0.0,"enemies":"Cultist","floor":1.0,"turns":3.0},{"damage":2.0,"enemies":"Jaw Worm","floor":2.0,"turns":6.0},{"damage":0.0,"enemies":"Small Slimes","floor":3.0,"turns":3.0},{"damage":21.0,"enemies":"Exordium Thugs","floor":5.0,"turns":5.0},{"damage":23.0,"enemies":"Lagavulin","floor":6.0,"turns":5.0},{"damage":0,"enemies":"Lots of Slimes","floor":10,"turns":2},{"damage":5,"enemies":"3 Louse","floor":11,"turns":3},{"damage":19,"enemies":"3 Sentries","floor":13,"turns":7},{"damage":22,"enemies":"The Guardian","floor":16,"turns":5}],"seed_played":"8561806754154611414","potions_obtained":[{"floor":5.0,"key":"FearPotion"},{"floor":11,"key":"Dexterity Potion"},{"floor":13,"key":"Swift Potion"}],"is_trial":false,"path_per_floor":["M","M","M","$","M","E","$","?","T","M","M","R","E","$","R","B"],"character_chosen":"WATCHER","items_purchased":["Crescendo","FlurryOfBlows","FlurryOfBlows","EmptyBody"],"campfire_rested":0,"item_purchase_floors":[4,7,14,14],"current_hp_per_floor":[79,77,77,77,56,33,33,33,33,33,28,28,9,9,9,0,0],"gold":37,"neow_bonus":"TEN_PERCENT_HP_BONUS","is_daily":false,"chose_seed":false,"campfire_upgraded":2,"win_rate":0.0,"timestamp":1607674801,"path_taken":["M","?","M","$","M","E","$","?","T","M","M","R","E","$","R","BOSS"],"items_purchased_type":["Card","Card","Card","Card"],"build_version":"2020-11-30","purchased_purges":1,"victory":false,"max_hp_per_floor":[79,79,79,79,79,79,79,79,79,79,79,79,79,79,79,79,79],"card_choices":[{"not_picked":["ThirdEye","ForeignInfluence"],"picked":"EmptyBody","floor":1.0},{"not_picked":["ThirdEye","Study","Swivel"],"picked":"SKIP","floor":2.0},{"not_picked":["SashWhip","Prostrate"],"picked":"FlyingSleeves","floor":3.0},{"not_picked":["Blasphemy","LikeWater"],"picked":"Conclude","floor":5.0},{"not_picked":["CrushJoints","Weave","JustLucky"],"picked":"SKIP","floor":6.0},{"not_picked":["DeceiveReality","JustLucky"],"picked":"Adaptation","floor":10},{"not_picked":["CrushJoints","FlyingSleeves"],"picked":"Scrawl","floor":11},{"not_picked":["InnerPeace","Sanctity"],"picked":"FollowUp","floor":13}],"player_experience":163774,"relics_obtained":[{"floor":6.0,"key":"Tiny Chest"},{"floor":9,"key":"MawBank"},{"floor":13,"key":"Bag of Preparation"}],"event_choices":[{"cards_removed":["Defend_P"],"damage_healed":0,"gold_gain":0,"player_choice":"Offered Basic","damage_taken":0,"max_hp_gain":0,"max_hp_loss":0,"event_name":"Bonfire Elementals","floor":8,"gold_loss":0}],"is_beta":false,"boss_relics":[],"items_purged_floors":[4],"is_endless":false,"potions_floor_spawned":[5,11,13],"killed_by":"The Guardian","ascension_level":0}}