{"host":"8a3g9edf69u3epoz","time":1607683169,"event":{"mods":["BaseMod","Minty Spire (QoL Compilation)","MostiFishMod","Relic Stats","Remilia（蕾米莉亚）","StSLib","TestMod","UnlockEverythingMod","WarShipGirlsR/战舰少女R mod"],"gold_per_floor":[109,109,126,141,141,141,168,168,168,213,13,13,33,81,81,197,197,234,234,269,315,352,408,408,465,538,602,527,581,581,615,615,742,742,762,436,468,36,51,99,99,153,153,182,214,242,289,318,318,367,367,367,58,101,146],"floor_reached":56,"playtime":9194,"items_purged":[],"score":1942,"play_id":"707eec39-856c-4246-ba83-f1d657220177","local_time":"20201211183929","is_ascension_mode":true,"campfire_choices":[{"data":"CharismaGuard","floor":6.0,"key":"SMITH"},{"data":"ScarletMeister","floor":8.0,"key":"SMITH"},{"data":"ScarletCoffin","floor":12.0,"key":"SMITH"},{"data":"MillenniumVampire","floor":15.0,"key":"SMITH"},{"data":"DemonKingCradle","floor":30.0,"key":"SMITH"},{"data":"ScarletMeister","floor":32.0,"key":"SMITH"},{"floor":49,"key":"RECALL"},{"data":"BloodySeventeenLaser","floor":52,"key":"SMITH"}],"circlet_count":0,"master_deck":["Strike_RM+1","Strike_RM+1","Strike_RM+1","Strike_RM+1","Defend_RM+1","Defend_RM+1","Defend_RM","Defend_RM+1","ScarletShoot+1","FavorOfDestiny+1","UnstableMagic","CharismaGuard+1","ScarletMeister+1","NightDance","ScarletCoffin+1","ScarletImprint","MillenniumVampire+1","DemonKingCradle+1","Septette+1","TricksterDevil","ReincarnationDial+1","ScarletMeister+1","BloodySeventeenLaser+1","Sadistic Nature+1","ScarletCoffin+1","QueenOfMidnight+1","EternalNight+1"],"relics":["ScarletHat","testmod-TestBox","DaveBox","testmod-CasingShield","OneHitWonderSystem","NeowsBlessing","Question Card","TungstenRod","SynthV:C4","ScarletDevilRocket","ImportantClient","testmod-DeterminationOfClimber","Centennial Puzzle","Matryoshka","Sundial","testmod-Déjàvu","Bag of Marbles","Pantograph","StrikeDummy","Bag of Preparation","testmod-TheFather","Ancient Tea Set","Bottled Flame","Smiling Mask","PatriotShield","Ornamental Fan","testmod-Acrobat","testmod-AssaultLearning","Strange Spoon","Mummified Hand","ImprovedEquipment","RedBat","PreservedInsect","Gremlin Horn","Lantern","testmod-Antiphasic","testmod-BalancedPeriapt","Darkstone Periapt","Whetstone","testmod-TurbochargingSystem","Vajra","Incense Burner"],"acts_visited":["Exordium","TheCity","TheBeyond","TheEnding"],"potions_floor_usage":[42,46,46,47,50,55,55,55],"damage_taken":[{"damage":0.0,"enemies":"2 Louse","floor":1.0,"turns":1.0},{"damage":0.0,"enemies":"Cultist","floor":3.0,"turns":1.0},{"damage":0.0,"enemies":"Small Slimes","floor":4.0,"turns":1.0},{"damage":0.0,"enemies":"Lagavulin","floor":7.0,"turns":9.0},{"damage":0.0,"enemies":"3 Sentries","floor":10.0,"turns":11.0},{"damage":0.0,"enemies":"3 Louse","floor":13.0,"turns":1.0},{"damage":0.0,"enemies":"Lagavulin","floor":14.0,"turns":3.0},{"damage":0.0,"enemies":"The Guardian","floor":16.0,"turns":13.0},{"damage":0.0,"enemies":"Chosen","floor":18.0,"turns":6.0},{"damage":0.0,"enemies":"Shell Parasite","floor":20.0,"turns":5.0},{"damage":0.0,"enemies":"Snecko","floor":21.0,"turns":5.0},{"damage":0.0,"enemies":"Sentry and Sphere","floor":22.0,"turns":4.0},{"damage":0.0,"enemies":"Book of Stabbing","floor":23.0,"turns":7.0},{"damage":0.0,"enemies":"Gremlin Leader","floor":25.0,"turns":5.0},{"damage":0.0,"enemies":"Book of Stabbing","floor":27.0,"turns":6.0},{"damage":0.0,"enemies":"Slavers","floor":29.0,"turns":6.0},{"damage":0.0,"enemies":"3 Cultists","floor":31.0,"turns":2.0},{"damage":0.0,"enemies":"Automaton","floor":33.0,"turns":7.0},{"damage":0.0,"enemies":"Orb Walker","floor":35.0,"turns":1.0},{"damage":0.0,"enemies":"3 Darklings","floor":37.0,"turns":3.0},{"damage":0.0,"enemies":"Spire Growth","floor":39.0,"turns":1.0},{"damage":0.0,"enemies":"Reptomancer","floor":40.0,"turns":1.0},{"damage":0,"enemies":"Giant Head","floor":42,"turns":7},{"damage":0,"enemies":"Jaw Worm Horde","floor":44,"turns":2},{"damage":0,"enemies":"Reptomancer","floor":45,"turns":1},{"damage":0,"enemies":"Maw","floor":46,"turns":3},{"damage":0,"enemies":"Writhing Mass","floor":47,"turns":4},{"damage":0,"enemies":"Giant Head","floor":48,"turns":1},{"damage":0,"enemies":"Donu and Deca","floor":50,"turns":5},{"damage":0,"enemies":"Shield and Spear","floor":54,"turns":1},{"damage":0,"enemies":"The Heart","floor":55,"turns":5}],"seed_played":"-2449816388524987064","potions_obtained":[{"floor":1.0,"key":"Explosive Potion"},{"floor":3.0,"key":"SkillPotion"},{"floor":10.0,"key":"PowerPotion"},{"floor":13.0,"key":"PowerPotion"},{"floor":23.0,"key":"CultistPotion"},{"floor":46,"key":"PowerPotion"},{"floor":54,"key":"LiquidBronze"}],"is_trial":false,"path_per_floor":["M","?","M","M","?","R","E","R","T","E","$","R","M","E","R","B",null,"M","?","M","M","M","E","?","E","T","E","?","E","R","M","R","B",null,"M","$","M","$","M","E","?","E","T","M","E","M","M","E","R","B",null,"R","$","E","B",null],"character_chosen":"REMILIA","items_purchased":["ScarletCoffin","ScarletImprint","Ornamental Fan","Sadistic Nature","testmod-Acrobat","testmod-AssaultLearning","Strange Spoon","testmod-TurbochargingSystem","EternalNight","Vajra"],"campfire_rested":0,"item_purchase_floors":[11,11,36,36,38,38,38,53,53,53],"current_hp_per_floor":[1,1,1,1,1,1,1,1,1,1,1,1,1,1,1,1,1,1,1,1,1,1,1,1,1,1,1,1,1,1,1,1,1,1,1,1,1,1,1,1,1,1,1,1,1,1,1,1,1,1,1,1,1,1,1],"gold":146,"neow_bonus":"THREE_ENEMY_KILL","is_daily":false,"chose_seed":false,"campfire_upgraded":7,"win_rate":0.0,"timestamp":1607683169,"path_taken":["M","?","M","?","?","R","E","R","T","E","$","R","M","E","R","BOSS","M","?","M","M","M","E","?","E","T","E","?","E","R","M","R","BOSS","M","$","M","$","M","E","?","E","T","M","E","M","M","E","R","BOSS","R","$","E","BOSS"],"items_purchased_type":["Card","Card","Relic","Card","Relic","Relic","Relic","Relic","Card","Relic"],"build_version":"2020-11-30","purchased_purges":0,"victory":true,"max_hp_per_floor":[1,1,1,1,1,1,1,1,1,1,1,1,1,1,1,1,1,1,1,1,1,1,1,1,1,1,1,1,1,1,1,1,1,1,1,1,1,1,1,1,1,1,1,1,1,1,1,1,1,1,1,1,1,1,1],"relic_stats":{"Darkstone Periapt":0,"Gremlin Horn":[4,4],"counters":[31,128],"PreservedInsect":253,"Bag of Preparation":[32],"Whetstone":["ScarletShoot","ScarletCoffin"],"Question Card":28,"Smiling Mask":0,"Strange Spoon":[12],"Centennial Puzzle":[0],"Sundial":[8],"Ornamental Fan":[88],"Mummified Hand":[41],"Pantograph":0,"obtain_stats":[{"Darkstone Periapt":47,"PatriotShield":34,"Lantern":44,"ScarletDevilRocket":14,"DaveBox":0,"Gremlin Horn":43,"Vajra":53,"Bag of Preparation":27,"Incense Burner":54,"Whetstone":48,"Ancient Tea Set":29,"Smiling Mask":33,"ScarletHat":0,"testmod-CasingShield":0,"SynthV:C4":10,"RedBat":42,"Centennial Puzzle":19,"Matryoshka":20,"Sundial":23,"Mummified Hand":40,"Pantograph":26,"testmod-TheFather":29,"testmod-Déjàvu":25,"testmod-DeterminationOfClimber":17,"OneHitWonderSystem":0,"ImportantClient":16,"testmod-TestBox":0,"NeowsBlessing":0,"ImprovedEquipment":42,"PreservedInsect":43,"testmod-TurbochargingSystem":53,"Question Card":1,"Strange Spoon":38,"testmod-Antiphasic":45,"Bottled Flame":29,"Ornamental Fan":36,"testmod-Acrobat":38,"testmod-AssaultLearning":38,"Bag of Marbles":26,"testmod-BalancedPeriapt":46,"StrikeDummy":27,"TungstenRod":7},{"Darkstone Periapt":27,"PatriotShield":18,"Lantern":24,"ScarletDevilRocket":7,"DaveBox":0,"Gremlin Horn":23,"Vajra":29,"Bag of Preparation":15,"Incense Burner":30,"Whetstone":28,"Ancient Tea Set":16,"Smiling Mask":18,"ScarletHat":0,"testmod-CasingShield":0,"SynthV:C4":5,"RedBat":23,"Centennial Puzzle":9,"Matryoshka":10,"Sundial":13,"Mummified Hand":22,"Pantograph":14,"testmod-TheFather":16,"testmod-Déjàvu":14,"testmod-DeterminationOfClimber":8,"OneHitWonderSystem":0,"ImportantClient":8,"testmod-TestBox":0,"NeowsBlessing":0,"ImprovedEquipment":23,"PreservedInsect":23,"testmod-TurbochargingSystem":29,"Question Card":1,"Strange Spoon":20,"testmod-Antiphasic":25,"Bottled Flame":16,"Ornamental Fan":19,"testmod-Acrobat":20,"testmod-AssaultLearning":20,"Bag of Marbles":14,"testmod-BalancedPeriapt":26,"StrikeDummy":15,"TungstenRod":4},{"Darkstone Periapt":116,"PatriotShield":93,"Lantern":108,"ScarletDevilRocket":27,"DaveBox":0,"Gremlin Horn":106,"Vajra":122,"Bag of Preparation":78,"Incense Burner":123,"Whetstone":117,"Ancient Tea Set":84,"Smiling Mask":93,"ScarletHat":0,"testmod-CasingShield":0,"SynthV:C4":23,"RedBat":106,"Centennial Puzzle":46,"Matryoshka":51,"Sundial":67,"Mummified Hand":99,"Pantograph":72,"testmod-TheFather":84,"testmod-Déjàvu":72,"testmod-DeterminationOfClimber":40,"OneHitWonderSystem":0,"ImportantClient":40,"testmod-TestBox":0,"NeowsBlessing":0,"ImprovedEquipment":106,"PreservedInsect":106,"testmod-TurbochargingSystem":122,"Question Card":1,"Strange Spoon":97,"testmod-Antiphasic":109,"Bottled Flame":84,"Ornamental Fan":94,"testmod-Acrobat":97,"testmod-AssaultLearning":97,"Bag of Marbles":72,"testmod-BalancedPeriapt":112,"StrikeDummy":78,"TungstenRod":12}],"TungstenRod":0},"card_choices":[{"not_picked":["UnstableMagic","RedRainbow"],"picked":"FavorOfDestiny","floor":1.0},{"not_picked":["NightDance","BlasphemousPunishment","FavorOfDestiny"],"picked":"UnstableMagic","floor":3.0},{"not_picked":["BloodyMagicSquare","Stigmanizer","VampireSweep"],"picked":"CharismaGuard","floor":4.0},{"not_picked":["MiserableFate","RedNightlessCastle","BlasphemousPunishment"],"picked":"ScarletMeister","floor":7.0},{"not_picked":["VampireClaw","BombardNight","VampireKiss"],"picked":"NightDance","floor":10.0},{"not_picked":["BlasphemousPunishment","DiffusionOfMisfortune","SuperhumanBloodyKnife","StarOfDavid"],"picked":"SKIP","floor":13.0},{"not_picked":["EndlessAdversity","SuperhumanBloodyKnife","VampirishNight"],"picked":"MillenniumVampire","floor":14.0},{"not_picked":["BatForm","ChaoticDestiny","HellCatastrophe"],"picked":"DemonKingCradle","floor":16.0},{"not_picked":["VampireKiss+1","StarOfDavid","ScarletDevil","VampirishNight"],"picked":"SKIP","floor":18.0},{"not_picked":["LeisurelyOfLord+1","UltimateOffering","RedNightlessCastle+1"],"picked":"BloodyMagicSquare+1","floor":20.0},{"not_picked":["RedRainbow","MastersStateliness+1","ScarletSymphony"],"picked":"Septette+1","floor":21.0},{"not_picked":["EndlessAdversity","BloodyMagicSquare","BombardNight","ScarletDevil"],"picked":"SKIP","floor":22.0},{"not_picked":["BloodHunter","ScarletGensokyo","Septette","ScarletImprint"],"picked":"SKIP","floor":23.0},{"not_picked":["NightDance","UnderTheZenith","Stigmanizer"],"picked":"ReincarnationDial","floor":25.0},{"not_picked":["VampireFantasy","CharismaGuard","VampireKiss"],"picked":"ScarletMeister","floor":27.0},{"not_picked":["BloodAndWine","VampireSweep+1","LeisurelyOfLord","DevilSight"],"picked":"SKIP","floor":29.0},{"not_picked":["BloodAndWine+1","BloodyTrap","RedNightlessCastle","BadLadyScramble+1"],"picked":"SKIP","floor":31.0},{"not_picked":["ScarletCoffin","TricksterDevil","BatForm"],"picked":"BloodySeventeenLaser","floor":33.0},{"not_picked":["NightDance+1","RedRainbow","UnderTheZenith+1","VampirishNight+1"],"picked":"SKIP","floor":35.0},{"not_picked":["UnstableMagic","EmergencyRegeneration+1","EndlessAdversity+1","ChaoticDestiny"],"picked":"SKIP","floor":37.0},{"not_picked":["MastersStateliness","ScarletDevilSign","BombardNight+1","FavorOfDestiny"],"picked":"SKIP","floor":39.0},{"not_picked":["HunterOfTheNight+1","MastersStateliness","RedMagic"],"picked":"ScarletCoffin","floor":40.0},{"not_picked":["BloodyTrap+1","TwelveNightmare","BadLadyScramble+1","MastersStateliness"],"picked":"SKIP","floor":42},{"not_picked":["Maim","ScarletGensokyo+1","ScarletDevil","RedRainbow"],"picked":"SKIP","floor":44},{"not_picked":["UnstableMagic+1","VampireKiss","DiffusionOfMisfortune"],"picked":"QueenOfMidnight","floor":45},{"not_picked":["ForbiddenFruit","UnderTheZenith+1","ReincarnationDial+1","RedMagic"],"picked":"SKIP","floor":46},{"not_picked":["ScarletDevil","VampireClaw+1","Stigmanizer","RedRainbow"],"picked":"SKIP","floor":47},{"not_picked":["SuperhumanBloodyKnife+1","VampireKiss+1","RedMagic+1","BloodHunter+1"],"picked":"SKIP","floor":48},{"not_picked":["DiffusionOfMisfortune","MillenniumVampire+1","LeisurelyOfLord+1","EternalNight"],"picked":"SKIP","floor":54}],"player_experience":25463,"relics_obtained":[{"floor":1.0,"key":"Question Card"},{"floor":7.0,"key":"TungstenRod"},{"floor":10.0,"key":"SynthV:C4"},{"floor":14.0,"key":"ScarletDevilRocket"},{"floor":16.0,"key":"ImportantClient"},{"floor":20.0,"key":"Matryoshka"},{"floor":23.0,"key":"Sundial"},{"floor":25.0,"key":"testmod-Déjàvu"},{"floor":26.0,"key":"Bag of Marbles"},{"floor":26.0,"key":"Pantograph"},{"floor":27.0,"key":"StrikeDummy"},{"floor":27.0,"key":"Bag of Preparation"},{"floor":29.0,"key":"testmod-TheFather"},{"floor":29.0,"key":"Ancient Tea Set"},{"floor":29.0,"key":"Bottled Flame"},{"floor":33.0,"key":"Smiling Mask"},{"floor":40.0,"key":"Mummified Hand"},{"floor":42,"key":"ImprovedEquipment"},{"floor":42,"key":"RedBat"},{"floor":43,"key":"PreservedInsect"},{"floor":43,"key":"Gremlin Horn"},{"floor":44,"key":"Lantern"},{"floor":45,"key":"testmod-Antiphasic"},{"floor":46,"key":"testmod-BalancedPeriapt"},{"floor":47,"key":"Darkstone Periapt"},{"floor":48,"key":"Whetstone"},{"floor":54,"key":"Incense Burner"}],"event_choices":[{"cards_removed":["RedMoon"],"damage_healed":0.0,"max_hp_gain":0.0,"max_hp_loss":0.0,"gold_gain":0.0,"event_name":"Purifier","player_choice":"Purged","floor":2.0,"gold_loss":0.0,"damage_taken":0.0},{"damage_healed":0.0,"max_hp_gain":0.0,"max_hp_loss":0.0,"gold_gain":0.0,"event_name":"Living Wall","player_choice":"Grow","floor":5.0,"gold_loss":0.0,"damage_taken":0.0,"cards_upgraded":["FavorOfDestiny"]},{"damage_healed":0.0,"max_hp_gain":0.0,"max_hp_loss":0.0,"gold_gain":0.0,"event_name":"The Mausoleum","player_choice":"Opened","floor":19.0,"gold_loss":0.0,"damage_taken":0.0,"relics_obtained":["Centennial Puzzle"]},{"damage_healed":0.0,"max_hp_gain":0.0,"max_hp_loss":0.0,"gold_gain":0.0,"event_name":"The Library","player_choice":"Read","floor":24.0,"gold_loss":0.0,"damage_taken":0.0,"cards_obtained":["TricksterDevil"]},{"cards_removed":["BloodyMagicSquare"],"damage_healed":0.0,"max_hp_gain":0.0,"max_hp_loss":0.0,"gold_gain":0.0,"event_name":"Beggar","player_choice":"Gave Gold","floor":28.0,"gold_loss":75.0,"damage_taken":0.0},{"damage_healed":0,"gold_gain":0,"player_choice":"0 cards matched","damage_taken":0,"max_hp_gain":0,"max_hp_loss":0,"event_name":"Match and Keep!","floor":41,"gold_loss":0,"cards_obtained":[]}],"is_beta":false,"boss_relics":[{"not_picked":["BloodWine","HereWithMe"],"picked":"testmod-DeterminationOfClimber"},{"not_picked":["TakeMeEscape","Fusion Hammer"],"picked":"PatriotShield"}],"items_purged_floors":[],"is_endless":false,"potions_floor_spawned":[1,3,10,13,20,23,31,39,45,47],"ascension_level":1}}