{"host":"fq1bpa5mgr3rtgnr","time":1607698499,"event":{"mods":["AchievementEnabler","BaseMod","Colored Map","Colored Powertips","Highlight Path","Minty Spire (QoL Compilation)","Relic Stats","StSLib"],"gold_per_floor":[109,57,77,2,2,2,29,48,48,68,83,2,2,34,34,135,135,151,151,163,179,1,29,45,45,45,45,45,80,80,95,95,194,194,204,204,204,204,224,224,258,158,158,158,33,68,68,79,79,79,79,79,7,34,34,34],"floor_reached":55,"playtime":8892,"items_purged":["Doubt","Defend_B","Defend_B"],"score":895,"play_id":"5b349679-5d80-4671-92fa-5f7d0de531f2","local_time":"20201211095458","is_ascension_mode":true,"campfire_choices":[{"data":"Fusion","floor":6.0,"key":"SMITH"},{"data":"Undo","floor":13.0,"key":"SMITH"},{"data":"Defragment","floor":15.0,"key":"SMITH"},{"data":"Coolheaded","floor":25.0,"key":"SMITH"},{"data":"Aggregate","floor":28.0,"key":"SMITH"},{"data":"Coolheaded","floor":30.0,"key":"SMITH"},{"data":"Zap","floor":32.0,"key":"SMITH"},{"data":"Stack","floor":40.0,"key":"SMITH"},{"data":"Thunder Strike","floor":44.0,"key":"SMITH"},{"floor":47.0,"key":"REST"},{"floor":49.0,"key":"RECALL"},{"data":"Defend_B","floor":52.0,"key":"PURGE"}],"circlet_count":0,"master_deck":["Zap+1","Dualcast","Core Surge","Defragment+1","Fusion+1","Tempest","Melter","Tempest","Coolheaded+1","Undo+1","Cold Snap","Electrodynamics","BootSequence+1","BootSequence","Coolheaded+1","Aggregate+1","Auto Shields+1","Thunder Strike+1","Madness","Madness","Stack+1","Multi-Cast"],"relics":["Cracked Core","Omamori","Gremlin Horn","Cables","White Beast Statue","Empty Cage","Runic Capacitor","InkBottle","Blue Candle","Frozen Egg 2","Busted Crown","Mercury Hourglass","Sundial","Peace Pipe","Bottled Lightning"],"acts_visited":["Exordium","TheCity","TheBeyond","TheEnding"],"potions_floor_usage":[55,55,55],"damage_taken":[{"damage":0.0,"enemies":"Cultist","floor":1.0,"turns":2.0},{"damage":8.0,"enemies":"2 Louse","floor":3.0,"turns":3.0},{"damage":15.0,"enemies":"Lagavulin","floor":7.0,"turns":7.0},{"damage":9.0,"enemies":"Jaw Worm","floor":8.0,"turns":3.0},{"damage":8.0,"enemies":"Large Slime","floor":10.0,"turns":3.0},{"damage":10.0,"enemies":"Gremlin Gang","floor":11.0,"turns":3.0},{"damage":8.0,"enemies":"3 Sentries","floor":14.0,"turns":5.0},{"damage":1.0,"enemies":"Hexaghost","floor":16.0,"turns":9.0},{"damage":0.0,"enemies":"Spheric Guardian","floor":18.0,"turns":2.0},{"damage":0.0,"enemies":"Shell Parasite","floor":20.0,"turns":3.0},{"damage":0.0,"enemies":"Centurion and Healer","floor":21.0,"turns":5.0},{"damage":1.0,"enemies":"Book of Stabbing","floor":23.0,"turns":5.0},{"damage":3.0,"enemies":"3 Cultists","floor":24.0,"turns":3.0},{"damage":0.0,"enemies":"Gremlin Leader","floor":29.0,"turns":5.0},{"damage":5.0,"enemies":"Snecko","floor":31.0,"turns":6.0},{"damage":60.0,"enemies":"Collector","floor":33.0,"turns":7.0},{"damage":3.0,"enemies":"3 Shapes","floor":35.0,"turns":3.0},{"damage":16.0,"enemies":"3 Darklings","floor":39.0,"turns":5.0},{"damage":8.0,"enemies":"Giant Head","floor":41.0,"turns":8.0},{"damage":30.0,"enemies":"Nemesis","floor":46.0,"turns":5.0},{"damage":0.0,"enemies":"Transient","floor":48.0,"turns":5.0},{"damage":25.0,"enemies":"Time Eater","floor":50.0,"turns":10.0},{"damage":13.0,"enemies":"Shield and Spear","floor":54.0,"turns":5.0},{"damage":67,"enemies":"The Heart","floor":55,"turns":9}],"seed_played":"3082705326175926783","potions_obtained":[{"floor":3.0,"key":"EntropicBrew"},{"floor":14.0,"key":"DuplicationPotion"},{"floor":16.0,"key":"Fire Potion"},{"floor":18.0,"key":"ColorlessPotion"},{"floor":20.0,"key":"DistilledChaos"},{"floor":21.0,"key":"SpeedPotion"},{"floor":23.0,"key":"Block Potion"},{"floor":24.0,"key":"Weak Potion"},{"floor":29.0,"key":"Regen Potion"},{"floor":31.0,"key":"BlessingOfTheForge"},{"floor":33.0,"key":"BlessingOfTheForge"},{"floor":35.0,"key":"ColorlessPotion"},{"floor":39.0,"key":"LiquidMemories"},{"floor":41.0,"key":"SkillPotion"},{"floor":46.0,"key":"SkillPotion"},{"floor":48.0,"key":"Swift Potion"},{"floor":54.0,"key":"SpeedPotion"}],"is_trial":false,"path_per_floor":["M","?","M","$","?","R","E","M","T","M","M","$","R","E","R","B",null,"M","?","M","M","$","E","M","R","T","T","R","E","R","M","R","B",null,"M","?","?","?","M","R","E","$","T","R","$","E","R","M","R","B",null,"R","$","E","B"],"character_chosen":"DEFECT","items_purchased":["Undo","Runic Capacitor","Aggregate","LiquidMemories"],"campfire_rested":1,"item_purchase_floors":[12,22,22,53],"current_hp_per_floor":[75,75,67,67,67,67,52,43,43,35,25,25,25,17,17,16,75,75,75,75,75,75,74,71,71,71,71,71,71,71,66,66,15,75,72,72,63,63,47,47,39,39,39,39,39,9,31,31,31,6,75,75,75,62,0,0],"gold":34,"neow_bonus":"THREE_RARE_CARDS","is_daily":false,"chose_seed":false,"campfire_upgraded":9,"win_rate":0.0,"timestamp":1607698498,"path_taken":["M","?","?","$","?","R","E","M","T","M","M","?","R","E","R","BOSS","M","?","?","M","$","E","M","R","T","?","R","E","R","M","R","BOSS","M","?","?","?","M","R","E","$","T","R","$","E","R","?","R","BOSS","R","$","E","BOSS"],"items_purchased_type":["Card","Relic","Card","Potion"],"build_version":"2020-11-30","purchased_purges":3,"victory":false,"max_hp_per_floor":[75,75,75,75,75,75,75,75,75,75,75,75,75,75,75,75,75,75,75,75,75,75,75,75,75,75,75,75,75,75,75,75,75,75,75,75,75,75,75,75,75,75,75,75,75,75,75,75,75,75,75,75,75,75,75,75],"relic_stats":{"Peace Pipe":1,"Busted Crown":14,"Gremlin Horn":[15,16],"counters":[24,121],"Sundial":[8],"Blue Candle":[0],"obtain_stats":[{"Gremlin Horn":7,"Blue Candle":27,"Omamori":2,"Runic Capacitor":22,"Frozen Egg 2":29,"Empty Cage":17,"White Beast Statue":14,"Cables":9,"Mercury Hourglass":41,"Peace Pipe":46,"Busted Crown":34,"Sundial":43,"Bottled Lightning":54,"Cracked Core":0,"InkBottle":23},{"Gremlin Horn":3,"Blue Candle":13,"Omamori":1,"Runic Capacitor":11,"Frozen Egg 2":14,"Empty Cage":8,"White Beast Statue":7,"Cables":4,"Mercury Hourglass":19,"Peace Pipe":20,"Busted Crown":16,"Sundial":19,"Bottled Lightning":23,"Cracked Core":0,"InkBottle":12},{"Gremlin Horn":12,"Blue Candle":53,"Omamori":2,"Runic Capacitor":45,"Frozen Egg 2":58,"Empty Cage":35,"White Beast Statue":26,"Cables":15,"Mercury Hourglass":87,"Peace Pipe":92,"Busted Crown":71,"Sundial":87,"Bottled Lightning":112,"Cracked Core":0,"InkBottle":50}],"InkBottle":[32],"Cables":[95,70,20,0,5],"Mercury Hourglass":[95]},"card_choices":[{"not_picked":["Fission","Biased Cognition"],"picked":"Core Surge","floor":0.0},{"not_picked":["Steam","Barrage"],"picked":"Defragment","floor":1.0},{"not_picked":["Barrage","Go for the Eyes"],"picked":"Fusion","floor":3.0},{"not_picked":["Aggregate","Stack"],"picked":"Melter","floor":7.0},{"not_picked":["Go for the Eyes","Streamline"],"picked":"Tempest","floor":8.0},{"not_picked":["Lockon","Steam","Turbo"],"picked":"SKIP","floor":10.0},{"not_picked":["Redo","Streamline"],"picked":"Coolheaded","floor":11.0},{"not_picked":["Gash","Streamline"],"picked":"Cold Snap","floor":14.0},{"not_picked":["Seek","Buffer"],"picked":"Electrodynamics","floor":16.0},{"not_picked":["Rip and Tear","Go for the Eyes+1"],"picked":"BootSequence+1","floor":18.0},{"not_picked":["Rebound","Cold Snap"],"picked":"Coolheaded","floor":20.0},{"not_picked":["Sweeping Beam+1","Steam","Go for the Eyes"],"picked":"SKIP","floor":21.0},{"not_picked":["Stack","Hyperbeam"],"picked":"Auto Shields+1","floor":23.0},{"not_picked":["Hello World","Beam Cell","Cold Snap"],"picked":"SKIP","floor":24.0},{"not_picked":["Blizzard","Doom and Gloom","Steam"],"picked":"SKIP","floor":29.0},{"not_picked":["Redo","Leap","Gash"],"picked":"SKIP","floor":31.0},{"not_picked":["Core Surge","Meteor Strike"],"picked":"Thunder Strike","floor":33.0},{"not_picked":["Rebound+1"],"picked":"SKIP","floor":35.0},{"not_picked":["Rebound+1"],"picked":"SKIP","floor":39.0},{"not_picked":["Rebound+1"],"picked":"SKIP","floor":41.0},{"not_picked":["Storm+1"],"picked":"SKIP","floor":46.0},{"not_picked":["Rebound"],"picked":"SKIP","floor":48.0},{"not_picked":[],"picked":"Multi-Cast","floor":54.0}],"player_experience":358573,"relics_obtained":[{"floor":7.0,"key":"Gremlin Horn"},{"floor":9.0,"key":"Cables"},{"floor":14.0,"key":"White Beast Statue"},{"floor":23.0,"key":"InkBottle"},{"floor":27.0,"key":"Blue Candle"},{"floor":29.0,"key":"Frozen Egg 2"},{"floor":41.0,"key":"Mercury Hourglass"},{"floor":43.0,"key":"Sundial"},{"floor":46.0,"key":"Peace Pipe"},{"floor":54.0,"key":"Bottled Lightning"}],"event_choices":[{"damage_healed":0.0,"max_hp_gain":0.0,"max_hp_loss":0.0,"gold_gain":0.0,"event_name":"WeMeetAgain","player_choice":"Paid Gold","floor":2.0,"gold_loss":52.0,"damage_taken":0.0,"relics_obtained":["Omamori"]},{"damage_healed":0.0,"max_hp_gain":0.0,"max_hp_loss":0.0,"gold_gain":0.0,"cards_transformed":["Strike_B"],"event_name":"Living Wall","player_choice":"Change","floor":5.0,"gold_loss":0.0,"damage_taken":0.0,"cards_obtained":["Tempest"]},{"damage_healed":0.0,"max_hp_gain":0.0,"max_hp_loss":0.0,"gold_gain":0.0,"cards_transformed":["Strike_B"],"event_name":"Transmorgrifier","player_choice":"Transformed","floor":19.0,"gold_loss":0.0,"damage_taken":0.0,"cards_obtained":["BootSequence"]},{"damage_healed":0.0,"max_hp_gain":0.0,"max_hp_loss":0.0,"gold_gain":0.0,"event_name":"SensoryStone","player_choice":"Memory 1","floor":36.0,"gold_loss":0.0,"damage_taken":0.0},{"damage_healed":0.0,"max_hp_gain":0.0,"max_hp_loss":0.0,"gold_gain":0.0,"event_name":"Winding Halls","player_choice":"Embrace Madness","floor":37.0,"gold_loss":0.0,"damage_taken":9.0,"cards_obtained":["Madness","Madness"]},{"damage_healed":0.0,"max_hp_gain":0.0,"max_hp_loss":0.0,"gold_gain":0.0,"cards_transformed":["Defend_B"],"event_name":"Transmorgrifier","player_choice":"Transformed","floor":38.0,"gold_loss":0.0,"damage_taken":0.0,"cards_obtained":["Stack"]}],"is_beta":false,"boss_relics":[{"not_picked":["Astrolabe","Velvet Choker"],"picked":"Empty Cage"},{"not_picked":["Calling Bell","Snecko Eye"],"picked":"Busted Crown"}],"items_purged_floors":[4,42,45],"is_endless":false,"potions_floor_spawned":[3,14,16,18,20,21,23,24,29,31,33,35,39,41,46,48,54],"killed_by":"The Heart","ascension_level":4}}