{"host":"1n288js6hgq5nx1s","time":1607677363,"event":{"mods":["AchievementEnabler","BaseMod","Block Reminder","Colored Map","Colored Powertips","Googly Eyes","Minty Spire (QoL Compilation)","Quick Restart","Rare Cards Sparkle","StSLib","The Necromancer","The Servant 0.9.4"],"gold_per_floor":[18,18,33,46,59,100,124,144,144,144,162,205,205,226,226,351,351,365,365,380,10,10,10,29,29,97,197,197,197],"floor_reached":28,"playtime":1566,"items_purged":["Pain"],"score":357,"play_id":"cbadf9df-9b3e-4331-a96a-e77885f23a3d","local_time":"20201211130243","is_ascension_mode":false,"campfire_choices":[{"data":"Embodiment","floor":10.0,"key":"SMITH"},{"data":"Unruled","floor":13.0,"key":"SMITH"},{"floor":15.0,"key":"REST"},{"floor":23.0,"key":"REST"},{"floor":25.0,"key":"REST"}],"circlet_count":0,"master_deck":["Strike_S","Strike_S","Strike_S","Strike_S","Defend_S","Defend_S","Defend_S","Defend_S","KidneyShot","Exchange","FastForward","Injury","Replace","Alleviate","Embodiment+1","ReturningBlade","Starlight","Unruled+1","Spin","ShiftingGears","GearUp","Sunlight","SurpressingFire","SilverBlades","Sabotage","Comet","Alleviate"],"relics":["Uniform","FossilizedHelix","Golden Idol","Bag of Preparation","Nunchaku","WingedGreaves","Philosopher\u0027s Stone","WarpedTongs","Medical Kit","Anchor","Toxic Egg 2"],"acts_visited":["Exordium","TheCity"],"potions_floor_usage":[],"damage_taken":[{"damage":0.0,"enemies":"2 Louse","floor":1.0,"turns":3.0},{"damage":0.0,"enemies":"Jaw Worm","floor":3.0,"turns":4.0},{"damage":0.0,"enemies":"Cultist","floor":4.0,"turns":4.0},{"damage":0.0,"enemies":"Looter","floor":5.0,"turns":5.0},{"damage":32.0,"enemies":"3 Sentries","floor":6.0,"turns":10.0},{"damage":0.0,"enemies":"Blue Slaver","floor":7.0,"turns":4.0},{"damage":0.0,"enemies":"Exordium Thugs","floor":8.0,"turns":3.0},{"damage":2.0,"enemies":"Exordium Wildlife","floor":11.0,"turns":6.0},{"damage":0.0,"enemies":"Lagavulin","floor":12.0,"turns":5.0},{"damage":9.0,"enemies":"Red Slaver","floor":14.0,"turns":3.0},{"damage":55.0,"enemies":"Slime Boss","floor":16.0,"turns":14.0},{"damage":34.0,"enemies":"3 Byrds","floor":18.0,"turns":4.0},{"damage":24.0,"enemies":"Spheric Guardian","floor":20.0,"turns":4.0},{"damage":15.0,"enemies":"3 Cultists","floor":24.0,"turns":5.0},{"damage":30,"enemies":"Chosen and Byrds","floor":28,"turns":4}],"seed_played":"2197133525536922251","potions_obtained":[{"floor":4.0,"key":"EntropicBrew"},{"floor":5.0,"key":"FairyPotion"},{"floor":7.0,"key":"PowerPotion"},{"floor":11.0,"key":"BlessingOfTheForge"}],"is_trial":false,"path_per_floor":["M","?","M","M","M","E","M","M","T","R","M","E","R","M","R","B",null,"M","?","M","$","?","R","M","R","T","?","M"],"character_chosen":"THE_SERVANT","items_purchased":["Medical Kit","Sabotage","Comet"],"campfire_rested":3,"item_purchase_floors":[21,21,21],"current_hp_per_floor":[65,65,65,65,65,33,33,33,33,33,31,31,31,22,41,9,65,31,31,7,7,7,26,11,30,30,30,0,0],"gold":197,"neow_bonus":"ONE_RARE_RELIC","is_daily":false,"chose_seed":false,"campfire_upgraded":2,"win_rate":0.0,"timestamp":1607677363,"path_taken":["M","?","M","M","M","E","M","M","T","R","M","E","R","M","R","BOSS","M","?","?","$","?","R","M","R","T","?","M"],"items_purchased_type":["Relic","Card","Card"],"build_version":"2020-11-30","purchased_purges":1,"victory":false,"max_hp_per_floor":[65,65,65,65,65,65,65,65,65,65,65,65,65,65,65,65,65,65,65,65,65,65,65,65,65,65,65,65,65],"card_choices":[{"not_picked":["ShatteredReality","Spin"],"picked":"FastForward","floor":1.0},{"not_picked":["Rewind","TimeWarp"],"picked":"Replace","floor":3.0},{"not_picked":["Potential","Rewind"],"picked":"Alleviate","floor":4.0},{"not_picked":["Defy","Starlight"],"picked":"Embodiment","floor":5.0},{"not_picked":["Hightail","BottledTime"],"picked":"ReturningBlade","floor":6.0},{"not_picked":["BottledTime","Advance"],"picked":"Starlight","floor":7.0},{"not_picked":["Alleviate","Replace"],"picked":"Unruled","floor":8.0},{"not_picked":["Ricochet","Rewind"],"picked":"Spin","floor":11.0},{"not_picked":["Spin","StarChef"],"picked":"ShiftingGears","floor":12.0},{"not_picked":["Potential","Hightail"],"picked":"GearUp","floor":14.0},{"not_picked":["FlawlessForm","Embodiment"],"picked":"Sunlight","floor":16.0},{"not_picked":["Starlight","Misdirection"],"picked":"SurpressingFire","floor":18.0},{"not_picked":["BottledTime","Read+1"],"picked":"SilverBlades","floor":20.0},{"not_picked":["Replace","ShiftingGears+1"],"picked":"Alleviate","floor":24.0}],"player_experience":59342,"relics_obtained":[{"floor":6.0,"key":"Bag of Preparation"},{"floor":9.0,"key":"Nunchaku"},{"floor":12.0,"key":"WingedGreaves"},{"floor":26.0,"key":"Toxic Egg 2"}],"event_choices":[{"damage_healed":0.0,"max_hp_gain":0.0,"max_hp_loss":0.0,"gold_gain":0.0,"event_name":"Golden Idol","player_choice":"Take Wound","floor":2.0,"gold_loss":0.0,"damage_taken":0.0,"relics_obtained":["Golden Idol"],"cards_obtained":["Injury"]},{"damage_healed":0.0,"max_hp_gain":0.0,"max_hp_loss":0.0,"gold_gain":0.0,"event_name":"Accursed Blacksmith","player_choice":"Rummage","floor":19.0,"gold_loss":0.0,"damage_taken":0.0,"relics_obtained":["WarpedTongs"],"cards_obtained":["Pain"]},{"damage_healed":0.0,"max_hp_gain":0.0,"max_hp_loss":0.0,"gold_gain":0.0,"event_name":"The Mausoleum","player_choice":"Opened","floor":22.0,"gold_loss":0.0,"damage_taken":0.0,"relics_obtained":["Anchor"]},{"damage_healed":0.0,"max_hp_gain":0.0,"max_hp_loss":0.0,"gold_gain":100.0,"event_name":"Golden Shrine","player_choice":"Pray","floor":27.0,"gold_loss":0.0,"damage_taken":0.0}],"is_beta":false,"boss_relics":[{"not_picked":["Cursed Key","Astrolabe"],"picked":"Philosopher\u0027s Stone"}],"items_purged_floors":[21],"is_endless":false,"potions_floor_spawned":[4,5,7,11],"killed_by":"Chosen and Byrds","ascension_level":0}}