{"host":"ueef25wtkg2eer3h","time":1607686626,"event":{"mods":["AchievementEnabler","BaseMod","Colored Map","Colored Powertips","DeckTracker","Displayed Cursed Tome","Googly Eyes","Highlight Path","Minty Spire (QoL Compilation)","Slay the Relics Exporter","StSLib"],"gold_per_floor":[117,137,312,3,23,48,123,140,166,50,50,50,50],"floor_reached":12,"playtime":343,"items_purged":["Decay"],"score":113,"play_id":"4fe63e86-69cf-45c4-859f-6894e8d4327b","local_time":"20201211123706","is_ascension_mode":true,"campfire_choices":[],"circlet_count":0,"master_deck":["Strike_B","Strike_B","Strike_B","Strike_B","Defend_B","Defend_B","Defend_B","Defend_B","Zap","Dualcast","Buffer","Defragment","Doom and Gloom","Doubt","Defragment","Turbo","Static Discharge","Barrage","Undo","Double Energy","Cold Snap"],"relics":["Cracked Core","Juzu Bracelet","Potion Belt","Regal Pillow"],"acts_visited":["Exordium"],"potions_floor_usage":[6,8,12],"damage_taken":[{"damage":11,"enemies":"Cultist","floor":1,"turns":4},{"damage":6,"enemies":"Small Slimes","floor":2,"turns":3},{"damage":7,"enemies":"Jaw Worm","floor":5,"turns":3},{"damage":29,"enemies":"3 Sentries","floor":6,"turns":6},{"damage":0,"enemies":"Large Slime","floor":8,"turns":5},{"damage":14,"enemies":"Gremlin Nob","floor":12,"turns":2}],"seed_played":"-159585099440036906","potions_obtained":[{"floor":2,"key":"FearPotion"},{"floor":5,"key":"Dexterity Potion"},{"floor":8,"key":"DistilledChaos"}],"is_trial":false,"path_per_floor":["M","M","?","$","M","E","?","M","T","$","?","E"],"character_chosen":"DEFECT","items_purchased":["Defragment","Juzu Bracelet","Turbo","Double Energy","Cold Snap"],"campfire_rested":0,"item_purchase_floors":[4,4,4,10,10],"current_hp_per_floor":[57,51,51,51,44,15,4,4,4,4,4,0,0],"gold":50,"neow_bonus":"THREE_RARE_CARDS","is_daily":false,"chose_seed":false,"campfire_upgraded":0,"win_rate":0.0,"timestamp":1607686626,"path_taken":["M","?","?","$","M","E","?","M","T","?","?","E"],"items_purchased_type":["Card","Relic","Card","Card","Card"],"build_version":"2020-11-30","purchased_purges":1,"victory":false,"max_hp_per_floor":[75,75,75,75,75,75,75,75,75,75,75,75,75],"card_choices":[{"not_picked":["Meteor Strike","Creative AI"],"picked":"Buffer","floor":0},{"not_picked":["Consume","Rebound"],"picked":"Defragment","floor":1},{"not_picked":["Leap","Redo"],"picked":"Doom and Gloom","floor":2},{"not_picked":["Scrape","Go for the Eyes"],"picked":"Static Discharge","floor":5},{"not_picked":["Steam","Redo"],"picked":"Barrage","floor":6},{"not_picked":["Coolheaded","Turbo"],"picked":"Undo","floor":8}],"player_experience":240066,"relics_obtained":[{"floor":6,"key":"Potion Belt"},{"floor":9,"key":"Regal Pillow"}],"event_choices":[{"damage_healed":0,"gold_gain":175,"player_choice":"AGREE","damage_taken":0,"max_hp_gain":0,"max_hp_loss":0,"event_name":"Liars Game","floor":3,"gold_loss":0,"cards_obtained":["Doubt"]},{"damage_healed":0,"gold_gain":75,"player_choice":"Gather Gold","damage_taken":11,"max_hp_gain":0,"max_hp_loss":0,"event_name":"World of Goop","floor":7,"gold_loss":0},{"damage_healed":0,"gold_gain":0,"player_choice":"Fled","damage_taken":0,"max_hp_gain":0,"max_hp_loss":0,"event_name":"Scrap Ooze","floor":11,"gold_loss":0}],"is_beta":false,"boss_relics":[],"items_purged_floors":[4],"is_endless":false,"potions_floor_spawned":[2,5,8],"killed_by":"Gremlin Nob","ascension_level":9}}