{"host":"t75twhtg6c476ygg","time":1607699240,"event":{"mods":["BaseMod","Colored Powertips","Minty Spire (QoL Compilation)","Quick Restart","StSLib"],"gold_per_floor":[114,114,129,129,129,159,174,174,174,181,196,46,46,65,65,190,190,209,134,134,134,153,191,210,229,254,254,104,151,170,189,189,189,189],"floor_reached":33,"playtime":1272,"items_purged":[],"score":312,"play_id":"c1510935-cc95-4350-85b5-a4e2eef8e7c2","local_time":"20201211150720","daily_mods":["Allstar","Vintage","Night Terrors"],"is_ascension_mode":false,"campfire_choices":[{"data":"Eruption","floor":8.0,"key":"SMITH"},{"floor":15.0,"key":"REST"},{"floor":27.0,"key":"REST"},{"data":"Strike_P","floor":32,"key":"PURGE"}],"circlet_count":0,"master_deck":["Strike_P","Strike_P","Defend_P+1","Defend_P","Defend_P","Eruption+1","Vigilance","Master of Strategy","The Bomb","Apotheosis+1","Secret Technique","CutThroughFate","Protect"],"relics":["PureWater","Boot","Bronze Scales","GoldenEye","Smiling Mask","Darkstone Periapt","Odd Mushroom","Eternal Feather","Omamori","Golden Idol","Torii","Cursed Key","Frozen Egg 2","Ornamental Fan","Peace Pipe","Potion Belt","Juzu Bracelet","CeramicFish","Melange","Pantograph","Meat on the Bone","Bottled Flame"],"acts_visited":["Exordium","TheCity"],"potions_floor_usage":[],"damage_taken":[{"damage":0.0,"enemies":"Cultist","floor":1.0,"turns":2.0},{"damage":1.0,"enemies":"2 Louse","floor":3.0,"turns":2.0},{"damage":0.0,"enemies":"Lagavulin","floor":6.0,"turns":5.0},{"damage":3.0,"enemies":"Jaw Worm","floor":7.0,"turns":2.0},{"damage":5.0,"enemies":"The Mushroom Lair","floor":10.0,"turns":3.0},{"damage":0.0,"enemies":"Blue Slaver","floor":11.0,"turns":3.0},{"damage":0.0,"enemies":"Large Slime","floor":14.0,"turns":3.0},{"damage":22.0,"enemies":"The Guardian","floor":16.0,"turns":9.0},{"damage":1.0,"enemies":"Chosen","floor":18.0,"turns":3.0},{"damage":0.0,"enemies":"Shell Parasite","floor":22.0,"turns":3.0},{"damage":54.0,"enemies":"Slavers","floor":23.0,"turns":5.0},{"damage":0.0,"enemies":"Shelled Parasite and Fungi","floor":24.0,"turns":3.0},{"damage":1.0,"enemies":"Snake Plant","floor":25.0,"turns":3.0},{"damage":21.0,"enemies":"Book of Stabbing","floor":29.0,"turns":5.0},{"damage":0,"enemies":"Snecko","floor":30,"turns":4},{"damage":1,"enemies":"Cultist and Chosen","floor":31,"turns":4},{"damage":0,"enemies":"Automaton","floor":33,"turns":2}],"seed_played":"8996604888150855735","potions_obtained":[{"floor":1.0,"key":"EssenceOfSteel"},{"floor":3.0,"key":"StancePotion"},{"floor":6.0,"key":"FearPotion"},{"floor":22.0,"key":"PowerPotion"},{"floor":23.0,"key":"Block Potion"},{"floor":25.0,"key":"Fire Potion"},{"floor":30,"key":"Swift Potion"}],"is_trial":false,"path_per_floor":["M","?","M","$","?","E","M","R","T","?","M","$","?","M","R","B",null,"M","?","?","?","M","E","M","M","T","R","$","E","M","M","R","B"],"character_chosen":"WATCHER","items_purchased":["Omamori","Melange"],"campfire_rested":2,"item_purchase_floors":[12,28],"current_hp_per_floor":[72,65,64,64,50,50,47,47,47,42,42,42,24,24,67,45,67,66,66,66,66,66,12,12,11,11,62,62,41,41,40,46,62,62],"gold":189,"neow_bonus":"","is_daily":true,"chose_seed":false,"campfire_upgraded":1,"win_rate":0.0,"timestamp":1607699240,"path_taken":["M","?","M","$","?","E","M","R","T","?","M","?","?","M","R","BOSS","M","?","?","?","M","E","M","M","T","R","$","E","M","M","R","BOSS"],"items_purchased_type":["Relic","Relic"],"build_version":"2020-11-30","purchased_purges":0,"victory":false,"max_hp_per_floor":[72,72,72,72,72,72,72,72,72,72,72,72,72,72,67,67,67,67,67,67,67,67,67,67,67,67,62,62,62,62,62,62,62,62],"card_choices":[{"not_picked":["SignatureMove","InnerPeace"],"picked":"CutThroughFate","floor":6.0},{"not_picked":["Halt","Perseverance","InnerPeace"],"picked":"SKIP","floor":23.0},{"not_picked":["Wallop","JustLucky+1"],"picked":"Protect","floor":29.0}],"player_experience":170353,"relics_obtained":[{"floor":1.0,"key":"Boot"},{"floor":3.0,"key":"Bronze Scales"},{"floor":6.0,"key":"GoldenEye"},{"floor":7.0,"key":"Smiling Mask"},{"floor":9.0,"key":"Darkstone Periapt"},{"floor":10.0,"key":"Odd Mushroom"},{"floor":11.0,"key":"Eternal Feather"},{"floor":14.0,"key":"Torii"},{"floor":18.0,"key":"Frozen Egg 2"},{"floor":22.0,"key":"Ornamental Fan"},{"floor":23.0,"key":"Peace Pipe"},{"floor":24.0,"key":"Potion Belt"},{"floor":25.0,"key":"Juzu Bracelet"},{"floor":26.0,"key":"CeramicFish"},{"floor":29.0,"key":"Pantograph"},{"floor":30,"key":"Meat on the Bone"},{"floor":31,"key":"Bottled Flame"}],"event_choices":[{"cards_removed":["Bandage Up"],"damage_healed":0.0,"max_hp_gain":0.0,"max_hp_loss":0.0,"gold_gain":0.0,"event_name":"Golden Wing","player_choice":"Card Removal","floor":2.0,"gold_loss":0.0,"damage_taken":7.0},{"damage_healed":0.0,"max_hp_gain":0.0,"max_hp_loss":0.0,"gold_gain":0.0,"event_name":"Shining Light","player_choice":"Entered Light","floor":5.0,"gold_loss":0.0,"damage_taken":14.0,"cards_upgraded":["Defend_P","Apotheosis"]},{"damage_healed":0.0,"max_hp_gain":0.0,"max_hp_loss":0.0,"gold_gain":0.0,"event_name":"Mushrooms","player_choice":"Fought Mushrooms","floor":10.0,"gold_loss":0.0,"damage_taken":0.0},{"damage_healed":0.0,"max_hp_gain":0.0,"max_hp_loss":0.0,"gold_gain":0.0,"event_name":"Golden Idol","player_choice":"Take Damage","floor":13.0,"gold_loss":0.0,"damage_taken":18.0,"relics_obtained":["Golden Idol"]},{"cards_removed":["Strike_P"],"damage_healed":0.0,"max_hp_gain":0.0,"max_hp_loss":0.0,"gold_gain":0.0,"event_name":"Beggar","player_choice":"Gave Gold","floor":19.0,"gold_loss":75.0,"damage_taken":0.0},{"cards_removed":["Defend_P"],"damage_healed":0.0,"max_hp_gain":0.0,"max_hp_loss":0.0,"gold_gain":0.0,"event_name":"Back to Basics","player_choice":"Elegance","floor":20.0,"gold_loss":0.0,"damage_taken":0.0},{"damage_healed":0.0,"max_hp_gain":0.0,"max_hp_loss":0.0,"gold_gain":0.0,"event_name":"Vampires","player_choice":"Ignored","floor":21.0,"gold_loss":0.0,"damage_taken":0.0}],"is_beta":false,"boss_relics":[{"not_picked":["Runic Dome","Black Star"],"picked":"Cursed Key"}],"items_purged_floors":[],"is_endless":false,"potions_floor_spawned":[1,3,6,11,22,23,25,30],"killed_by":"Automaton","ascension_level":0}}