{"host":"wghdsg8ym2wc7ov9","time":1607681054,"event":{"mods":["AchievementEnabler","BaseMod","Better Altar","Better Note","Colored Map","Highlight Path","Minty Spire (QoL Compilation)","Random Character Button","Relic Stats","Shop Mod","StSLib"],"gold_per_floor":[116,131,141,154,154,154,167,167,167,167,200,221,110,128,128,253,253,277,300,300,323,343,343,387,387,412,450,473,12,27,48,48,167,167,186,202,63,79,92,92,136,136,136,469,469,479,28,28,28,28,28],"floor_reached":50,"playtime":11670,"items_purged":[],"score":593,"play_id":"10ff2eaf-7a29-4b1e-b5e8-7bb8280f5fc0","local_time":"20201211020414","is_ascension_mode":false,"campfire_choices":[{"data":"Poisoned Stab","floor":6.0,"key":"SMITH"},{"floor":8.0,"key":"REST"},{"data":"Caltrops","floor":15.0,"key":"SMITH"},{"floor":23.0,"key":"REST"},{"floor":25.0,"key":"REST"},{"floor":32.0,"key":"REST"},{"floor":40.0,"key":"REST"},{"floor":42.0,"key":"REST"},{"data":"Panache","floor":45.0,"key":"SMITH"},{"data":"Discovery","floor":49.0,"key":"SMITH"}],"circlet_count":0,"master_deck":["Strike_G","Strike_G","Strike_G","Defend_G","Defend_G","Defend_G","Defend_G","Defend_G","Survivor","Neutralize","Dagger Throw","Poisoned Stab+1","Backflip","Deadly Poison","Injury","Flying Knee","Accuracy","Caltrops+1","Dash","Poisoned Stab","Bullet Time","Infinite Blades","Backflip+1","Phantasmal Killer","Infinite Blades+1","Leg Sweep","Corpse Explosion","Terror","Panache+1","Footwork","Bane","Phantasmal Killer","Caltrops+1","Deflect+1","Prepared+1","Outmaneuver+1","Accuracy","Infinite Blades","Infinite Blades","All Out Attack+1","Masterful Stab+1","Outmaneuver+1","Panache","Finesse","Discovery+1","Secret Technique"],"relics":["SlaversCollar","Regal Pillow","Orichalcum","Meat on the Bone","Black Star","Lantern","CaptainsWheel","Centennial Puzzle","Mercury Hourglass","Bottled Lightning","Paper Crane","Astrolabe","Bag of Marbles","HornCleat","Bottled Flame","TwistedFunnel"],"acts_visited":["Exordium","TheCity","TheBeyond"],"potions_floor_usage":[50],"damage_taken":[{"damage":0.0,"enemies":"Cultist","floor":1.0,"turns":5.0},{"damage":0.0,"enemies":"2 Louse","floor":2.0,"turns":4.0},{"damage":0.0,"enemies":"Jaw Worm","floor":3.0,"turns":3.0},{"damage":4.0,"enemies":"Looter","floor":4.0,"turns":3.0},{"damage":2.0,"enemies":"Gremlin Gang","floor":7.0,"turns":5.0},{"damage":3.0,"enemies":"Lagavulin","floor":11.0,"turns":5.0},{"damage":8.0,"enemies":"Exordium Wildlife","floor":12.0,"turns":3.0},{"damage":0.0,"enemies":"Looter","floor":14.0,"turns":4.0},{"damage":32.0,"enemies":"The Guardian","floor":16.0,"turns":9.0},{"damage":18.0,"enemies":"2 Thieves","floor":18.0,"turns":5.0},{"damage":17.0,"enemies":"3 Byrds","floor":19.0,"turns":5.0},{"damage":38.0,"enemies":"Shelled Parasite and Fungi","floor":21.0,"turns":7.0},{"damage":9.0,"enemies":"Centurion and Healer","floor":22.0,"turns":7.0},{"damage":34.0,"enemies":"Gremlin Leader","floor":24.0,"turns":6.0},{"damage":6.0,"enemies":"Book of Stabbing","floor":27.0,"turns":4.0},{"damage":10.0,"enemies":"3 Cultists","floor":28.0,"turns":4.0},{"damage":2.0,"enemies":"Snecko","floor":30.0,"turns":4.0},{"damage":21.0,"enemies":"Cultist and Chosen","floor":31.0,"turns":6.0},{"damage":12.0,"enemies":"Champ","floor":33.0,"turns":7.0},{"damage":10.0,"enemies":"Orb Walker","floor":35.0,"turns":4.0},{"damage":25.0,"enemies":"3 Shapes","floor":36.0,"turns":4.0},{"damage":37.0,"enemies":"Jaw Worm Horde","floor":38.0,"turns":5.0},{"damage":12.0,"enemies":"3 Darklings","floor":39.0,"turns":4.0},{"damage":22.0,"enemies":"Nemesis","floor":41.0,"turns":7.0},{"damage":17.0,"enemies":"Maw","floor":46.0,"turns":6.0},{"damage":70,"enemies":"Awakened One","floor":50,"turns":9}],"seed_played":"3056898821198835872","potions_obtained":[{"floor":1.0,"key":"Fire Potion"},{"floor":3.0,"key":"PowerPotion"},{"floor":7.0,"key":"AttackPotion"},{"floor":11.0,"key":"LiquidBronze"},{"floor":16.0,"key":"LiquidMemories"},{"floor":19.0,"key":"LiquidMemories"},{"floor":27.0,"key":"AttackPotion"},{"floor":28.0,"key":"Strength Potion"},{"floor":30.0,"key":"SpeedPotion"},{"floor":33.0,"key":"Block Potion"},{"floor":38.0,"key":"SpeedPotion"}],"is_trial":false,"path_per_floor":["M","M","M","M","?","R","M","R","T","?","E","M","$","M","R","B",null,"M","M","?","M","M","R","E","R","T","E","M","$","M","M","R","B",null,"M","M","$","M","M","R","E","R","T","?","R","M","$","?","R","B"],"character_chosen":"THE_SILENT","items_purchased":["Caltrops","Dash","Panache","Paper Crane","Footwork","FairyPotion","Infinite Blades","TwistedFunnel","Panache","PowerPotion","Strength Potion"],"campfire_rested":6,"item_purchase_floors":[13,13,29,29,29,37,37,47,47,47,47],"current_hp_per_floor":[70,70,70,66,63,63,61,70,70,70,67,59,59,59,59,39,70,52,47,52,26,29,65,43,70,70,64,54,54,52,43,70,58,70,60,47,47,22,22,58,36,70,70,70,70,53,53,43,43,0,0],"gold":28,"neow_bonus":"BOSS_RELIC","is_daily":false,"chose_seed":false,"campfire_upgraded":4,"win_rate":0.0,"timestamp":1607681054,"path_taken":["M","M","M","M","?","R","M","R","T","?","E","M","$","M","R","BOSS","M","M","?","M","M","R","E","R","T","E","M","$","M","M","R","BOSS","M","M","$","M","?","R","E","R","T","?","R","M","$","?","R","BOSS"],"items_purchased_type":["Card","Card","Card","Relic","Card","Potion","Card","Relic","Card","Potion","Potion"],"build_version":"2020-11-30","purchased_purges":0,"victory":false,"max_hp_per_floor":[70,70,70,70,70,70,70,70,70,70,70,70,70,70,70,70,70,70,70,70,70,70,70,70,70,70,70,70,70,70,70,70,70,70,70,70,70,70,70,70,70,70,70,70,70,70,70,70,70,70,70],"relic_stats":{"Regal Pillow":55,"Centennial Puzzle":[36],"counters":[26,134],"Astrolabe":["Caltrops","Deflect","Prepared"],"Black Star":3,"Orichalcum":[180],"obtain_stats":[{"TwistedFunnel":47,"Regal Pillow":5,"Lantern":24,"Golden Idol":10,"Astrolabe":34,"Orichalcum":9,"Paper Crane":29,"Mercury Hourglass":27,"SlaversCollar":0,"CaptainsWheel":24,"Centennial Puzzle":26,"Bottled Flame":43,"HornCleat":41,"Black Star":17,"Bag of Marbles":41,"Bottled Lightning":27,"Ring of the Snake":0,"Meat on the Bone":11},{"TwistedFunnel":25,"Regal Pillow":4,"Lantern":14,"Golden Idol":5,"Astrolabe":19,"Orichalcum":5,"Paper Crane":16,"Mercury Hourglass":15,"SlaversCollar":0,"CaptainsWheel":14,"Centennial Puzzle":14,"Bottled Flame":24,"HornCleat":24,"Black Star":9,"Bag of Marbles":24,"Bottled Lightning":15,"Ring of the Snake":0,"Meat on the Bone":6},{"TwistedFunnel":125,"Regal Pillow":15,"Lantern":71,"Golden Idol":20,"Astrolabe":95,"Orichalcum":20,"Paper Crane":79,"Mercury Hourglass":75,"SlaversCollar":0,"CaptainsWheel":71,"Centennial Puzzle":71,"Bottled Flame":119,"HornCleat":119,"Black Star":41,"Bag of Marbles":119,"Bottled Lightning":75,"Ring of the Snake":0,"Meat on the Bone":25}],"Meat on the Bone":108,"Mercury Hourglass":[222]},"card_choices":[{"not_picked":["Masterful Stab","Predator"],"picked":"Dagger Throw","floor":1.0},{"not_picked":["PiercingWail","Riddle With Holes"],"picked":"Poisoned Stab","floor":2.0},{"not_picked":["Expertise","Dagger Spray"],"picked":"Backflip","floor":3.0},{"not_picked":["Eviscerate","Blur"],"picked":"Underhanded Strike","floor":4.0},{"not_picked":["Cloak And Dagger","Poisoned Stab"],"picked":"Deadly Poison","floor":7.0},{"not_picked":["Malaise","Prepared"],"picked":"Flying Knee","floor":11.0},{"not_picked":["Riddle With Holes","Acrobatics"],"picked":"Accuracy","floor":12.0},{"not_picked":["Prepared","PiercingWail"],"picked":"Poisoned Stab","floor":14.0},{"not_picked":["Doppelganger","Burst"],"picked":"Bullet Time","floor":16.0},{"not_picked":["All Out Attack","Acrobatics"],"picked":"Infinite Blades","floor":18.0},{"not_picked":["Poisoned Stab","Flying Knee+1"],"picked":"Backflip+1","floor":19.0},{"not_picked":["Dodge and Roll","Outmaneuver"],"picked":"Phantasmal Killer","floor":21.0},{"not_picked":["Outmaneuver","Well Laid Plans"],"picked":"Infinite Blades+1","floor":22.0},{"not_picked":["Dodge and Roll+1","Flechettes"],"picked":"Leg Sweep","floor":24.0},{"not_picked":["Choke+1","Acrobatics"],"picked":"Corpse Explosion","floor":27.0},{"not_picked":["Tactician","PiercingWail"],"picked":"Terror","floor":28.0},{"not_picked":["Dodge and Roll","PiercingWail"],"picked":"Bane","floor":30.0},{"not_picked":["Underhanded Strike","Predator"],"picked":"Deflect","floor":31.0},{"not_picked":["Glass Knife","Unload"],"picked":"Phantasmal Killer","floor":33.0},{"not_picked":["Quick Slash","Acrobatics+1"],"picked":"Outmaneuver+1","floor":35.0},{"not_picked":["Backflip","Calculated Gamble+1"],"picked":"Accuracy","floor":36.0},{"not_picked":["Outmaneuver+1","Dodge and Roll"],"picked":"Infinite Blades","floor":38.0},{"not_picked":["Dagger Spray+1","Acrobatics"],"picked":"All Out Attack+1","floor":39.0},{"not_picked":["Deflect","Slice"],"picked":"Masterful Stab+1","floor":41.0},{"not_picked":["Blade Dance+1","Dagger Spray"],"picked":"Outmaneuver+1","floor":46.0},{"not_picked":["PanicButton","Impatience"],"picked":"Finesse","floor":48.0},{"not_picked":["Secret Technique","Blind"],"picked":"Discovery","floor":48.0},{"not_picked":["Good Instincts","Mind Blast"],"picked":"Secret Technique","floor":48.0}],"player_experience":310212,"relics_obtained":[{"floor":9.0,"key":"Orichalcum"},{"floor":11.0,"key":"Meat on the Bone"},{"floor":24.0,"key":"Lantern"},{"floor":24.0,"key":"CaptainsWheel"},{"floor":26.0,"key":"Centennial Puzzle"},{"floor":27.0,"key":"Mercury Hourglass"},{"floor":27.0,"key":"Bottled Lightning"},{"floor":41.0,"key":"Bag of Marbles"},{"floor":41.0,"key":"HornCleat"},{"floor":43.0,"key":"Bottled Flame"}],"event_choices":[{"damage_healed":0.0,"max_hp_gain":0.0,"max_hp_loss":0.0,"gold_gain":0.0,"event_name":"Scrap Ooze","player_choice":"Success","floor":5.0,"gold_loss":0.0,"damage_taken":3.0,"relics_obtained":["Regal Pillow"]},{"damage_healed":0.0,"max_hp_gain":0.0,"max_hp_loss":0.0,"gold_gain":0.0,"event_name":"Golden Idol","player_choice":"Take Wound","floor":10.0,"gold_loss":0.0,"damage_taken":0.0,"relics_obtained":["Golden Idol"],"cards_obtained":["Injury"]},{"cards_removed":["Underhanded Strike"],"damage_healed":5.0,"max_hp_gain":0.0,"max_hp_loss":0.0,"gold_gain":0.0,"event_name":"Bonfire Elementals","player_choice":"Offered Common","floor":20.0,"gold_loss":0.0,"damage_taken":0.0},{"cards_removed":["Underhanded Strike"],"damage_healed":5.0,"max_hp_gain":0.0,"max_hp_loss":0.0,"gold_gain":0.0,"event_name":"Bonfire Elementals","player_choice":"Offered Special","floor":20.0,"gold_loss":0.0,"damage_taken":0.0},{"damage_healed":0.0,"max_hp_gain":0.0,"max_hp_loss":0.0,"gold_gain":333.0,"event_name":"The Moai Head","player_choice":"Gave Idol","floor":44.0,"relics_lost":["Golden Idol"],"gold_loss":0.0,"damage_taken":0.0},{"damage_healed":0.0,"max_hp_gain":0.0,"max_hp_loss":0.0,"gold_gain":0.0,"event_name":"SensoryStone","player_choice":"Memory 3","floor":48.0,"gold_loss":0.0,"damage_taken":10.0}],"is_beta":false,"boss_relics":[{"not_picked":["Sozu","Velvet Choker"],"picked":"Black Star"},{"not_picked":["Runic Pyramid","HoveringKite"],"picked":"Astrolabe"}],"items_purged_floors":[],"is_endless":false,"potions_floor_spawned":[1,3,7,11,16,19,27,28,30,33,38],"killed_by":"Awakened One","ascension_level":0}}