{"host":"dlyy4wv9zatha4f7","time":1607723060,"event":{"mods":["BaseMod","Better Third Choice","Colored Map","GifTheSpireLib","Minty Spire (QoL Compilation)","Spicy Shops","StSLib","Stuff the Spire","SuperFastMode","Unceasing Turn Reminder"],"gold_per_floor":[110,65,80,80,92,127,140,215,215,215,228,228,263,273,273,368,368,382,382,382,400,90,115,115,141,141,141,166,191,34,48,48,143,143,158,6,0,0,47,81,101,120,143,158,3,36,36,71,71,71],"floor_reached":51,"playtime":2368,"items_purged":["Strike_G","Strike_G"],"score":1490,"play_id":"549abb77-8610-4447-8b54-7eef96eefcb7","local_time":"20201211234420","is_ascension_mode":true,"campfire_choices":[{"data":"Catalyst","floor":10,"key":"SMITH"},{"data":"Crippling Poison","floor":12,"key":"SMITH"},{"data":"Bouncing Flask","floor":15,"key":"SMITH"},{"data":"StuffTheSpire:ReptileScales","floor":24,"key":"SMITH"},{"data":"After Image","floor":27,"key":"SMITH"},{"data":"Catalyst","floor":32,"key":"SMITH"},{"data":"After Image","floor":49,"key":"SMITH"}],"circlet_count":0,"master_deck":["Strike_G","Strike_G","Strike_G","Defend_G","Defend_G+1","Defend_G","Defend_G","Defend_G","Survivor+1","Neutralize","StuffTheSpire:DoubleShiv","Flying Knee","Crippling Poison+1","Sucker Punch","Bouncing Flask+1","Catalyst+1","Dash","StuffTheSpire:ReptileScales+1","After Image+1","Poisoned Stab+1","Noxious Fumes","Prepared+1","StuffTheSpire:ReptileScales","Catalyst+1","After Image+1","Deflect+1","Malaise","Outmaneuver+1","Panacea","Bandage Up"],"relics":["Ring of the Snake","Art of War","Pear","StuffTheSpire:CocoNut","StrikeDummy","StuffTheSpire:RunicHypercube","MutagenicStrength","HandDrill","Potion Belt","StuffTheSpire:OldFever","Blood Vial","Regal Pillow","Darkstone Periapt","Coffee Dripper","StuffTheSpire:BottledEssence","Red Mask","Bird Faced Urn","StuffTheSpire:EmeraldSignet","War Paint","Nunchaku","Lizard Tail","Singing Bowl"],"acts_visited":["Exordium","TheCity","TheBeyond"],"potions_floor_usage":[6,6,13,16,21,39,48,50,50,50,50,50,50],"damage_taken":[{"damage":0,"enemies":"Small Slimes","floor":1,"turns":4},{"damage":0,"enemies":"Cultist","floor":3,"turns":3},{"damage":1,"enemies":"Jaw Worm","floor":5,"turns":3},{"damage":39,"enemies":"Lagavulin","floor":6,"turns":10},{"damage":0,"enemies":"2 Fungi Beasts","floor":7,"turns":3},{"damage":1,"enemies":"Blue Slaver","floor":11,"turns":3},{"damage":30,"enemies":"3 Sentries","floor":13,"turns":11},{"damage":0,"enemies":"3 Louse","floor":14,"turns":2},{"damage":7,"enemies":"Hexaghost","floor":16,"turns":6},{"damage":0,"enemies":"Chosen","floor":18,"turns":2},{"damage":0,"enemies":"Spheric Guardian","floor":21,"turns":4},{"damage":25,"enemies":"Book of Stabbing","floor":23,"turns":4},{"damage":0,"enemies":"Gremlin Leader","floor":25,"turns":6},{"damage":3,"enemies":"Book of Stabbing","floor":29,"turns":3},{"damage":0,"enemies":"Snake Plant","floor":31,"turns":3},{"damage":0,"enemies":"Champ","floor":33,"turns":7},{"damage":0,"enemies":"Orb Walker","floor":35,"turns":2},{"damage":0,"enemies":"2 Orb Walkers","floor":39,"turns":4},{"damage":0,"enemies":"Nemesis","floor":40,"turns":3},{"damage":2,"enemies":"3 Darklings","floor":41,"turns":3},{"damage":0,"enemies":"Sphere and 2 Shapes","floor":42,"turns":3},{"damage":0,"enemies":"Writhing Mass","floor":44,"turns":4},{"damage":0,"enemies":"Giant Head","floor":46,"turns":4},{"damage":0,"enemies":"Nemesis","floor":48,"turns":5},{"damage":0,"enemies":"Awakened One","floor":50,"turns":9}],"seed_played":"331488306710752917","potions_obtained":[{"floor":3,"key":"ColorlessPotion"},{"floor":5,"key":"Regen Potion"},{"floor":11,"key":"Regen Potion"},{"floor":13,"key":"FairyPotion"},{"floor":14,"key":"GamblersBrew"},{"floor":18,"key":"Block Potion"},{"floor":25,"key":"SkillPotion"},{"floor":31,"key":"Ancient Potion"},{"floor":33,"key":"Strength Potion"},{"floor":35,"key":"EntropicBrew"},{"floor":41,"key":"SpeedPotion"},{"floor":44,"key":"LiquidMemories"}],"is_trial":false,"path_per_floor":["M","$","M","?","M","E","M","?","T","R","M","R","E","M","R","B",null,"M","?","?","M","$","E","R","E","T","R","T","E","$","M","R","B",null,"M","$","?","?","?","E","M","M","T","M","$","E","?","E","R","B",null],"character_chosen":"THE_SILENT","items_purchased":["Flying Knee","Noxious Fumes","HandDrill","Catalyst","StuffTheSpire:BottledEssence","Nunchaku"],"campfire_rested":0,"item_purchase_floors":[2,22,22,30,36,45],"current_hp_per_floor":[63,63,63,63,62,48,48,37,44,44,43,43,28,28,28,21,71,71,71,71,71,71,46,46,46,46,46,46,45,45,47,47,49,78,80,80,80,80,82,83,81,83,83,83,83,83,73,85,85,85],"gold":71,"neow_bonus":"RANDOM_COMMON_RELIC","is_daily":false,"chose_seed":false,"campfire_upgraded":7,"win_rate":0.0,"timestamp":1607723060,"path_taken":["M","$","M","?","?","E","M","?","T","R","M","R","E","M","R","BOSS","M","?","?","M","$","E","R","E","T","R","?","E","$","M","R","BOSS","M","$","?","?","?","E","M","M","T","?","?","E","?","E","R","BOSS"],"items_purchased_type":["Card","Card","Relic","Card","Relic","Relic"],"build_version":"2020-11-30","purchased_purges":2,"victory":true,"max_hp_per_floor":[70,70,70,70,70,80,80,80,87,87,87,87,87,87,87,87,87,87,87,87,87,87,87,87,87,87,87,87,87,87,87,87,87,87,87,87,87,83,83,83,83,83,83,83,83,83,83,85,85,85],"card_choices":[{"not_picked":["Outmaneuver","Slice"],"picked":"StuffTheSpire:DoubleShiv","floor":1},{"not_picked":["Slice","Dash"],"picked":"Crippling Poison","floor":3},{"not_picked":["Infinite Blades","StuffTheSpire:Incursion"],"picked":"Sucker Punch","floor":5},{"not_picked":["Deadly Poison","Endless Agony"],"picked":"Bouncing Flask","floor":6},{"not_picked":["Expertise","StuffTheSpire:Python"],"picked":"Catalyst","floor":7},{"not_picked":["Sucker Punch","Glass Knife","Quick Slash"],"picked":"SKIP","floor":11},{"not_picked":["Dagger Throw","Infinite Blades"],"picked":"Dash","floor":13},{"not_picked":["Calculated Gamble","Poisoned Stab"],"picked":"StuffTheSpire:ReptileScales","floor":14},{"not_picked":["Storm of Steel","Malaise"],"picked":"After Image","floor":16},{"not_picked":["Deflect","StuffTheSpire:ClusterCrunch","StuffTheSpire:Injection"],"picked":"SKIP","floor":18},{"not_picked":["StuffTheSpire:Incursion","Skewer"],"picked":"Poisoned Stab+1","floor":21},{"not_picked":["Dash","StuffTheSpire:Sprint","Dodge and Roll"],"picked":"SKIP","floor":23},{"not_picked":["All Out Attack","Reflex"],"picked":"Prepared+1","floor":25},{"not_picked":["Dagger Spray","Noxious Fumes"],"picked":"StuffTheSpire:ReptileScales","floor":29},{"not_picked":["Underhanded Strike","Acrobatics","Sucker Punch"],"picked":"SKIP","floor":31},{"not_picked":["Tools of the Trade","Corpse Explosion"],"picked":"After Image","floor":33},{"not_picked":["Dash","Skewer"],"picked":"Deflect+1","floor":35},{"not_picked":["Deadly Poison+1","Dagger Throw+1"],"picked":"Malaise","floor":40},{"not_picked":["Dagger Spray+1","Eviscerate+1"],"picked":"Outmaneuver+1","floor":41},{"not_picked":["Sucker Punch+1","Flying Knee+1","Prepared"],"picked":"SKIP","floor":42},{"not_picked":["Accuracy+1","Dagger Spray+1","StuffTheSpire:Injection"],"picked":"SKIP","floor":44},{"not_picked":["Leg Sweep","Noxious Fumes","Bouncing Flask+1"],"picked":"SKIP","floor":46},{"not_picked":["StuffTheSpire:PlasmaPulse","Swift Strike"],"picked":"Panacea","floor":47},{"not_picked":["Blind","Swift Strike"],"picked":"Bandage Up","floor":47},{"not_picked":["Reflex+1","Masterful Stab+1","StuffTheSpire:Fury+1"],"picked":"Singing Bowl","floor":48}],"player_experience":2202381,"relics_obtained":[{"floor":6,"key":"Pear"},{"floor":9,"key":"StuffTheSpire:CocoNut"},{"floor":13,"key":"StrikeDummy"},{"floor":23,"key":"Potion Belt"},{"floor":25,"key":"StuffTheSpire:OldFever"},{"floor":26,"key":"Blood Vial"},{"floor":28,"key":"Regal Pillow"},{"floor":29,"key":"Darkstone Periapt"},{"floor":39,"key":"Bird Faced Urn"},{"floor":40,"key":"StuffTheSpire:EmeraldSignet"},{"floor":43,"key":"War Paint"},{"floor":46,"key":"Lizard Tail"},{"floor":48,"key":"Singing Bowl"}],"event_choices":[{"damage_healed":0,"gold_gain":0,"player_choice":"Ignored","damage_taken":0,"max_hp_gain":0,"max_hp_loss":0,"event_name":"NoteForYourself","floor":4,"gold_loss":0},{"damage_healed":0,"gold_gain":75,"player_choice":"Gold","damage_taken":11,"max_hp_gain":0,"max_hp_loss":0,"event_name":"betterThird:BetterGoop","floor":8,"gold_loss":0},{"damage_healed":0,"gold_gain":0,"player_choice":"Inject Mutagens","damage_taken":0,"relics_obtained":["MutagenicStrength"],"max_hp_gain":0,"max_hp_loss":0,"event_name":"Drug Dealer","floor":19,"gold_loss":0},{"damage_healed":0,"gold_gain":0,"player_choice":"Paid","damage_taken":0,"relics_obtained":["Red Mask"],"max_hp_gain":0,"max_hp_loss":0,"event_name":"Tomb of Lord Red Mask","floor":37,"gold_loss":6},{"damage_healed":0,"gold_gain":0,"player_choice":"Max HP","damage_taken":0,"max_hp_gain":0,"max_hp_loss":4,"event_name":"Winding Halls","floor":38,"gold_loss":0},{"damage_healed":0,"gold_gain":0,"player_choice":"Fight","damage_taken":0,"max_hp_gain":0,"max_hp_loss":0,"event_name":"Mysterious Sphere","floor":39,"gold_loss":0},{"damage_healed":0,"gold_gain":0,"player_choice":"Memory 3","damage_taken":10,"max_hp_gain":0,"max_hp_loss":0,"event_name":"SensoryStone","floor":47,"gold_loss":0}],"is_beta":false,"boss_relics":[{"not_picked":["StuffTheSpire:ModemDavis","SacredBark"],"picked":"StuffTheSpire:RunicHypercube"},{"not_picked":["Empty Cage","StuffTheSpire:Kangaroo"],"picked":"Coffee Dripper"}],"items_purged_floors":[22,30],"is_endless":false,"potions_floor_spawned":[3,5,11,13,14,18,25,31,33,35,41,44,46],"ascension_level":9}}