{"host":"v52ntiwll8g9892u","time":1607710832,"event":{"mods":["Aspiration","BaseMod","Marisa£®ÏF”Í°°ƒß¿Ì…≥£©","Minty Spire (QoL Compilation)","StSLib","The Bug Knight"],"gold_per_floor":[118,118,131,146,146,184,184,200,249,249,324,360,360,379,379,472,472,491,491,491,491,505,505,530,563,563,584,584,604,604,643,643,739,739,760,760,778,838,857,891,891,931,931,967,967,976,1019,534,534,534,534,534,534,13,49,49,49],"floor_reached":56,"playtime":2603,"items_purged":["Conclude","Strike_P"],"score":2372,"play_id":"c52cba26-b141-4737-b1c5-956863888599","local_time":"20201212022032","is_ascension_mode":true,"campfire_choices":[{"data":"Eruption","floor":7.0,"key":"SMITH"},{"floor":10.0,"key":"REST"},{"data":"BowlingBash","floor":15.0,"key":"SMITH"},{"floor":23.0,"key":"REST"},{"floor":28.0,"key":"REST"},{"data":"Omniscience","floor":30.0,"key":"SMITH"},{"data":"Pray","floor":32.0,"key":"SMITH"},{"floor":41.0,"key":"REST"},{"data":"Omniscience","floor":45.0,"key":"SMITH"},{"floor":49.0,"key":"RECALL"},{"data":"Alpha","floor":53.0,"key":"SMITH"}],"circlet_count":0,"master_deck":["AscendersBane","Defend_P","Eruption+1","Vigilance","BowlingBash+1","FlurryOfBlows","Omniscience+1","Doppelganger","Adrenaline","Alpha+1","Pray+1","Tantrum","DeusExMachina","Omniscience+1","Secret Technique","Finesse+1","MasterReality+1"],"relics":["Black Star","Golden Idol","Omamori","MealTicket","Blood Vial","aspiration:FrozenJewel","Bronze Scales","Anchor","Runic Pyramid","Art of War","Nilry\u0027s Codex","Orichalcum","Thread and Needle","Akabeko","Darkstone Periapt","Empty Cage","Incense Burner","Frozen Egg 2","PreservedInsect","aspiration:StickyExplosives_weak","Strawberry","CeramicFish","TeardropLocket","Nunchaku","Toxic Egg 2","aspiration:HatOfInfinitePower","OrangePellets","Pen Nib","Membership Card","Toy Ornithopter","Pear","Bag of Marbles","Blue Candle"],"acts_visited":["Exordium","TheCity","TheBeyond","TheEnding"],"potions_floor_usage":[56,56,56],"damage_taken":[{"damage":9.0,"enemies":"Jaw Worm","floor":1.0,"turns":3.0},{"damage":13.0,"enemies":"Small Slimes","floor":3.0,"turns":4.0},{"damage":0.0,"enemies":"2 Louse","floor":4.0,"turns":3.0},{"damage":30.0,"enemies":"Lagavulin","floor":6.0,"turns":6.0},{"damage":1.0,"enemies":"Looter","floor":8.0,"turns":2.0},{"damage":7.0,"enemies":"3 Sentries","floor":12.0,"turns":3.0},{"damage":0.0,"enemies":"Large Slime","floor":14.0,"turns":3.0},{"damage":0.0,"enemies":"Hexaghost","floor":16.0,"turns":7.0},{"damage":8.0,"enemies":"Chosen","floor":18.0,"turns":4.0},{"damage":15.0,"enemies":"Shell Parasite","floor":22.0,"turns":3.0},{"damage":4.0,"enemies":"Snake Plant","floor":24.0,"turns":3.0},{"damage":21.0,"enemies":"Book of Stabbing","floor":25.0,"turns":4.0},{"damage":0.0,"enemies":"Sentry and Sphere","floor":27.0,"turns":2.0},{"damage":6.0,"enemies":"Snecko","floor":29.0,"turns":3.0},{"damage":0.0,"enemies":"Gremlin Leader","floor":31.0,"turns":5.0},{"damage":9.0,"enemies":"Collector","floor":33.0,"turns":6.0},{"damage":6.0,"enemies":"3 Darklings","floor":35.0,"turns":3.0},{"damage":0.0,"enemies":"3 Shapes","floor":37.0,"turns":3.0},{"damage":30.0,"enemies":"2 Orb Walkers","floor":38.0,"turns":3.0},{"damage":20.0,"enemies":"Spire Growth","floor":39.0,"turns":3.0},{"damage":5.0,"enemies":"Giant Head","floor":40.0,"turns":5.0},{"damage":2.0,"enemies":"Nemesis","floor":42.0,"turns":3.0},{"damage":0.0,"enemies":"Reptomancer","floor":44.0,"turns":2.0},{"damage":1.0,"enemies":"Giant Head","floor":47.0,"turns":4.0},{"damage":45.0,"enemies":"Awakened One","floor":50.0,"turns":5.0},{"damage":0.0,"enemies":"Donu and Deca","floor":51.0,"turns":4.0},{"damage":33.0,"enemies":"Shield and Spear","floor":55.0,"turns":3.0},{"damage":86,"enemies":"The Heart","floor":56,"turns":3}],"seed_played":"7299167076363830167","potions_obtained":[{"floor":4.0,"key":"Block Potion"},{"floor":8.0,"key":"Strength Potion"},{"floor":12.0,"key":"AttackPotion"},{"floor":22.0,"key":"Fire Potion"},{"floor":25.0,"key":"LiquidMemories"},{"floor":29.0,"key":"Regen Potion"},{"floor":33.0,"key":"Block Potion"},{"floor":35.0,"key":"BottledMiracle"},{"floor":39.0,"key":"Dexterity Potion"},{"floor":42.0,"key":"EntropicBrew"}],"is_trial":false,"path_per_floor":["M","?","M","M","?","E","R","M","T","R","?","E","T","M","R","B",null,"M","?","?","?","M","R","M","E","T","M","R","M","R","E","R","B",null,"M","?","M","?","M","E","R","E","T","E","R","?","E","$","R","B","B",null,"R","$","E","B"],"character_chosen":"WATCHER","items_purchased":["OrangePellets","Pen Nib","Finesse+1","Membership Card","MasterReality+1","Toy Ornithopter","Pear"],"campfire_rested":4,"item_purchase_floors":[48,48,48,54,54,54,54],"current_hp_per_floor":[52,52,39,39,32,2,2,1,1,19,8,3,3,5,5,7,48,42,42,21,21,8,26,24,5,5,7,25,21,21,35,35,28,54,50,50,52,24,6,3,21,28,28,30,30,30,31,46,46,3,5,53,53,78,46,0,0],"gold":49,"neow_bonus":"BOSS_RELIC","is_daily":false,"chose_seed":false,"campfire_upgraded":6,"win_rate":0.0,"timestamp":1607710832,"path_taken":["M","?","M","M","?","E","R","M","T","R","?","E","?","M","R","BOSS","M","?","?","?","?","R","M","E","T","M","R","M","R","E","R","BOSS","M","?","M","?","M","E","R","E","T","E","R","?","E","$","R","BOSS","BOSS","R","$","E","BOSS"],"items_purchased_type":["Relic","Relic","Undefined","Relic","Undefined","Relic","Relic"],"build_version":"2020-11-30","purchased_purges":2,"victory":false,"max_hp_per_floor":[68,62,62,62,62,62,62,62,62,62,62,62,62,62,62,62,62,62,62,62,62,62,62,62,62,62,62,62,62,62,62,62,62,62,62,62,62,62,62,62,62,69,69,69,69,69,69,69,69,69,69,69,69,79,79,79,79],"card_choices":[{"not_picked":["SashWhip","Evaluate"],"picked":"Conclude","floor":1.0},{"not_picked":["Evaluate","Nirvana","ForeignInfluence"],"picked":"SKIP","floor":3.0},{"not_picked":["EmptyFist","CutThroughFate"],"picked":"BowlingBash","floor":4.0},{"not_picked":["FlyingSleeves","Collect","EmptyFist"],"picked":"SKIP","floor":6.0},{"not_picked":["Pray","FlyingSleeves","Consecrate"],"picked":"SKIP","floor":8.0},{"not_picked":["Devotion","Sanctity"],"picked":"FlurryOfBlows","floor":12.0},{"not_picked":["FollowUp","PathToVictory","Prostrate"],"picked":"SKIP","floor":14.0},{"not_picked":["Alpha","MasterReality"],"picked":"Omniscience","floor":16.0},{"not_picked":["EmptyBody","CarveReality","Evaluate"],"picked":"SKIP","floor":18.0},{"not_picked":["ThirdEye","EmptyFist","PathToVictory"],"picked":"SKIP","floor":22.0},{"not_picked":["JustLucky","WaveOfTheHand","Protect"],"picked":"SKIP","floor":24.0},{"not_picked":["ClearTheMind","Pray"],"picked":"Alpha","floor":25.0},{"not_picked":["CarveReality","FlurryOfBlows","Pray"],"picked":"SKIP","floor":27.0},{"not_picked":["CarveReality","FlurryOfBlows"],"picked":"Pray","floor":27.0},{"not_picked":["EmptyBody","ThirdEye","JustLucky+1"],"picked":"SKIP","floor":29.0},{"not_picked":["Evaluate","Meditate"],"picked":"Tantrum","floor":31.0},{"not_picked":["Alpha","Devotion"],"picked":"DeusExMachina","floor":33.0},{"not_picked":["JustLucky","SashWhip+1","Wireheading"],"picked":"SKIP","floor":35.0},{"not_picked":["WaveOfTheHand","Evaluate+1","Halt"],"picked":"SKIP","floor":37.0},{"not_picked":["EmptyFist","JustLucky","Study"],"picked":"SKIP","floor":39.0},{"not_picked":["ClearTheMind","SignatureMove"],"picked":"Omniscience","floor":40.0},{"not_picked":["FollowUp","FlurryOfBlows","Evaluate"],"picked":"SKIP","floor":42.0},{"not_picked":["Halt","SashWhip","JustLucky"],"picked":"SKIP","floor":44.0},{"not_picked":["Flash of Steel","Good Instincts"],"picked":"Secret Technique","floor":46.0},{"not_picked":["Swivel+1","CarveReality","Weave"],"picked":"SKIP","floor":47.0},{"not_picked":["SignatureMove","Wireheading+1","Fasting2+1"],"picked":"SKIP","floor":55.0}],"player_experience":1247801,"relics_obtained":[{"floor":6.0,"key":"Omamori"},{"floor":6.0,"key":"MealTicket"},{"floor":9.0,"key":"Blood Vial"},{"floor":12.0,"key":"aspiration:FrozenJewel"},{"floor":12.0,"key":"Bronze Scales"},{"floor":13.0,"key":"Anchor"},{"floor":20.0,"key":"Nilry\u0027s Codex"},{"floor":25.0,"key":"Orichalcum"},{"floor":25.0,"key":"Thread and Needle"},{"floor":31.0,"key":"Akabeko"},{"floor":31.0,"key":"Darkstone Periapt"},{"floor":38.0,"key":"Incense Burner"},{"floor":40.0,"key":"Frozen Egg 2"},{"floor":40.0,"key":"PreservedInsect"},{"floor":42.0,"key":"aspiration:StickyExplosives_weak"},{"floor":42.0,"key":"Strawberry"},{"floor":43.0,"key":"CeramicFish"},{"floor":44.0,"key":"TeardropLocket"},{"floor":44.0,"key":"Nunchaku"},{"floor":47.0,"key":"Toxic Egg 2"},{"floor":47.0,"key":"aspiration:HatOfInfinitePower"},{"floor":55.0,"key":"Bag of Marbles"},{"floor":55.0,"key":"Blue Candle"}],"event_choices":[{"damage_healed":0.0,"max_hp_gain":0.0,"max_hp_loss":6.0,"gold_gain":0.0,"event_name":"Golden Idol","player_choice":"Lose Max HP","floor":2.0,"gold_loss":0.0,"damage_taken":0.0,"relics_obtained":["Golden Idol"]},{"cards_removed":["Defend_P"],"damage_healed":0.0,"max_hp_gain":0.0,"max_hp_loss":0.0,"gold_gain":0.0,"event_name":"Golden Wing","player_choice":"Card Removal","floor":5.0,"gold_loss":0.0,"damage_taken":7.0},{"damage_healed":0.0,"max_hp_gain":0.0,"max_hp_loss":0.0,"gold_gain":75.0,"event_name":"World of Goop","player_choice":"Gather Gold","floor":11.0,"gold_loss":0.0,"damage_taken":11.0},{"damage_healed":0.0,"max_hp_gain":0.0,"max_hp_loss":0.0,"gold_gain":0.0,"event_name":"The Mausoleum","player_choice":"Opened","floor":19.0,"gold_loss":0.0,"damage_taken":0.0,"relics_obtained":["Art of War"],"cards_obtained":["Writhe"]},{"damage_healed":0.0,"max_hp_gain":0.0,"max_hp_loss":0.0,"gold_gain":0.0,"event_name":"Cursed Tome","player_choice":"Obtained Book","floor":20.0,"gold_loss":0.0,"damage_taken":21.0},{"cards_removed":["Sucker Punch"],"damage_healed":0.0,"max_hp_gain":0.0,"max_hp_loss":0.0,"gold_gain":0.0,"event_name":"Falling","player_choice":"Removed Attack","floor":36.0,"gold_loss":0.0,"damage_taken":0.0},{"damage_healed":0.0,"max_hp_gain":0.0,"max_hp_loss":0.0,"gold_gain":0.0,"event_name":"Mysterious Sphere","player_choice":"Fight","floor":38.0,"gold_loss":0.0,"damage_taken":0.0},{"damage_healed":0.0,"max_hp_gain":0.0,"max_hp_loss":0.0,"gold_gain":0.0,"event_name":"SensoryStone","player_choice":"Memory 1","floor":46.0,"gold_loss":0.0,"damage_taken":0.0}],"is_beta":false,"boss_relics":[{"not_picked":["SlaversCollar","aspiration:RunicSpoon"],"picked":"Runic Pyramid"},{"not_picked":["Sozu","Snecko Eye"],"picked":"Empty Cage"}],"items_purged_floors":[48,54],"is_endless":false,"potions_floor_spawned":[4,8,12,22,25,29,33,35,39,42,47],"killed_by":"The Heart","ascension_level":20}}