{"host":"Ian","time":1607680434,"event":{"mods":["BaseMod","Bestiary","Block Reminder","Colored Map","Highlight Path","Key Reminder","Minty Spire (QoL Compilation)","Relic Stats"],"gold_per_floor":[361,376,376,43,54,88,3,3,26,45,17,51,51,67,67,143,143,154,154,164,32,49,49,49,49],"floor_reached":24,"playtime":859,"items_purged":["Strike_R"],"score":412,"play_id":"7d7c460f-a7b6-4a4a-b59f-de7c5115436c","local_time":"20201211095354","is_ascension_mode":true,"campfire_choices":[{"data":"Immolate","floor":8,"key":"SMITH"},{"data":"Metallicize","floor":13,"key":"SMITH"},{"data":"Shrug It Off","floor":15,"key":"SMITH"},{"data":"Juggernaut","floor":23,"key":"SMITH"}],"circlet_count":0,"master_deck":["AscendersBane","Strike_R","Strike_R","Defend_R","Defend_R","Defend_R","Defend_R","Bash+1","Thunderclap","Immolate+1","Anger","Metallicize+1","Evolve","Shrug It Off+1","Bloodletting","Juggernaut+1","Rage","Blood for Blood","Iron Wave","Armaments"],"relics":["Burning Blood","MealTicket","Art of War","Lantern","Shuriken","Sozu"],"acts_visited":["Exordium","TheCity"],"potions_floor_usage":[20],"damage_taken":[{"damage":12,"enemies":"Small Slimes","floor":1,"turns":5},{"damage":6,"enemies":"Cultist","floor":2,"turns":3},{"damage":7,"enemies":"Jaw Worm","floor":5,"turns":3},{"damage":34,"enemies":"Gremlin Nob","floor":6,"turns":4},{"damage":11,"enemies":"Looter","floor":10,"turns":2},{"damage":2,"enemies":"3 Sentries","floor":12,"turns":4},{"damage":14,"enemies":"Large Slime","floor":14,"turns":3},{"damage":38,"enemies":"The Guardian","floor":16,"turns":11},{"damage":24,"enemies":"2 Thieves","floor":18,"turns":4},{"damage":13,"enemies":"Spheric Guardian","floor":20,"turns":4},{"damage":7,"enemies":"Centurion and Healer","floor":22,"turns":5},{"damage":49,"enemies":"Gremlin Leader","floor":24,"turns":4}],"seed_played":"96263963211923976","potions_obtained":[{"floor":1,"key":"ElixirPotion"},{"floor":2,"key":"Dexterity Potion"}],"is_trial":false,"path_per_floor":["M","M","?","$","M","E","$","R","T","M","$","E","R","M","R","B",null,"M","?","M","$","M","R","E"],"character_chosen":"IRONCLAD","items_purchased":["MealTicket","Immolate","Metallicize","Shrug It Off","Armaments"],"campfire_rested":0,"item_purchase_floors":[4,4,7,11,21],"current_hp_per_floor":[62,62,62,62,61,33,48,48,48,43,58,62,62,54,54,22,57,39,39,32,47,46,46,0,0],"gold":49,"neow_bonus":"TWO_FIFTY_GOLD","is_daily":false,"chose_seed":false,"campfire_upgraded":4,"win_rate":0.0,"timestamp":1607680434,"path_taken":["M","M","?","$","M","E","$","R","T","M","$","E","R","M","R","BOSS","M","?","M","$","M","R","E"],"items_purchased_type":["Relic","Card","Card","Card","Card"],"build_version":"2020-12-07","purchased_purges":1,"victory":false,"max_hp_per_floor":[68,68,68,68,68,68,68,68,68,68,68,68,68,68,68,68,68,68,68,68,68,68,68,68,68],"relic_stats":{"Sozu":2,"counters":[12,52],"Shuriken":[8],"MealTicket":45,"Art of War":[4],"obtain_stats":[{"Sozu":17,"Lantern":9,"Shuriken":12,"MealTicket":4,"Art of War":6,"Burning Blood":0},{"Sozu":8,"Lantern":4,"Shuriken":6,"MealTicket":2,"Art of War":4,"Burning Blood":0},{"Sozu":35,"Lantern":15,"Shuriken":21,"MealTicket":8,"Art of War":15,"Burning Blood":0}],"Burning Blood":66},"card_choices":[{"not_picked":["Shockwave","Clash","Bloodletting"],"picked":"SKIP","floor":1},{"not_picked":["Clothesline","Headbutt"],"picked":"Thunderclap","floor":2},{"not_picked":["Rampage","Clothesline","Blood for Blood"],"picked":"SKIP","floor":5},{"not_picked":["Twin Strike","Heavy Blade"],"picked":"Anger","floor":6},{"not_picked":["Bloodletting","Dropkick"],"picked":"Evolve","floor":10},{"not_picked":["Heavy Blade","Perfected Strike"],"picked":"Bloodletting","floor":12},{"not_picked":["Sever Soul","Flex","Body Slam"],"picked":"SKIP","floor":14},{"not_picked":["Demon Form","Corruption"],"picked":"Juggernaut","floor":16},{"not_picked":["Headbutt","Combust"],"picked":"Rage","floor":18},{"not_picked":["Havoc","Body Slam","True Grit"],"picked":"SKIP","floor":20},{"not_picked":["Pummel","Anger","Rupture"],"picked":"SKIP","floor":22}],"player_experience":2490423,"relics_obtained":[{"floor":6,"key":"Art of War"},{"floor":9,"key":"Lantern"},{"floor":12,"key":"Shuriken"}],"event_choices":[{"damage_healed":0,"gold_gain":0,"player_choice":"Upgraded","damage_taken":0,"max_hp_gain":0,"max_hp_loss":0,"event_name":"Upgrade Shrine","floor":3,"gold_loss":0,"cards_upgraded":["Bash"]},{"damage_healed":0,"gold_gain":0,"cards_transformed":["Strike_R","Strike_R"],"player_choice":"Became Test Subject","damage_taken":0,"max_hp_gain":0,"max_hp_loss":0,"event_name":"Drug Dealer","floor":19,"gold_loss":0,"cards_obtained":["Blood for Blood","Iron Wave"]}],"is_beta":true,"boss_relics":[{"not_picked":["Ectoplasm","Runic Pyramid"],"picked":"Sozu"}],"items_purged_floors":[21],"is_endless":false,"potions_floor_spawned":[1,2,6,10,18,22],"killed_by":"Gremlin Leader","ascension_level":20}}