{"host":"17j25xn3vk5d1e3v","time":1607728269,"event":{"mods":["AchievementEnabler","Act Like it!","BaseMod","GifTheSpireLib","Hermit","HexUI Lib","Hubris","Minty Spire (QoL Compilation)","Replay The Spire","StSLib","The Disciple","The Necromancer"],"gold_per_floor":[118,118,134,149,189,189,216,216,216,233,252,287,302,302,302,404,404,423,433,450,550,567,595,595,606,632,650,454,454,489,505,505,606,606,625,636,646,201,212,212,242,242,242,268,44,56,56,6,6,6],"floor_reached":51,"playtime":3459,"items_purged":["Strike_W","Strike_W","Strike_W"],"score":1011,"play_id":"300c635e-52cf-41ff-b730-92cb4cbcc729","local_time":"20201212001109","is_ascension_mode":false,"campfire_choices":[{"data":"Shackles_Of_Pain","floor":6,"key":"SMITH"},{"data":"Summon_Lich","floor":8,"key":"SMITH"},{"floor":15,"key":"REST"},{"data":"Summon_Vampire_Lady","floor":24,"key":"SMITH"},{"data":"Summon_Undead","floor":29,"key":"SMITH"},{"data":"Siphon_Strength","floor":40,"key":"SMITH"},{"data":"Requiem","floor":49,"key":"SMITH"}],"circlet_count":0,"master_deck":["Defend_W","Defend_W","Defend_W","Defend_W","Negative_Energy_Arrows","Bone_Wall","Death_March_Dance+1","Siphon_Strength","Whirlwind_of_Bones","Siphon_Strength+1","Shackles_Of_Pain+1","Summon_Lich+1","Shade_Step","Negative_Energy_Javelin","Stop_Heart","Requiem+1","Summon_Vampire_Lady+1","Finger_Of_Death+1","Flesh_Made_Foul","Vampiric_Strike","Bone_Prison","Summon_Undead+1","Siphon_Strength+1","Negative_Energy_Burst","Spectral_Walk+1","Negative_Energy_Shield+1","Hellfire","CurseOfTheBell","Strike_from_Beyond+1","Uncharnel","Life_Tap+1","Scare","Hellfire","Corrupt","Negative_Energy_Shield"],"relics":["Vampire_Amulet","NeowsBlessing","hubris:DeckOfHolding","hubris:AstralHammer","Bird Faced Urn","hubris:FunFungus","Honey Jar","Happy Flower","Smiling Mask","hubris:EmptyBottle","Replay:Bottled Steam","Calling Bell","Bag of Preparation","Pantograph","Replay:PocketPolymizer","Membership Card","hubris:MysteriousPyramids","Pear","Anchor","hubris:Icosahedron","Shuriken","ReplayTheSpireMod:Ninjato","hubris:Zylophone","Lee\u0027s Waffle"],"acts_visited":["Exordium","TheCity","TheBeyond"],"potions_floor_usage":[33,33,33,33,33,33,33,35,39,41,44,44,44,44,50,50],"damage_taken":[{"damage":0,"enemies":"2 Louse","floor":1,"turns":1},{"damage":0,"enemies":"Cultist","floor":3,"turns":3},{"damage":0,"enemies":"Jaw Worm","floor":4,"turns":3},{"damage":19,"enemies":"Gremlin Nob","floor":7,"turns":4},{"damage":3,"enemies":"Looter","floor":10,"turns":4},{"damage":0,"enemies":"2 Fungi Beasts","floor":11,"turns":4},{"damage":18,"enemies":"Lagavulin","floor":12,"turns":7},{"damage":16,"enemies":"Gremlin Gang","floor":13,"turns":4},{"damage":35,"enemies":"The Guardian","floor":16,"turns":9},{"damage":22,"enemies":"Shell Parasite","floor":18,"turns":5},{"damage":6,"enemies":"Chosen","floor":19,"turns":4},{"damage":32,"enemies":"Shelled Parasite and Fungi","floor":20,"turns":6},{"damage":12,"enemies":"Cultist and Chosen","floor":22,"turns":6},{"damage":20,"enemies":"Replay:Snechameleon","floor":23,"turns":7},{"damage":12,"enemies":"Snake Plant","floor":25,"turns":5},{"damage":7,"enemies":"Shelled Parasite and Fungi","floor":27,"turns":6},{"damage":13,"enemies":"Book of Stabbing","floor":30,"turns":6},{"damage":13,"enemies":"Centurion and Healer","floor":31,"turns":4},{"damage":20,"enemies":"Pondfish","floor":33,"turns":9},{"damage":20,"enemies":"3 Darklings","floor":35,"turns":4},{"damage":13,"enemies":"Orb Walker","floor":36,"turns":3},{"damage":40,"enemies":"Writhing Mass","floor":37,"turns":6},{"damage":27,"enemies":"Transient","floor":39,"turns":5},{"damage":30,"enemies":"Giant Head","floor":41,"turns":8},{"damage":17,"enemies":"Nemesis","floor":44,"turns":7},{"damage":5,"enemies":"Spire Growth","floor":46,"turns":4},{"damage":32,"enemies":"Awakened One","floor":50,"turns":11}],"seed_played":"8533729948708082497","potions_obtained":[{"floor":10,"key":"FairyPotion"},{"floor":12,"key":"EntropicBrew"},{"floor":13,"key":"Ancient Potion"},{"floor":16,"key":"DuplicationPotion"},{"floor":18,"key":"EssenceOfSteel"},{"floor":19,"key":"Block Potion"},{"floor":33,"key":"Fruit Juice"},{"floor":35,"key":"SpeedPotion"},{"floor":39,"key":"Adrenaline Potion"},{"floor":46,"key":"DistilledChaos"}],"is_trial":false,"path_per_floor":["M","?","M","M","?","R","E","R","T","M","M","E","M","?","R","B",null,"M","M","M","?","M","E","R","M","T","M","$","R","E","M","R","B",null,"M","M","M","$","M","R","E","?","T","E","$","M","?","$","R","B",null],"character_chosen":"NECROMANCER","items_purchased":["hubris:EmptyBottle","Membership Card","hubris:MysteriousPyramids","Pear","hubris:Zylophone","Lee\u0027s Waffle"],"campfire_rested":1,"item_purchase_floors":[28,38,38,38,45,45],"current_hp_per_floor":[75,75,75,75,57,57,40,40,40,39,45,31,25,25,47,19,75,64,68,56,56,64,71,71,68,68,72,72,72,67,58,75,85,85,75,74,52,62,53,53,44,44,44,35,102,100,100,100,100,102],"gold":6,"neow_bonus":"THREE_ENEMY_KILL","is_daily":false,"chose_seed":false,"campfire_upgraded":6,"win_rate":0.0,"timestamp":1607728269,"path_taken":["M","?","M","?","?","R","E","R","T","M","M","E","M","?","R","BOSS","M","M","?","?","M","E","R","M","T","M","$","R","E","M","R","BOSS","M","M","M","$","M","R","E","?","T","E","?","M","?","?","R","BOSS"],"items_purchased_type":["Relic","Relic","Relic","Relic","Relic","Relic"],"build_version":"2020-11-30","purchased_purges":3,"victory":true,"max_hp_per_floor":[75,75,75,75,75,75,75,75,75,75,75,75,75,75,75,75,75,75,75,75,75,75,75,75,75,75,75,75,75,75,75,75,85,85,85,85,85,95,95,95,95,95,95,95,102,102,102,102,102,102],"card_choices":[{"not_picked":["Bones_to_Steel","Negative_Energy_Javelin"],"picked":"Death_March_Dance","floor":1},{"not_picked":["Death_Coil","Death_March_Dance"],"picked":"Siphon_Strength","floor":3},{"not_picked":["Bone_Spikes","Negative_Energy_Javelin"],"picked":"Whirlwind_of_Bones","floor":4},{"not_picked":["Negative_Energy_Shield","Death_Coil"],"picked":"Siphon_Strength","floor":5},{"not_picked":["Negative_Energy_Sphere","Deaths_Shadow"],"picked":"Shackles_Of_Pain","floor":5},{"not_picked":["Reap_The_Weak","Shade_Step"],"picked":"Summon_Lich","floor":7},{"not_picked":["Negative_Energy_Shield","Summon_Undead_Army"],"picked":"Shade_Step","floor":10},{"not_picked":["Whirlwind_of_Bones","Blood_for_Blood"],"picked":"Negative_Energy_Javelin","floor":11},{"not_picked":["Blood_Curse","Acid_Javelin"],"picked":"Stop_Heart","floor":12},{"not_picked":["Acid_Javelin","Necrotic_Claws"],"picked":"Requiem","floor":13},{"not_picked":["Blood_Magic","Reap_The_Weak"],"picked":"Summon_Vampire_Lady","floor":16},{"not_picked":["Death_Coil","Bone_Spikes","Scare+1"],"picked":"Finger_Of_Death+1","floor":18},{"not_picked":["Plague_Bolt+1","Epidemic","Blood_Curse"],"picked":"Flesh_Made_Foul","floor":19},{"not_picked":["Finger_Of_Death","Shackles_Of_Pain","Pandemic"],"picked":"Vampiric_Strike","floor":20},{"not_picked":["Blood_Is_Power","Negative_Energy_Javelin+1","Death_Knell"],"picked":"Bone_Prison","floor":22},{"not_picked":["Negative_Energy_Sphere","Blood_Wake","Violent_Necrosis"],"picked":"Summon_Undead","floor":23},{"not_picked":["Bone_Armor","Negative_Energy_Javelin","Chill_Blood+1"],"picked":"Siphon_Strength","floor":25},{"not_picked":["Plague_Bolt","Bone_Shift","Necromantic_Selection+1"],"picked":"Negative_Energy_Burst","floor":27},{"not_picked":["Bone_Armor","Life_Tap+1","Death_Coil+1"],"picked":"Spectral_Walk+1","floor":30},{"not_picked":["Blood_Whip","Finger_Of_Death","Negative_Energy_Mist"],"picked":"Negative_Energy_Shield+1","floor":31},{"not_picked":["Reap_The_Weak","Summon_Vampire_Lady","Detonate_Bones"],"picked":"Hellfire","floor":33},{"not_picked":["Finger_Of_Death","Bone_Armory","Death_March_Dance"],"picked":"Strike_from_Beyond+1","floor":35},{"not_picked":["Chill_Blood","Bone_Armor","Blood_for_Blood+1"],"picked":"Uncharnel","floor":36},{"not_picked":["Bone_Armor+1","Life_Drain","Blood_Whip+1"],"picked":"Life_Tap+1","floor":37},{"not_picked":["Bone_Spikes+1","Exploit+1","Whirlwind_of_Bones"],"picked":"Scare","floor":39},{"not_picked":["Plague_Bolt","Blood_Magic","Negative_Energy_Sphere+1"],"picked":"Hellfire","floor":41},{"not_picked":["Finger_Of_Death","Whirlwind_of_Bones","Thousand_Bone_Knives"],"picked":"Strike_from_Beyond","floor":44},{"not_picked":["Bones_to_Steel","Thousand_Bone_Knives+1","Death_March_Dance+1"],"picked":"Corrupt","floor":46}],"player_experience":150940,"relics_obtained":[{"floor":5,"key":"hubris:DeckOfHolding"},{"floor":7,"key":"hubris:AstralHammer"},{"floor":9,"key":"Bird Faced Urn"},{"floor":12,"key":"hubris:FunFungus"},{"floor":23,"key":"Happy Flower"},{"floor":26,"key":"Smiling Mask"},{"floor":30,"key":"Replay:Bottled Steam"},{"floor":34,"key":"Bag of Preparation"},{"floor":34,"key":"Pantograph"},{"floor":34,"key":"Replay:PocketPolymizer"},{"floor":41,"key":"Anchor"},{"floor":43,"key":"Shuriken"},{"floor":44,"key":"ReplayTheSpireMod:Ninjato"}],"event_choices":[{"damage_healed":0,"gold_gain":0,"player_choice":"Forge","damage_taken":0,"max_hp_gain":0,"max_hp_loss":0,"event_name":"Accursed Blacksmith","floor":2,"gold_loss":0,"cards_upgraded":["Death_March_Dance"]},{"damage_healed":0,"gold_gain":0,"player_choice":"Ignored","damage_taken":0,"max_hp_gain":0,"max_hp_loss":0,"event_name":"NoteForYourself","floor":14,"gold_loss":0},{"damage_healed":0,"gold_gain":100,"player_choice":"Pray","damage_taken":0,"max_hp_gain":0,"max_hp_loss":0,"event_name":"Golden Shrine","floor":21,"gold_loss":0},{"cards_removed":["Strike_from_Beyond"],"damage_healed":0,"gold_gain":0,"player_choice":"Removed Attack","damage_taken":0,"max_hp_gain":0,"max_hp_loss":0,"event_name":"Falling","floor":47,"gold_loss":0}],"is_beta":false,"boss_relics":[{"not_picked":["Replay:Bronze Core","Busted Crown"],"picked":"Honey Jar"},{"not_picked":["Runic Dome","Astrolabe"],"picked":"Calling Bell"}],"items_purged_floors":[28,38,48],"is_endless":false,"potions_floor_spawned":[10,12,13,16,18,19,33,35,37,39,46],"ascension_level":0}}