{"host":"mi0eibewekhugwl1","time":1607656749,"event":{"mods":["AchievementEnabler","BaseMod","Colored Map","Colored Powertips","DeckTracker","Keyboard Shortcuts","Minty Spire (QoL Compilation)","Quick Restart","Rare Cards Sparkle","Relic Stats","StSLib","SuperFastMode","everything is the same but u backflip on backflip"],"gold_per_floor":[119,135,60,60,60,60,90,90,90,104,28,28,61,75,75,75,75],"floor_reached":16,"playtime":243,"items_purged":[],"score":216,"play_id":"d10e0bc8-d74e-4e5d-a187-23a53aa18a65","local_time":"20201211121909","is_ascension_mode":true,"campfire_choices":[{"data":"Zap","floor":6.0,"key":"SMITH"},{"floor":8.0,"key":"REST"},{"data":"Biased Cognition","floor":12.0,"key":"SMITH"},{"data":"Dualcast","floor":15.0,"key":"SMITH"}],"circlet_count":0,"master_deck":["AscendersBane","Strike_B","Strike_B","Strike_B","Defend_B","Defend_B","Defend_B","Defend_B","Zap+1","Dualcast+1","Tempest","Biased Cognition+1","Compile Driver","Self Repair","Ball Lightning+1","Capacitor"],"relics":["Cracked Core","Regal Pillow","Shovel","Anchor","Omamori","Molten Egg 2"],"acts_visited":["Exordium"],"potions_floor_usage":[16,16],"damage_taken":[{"damage":10.0,"enemies":"Small Slimes","floor":1.0,"turns":4.0},{"damage":0.0,"enemies":"2 Louse","floor":2.0,"turns":4.0},{"damage":45.0,"enemies":"3 Sentries","floor":7.0,"turns":8.0},{"damage":0.0,"enemies":"Jaw Worm","floor":10.0,"turns":2.0},{"damage":10.0,"enemies":"Gremlin Nob","floor":13.0,"turns":3.0},{"damage":2.0,"enemies":"Exordium Wildlife","floor":14.0,"turns":2.0},{"damage":57,"enemies":"The Guardian","floor":16,"turns":6}],"seed_played":"1052615244352283130","potions_obtained":[{"floor":13.0,"key":"LiquidMemories"},{"floor":14.0,"key":"Regen Potion"}],"is_trial":false,"path_per_floor":["M","M","?","?","T","R","E","R","T","M","$","R","E","M","R","B"],"character_chosen":"DEFECT","items_purchased":["Self Repair"],"campfire_rested":1,"item_purchase_floors":[11],"current_hp_per_floor":[54,54,54,54,54,54,9,45,45,45,45,45,42,40,40,0,0],"gold":75,"neow_bonus":"RANDOM_COMMON_RELIC","is_daily":false,"chose_seed":false,"campfire_upgraded":3,"win_rate":0.0,"timestamp":1607656749,"path_taken":["M","M","?","?","?","R","E","R","T","M","$","R","E","M","R","BOSS"],"items_purchased_type":["Card"],"build_version":"2020-11-30","purchased_purges":0,"victory":false,"max_hp_per_floor":[71,71,71,71,71,71,71,71,71,71,71,71,71,71,71,71,71],"relic_stats":{"Regal Pillow":15,"Shovel":0,"counters":[7,29],"obtain_stats":[{"Regal Pillow":0,"Anchor":7,"Shovel":5,"Molten Egg 2":13,"Omamori":9,"Cracked Core":0},{"Regal Pillow":0,"Anchor":3,"Shovel":2,"Molten Egg 2":5,"Omamori":3,"Cracked Core":0},{"Regal Pillow":0,"Anchor":16,"Shovel":8,"Molten Egg 2":21,"Omamori":16,"Cracked Core":0}]},"card_choices":[{"not_picked":["Rebound","Turbo","Streamline"],"picked":"SKIP","floor":1.0},{"not_picked":["Leap","Doom and Gloom"],"picked":"Tempest","floor":2.0},{"not_picked":["Ball Lightning","Heatsinks"],"picked":"Biased Cognition","floor":7.0},{"not_picked":["Leap","Steam"],"picked":"Compile Driver","floor":10.0},{"not_picked":["Streamline+1","Compile Driver+1"],"picked":"Ball Lightning+1","floor":13.0},{"not_picked":["Go for the Eyes+1","Stack"],"picked":"Capacitor","floor":14.0}],"player_experience":1659191,"relics_obtained":[{"floor":5.0,"key":"Shovel"},{"floor":7.0,"key":"Anchor"},{"floor":9.0,"key":"Omamori"},{"floor":13.0,"key":"Molten Egg 2"}],"event_choices":[{"cards_removed":["Strike_B"],"damage_healed":0.0,"max_hp_gain":0.0,"max_hp_loss":0.0,"gold_gain":0.0,"event_name":"The Cleric","player_choice":"Card Removal","floor":3.0,"gold_loss":75.0,"damage_taken":0.0},{"damage_healed":0.0,"max_hp_gain":0.0,"max_hp_loss":0.0,"gold_gain":0.0,"event_name":"Liars Game","player_choice":"Ignored","floor":4.0,"gold_loss":0.0,"damage_taken":0.0}],"is_beta":false,"boss_relics":[],"items_purged_floors":[],"is_endless":false,"potions_floor_spawned":[13,14],"killed_by":"The Guardian","ascension_level":20}}