{"host":"i0s8vbixp24k5aul","time":1607686538,"event":{"mods":["2.2 Compatiblity","Act Like it!","Aspiration","Bard","BaseMod","Better Note","Better Third Choice","Better Vampires","Colorless Booster Pack","Displayed Cursed Tome","Dota2Spire","GifTheSpireLib","Halation","Hermit","Hubris","Infinite Spire","Jedi Mod","Minty Spire (QoL Compilation)","Potionbrewer","Random Character Mod","SOS???????","StSLib","Stuff the Spire","The Bug Knight","The Construct","The Cursed","The Disciple","The Hayseed","TheHero","TheWitcher","vexMod","??????REMEMod"],"gold_per_floor":[117,135,135,135,145,145,163,192,192,223,223,223,255,40,40,139,139,157,176,27,44,44,44,79,79,79,79,79,114,114,132,132,245,245,260,278,40,63,75,75,100,100,100,116,116,146,146,146,146,272,272,284,284,294,302,302,308,320,146,170,179,182,30,5,23,23,104,104,116,116,116,106,56,54,54,54,80,85,85,360,367,361,361,428,428,434,1433,1438,1438,1449,1517,1517,1517,1598,1598,1598,1222,1202,1218,1218,1300,1300,1332,1377,1377,1398,1431,1431,1431,1431],"floor_reached":109,"playtime":10323,"items_purged":["Burn","StuffTheSpire:CuriosityCurse","Pain"],"score":2703,"play_id":"289277a0-b23c-4337-8fdc-71924fa47604","local_time":"20201211143538","is_ascension_mode":true,"campfire_choices":[{"floor":6.0,"key":"REST"},{"floor":11.0,"key":"REST"},{"floor":15.0,"key":"REST"},{"data":"Apotheosis","floor":23.0,"key":"SMITH"},{"floor":25.0,"key":"REST"},{"floor":40,"key":"RECALL"},{"floor":42,"key":"REST"},{"data":"Flay","floor":45,"key":"SMITH"},{"data":"infinitespire:UltimateForm","floor":47,"key":"SMITH"},{"data":"LockedCalendar","floor":49,"key":"SMITH"},{"data":"CBP: UltraDivineWater","floor":66,"key":"SMITH"},{"floor":83,"key":"REST"},{"data":"PatternShift","floor":92,"key":"SMITH"},{"data":"Normality","floor":100,"key":"SMITH"},{"data":"Normality","floor":108,"key":"SMITH"}],"circlet_count":0,"master_deck":["Allegro","Allegro","Strike_Br","Strike_Br","Strike_Br","Strike_Br","Defend_Br","Defend_Br","Defend_Br","SecondHand","PatternShift+1","potionbrewer:ChainReaction+1","Echoward","Goo","ResonantCall","ExoVibe+2","BackFourSeconds","Parity","Apotheosis+1","RageCommand","BlueShift","HandsUpC","LockedOrichalcum+1","RageCommand","Break+1","AlternateTimeline+1","Flay+1","LockedTurtyl+1","Allegro+1","LockedScales+1","LockedCalendar+1","SlimeSpray+1","infinitespire:UltimateForm+1","BiteCommand+1","LockedCalendar","LockedMedicine","hubris:Greed","CrunchTime","Accelerando","HandsUpC","Accruing","hubris:Rewind+1","infinitespire:Menacing+1","Fragmentalize","CBP: UltraDivineWater+1","Accruing","Goo","CrunchTime","RageCommand","infinitespire:Starlight","BiteCommand","Sospirando","BeatsPerMinute","LockedBlood+1","Allegro","HandsUpC","hubris:Fate","Regret","Recurrance","hubris:Greed","LockedCalendar+1","hubris:Greed","LockedAnchor+1","Parity+1","Allegretto+1","Engulf","hubris:Greed","Parity+1","ReapSow","Accruing","hubris:Greed","Accelerando","LockedBell","CurseOfTheBell","hubris:Greed","BiteCommand","SlimeSpray","hubris:Greed","ReapSow","Echoward"],"relics":["Chronometer","REME_ComplimentaryCards","HollowMod:PaleOreRelic","Sling","hubris:KleinBottle","potionbrewer:WarMedal","infinitespire:CheckeredPen","REME_PuzzleBoxRelic","aspiration:ArtOfWarUpgrade","jedi:bottledfury","vexMod:BigBerry","Tiny Chest","Bag of Marbles","Blood Vial","Darkstone Periapt","hubris:BlackHole","Bottled Tornado","vexMod:ConsolationPrize","construct:FoamFinger","Orichalcum","hubris:Backtick","Dead Branch","vexMod:InvisibilityCloak","BlueBox","Dota2Spire:MaskOfMadness","vexMod:PaidLearning","jedi:paperlyon","infinitespire:FocusingShard","Juzu Bracelet","Dota2Spire:EchoSabre","hubris:BottledHeart","Pear","halation:PromiseList","Ornamental Fan","StuffTheSpire:Mouthbags","aspiration:RandomNobGenerator","jedi:Pinwheel","halation:StarCompass","Question Card","WarpedTongs","halation:PrussianBluePaint","HandDrill","Calling Bell","Ancient Tea Set","hubris:AstralHammer","aspiration:SeaSaltIceCream","hubris:BlackHole","StuffTheSpire:HeavyRock","Dota2Spire:MagicBottle"],"acts_visited":["Exordium","TheCity","TheBeyond","Exordium","TheCity","TheBeyond","Exordium"],"potions_floor_usage":[50,74,78,101],"damage_taken":[{"damage":6.0,"enemies":"Jaw Worm","floor":1.0,"turns":7.0},{"damage":2.0,"enemies":"Cultist","floor":2.0,"turns":5.0},{"damage":1.0,"enemies":"2 Louse","floor":5.0,"turns":2.0},{"damage":0.0,"enemies":"Exordium Wildlife","floor":7.0,"turns":3.0},{"damage":0.0,"enemies":"HollowMod:MossKnight","floor":8.0,"turns":3.0},{"damage":2.0,"enemies":"Gremlin Nob","floor":10.0,"turns":3.0},{"damage":0.0,"enemies":"HollowMod:MossKnight","floor":13.0,"turns":1.0},{"damage":15.0,"enemies":"Hexaghost","floor":16.0,"turns":4.0},{"damage":4.0,"enemies":"Chosen","floor":18.0,"turns":3.0},{"damage":7.0,"enemies":"Shell Parasite","floor":19.0,"turns":4.0},{"damage":0.0,"enemies":"Snake Plant","floor":21.0,"turns":2.0},{"damage":37.0,"enemies":"REME_1_Revenger","floor":24.0,"turns":4.0},{"damage":0.0,"enemies":"Nightmare","floor":29.0,"turns":3.0},{"damage":0.0,"enemies":"Snecko","floor":31.0,"turns":1.0},{"damage":13.0,"enemies":"hubris:MusketHawk","floor":33.0,"turns":7.0},{"damage":0.0,"enemies":"Orb Walker","floor":35.0,"turns":5.0},{"damage":1,"enemies":"3 Darklings","floor":36,"turns":4},{"damage":12,"enemies":"Spire Growth","floor":39,"turns":3},{"damage":36,"enemies":"Nemesis","floor":41,"turns":5},{"damage":0,"enemies":"Sphere and 2 Shapes","floor":44,"turns":3},{"damage":3,"enemies":"Nightmare","floor":46,"turns":5},{"damage":21,"enemies":"hubris:GrandSnecko","floor":50,"turns":7},{"damage":0,"enemies":"Small Slimes","floor":52,"turns":1},{"damage":0,"enemies":"2 Louse","floor":54,"turns":2},{"damage":0,"enemies":"Cultist","floor":55,"turns":1},{"damage":0,"enemies":"Red Slaver","floor":57,"turns":2},{"damage":0,"enemies":"Lagavulin","floor":58,"turns":2},{"damage":0,"enemies":"Exordium Wildlife","floor":61,"turns":1},{"damage":0,"enemies":"Large Slime","floor":62,"turns":2},{"damage":9,"enemies":"Lots of Slimes","floor":65,"turns":2},{"damage":7,"enemies":"The Guardian","floor":67,"turns":2},{"damage":0,"enemies":"Shell Parasite","floor":69,"turns":1},{"damage":0,"enemies":"3 Byrds","floor":72,"turns":1},{"damage":0,"enemies":"Nightmare","floor":74,"turns":1},{"damage":0,"enemies":"Slavers","floor":78,"turns":2},{"damage":0,"enemies":"Snake Plant","floor":81,"turns":2},{"damage":0,"enemies":"Snecko","floor":82,"turns":2},{"damage":0,"enemies":"Automaton","floor":84,"turns":3},{"damage":0,"enemies":"Orb Walker","floor":86,"turns":2},{"damage":0,"enemies":"3 Shapes","floor":88,"turns":1},{"damage":0,"enemies":"Jaw Worm Horde","floor":90,"turns":1},{"damage":0,"enemies":"Spire Growth","floor":95,"turns":2},{"damage":0,"enemies":"Transient","floor":98,"turns":1},{"damage":0,"enemies":"Spire Growth","floor":99,"turns":1},{"damage":0,"enemies":"infinitespire:MassOfShapes","floor":101,"turns":2},{"damage":0,"enemies":"2 Louse","floor":103,"turns":2},{"damage":0,"enemies":"Jaw Worm","floor":104,"turns":1},{"damage":0,"enemies":"Cultist","floor":106,"turns":2},{"damage":0,"enemies":"Large Slime","floor":107,"turns":2}],"seed_played":"-5232524091458848712","potions_obtained":[{"floor":2.0,"key":"ColorlessPotion"},{"floor":8.0,"key":"EssenceOfSteel"},{"floor":13.0,"key":"HastePotion"},{"floor":19.0,"key":"infinitespire:BlackPotion"},{"floor":21.0,"key":"potionbrewer:DiscountPotion"},{"floor":31.0,"key":"Strength Potion"},{"floor":35.0,"key":"potionbrewer:MidasPotion"},{"floor":41,"key":"potionbrewer:MidasPotion"},{"floor":54,"key":"Swift Potion"},{"floor":74,"key":"LiquidBronze"},{"floor":86,"key":"HastePotion"},{"floor":101,"key":"FearPotion"}],"is_trial":false,"path_per_floor":["M","M","?","$","M","R","M","E","T","E","R","?","E","$","R","B",null,"M","M","$","M","?","R","E","R","T","?","$","NM","R","M","R","B",null,"M","M","$","T","M","R","E","R","T","M","R","NM","R","?","R","B",null,"M","?","M","M","T","M","E","$","T","M","M","$","?","M","R","B",null,"M","T","?","M","?","NM","?","T","T","E","AVR","?","M","M","R","B",null,"M","?","M","?","M","T","R","?","T","M","?","$","M","M","R","B",null,"M","M","T","M","M","R","T"],"character_chosen":"CHRONO_CLASS","items_purchased":["HollowMod:PaleOreRelic","Sling","hubris:KleinBottle","Apotheosis","FearPotion","Tiny Chest","Bottled Tornado","CBP: UltraDivineWater","vexMod:PaidLearning","halation:PrussianBluePaint","HandDrill"],"campfire_rested":6,"item_purchase_floors":[4,4,4,14,14,20,37,59,63,97,97],"current_hp_per_floor":[59,57,57,13,12,31,31,31,31,29,48,9,9,9,28,27,95,94,87,87,87,87,87,57,85,85,85,85,87,87,89,89,78,95,95,94,94,94,83,83,49,77,77,79,79,78,78,78,78,66,95,95,95,101,101,101,101,101,101,101,101,101,101,101,96,96,91,101,101,101,107,107,107,107,1,1,1,1,1,1,1,1,1,1,1,1,1,1,1,1,1,1,1,1,1,1,1,1,1,1,1,1,1,1,1,1,1,1,1,1],"gold":1431,"neow_bonus":"UPGRADE_CARD","is_daily":false,"chose_seed":false,"campfire_upgraded":8,"win_rate":0.0,"timestamp":1607686538,"path_taken":["M","M","?","?","M","R","M","E","T","E","R","?","E","$","R","BOSS","M","M","$","M","?","R","E","R","T","?","?","NM","R","M","R","BOSS","M","M","$","?","M","R","E","R","T","M","R","NM","R","?","R","BOSS","M","?","?","M","?","M","E","?","T","?","M","$","?","M","R","BOSS","M","?","?","M","?","NM","?","?","T","E","AVR","?","M","M","R","BOSS","M","?","M","?","M","?","R","?","T","M","?","$","M","M","R","BOSS","M","M","?","M","M","R","?"],"items_purchased_type":["Relic","Relic","Relic","Card","Potion","Relic","Relic","Card","Relic","Relic","Relic"],"build_version":"2020-11-30","purchased_purges":3,"victory":false,"max_hp_per_floor":[65,65,65,65,65,65,65,65,65,65,65,65,65,65,65,65,95,95,95,95,95,95,95,95,95,95,95,95,95,95,95,95,95,95,95,95,95,95,95,95,95,95,95,95,95,95,95,95,95,95,95,95,95,101,101,101,101,101,101,101,101,101,101,101,101,101,101,101,101,101,107,107,107,107,1,1,1,1,1,1,1,1,1,1,1,1,1,1,1,1,1,1,1,1,1,1,1,1,1,1,1,1,1,1,1,1,1,1,1,1],"card_choices":[{"not_picked":["TickedOff","LockedTurtyl"],"picked":"Echoward","floor":1.0},{"not_picked":["PrimeTime","Keepsakes"],"picked":"Goo","floor":2.0},{"not_picked":["infinitespire:Menacing","infinitespire:DeathsTouch"],"picked":"hubris:Fate","floor":4.0},{"not_picked":["Echoward","Facsimile","Cuckoo"],"picked":"SKIP","floor":5.0},{"not_picked":["Parity","SlimeSpray"],"picked":"ResonantCall","floor":7.0},{"not_picked":["HandsUpB","LockedMercury"],"picked":"ExoVibe","floor":8.0},{"not_picked":["WakeUpCall","LockedPlans"],"picked":"BackFourSeconds","floor":10.0},{"not_picked":["OracleForm","CrunchTime"],"picked":"Parity","floor":13.0},{"not_picked":["LockedFlame","Chronoelasticity"],"picked":"RageCommand","floor":16.0},{"not_picked":["Parity","BiteCommand"],"picked":"BlueShift","floor":18.0},{"not_picked":["Engulf","LockedScales"],"picked":"HandsUpC","floor":19.0},{"not_picked":["Tempo+1","BiteCommand"],"picked":"LockedOrichalcum+1","floor":21.0},{"not_picked":["Echoward","OracleForm"],"picked":"Break+1","floor":24.0},{"not_picked":["DaylightSavings","CrunchTime"],"picked":"AlternateTimeline+1","floor":29.0},{"not_picked":["SlimeSpray","BlueShift","Parity"],"picked":"SKIP","floor":31.0},{"not_picked":["LockedFlame","Echonomics"],"picked":"Flay","floor":33.0},{"not_picked":["Echoward+1","Engulf"],"picked":"LockedTurtyl+1","floor":35.0},{"not_picked":["BeatsPerMinute+1","HandsUpB"],"picked":"Tempo","floor":36},{"not_picked":["VestedLegacy+1","MasterKey"],"picked":"LockedScales+1","floor":39},{"not_picked":["ExoVibe","LockedTornado+1"],"picked":"LockedCalendar","floor":41},{"not_picked":["DaylightSavings","ExoVibe"],"picked":"SlimeSpray+1","floor":44},{"not_picked":["hubris:Rewind","infinitespire:NeuralNetwork"],"picked":"infinitespire:UltimateForm","floor":46},{"not_picked":["VestedLegacy+1","HandsUpC+1"],"picked":"BiteCommand+1","floor":46},{"not_picked":["Echonomics","MasterKey","LockedLightning"],"picked":"LockedCalendar","floor":50},{"not_picked":["LockedMercury","HandsUpC"],"picked":"LockedMedicine","floor":52},{"not_picked":["ExoVibe","Engulf"],"picked":"CrunchTime","floor":54},{"not_picked":["LockedAnchor","ExoVibe"],"picked":"HandsUpC","floor":55},{"not_picked":["BiteCommand","LockedMercury"],"picked":"Accruing","floor":57},{"not_picked":["LockedThread","TiringSlam"],"picked":"Fragmentalize","floor":58},{"not_picked":["LockedPlans","LockedMercury"],"picked":"Accruing","floor":61},{"not_picked":["Engulf","HandsUpB"],"picked":"Goo","floor":62},{"not_picked":["AlternateTimeline","TiringSlam"],"picked":"CrunchTime","floor":65},{"not_picked":["Echonomics","Fragmentalize"],"picked":"RageCommand","floor":67},{"not_picked":["infinitespire:Execution","infinitespire:DeathsTouch"],"picked":"infinitespire:Starlight","floor":68},{"not_picked":["Parity","HandsUpC"],"picked":"BiteCommand","floor":69},{"not_picked":["WindUp","Backlash"],"picked":"BeatsPerMinute","floor":72},{"not_picked":["LockedWarPaint","Break"],"picked":"LockedBlood+1","floor":74},{"not_picked":["LockedOrichalcum","Parity"],"picked":"HandsUpC","floor":78},{"not_picked":["LockedPlans","Engulf"],"picked":"Recurrance","floor":81},{"not_picked":["HandsUpC","Recurrance"],"picked":"Tempo+1","floor":82},{"not_picked":["Chronoelasticity","BackFourSeconds"],"picked":"LockedCalendar","floor":84},{"not_picked":["CrunchTime+1","PrimeTime"],"picked":"LockedAnchor+1","floor":86},{"not_picked":["WindUp","BlueShift"],"picked":"Parity+1","floor":88},{"not_picked":["LockedBlood","TickedOff"],"picked":"Engulf","floor":90},{"not_picked":["Keepsakes","Break","HandsUpB+1"],"picked":"Parity+1","floor":95},{"not_picked":["ExoVibe","LockedTornado","Parity"],"picked":"ReapSow","floor":98},{"not_picked":["Facsimile","Engulf","FormalWear+1"],"picked":"Accruing","floor":99},{"not_picked":["BackFourSeconds","Echonomics","LockedAstrolabe"],"picked":"LockedBell","floor":101},{"not_picked":["ExoVibe","LockedOrichalcum","LockedWarPaint"],"picked":"BiteCommand","floor":103},{"not_picked":["WindUp","Engulf","Parity"],"picked":"SlimeSpray","floor":104},{"not_picked":["Cuckoo","Keepsakes","LockedFlame"],"picked":"ReapSow","floor":106},{"not_picked":["Analog","Goo","PrimeTime"],"picked":"Echoward","floor":107}],"player_experience":880427,"relics_obtained":[{"floor":8.0,"key":"potionbrewer:WarMedal"},{"floor":9.0,"key":"infinitespire:CheckeredPen"},{"floor":10.0,"key":"REME_PuzzleBoxRelic"},{"floor":13.0,"key":"jedi:bottledfury"},{"floor":24.0,"key":"Bag of Marbles"},{"floor":26.0,"key":"Blood Vial"},{"floor":29.0,"key":"Darkstone Periapt"},{"floor":41,"key":"vexMod:ConsolationPrize"},{"floor":43,"key":"construct:FoamFinger"},{"floor":46,"key":"Orichalcum"},{"floor":56,"key":"vexMod:InvisibilityCloak"},{"floor":58,"key":"BlueBox"},{"floor":60,"key":"Dota2Spire:MaskOfMadness"},{"floor":70,"key":"infinitespire:FocusingShard"},{"floor":74,"key":"Dota2Spire:EchoSabre"},{"floor":76,"key":"Pear"},{"floor":77,"key":"halation:PromiseList"},{"floor":78,"key":"Ornamental Fan"},{"floor":91,"key":"jedi:Pinwheel"},{"floor":94,"key":"Question Card"},{"floor":102,"key":"Ancient Tea Set"},{"floor":102,"key":"hubris:AstralHammer"},{"floor":102,"key":"aspiration:SeaSaltIceCream"},{"floor":105,"key":"StuffTheSpire:HeavyRock"},{"floor":109,"key":"Dota2Spire:MagicBottle"}],"event_choices":[{"damage_healed":57.0,"max_hp_gain":0.0,"max_hp_loss":65.0,"gold_gain":0.0,"event_name":"betterThird:BetterShining","player_choice":"Embrace Burn","floor":3.0,"gold_loss":0.0,"damage_taken":0.0},{"damage_healed":0.0,"max_hp_gain":0.0,"max_hp_loss":0.0,"gold_gain":1.0,"event_name":"betterThird:BetterScrap","player_choice":"Relic ","floor":12.0,"gold_loss":0.0,"damage_taken":39.0,"cards_obtained":["Berserk"]},{"cards_removed":["Apotheosis"],"damage_healed":0.0,"max_hp_gain":0.0,"max_hp_loss":0.0,"gold_gain":0.0,"event_name":"betterNote:BetterNote","player_choice":"Take \u0026 Give","floor":22.0,"gold_loss":0.0,"damage_taken":0.0,"cards_obtained":["RageCommand"]},{"cards_removed":["Defend_Br"],"damage_healed":0,"gold_gain":0,"player_choice":"Purged","damage_taken":0,"max_hp_gain":0,"max_hp_loss":0,"event_name":"Purifier","floor":48,"gold_loss":0},{"damage_healed":0,"gold_gain":0,"player_choice":"Ignored","damage_taken":0,"max_hp_gain":0,"max_hp_loss":0,"event_name":"Purifier","floor":53,"gold_loss":0},{"damage_healed":0,"gold_gain":0,"player_choice":"Bet on Murderer","damage_taken":0,"max_hp_gain":0,"max_hp_loss":0,"event_name":"The Joust","floor":73,"gold_loss":50},{"damage_healed":0,"gold_gain":275,"player_choice":"Desecrate","damage_taken":0,"max_hp_gain":0,"max_hp_loss":0,"event_name":"Golden Shrine","floor":80,"gold_loss":0,"cards_obtained":["Regret"]},{"damage_healed":0,"gold_gain":999,"player_choice":"Gold","damage_taken":0,"max_hp_gain":0,"max_hp_loss":0,"event_name":"MindBloom","floor":87,"gold_loss":0,"cards_obtained":["Normality","Normality"]},{"damage_healed":0,"gold_gain":0,"player_choice":"Rummage","damage_taken":0,"relics_obtained":["WarpedTongs"],"max_hp_gain":0,"max_hp_loss":0,"event_name":"Accursed Blacksmith","floor":96,"gold_loss":0,"cards_obtained":["Pain"]}],"is_beta":false,"boss_relics":[{"not_picked":["Coffee Dripper","jedi:hotpepper"],"picked":"vexMod:BigBerry"},{"not_picked":["Runic Dome","Pandora\u0027s Box"],"picked":"hubris:BlackHole"},{"not_picked":["halation:PlatinumPhoenix","vexMod:TanglingVine"],"picked":"hubris:Backtick"},{"not_picked":["infinitespire:Cupcake","Runic Dome"],"picked":"jedi:paperlyon"},{"not_picked":["StuffTheSpire:RunicConfusion","Velvet Choker"],"picked":"aspiration:RandomNobGenerator"},{"not_picked":["vexMod:MysteryBossChallenge","Chronograph"],"picked":"Calling Bell"}],"items_purged_floors":[4,79,97],"is_endless":true,"potions_floor_spawned":[2,8,13,19,21,31,35,41,54,61,62,65,69,72,74,86,95,101],"ascension_level":1}}