{"host":"pszcj3piwl6eu8b1","time":1607705473,"event":{"mods":["2.2 Compatiblity","Act Like it!","Aspiration","BaseMod","Better Altar","Better Match","Better Note","Better Sensory Stone","Better Skull","Better Third Choice","Better Vampires","CCEM","CapriCore","Downfall","Elementarium","Energized Spire","Gensokyo","GifTheSpireLib","Hallownest","Hermit","Hubris","Humility","Jorbs\u0027s Wanderer Trilogy","Marisa????????","Marked Mod","Menagerie","Minty Spire (QoL Compilation)","Permanent Neow","Quarter Circle Forward PUNCH!","Quick Restart","RNG Fix","Replay The Spire","Shop Mod","StSLib","Stuff the Spire","The Animator","The Blue Laboratory","The Hayseed","The Immortal","Wandering Minibosses","vexMod"],"gold_per_floor":[109,389,389,389,389,408,274,274,274],"floor_reached":8,"playtime":269,"items_purged":["animator:Strike"],"score":88,"play_id":"d7c23de7-c9d5-4730-9481-0d44944eb4a9","local_time":"20201211085113","is_ascension_mode":true,"campfire_choices":[],"circlet_count":0,"master_deck":["AscendersBane","animator:Strike_MadokaMagica","animator:Defend_MadokaMagica","animator:Strike","animator:Strike","animator:Defend","animator:Defend","animator:IrohaTamaki","animator:YuiTsuruno","animator:IrohaTamaki","animator:ZankiKiguchi"],"relics":["animator:LivingPicture","animator:TheMissingPiece","animator:PurgingStone"],"acts_visited":["Gensokyo:Gensokyo"],"potions_floor_usage":[],"damage_taken":[{"damage":11.0,"enemies":"Gensokyo:3_Fairies","floor":1.0,"turns":3.0},{"damage":11.0,"enemies":"Gensokyo:Gryphon","floor":6.0,"turns":4.0},{"damage":0,"enemies":"Gensokyo:Aya","floor":8,"turns":1}],"seed_played":"-8902984264307193370","potions_obtained":[{"floor":1.0,"key":"Elixir"},{"floor":6.0,"key":"PowerPotion"}],"is_trial":false,"path_per_floor":["M","?","?","PTL","PTL","M","$","E"],"character_chosen":"THE_ANIMATOR","items_purchased":["animator:ZankiKiguchi"],"campfire_rested":0,"item_purchase_floors":[7],"current_hp_per_floor":[43,22,22,22,22,11,11,11,11],"gold":274,"neow_bonus":"REMOVE_CARD","is_daily":false,"chose_seed":false,"campfire_upgraded":0,"win_rate":0.0,"timestamp":1607705473,"path_taken":["M","?","?","PTL","PTL","?","?","E"],"items_purchased_type":["Card"],"build_version":"2020-11-30","purchased_purges":1,"victory":false,"max_hp_per_floor":[60,60,60,60,60,60,60,60,60],"card_choices":[{"not_picked":["animator:Illya","animator:Fredrika"],"picked":"animator:IrohaTamaki","floor":1.0},{"not_picked":["animator:Alexander","animator:Cocytus","animator:Shion"],"picked":"SKIP","floor":6.0}],"player_experience":1540832,"relics_obtained":[],"event_choices":[{"damage_healed":0.0,"max_hp_gain":0.0,"max_hp_loss":0.0,"gold_gain":280.0,"event_name":"betterSkull:BetterSkull","player_choice":"GO GO GO ","floor":2.0,"gold_loss":0.0,"damage_taken":24.0,"cards_upgraded":[],"relics_obtained":[]}],"is_beta":false,"boss_relics":[],"items_purged_floors":[7],"is_endless":false,"potions_floor_spawned":[1,6],"killed_by":"Gensokyo:Aya","ascension_level":20}}