{"host":"fea6kdxvty5fzy91","time":1607707539,"event":{"mods":["A Magickal Journey","AchievementEnabler","BaseMod","Better Third Choice","BetterRewards","Colored Map","Colored Powertips","Custom Start","DeckTracker","Googly Eyes","Highlight Path","Minty Spire (QoL Compilation)","Quick Restart","Rare Cards Sparkle","StSLib","The Bug Knight","The IronCluck","egg","everything is the same but u backflip on backflip","slay the spire mod where everything is the same but ironclad has a cowboy hat"],"gold_per_floor":[113,127,139,158,171,171,186,200,277,289,316,316,371,371,371,470,470,481,231,249,9,9,36,53,72,72,72,72,99,99,99,99],"floor_reached":31,"playtime":1637,"items_purged":["Defend_P"],"score":304,"play_id":"e85fbdf5-660f-435e-b851-30a9431516fb","local_time":"20201211102539","is_ascension_mode":false,"campfire_choices":[{"data":"Eruption","floor":6,"key":"SMITH"},{"data":"Wallop","floor":12,"key":"SMITH"},{"data":"ReachHeaven","floor":15,"key":"SMITH"},{"floor":27,"key":"REST"},{"data":"Panache","floor":30,"key":"SMITH"}],"circlet_count":0,"master_deck":["Strike_P+1","Strike_P","Strike_P","Defend_P","Defend_P+1","Defend_P","Eruption+1","Vigilance","JustLucky","Wallop+1","SandsOfTime+1","ReachHeaven+1","CrushJoints","LessonLearned","Panache+1","WaveOfTheHand","Worship+1","ThirdEye+1","FearNoEvil+1","Regret"],"relics":["PureWater","NeowsBlessing","Mummified Hand","MealTicket","Ornamental Fan","Cursed Key","Bottled Flame","Torii","Peace Pipe","Damaru"],"acts_visited":["Exordium","TheCity"],"potions_floor_usage":[8,10,13,16,18,24,25],"damage_taken":[{"damage":0,"enemies":"Small Slimes","floor":1,"turns":1},{"damage":0,"enemies":"Cultist","floor":2,"turns":1},{"damage":0,"enemies":"2 Louse","floor":3,"turns":1},{"damage":12,"enemies":"Looter","floor":4,"turns":3},{"damage":0,"enemies":"Gremlin Gang","floor":5,"turns":6},{"damage":5,"enemies":"Exordium Wildlife","floor":7,"turns":3},{"damage":0,"enemies":"Red Slaver","floor":8,"turns":3},{"damage":0,"enemies":"2 Fungi Beasts","floor":10,"turns":2},{"damage":0,"enemies":"3 Sentries","floor":11,"turns":4},{"damage":13,"enemies":"Lagavulin Event","floor":13,"turns":5},{"damage":2,"enemies":"Hexaghost","floor":16,"turns":4},{"damage":0,"enemies":"Shell Parasite","floor":18,"turns":2},{"damage":0,"enemies":"Chosen","floor":20,"turns":4},{"damage":28,"enemies":"HollowMod:Nosk","floor":23,"turns":6},{"damage":17,"enemies":"Centurion and Healer","floor":24,"turns":2},{"damage":9,"enemies":"Snecko","floor":25,"turns":8},{"damage":29,"enemies":"Slavers","floor":29,"turns":5},{"damage":17,"enemies":"Snake Plant","floor":31,"turns":2}],"seed_played":"-1539132892724432521","potions_obtained":[{"floor":1,"key":"DistilledChaos"},{"floor":5,"key":"Fire Potion"},{"floor":8,"key":"Fruit Juice"},{"floor":10,"key":"Weak Potion"},{"floor":16,"key":"SneckoOil"},{"floor":18,"key":"Weak Potion"},{"floor":20,"key":"GamblersBrew"}],"is_trial":false,"path_per_floor":["M","M","M","M","M","R","M","M","T","M","E","R","?","?","R","B",null,"M","$","M","$","?","E","M","M","T","R","?","E","R","M"],"character_chosen":"WATCHER","items_purchased":["Panache","Bottled Flame"],"campfire_rested":1,"item_purchase_floors":[19,21],"current_hp_per_floor":[72,72,72,60,60,60,55,60,60,60,60,60,47,47,47,45,77,77,77,77,77,77,49,32,23,23,46,46,17,17,0,0],"gold":99,"neow_bonus":"THREE_ENEMY_KILL","is_daily":false,"chose_seed":false,"campfire_upgraded":4,"win_rate":0.0,"timestamp":1607707539,"path_taken":["M","M","M","M","M","R","M","M","T","M","E","R","?","?","R","BOSS","M","$","?","$","?","E","M","M","T","R","?","E","R","M"],"items_purchased_type":["Card","Relic"],"build_version":"2020-11-30","purchased_purges":1,"victory":false,"max_hp_per_floor":[72,72,72,72,72,72,72,77,77,77,77,77,77,77,77,77,77,77,77,77,77,77,77,77,77,77,77,77,77,77,77,77],"card_choices":[{"not_picked":["SignatureMove","Prostrate","ClearTheMind"],"picked":"SKIP","floor":1},{"not_picked":["FlyingSleeves","PathToVictory","Fasting2"],"picked":"SKIP","floor":2},{"not_picked":["Evaluate","MentalFortress","Pray"],"picked":"SKIP","floor":3},{"not_picked":["Protect","ClearTheMind"],"picked":"JustLucky","floor":4},{"not_picked":["WheelKick","BowlingBash"],"picked":"Wallop","floor":5},{"not_picked":["Collect","CrushJoints"],"picked":"SandsOfTime","floor":7},{"not_picked":["LikeWater","CarveReality","FlyingSleeves"],"picked":"SKIP","floor":8},{"not_picked":["Halt","FlyingSleeves"],"picked":"ReachHeaven","floor":10},{"not_picked":["InnerPeace","EmptyMind","EmptyFist"],"picked":"SKIP","floor":11},{"not_picked":["Judgement","Ragnarok"],"picked":"LessonLearned","floor":16},{"not_picked":["Crescendo","Consecrate+1","EmptyBody+1"],"picked":"SKIP","floor":18},{"not_picked":["EmptyFist","Prostrate"],"picked":"WaveOfTheHand","floor":20},{"not_picked":["Fasting2","Swivel"],"picked":"Worship","floor":23},{"not_picked":["ClearTheMind","LikeWater+1"],"picked":"ThirdEye","floor":24},{"not_picked":["ForeignInfluence","EmptyBody"],"picked":"FearNoEvil+1","floor":25},{"not_picked":["WaveOfTheHand","FlyingSleeves","PathToVictory+1"],"picked":"SKIP","floor":29}],"player_experience":278099,"relics_obtained":[{"floor":9,"key":"Mummified Hand"},{"floor":11,"key":"MealTicket"},{"floor":13,"key":"Ornamental Fan"},{"floor":23,"key":"Torii"},{"floor":26,"key":"Peace Pipe"},{"floor":29,"key":"Damaru"}],"event_choices":[{"damage_healed":0,"gold_gain":30,"player_choice":"Searched \u00272\u0027 times","damage_taken":0,"max_hp_gain":0,"max_hp_loss":0,"event_name":"Dead Adventurer","floor":13,"gold_loss":0},{"damage_healed":0,"gold_gain":0,"cards_transformed":["Strike_P"],"player_choice":"Transformed","damage_taken":0,"max_hp_gain":0,"max_hp_loss":0,"event_name":"Transmorgrifier","floor":14,"gold_loss":0,"cards_obtained":["CrushJoints"]},{"damage_healed":0,"gold_gain":0,"player_choice":"Ignored","damage_taken":0,"max_hp_gain":0,"max_hp_loss":0,"event_name":"Ghosts","floor":22,"gold_loss":0},{"damage_healed":0,"gold_gain":0,"player_choice":"Upgraded","damage_taken":0,"max_hp_gain":0,"max_hp_loss":0,"event_name":"Upgrade Shrine","floor":28,"gold_loss":0,"cards_upgraded":["SandsOfTime"]}],"is_beta":false,"boss_relics":[{"not_picked":["Tiny House","Calling Bell"],"picked":"Cursed Key"}],"items_purged_floors":[19],"is_endless":false,"potions_floor_spawned":[1,5,8,10,16,18,20],"killed_by":"Snake Plant","ascension_level":0}}