{"host":"cyei475933pvpemq","time":1607718638,"event":{"mods":["Act Like it!","Aspiration","BaseMod","Better Third Choice","BetterRewards","Colored Map","Colored Powertips","Downfall","Energized Spire","Highlight Path","Hubris","Hyrulean Relics","Lobotomy","Mimic Mod","Minty Spire (QoL Compilation)","Replay The Spire","Spicy Shops","Spikes Relics","StSLib","Uncapped"],"gold_per_floor":[110,167,167,185,195,233,251,280,357,391,200,215,215,228,228,326,326,339,339,349,362,374,404,404,404,404,430,430,440,440,457,457,457,457],"floor_reached":33,"playtime":1735,"items_purged":["Doubt"],"score":349,"play_id":"a343e60a-f90b-43bd-a72b-1469095889eb","local_time":"20201211213038","is_ascension_mode":false,"campfire_choices":[{"data":"Perfected Strike","floor":13,"key":"SMITH"},{"floor":15,"key":"REST"},{"floor":24,"key":"REST"},{"floor":28,"key":"REST"},{"floor":30,"key":"RECALL"},{"floor":32,"key":"REST"}],"circlet_count":0,"master_deck":["Strike_R","Strike_R","Strike_R","Strike_R","Strike_R","Defend_R","Defend_R","Defend_R","Defend_R","Bash","Wild Strike","CarveReality","Cleave","Metallicize","Thunderclap","Intimidate","hubris:SharpeningStone","hubris:ReadiedAction","Flex","Cleave","Perfected Strike","Wild Strike","hubris:DuctTapeCard","Twin Strike+1","Pommel Strike","Cleave"],"relics":["Burning Blood","aspiration:Nostalgia","m_SnakeBloodCore","ReplayFunnel","hubris:OldNail","Replay:Ringing Soul","Shuriken","Ginger","Nloth\u0027s Gift","Prayer Wheel","hubris:DuctTape","Ice Cream"],"acts_visited":["Exordium","TheCity"],"potions_floor_usage":[10,16,23,23,23],"damage_taken":[{"damage":0,"enemies":"2 Louse","floor":1,"turns":3},{"damage":0,"enemies":"Small Slimes","floor":4,"turns":2},{"damage":3,"enemies":"Jaw Worm","floor":5,"turns":3},{"damage":1,"enemies":"3 Louse","floor":6,"turns":8},{"damage":0,"enemies":"3 Louse","floor":7,"turns":3},{"damage":10,"enemies":"Replay:BlueRogue","floor":8,"turns":7},{"damage":25,"enemies":"3 Sentries","floor":10,"turns":9},{"damage":10,"enemies":"Gremlin Gang","floor":12,"turns":4},{"damage":11,"enemies":"Large Slime","floor":14,"turns":5},{"damage":64,"enemies":"The Guardian","floor":16,"turns":13},{"damage":10,"enemies":"Spheric Guardian","floor":18,"turns":3},{"damage":7,"enemies":"Chosen","floor":20,"turns":4},{"damage":45,"enemies":"Shelled Parasite and Fungi","floor":21,"turns":6},{"damage":36,"enemies":"Centurion and Healer","floor":22,"turns":6},{"damage":40,"enemies":"Book of Stabbing","floor":23,"turns":5},{"damage":40,"enemies":"Slavers","floor":27,"turns":5},{"damage":22,"enemies":"Chosen and Byrds","floor":29,"turns":5},{"damage":14,"enemies":"Cultist and Chosen","floor":31,"turns":4},{"damage":109,"enemies":"Pondfish","floor":33,"turns":10}],"seed_played":"8531286184177330017","potions_obtained":[{"floor":1,"key":"LifebloodPotion"},{"floor":4,"key":"AttackPotion"},{"floor":5,"key":"sneckomod:MuddlingPotion"},{"floor":12,"key":"LiquidBronze"},{"floor":16,"key":"Strength Potion"},{"floor":20,"key":"Toxic Potion"}],"is_trial":false,"path_per_floor":["M","?","?","M","M","MIM","M","E","T","E","$","M","R","M","R","B",null,"M","?","M","M","M","E","R","?","T","E","R","M","R","M","R","B"],"character_chosen":"IRONCLAD","items_purchased":["Ginger"],"campfire_rested":4,"item_purchase_floors":[11],"current_hp_per_floor":[80,80,72,80,80,80,80,82,82,69,72,74,74,75,95,43,98,100,100,101,68,44,13,45,80,83,52,85,75,75,73,107,0,0],"gold":457,"neow_bonus":"NOSTALGIA","is_daily":false,"chose_seed":false,"campfire_upgraded":1,"win_rate":0.0,"timestamp":1607718638,"path_taken":["M","?","?","M","M","?","?","E","T","E","$","M","R","M","R","BOSS","M","?","M","?","M","E","R","?","T","E","R","M","R","M","R","BOSS"],"items_purchased_type":["Relic"],"build_version":"2020-11-30","purchased_purges":1,"victory":false,"max_hp_per_floor":[80,80,80,80,80,80,80,83,83,86,89,92,92,95,95,98,98,101,101,101,104,107,107,107,107,110,110,110,113,113,116,116,116,116],"card_choices":[{"not_picked":["Dual Wield","ReplayTheSpireMod:Corrosion Curse"],"picked":"Wild Strike","floor":1},{"not_picked":["Run Through","Warcry"],"picked":"Cleave","floor":4},{"not_picked":["Havoc","White Noise"],"picked":"Metallicize","floor":5},{"not_picked":["Dual Wield","Headbutt"],"picked":"Thunderclap","floor":6},{"not_picked":["ReplayTheSpireMod:LeadingStrike","Absolvement"],"picked":"Intimidate","floor":7},{"not_picked":["Evolve","Burning Pact"],"picked":"hubris:SharpeningStone","floor":8},{"not_picked":["Rampage","Intimidate"],"picked":"hubris:ReadiedAction","floor":10},{"not_picked":["Defy Death","Sentinel"],"picked":"Perfected Strike","floor":12},{"not_picked":["hubris:ReadiedAction","ReplayTheSpireMod:Strike From Hell"],"picked":"Flex","floor":14},{"not_picked":["hubris:StunningStrike","Immolate"],"picked":"Adrenaline","floor":16},{"not_picked":["Battle Trance+1","Feel No Pain"],"picked":"Cleave","floor":18},{"not_picked":["Replay:Undeath\u0027s Touch","Burning Pact","Clash+1"],"picked":"SKIP","floor":20},{"not_picked":["Burning Pact","Clothesline"],"picked":"Perfected Strike","floor":21},{"not_picked":["Body Slam+1","Run Through"],"picked":"Wild Strike","floor":22},{"not_picked":["Bloodletting","Pummel","ReplayTheSpireMod:Strike From Hell"],"picked":"SKIP","floor":23},{"not_picked":["Body Slam","Carnage","Corruption"],"picked":"SKIP","floor":27},{"not_picked":["Flex","Sentinel"],"picked":"Twin Strike+1","floor":29},{"not_picked":["Replay:Undeath\u0027s Touch","Carnage","Bloodletting+1"],"picked":"SKIP","floor":29},{"not_picked":["ReplayTheSpireMod:Limb From Limb","Warcry"],"picked":"Pommel Strike","floor":31},{"not_picked":["ReplayTheSpireMod:LeadingStrike+1","Uppercut+1"],"picked":"Cleave","floor":31}],"player_experience":297961,"relics_obtained":[{"floor":6,"key":"hubris:OldNail"},{"floor":8,"key":"Replay:Ringing Soul"},{"floor":10,"key":"Shuriken"},{"floor":23,"key":"Prayer Wheel"},{"floor":26,"key":"hubris:DuctTape"},{"floor":27,"key":"Ice Cream"}],"event_choices":[{"damage_healed":0,"gold_gain":57,"player_choice":"Gained Gold","damage_taken":0,"max_hp_gain":0,"max_hp_loss":0,"event_name":"Golden Wing","floor":2,"gold_loss":0},{"damage_healed":0,"gold_gain":0,"player_choice":"Traded Relic","damage_taken":0,"relics_obtained":["Nloth\u0027s Gift"],"max_hp_gain":0,"max_hp_loss":0,"event_name":"N\u0027loth","floor":19,"relics_lost":["Velvet Choker"],"gold_loss":0},{"damage_healed":35,"gold_gain":0,"player_choice":"Heal","damage_taken":0,"max_hp_gain":0,"max_hp_loss":0,"event_name":"The Library","floor":25,"gold_loss":0}],"is_beta":false,"boss_relics":[{"not_picked":["hubris:VirtuousBlindfold","hubris:Stopwatch"],"picked":"Velvet Choker"}],"items_purged_floors":[11],"is_endless":false,"potions_floor_spawned":[1,4,5,12,16,20,22],"killed_by":"Pondfish","ascension_level":0}}