{"host":"x0g9zc8ypjv50zb0","time":1607703738,"event":{"mods":["BaseMod","Better Third Choice","Downfall","KomeijiMod","Minty Spire (QoL Compilation)","Replay The Spire","Shop Mod","Spicy Shops","StSLib","The Bug Knight","The Cursed","The Servant 0.9.4","WarShipGirlsR/战舰少女R mod","[IsaacMod]以撒尖塔","【遗物卡牌】REMEMod"],"gold_per_floor":[111,111,127,52,72,106,116,116,142,142,171,186,215,230,230,335,335,347,347,358,358,376,376,394,407,482,497,513,153,153,28,28,123,123,137,187,187,203,303,303,318,337,417,431,431,15,28,40,40,40,40,40,0,25,25],"floor_reached":56,"playtime":4732,"items_purged":["SemiAutomaton","HollowMod:MothsMistake","HollowMod:MawleksShell+1"],"score":1200,"play_id":"55da088e-708a-475d-8685-828fe1e42675","local_time":"20201212002218","is_ascension_mode":false,"campfire_choices":[{"data":"HollowMod:SlysStrikes","floor":10.0,"key":"SMITH"},{"data":"HollowMod:MawleksShell","floor":15.0,"key":"SMITH"},{"floor":23.0,"key":"REST"},{"data":"REME_Flogging","floor":32.0,"key":"SMITH"},{"data":"HollowMod:SlysStrikes","floor":40.0,"key":"SMITH"},{"data":"HollowMod:MidwifesHunger","floor":45.0,"key":"SMITH"},{"floor":49.0,"key":"RECALL"},{"data":"EpicFetus","floor":52,"key":"SMITH"}],"circlet_count":0,"master_deck":["HollowMod:NailStrikeStart","HollowMod:NailStrikeStart","HollowMod:NailStrikeStart","HollowMod:NailStrikeStart","HollowMod:QuickDashStart","HollowMod:QuickDashStart","HollowMod:QuickDashStart","HollowMod:PogoStrike","EpicFetus+1","HollowMod:SlysStrikes+1","HollowMod:RecoilStrike","HollowMod:FastStrike","HollowMod:SoulEater","HollowMod:HuntersJournal","HollowMod:SoulMaster","HollowMod:CrystalDash","HollowMod:SoulSplash","HollowMod:CloakDash","HollowMod:MidwifesHunger+1","REME_Flogging+1","expansioncontent:DefensiveStance","HollowMod:PureNailStrike","Necronomicurse","HollowMod:SlysStrikes+1","HollowMod:MantisMark","HollowMod:NewLittleFool","HollowMod:SoulVessel","HollowMod:SoulShaman+1","HollowMod:LifebloodCocoon+1","HollowMod:DesolateDive","HollowMod:QuirrelsAssistance","expansioncontent:Collect","HollowMod:theNailsmith+1","HollowMod:SiblingsSouls+1","HollowMod:SlysStrikes+1","HollowMod:PerfectDash+1","HollowMod:theNailsmith+1","DoctorFetus"],"relics":["HollowMod:VesselMask","HushsDoor","REME_ComplimentaryCards","GuppysHead","ThirstyCross","Centennial Puzzle","Blood Vial","Pantograph","MagicMushroom","GuppysTail","Necronomicon","Toxic Egg 2","BargainBundle","Vajra","MaYiHuaBei","Sozu","Ice Cream","Mirror","Lantern","Bronze Scales","Happy Flower","Gremlin Food"],"acts_visited":["Exordium","TheCity","TheBeyond","TheEnding"],"potions_floor_usage":[55,55],"damage_taken":[{"damage":6.0,"enemies":"Jaw Worm","floor":1.0,"turns":4.0},{"damage":5.0,"enemies":"Small Slimes","floor":3.0,"turns":2.0},{"damage":5.0,"enemies":"2 Louse","floor":5.0,"turns":3.0},{"damage":0.0,"enemies":"Gremlin Nob","floor":6.0,"turns":2.0},{"damage":7.0,"enemies":"Gremlin Gang","floor":7.0,"turns":3.0},{"damage":6.0,"enemies":"HollowMod:MossKnight","floor":11.0,"turns":5.0},{"damage":11.0,"enemies":"3 Louse","floor":12.0,"turns":2.0},{"damage":13.0,"enemies":"Lagavulin","floor":13.0,"turns":4.0},{"damage":0.0,"enemies":"2 Fungi Beasts","floor":14.0,"turns":3.0},{"damage":27.0,"enemies":"Hexaghost","floor":16.0,"turns":6.0},{"damage":10.0,"enemies":"2 Thieves","floor":18.0,"turns":2.0},{"damage":7.0,"enemies":"Chosen","floor":20.0,"turns":3.0},{"damage":24.0,"enemies":"3 Cultists","floor":22.0,"turns":5.0},{"damage":13.0,"enemies":"Shelled Parasite and Fungi","floor":24.0,"turns":4.0},{"damage":0.0,"enemies":"Snecko","floor":25.0,"turns":3.0},{"damage":0.0,"enemies":"Snake Plant","floor":27.0,"turns":4.0},{"damage":0.0,"enemies":"Centurion and Healer","floor":28.0,"turns":2.0},{"damage":31.0,"enemies":"Collector","floor":33.0,"turns":5.0},{"damage":0.0,"enemies":"3 Shapes","floor":35.0,"turns":3.0},{"damage":0.0,"enemies":"Mind Bloom Boss Battle","floor":36.0,"turns":2.0},{"damage":6.0,"enemies":"3 Darklings","floor":38.0,"turns":5.0},{"damage":5.0,"enemies":"Maw","floor":41.0,"turns":3.0},{"damage":5.0,"enemies":"4 Shapes","floor":42.0,"turns":4.0},{"damage":14.0,"enemies":"Spire Growth","floor":44.0,"turns":4.0},{"damage":0.0,"enemies":"Maw","floor":47.0,"turns":4.0},{"damage":5.0,"enemies":"Sphere and 2 Shapes","floor":48.0,"turns":4.0},{"damage":52,"enemies":"Awakened One","floor":50,"turns":7},{"damage":4,"enemies":"Shield and Spear","floor":54,"turns":5},{"damage":50,"enemies":"The Heart","floor":55,"turns":6}],"seed_played":"1640975267086493429","potions_obtained":[{"floor":1.0,"key":"Fire Potion"},{"floor":5.0,"key":"Regen Potion"},{"floor":6.0,"key":"Block Potion"},{"floor":12.0,"key":"Swift Potion"},{"floor":13.0,"key":"SkillPotion"},{"floor":14.0,"key":"GamblersBrew"},{"floor":18.0,"key":"SpeedPotion"},{"floor":22.0,"key":"EssenceOfSteel"},{"floor":25.0,"key":"Cursed Concoction"}],"is_trial":false,"path_per_floor":["M","?","M","$","M","E","M","?","T","R","E","M","E","M","R","B",null,"M","?","M","?","M","R","M","M","T","M","M","$","T","$","R","B",null,"M","?","?","M","?","R","M","M","T","M","R","$","M","M","R","B",null,"R","$","E","B",null],"character_chosen":"THE_BUGKNIGHT","items_purchased":["GuppysTail","REME_Flogging","expansioncontent:DefensiveStance","BargainBundle","HollowMod:SoulShaman+1","HollowMod:LifebloodCocoon+1","HollowMod:DesolateDive","HollowMod:QuirrelsAssistance","expansioncontent:Collect","Vajra","SteroidPotion","ExcitationPotion","Adrenaline Potion","Lantern","DoctorFetus","Bronze Scales","Happy Flower"],"campfire_rested":1,"item_purchase_floors":[17,17,17,29,29,29,29,29,29,29,29,29,29,46,46,46,53],"current_hp_per_floor":[48,48,43,43,38,43,36,36,36,36,30,21,10,12,12,12,65,55,39,35,35,14,33,23,26,26,29,32,32,32,32,32,29,65,65,65,65,59,59,59,57,55,55,44,44,44,47,45,45,13,65,65,65,62,19],"gold":25,"neow_bonus":"TRANSFORM_TWO_CARDS","is_daily":false,"chose_seed":false,"campfire_upgraded":6,"win_rate":0.0,"timestamp":1607703738,"path_taken":["M","?","M","$","M","E","M","?","T","R","E","M","E","M","R","BOSS","M","?","M","?","M","R","M","M","T","M","M","?","?","$","R","BOSS","M","?","?","?","?","R","M","M","T","M","R","$","M","M","R","BOSS","R","$","E","BOSS"],"items_purchased_type":["Relic","Card","Card","Relic","Undefined","Undefined","Card","Card","Card","Relic","Potion","Potion","Potion","Relic","Card","Relic","Relic"],"build_version":"2020-11-30","purchased_purges":3,"victory":true,"max_hp_per_floor":[75,75,75,75,75,75,75,75,75,75,75,75,75,75,75,75,65,65,65,65,65,65,65,65,65,65,65,65,65,65,65,65,65,65,65,65,65,65,65,65,65,65,65,65,65,65,65,65,65,65,65,65,65,65,65],"card_choices":[{"not_picked":[],"picked":"EpicFetus","floor":0.0},{"not_picked":["HollowMod:GoodIntentions","HollowMod:ShadowDash"],"picked":"HollowMod:FastStrike","floor":1.0},{"not_picked":["HollowMod:ShadowDash","HollowMod:VengefulVoid"],"picked":"HollowMod:MothsMistake","floor":3.0},{"not_picked":["HollowMod:RecoilStrike","HollowMod:TaintedHusks"],"picked":"HollowMod:SoulEater","floor":5.0},{"not_picked":["HollowMod:SharpenedNail","HollowMod:WraithStrike"],"picked":"HollowMod:HuntersJournal","floor":6.0},{"not_picked":["HollowMod:SiblingsSouls","HollowMod:BrokenVessel"],"picked":"HollowMod:SoulMaster","floor":7.0},{"not_picked":["HollowMod:InfectedAttack","HollowMod:SoulEater"],"picked":"HollowMod:CrystalDash","floor":11.0},{"not_picked":["HollowMod:ChannelNail","HollowMod:InfectedCysts"],"picked":"HollowMod:SoulSplash","floor":12.0},{"not_picked":["HollowMod:GrimmsGift","HollowMod:CrystalDash"],"picked":"HollowMod:CloakDash","floor":13.0},{"not_picked":["HollowMod:CycloneSlash","HollowMod:DungDefenderAura"],"picked":"HollowMod:MawleksShell","floor":14.0},{"not_picked":["HollowMod:LifebloodCore","HollowMod:SoulMaster"],"picked":"HollowMod:MidwifesHunger","floor":16.0},{"not_picked":["HollowMod:SiblingsSouls","HollowMod:CycloneSlash"],"picked":"HollowMod:PureNailStrike","floor":18.0},{"not_picked":["HollowMod:TaintedHusks","HollowMod:DashSlash","HollowMod:HeavyBlow"],"picked":"SKIP","floor":20.0},{"not_picked":["HollowMod:SiblingsShadow+1","HollowMod:SoulStrike+1","HollowMod:ShapeofUnn"],"picked":"SKIP","floor":22.0},{"not_picked":["HollowMod:SiblingsSouls","HollowMod:DreamGate"],"picked":"HollowMod:MantisMark","floor":24.0},{"not_picked":["HollowMod:DreamGate","HollowMod:Grubsong"],"picked":"HollowMod:NewLittleFool","floor":25.0},{"not_picked":["HollowMod:HeavyBlow","HollowMod:SoulMaster","HollowMod:InfectedAttack"],"picked":"SKIP","floor":27.0},{"not_picked":["HollowMod:CycloneSlash","HollowMod:SharpenedShadows"],"picked":"HollowMod:SoulVessel","floor":28.0},{"not_picked":["HollowMod:NewInfectedGuardian+1","HollowMod:SoulMaster"],"picked":"HollowMod:theNailsmith+1","floor":33.0},{"not_picked":["HollowMod:Grubsong+1","HollowMod:SoulVessel+1"],"picked":"HollowMod:SiblingsSouls+1","floor":35.0},{"not_picked":[],"picked":"HollowMod:SlysStrikes","floor":37.0},{"not_picked":["HollowMod:SoulShaman+1","HollowMod:SiblingsSouls+1"],"picked":"HollowMod:PerfectDash+1","floor":38.0},{"not_picked":["HollowMod:HowlingWraiths","HollowMod:BlackTendrils","HollowMod:LuriensSpire+1"],"picked":"SKIP","floor":41.0},{"not_picked":["HollowMod:HowlingWraiths","HollowMod:PerfectDash+1"],"picked":"HollowMod:theNailsmith+1","floor":42.0},{"not_picked":["HollowMod:SoulSplash+1","HollowMod:CycloneSlash","HollowMod:BaldurShell"],"picked":"SKIP","floor":44.0},{"not_picked":["HollowMod:ChannelNail+1","HollowMod:SoulVessel","HollowMod:SharpenedShadows"],"picked":"SKIP","floor":47.0},{"not_picked":["HollowMod:ShadowDash+1","HollowMod:HeavyBlow+1","HollowMod:HowlingWraiths+1"],"picked":"SKIP","floor":48.0},{"not_picked":["HollowMod:SoulVessel+1","HollowMod:theNailsmith+1","HollowMod:ChannelNail+1"],"picked":"SKIP","floor":54}],"player_experience":137851,"relics_obtained":[{"floor":6.0,"key":"Centennial Puzzle"},{"floor":11.0,"key":"Blood Vial"},{"floor":13.0,"key":"Pantograph"},{"floor":19.0,"key":"Necronomicon"},{"floor":26.0,"key":"Toxic Egg 2"},{"floor":30.0,"key":"MaYiHuaBei"},{"floor":36.0,"key":"Ice Cream"},{"floor":43.0,"key":"Mirror"},{"floor":54,"key":"Gremlin Food"}],"event_choices":[{"damage_healed":0.0,"max_hp_gain":0.0,"max_hp_loss":0.0,"gold_gain":0.0,"event_name":"Cursed Tome","player_choice":"Obtained Book","floor":19.0,"gold_loss":0.0,"damage_taken":16.0},{"damage_healed":0.0,"max_hp_gain":0.0,"max_hp_loss":0.0,"gold_gain":0.0,"event_name":"Duplicator","player_choice":"Copied","floor":21.0,"gold_loss":0.0,"damage_taken":0.0,"cards_obtained":["HollowMod:SlysStrikes"]},{"damage_healed":0.0,"max_hp_gain":0.0,"max_hp_loss":0.0,"gold_gain":0.0,"event_name":"MindBloom","player_choice":"Fight","floor":36.0,"gold_loss":0.0,"damage_taken":0.0}],"is_beta":false,"boss_relics":[{"not_picked":["Empty Cage","Coffee Dripper"],"picked":"MagicMushroom"},{"not_picked":[]},{"not_picked":["HollowMod:VoidIdolRelic","Runic Dome"],"picked":"Sozu"},{"not_picked":[]}],"items_purged_floors":[4,29,31],"is_endless":false,"potions_floor_spawned":[1,5,6,12,13,14,18,22,25,41,44,48],"ascension_level":0}}