{"host":"3ek78t4i81ecmdy1","time":1607663173,"event":{"mods":["2.2 Compatiblity","AchievementEnabler","BaseMod","Colored Map","DeckTracker","Filter the Spire","Keyboard Shortcuts","Minty Spire (QoL Compilation)","Permanent Neow","Quick Restart","SuperFastMode","everything is the same but u backflip on backflip"],"gold_per_floor":[117,117,117,134,153,153,174,200,200,200,218,218,65,65,65,185,185,203,118,118,143,143,143,174,274,322,357,55,55,55,55,55,154,154,166,166,15,15,15,15,35,46,96,106,25,77,77,77,77,77,77],"floor_reached":50,"playtime":1866,"items_purged":[],"score":649,"play_id":"8aab6d03-4cf6-4024-b75d-ed283253deb1","local_time":"20201211140613","is_ascension_mode":true,"campfire_choices":[{"data":"Setup","floor":6,"key":"SMITH"},{"data":"Adrenaline","floor":15,"key":"SMITH"},{"data":"Terror","floor":23,"key":"SMITH"},{"data":"Neutralize","floor":29,"key":"SMITH"},{"data":"Neutralize","floor":32,"key":"SMITH"},{"floor":40,"key":"RECALL"},{"data":"Catalyst","floor":47,"key":"SMITH"},{"data":"Concentrate","floor":49,"key":"SMITH"}],"circlet_count":0,"master_deck":["Survivor","Neutralize+1","Corpse Explosion","Acrobatics","Adrenaline+1","Expertise","Catalyst+1","Dodge and Roll","Backstab","Setup+1","Bane","Poisoned Stab","Concentrate+1","Deflect","Slice","Blade Dance","Neutralize+1","Terror+1","Slice","Adrenaline+1","Underhanded Strike","Night Terror+1","PiercingWail+1","Blade Dance+1","Tactician+1","Tactician+1"],"relics":["Pandora\u0027s Box","Odd Mushroom","Juzu Bracelet","Kunai","Bloody Idol","Oddly Smooth Stone","Busted Crown","Letter Opener","WingedGreaves","Nunchaku","Ginger","MutagenicStrength","Coffee Dripper","Bag of Marbles","Toxic Egg 2","Singing Bowl","Potion Belt","CaptainsWheel"],"acts_visited":["Exordium","TheCity","TheBeyond"],"potions_floor_usage":[5,16,16,27,33,46,50],"damage_taken":[{"damage":12,"enemies":"Jaw Worm","floor":1,"turns":4},{"damage":0,"enemies":"Small Slimes","floor":4,"turns":3},{"damage":0,"enemies":"Cultist","floor":5,"turns":4},{"damage":19,"enemies":"The Mushroom Lair","floor":7,"turns":4},{"damage":11,"enemies":"Lagavulin","floor":8,"turns":5},{"damage":0,"enemies":"Large Slime","floor":11,"turns":4},{"damage":35,"enemies":"The Guardian","floor":16,"turns":9},{"damage":10,"enemies":"3 Byrds","floor":18,"turns":3},{"damage":0,"enemies":"Spheric Guardian","floor":21,"turns":3},{"damage":18,"enemies":"Gremlin Leader","floor":24,"turns":5},{"damage":7,"enemies":"Book of Stabbing","floor":27,"turns":3},{"damage":0,"enemies":"Automaton","floor":33,"turns":5},{"damage":0,"enemies":"Orb Walker","floor":35,"turns":2},{"damage":16,"enemies":"3 Darklings","floor":41,"turns":3},{"damage":9,"enemies":"Jaw Worm Horde","floor":42,"turns":4},{"damage":3,"enemies":"Transient","floor":44,"turns":5},{"damage":11,"enemies":"2 Orb Walkers","floor":46,"turns":3},{"damage":84,"enemies":"Time Eater","floor":50,"turns":8}],"seed_played":"-4744263168619674999","potions_obtained":[{"floor":1,"key":"Swift Potion"},{"floor":4,"key":"Regen Potion"},{"floor":8,"key":"LiquidMemories"},{"floor":16,"key":"GamblersBrew"},{"floor":21,"key":"Dexterity Potion"},{"floor":24,"key":"GamblersBrew"},{"floor":27,"key":"GhostInAJar"},{"floor":41,"key":"Fire Potion"}],"is_trial":false,"path_per_floor":["M","?","?","M","M","R","?","E","T","?","M","?","$","?","R","B",null,"M","?","?","M","?","R","E","?","T","E","$","R","?","?","R","B",null,"M","?","$","?","T","R","M","M","T","M","$","?","R","?","R","B"],"character_chosen":"THE_SILENT","items_purchased":["Oddly Smooth Stone","Ginger","Bag of Marbles","Tactician+1"],"campfire_rested":0,"item_purchase_floors":[13,28,37,45],"current_hp_per_floor":[58,63,63,63,72,72,53,42,42,42,42,24,24,85,85,50,85,75,75,75,75,75,75,57,57,57,50,50,50,50,50,50,55,85,85,85,85,85,85,85,74,72,77,79,79,73,73,73,73,0,0],"gold":77,"neow_bonus":"BOSS_RELIC","is_daily":false,"chose_seed":false,"campfire_upgraded":7,"win_rate":0.0,"timestamp":1607663173,"path_taken":["M","?","?","M","M","R","?","E","T","?","M","?","$","?","R","BOSS","M","?","?","M","?","R","E","?","T","E","?","R","?","?","R","BOSS","M","?","?","?","?","R","M","M","T","M","?","?","R","?","R","BOSS"],"items_purchased_type":["Relic","Relic","Relic","Undefined"],"build_version":"2020-11-30","purchased_purges":0,"victory":false,"max_hp_per_floor":[70,75,75,75,75,75,75,75,75,75,75,75,75,85,85,85,85,85,85,85,85,85,85,85,85,85,85,85,85,85,85,85,85,85,85,85,85,85,85,85,85,87,87,87,87,87,87,87,87,87,87],"card_choices":[{"not_picked":["Noxious Fumes","Backflip"],"picked":"Bane","floor":1},{"not_picked":["Underhanded Strike","Flechettes"],"picked":"Poisoned Stab","floor":4},{"not_picked":["Escape Plan","Slice"],"picked":"Concentrate","floor":5},{"not_picked":["Riddle With Holes","Bullet Time"],"picked":"Deflect","floor":7},{"not_picked":["Skewer","Accuracy"],"picked":"Slice","floor":8},{"not_picked":["Flying Knee","Setup"],"picked":"Slice","floor":11},{"not_picked":["A Thousand Cuts","Night Terror"],"picked":"Adrenaline","floor":16},{"not_picked":["Deflect"],"picked":"SKIP","floor":18},{"not_picked":["Prepared"],"picked":"SKIP","floor":21},{"not_picked":["Deflect"],"picked":"SKIP","floor":24},{"not_picked":["Dagger Throw"],"picked":"SKIP","floor":27},{"not_picked":["Outmaneuver"],"picked":"SKIP","floor":35},{"not_picked":[],"picked":"PiercingWail+1","floor":41},{"not_picked":["Flechettes"],"picked":"Singing Bowl","floor":42},{"not_picked":[],"picked":"Blade Dance+1","floor":44},{"not_picked":[],"picked":"Tactician+1","floor":46}],"player_experience":138691,"relics_obtained":[{"floor":7,"key":"Odd Mushroom"},{"floor":8,"key":"Juzu Bracelet"},{"floor":9,"key":"Kunai"},{"floor":24,"key":"WingedGreaves"},{"floor":27,"key":"Nunchaku"},{"floor":39,"key":"Singing Bowl"},{"floor":43,"key":"Potion Belt"},{"floor":46,"key":"CaptainsWheel"}],"event_choices":[{"damage_healed":0,"gold_gain":0,"player_choice":"Donut","damage_taken":0,"max_hp_gain":5,"max_hp_loss":0,"event_name":"Big Fish","floor":2,"gold_loss":0},{"damage_healed":0,"gold_gain":0,"player_choice":"Ignored","damage_taken":0,"max_hp_gain":0,"max_hp_loss":0,"event_name":"Liars Game","floor":3,"gold_loss":0},{"damage_healed":0,"gold_gain":0,"player_choice":"Fought Mushrooms","damage_taken":0,"max_hp_gain":0,"max_hp_loss":0,"event_name":"Mushrooms","floor":7,"gold_loss":0},{"damage_healed":0,"gold_gain":0,"player_choice":"3 cards matched","damage_taken":0,"max_hp_gain":0,"max_hp_loss":0,"event_name":"Match and Keep!","floor":10,"gold_loss":0,"cards_obtained":["Blade Dance","Neutralize","Terror"]},{"damage_healed":0,"gold_gain":0,"player_choice":"Take Damage","damage_taken":18,"relics_obtained":["Golden Idol"],"max_hp_gain":0,"max_hp_loss":0,"event_name":"Golden Idol","floor":12,"gold_loss":0},{"cards_removed":["Bullet Time"],"damage_healed":51,"gold_gain":0,"player_choice":"Offered Rare","damage_taken":0,"max_hp_gain":10,"max_hp_loss":0,"event_name":"Bonfire Elementals","floor":14,"gold_loss":0},{"damage_healed":0,"gold_gain":0,"player_choice":"Obtained Relic","damage_taken":0,"relics_obtained":["Letter Opener"],"max_hp_gain":0,"max_hp_loss":0,"event_name":"Addict","floor":19,"gold_loss":85},{"damage_healed":0,"gold_gain":0,"player_choice":"Upgraded","damage_taken":0,"max_hp_gain":0,"max_hp_loss":0,"event_name":"Upgrade Shrine","floor":20,"gold_loss":0,"cards_upgraded":["Adrenaline"]},{"damage_healed":0,"gold_gain":0,"player_choice":"Read","damage_taken":0,"max_hp_gain":0,"max_hp_loss":0,"event_name":"The Library","floor":22,"gold_loss":0,"cards_obtained":["Underhanded Strike"]},{"damage_healed":0,"gold_gain":100,"player_choice":"Pray","damage_taken":0,"max_hp_gain":0,"max_hp_loss":0,"event_name":"Golden Shrine","floor":25,"gold_loss":0},{"damage_healed":0,"gold_gain":0,"player_choice":"Inject Mutagens","damage_taken":0,"relics_obtained":["MutagenicStrength"],"max_hp_gain":0,"max_hp_loss":0,"event_name":"Drug Dealer","floor":30,"gold_loss":0},{"damage_healed":0,"gold_gain":0,"player_choice":"Gave Idol","damage_taken":0,"relics_obtained":["Bloody Idol"],"max_hp_gain":0,"max_hp_loss":0,"event_name":"Forgotten Altar","floor":31,"relics_lost":["Golden Idol"],"gold_loss":0},{"damage_healed":0,"gold_gain":0,"cards_transformed":["Expertise"],"player_choice":"Transformed","damage_taken":0,"max_hp_gain":0,"max_hp_loss":0,"event_name":"Transmorgrifier","floor":36,"gold_loss":0,"cards_obtained":["Night Terror"]},{"damage_healed":0,"gold_gain":0,"player_choice":"Gave Potion","damage_taken":0,"relics_obtained":["Toxic Egg 2"],"max_hp_gain":0,"max_hp_loss":0,"event_name":"WeMeetAgain","floor":38,"gold_loss":0},{"damage_healed":0,"gold_gain":0,"player_choice":"Fight","damage_taken":0,"max_hp_gain":0,"max_hp_loss":0,"event_name":"Mysterious Sphere","floor":46,"gold_loss":0},{"damage_healed":0,"gold_gain":0,"player_choice":"Upgraded","damage_taken":0,"max_hp_gain":0,"max_hp_loss":0,"event_name":"Upgrade Shrine","floor":48,"gold_loss":0,"cards_upgraded":["Night Terror"]}],"is_beta":false,"boss_relics":[{"not_picked":["Snecko Eye","Velvet Choker"],"picked":"Busted Crown"},{"not_picked":["Fusion Hammer","Empty Cage"],"picked":"Coffee Dripper"}],"items_purged_floors":[],"is_endless":false,"potions_floor_spawned":[1,4,8,16,21,24,27,41],"killed_by":"Time Eater","ascension_level":1}}