{"host":"sabve5zmqufxyc5o","time":1607674395,"event":{"mods":["2.2 Compatiblity","AchievementEnabler","Act Like it!","BaseMod","Block Reminder","Colored Map","Colored Powertips","DeckTracker","KOR Keyword Fix","Keyboard Shortcuts","Minty Spire (QoL Compilation)","Quick Restart","Rare Cards Sparkle","Relic Stats","StSLib","SuperFastMode"],"gold_per_floor":[215,88,88,111,111,111,135,159,185,199,213,58,102,121,121,214,214,233,233,233,57,76,76,76,76],"floor_reached":24,"playtime":375,"items_purged":["Strike_B","Strike_B","Strike_B"],"score":376,"play_id":"ce2af575-0ac1-4c9c-89cf-323331f97b2d","local_time":"20201211171315","is_ascension_mode":true,"campfire_choices":[{"data":"Zap","floor":6.0,"key":"SMITH"},{"data":"Dualcast","floor":15.0,"key":"SMITH"},{"data":"Turbo","floor":23.0,"key":"SMITH"}],"circlet_count":0,"master_deck":["AscendersBane","Defend_B","Defend_B","Defend_B","Defend_B","Zap+1","Dualcast+1","BootSequence","Gash","Self Repair","Compile Driver","Core Surge","Rebound","Gash","Go for the Eyes","Cold Snap","All For One","Turbo+1","Cold Snap"],"relics":["Cracked Core","Golden Idol","Toy Ornithopter","Potion Belt","Runic Pyramid"],"acts_visited":["Exordium","TheCity"],"potions_floor_usage":[],"damage_taken":[{"damage":2.0,"enemies":"Cultist","floor":1.0,"turns":4.0},{"damage":0.0,"enemies":"2 Louse","floor":4.0,"turns":3.0},{"damage":2.0,"enemies":"Jaw Worm","floor":7.0,"turns":4.0},{"damage":11.0,"enemies":"2 Fungi Beasts","floor":8.0,"turns":3.0},{"damage":4.0,"enemies":"Red Slaver","floor":10.0,"turns":3.0},{"damage":0.0,"enemies":"3 Louse","floor":11.0,"turns":3.0},{"damage":25.0,"enemies":"3 Sentries","floor":13.0,"turns":7.0},{"damage":3.0,"enemies":"Looter","floor":14.0,"turns":3.0},{"damage":11.0,"enemies":"Slime Boss","floor":16.0,"turns":11.0},{"damage":0.0,"enemies":"Chosen","floor":18.0,"turns":3.0},{"damage":21.0,"enemies":"Shell Parasite","floor":22.0,"turns":5.0},{"damage":44,"enemies":"Book of Stabbing","floor":24,"turns":5}],"seed_played":"6277637528840686797","potions_obtained":[{"floor":1.0,"key":"BlessingOfTheForge"},{"floor":7.0,"key":"SpeedPotion"},{"floor":11.0,"key":"Explosive Potion"},{"floor":13.0,"key":"Strength Potion"},{"floor":22.0,"key":"SteroidPotion"}],"is_trial":false,"path_per_floor":["M","$","?","M","?","R","M","M","T","M","M","$","E","M","R","B",null,"M","?","?","$","M","R","E"],"character_chosen":"DEFECT","items_purchased":["Gash","Gash","Turbo"],"campfire_rested":0,"item_purchase_floors":[2,12,21],"current_hp_per_floor":[62,62,62,62,67,67,69,65,65,68,69,69,51,55,55,61,67,67,67,67,67,53,53,9,9],"gold":76,"neow_bonus":"HUNDRED_GOLD","is_daily":false,"chose_seed":false,"campfire_upgraded":3,"win_rate":0.0,"timestamp":1607674395,"path_taken":["M","$","?","M","?","R","M","M","T","M","M","$","E","M","R","BOSS","M","?","?","$","M","R","E"],"items_purchased_type":["Card","Card","Card"],"build_version":"2020-11-30","purchased_purges":3,"victory":false,"max_hp_per_floor":[71,71,64,64,69,69,69,69,69,69,69,69,69,69,69,69,69,69,69,69,69,69,69,69,69],"relic_stats":{"counters":[12,54],"Golden Idol":61,"obtain_stats":[{"Potion Belt":13,"Golden Idol":3,"Cracked Core":0,"Toy Ornithopter":9,"Runic Pyramid":17},{"Potion Belt":7,"Golden Idol":1,"Cracked Core":0,"Toy Ornithopter":4,"Runic Pyramid":9},{"Potion Belt":27,"Golden Idol":4,"Cracked Core":0,"Toy Ornithopter":14,"Runic Pyramid":41}],"Toy Ornithopter":10},"card_choices":[{"not_picked":["Gash","Aggregate"],"picked":"BootSequence","floor":1.0},{"not_picked":["Auto Shields","Static Discharge"],"picked":"Self Repair","floor":4.0},{"not_picked":["Rebound","Sweeping Beam"],"picked":"Compile Driver","floor":7.0},{"not_picked":["Streamline","Cold Snap"],"picked":"Core Surge","floor":8.0},{"not_picked":["Leap","Streamline","Static Discharge"],"picked":"SKIP","floor":10.0},{"not_picked":["Stack","Barrage"],"picked":"Rebound","floor":11.0},{"not_picked":["Compile Driver","Leap"],"picked":"Go for the Eyes","floor":13.0},{"not_picked":["Go for the Eyes","Barrage"],"picked":"Cold Snap","floor":14.0},{"not_picked":["Machine Learning","Core Surge"],"picked":"All For One","floor":16.0},{"not_picked":["Leap","Rebound","Consume"],"picked":"SKIP","floor":18.0},{"not_picked":["Doom and Gloom","Leap"],"picked":"Cold Snap","floor":22.0}],"player_experience":756897,"relics_obtained":[{"floor":9.0,"key":"Toy Ornithopter"},{"floor":13.0,"key":"Potion Belt"}],"event_choices":[{"damage_healed":0.0,"max_hp_gain":0.0,"max_hp_loss":7.0,"gold_gain":0.0,"event_name":"Golden Idol","player_choice":"Lose Max HP","floor":3.0,"gold_loss":0.0,"damage_taken":0.0,"relics_obtained":["Golden Idol"]},{"damage_healed":0.0,"max_hp_gain":5.0,"max_hp_loss":0.0,"gold_gain":0.0,"event_name":"Big Fish","player_choice":"Donut","floor":5.0,"gold_loss":0.0,"damage_taken":0.0},{"damage_healed":0.0,"max_hp_gain":0.0,"max_hp_loss":0.0,"gold_gain":0.0,"event_name":"Cursed Tome","player_choice":"Ignored","floor":19.0,"gold_loss":0.0,"damage_taken":0.0},{"cards_removed":["Strike_B"],"damage_healed":0.0,"max_hp_gain":0.0,"max_hp_loss":0.0,"gold_gain":0.0,"event_name":"Back to Basics","player_choice":"Elegance","floor":20.0,"gold_loss":0.0,"damage_taken":0.0}],"is_beta":false,"boss_relics":[{"not_picked":["Velvet Choker","Nuclear Battery"],"picked":"Runic Pyramid"}],"items_purged_floors":[2,12,21],"is_endless":false,"potions_floor_spawned":[1,7,11,13,22],"killed_by":"Book of Stabbing","ascension_level":18}}