{"host":"k88fqnqg39joo1wf","time":1607652236,"event":{"mods":["Act Like it!","BaseMod","Colored Powertips","Highlight Path","Hubris","Infinite Spire","Mimic Mod","Minty Spire (QoL Compilation)","Pale of the Ancients","StSLib","Wandering Minibosses"],"gold_per_floor":[114,124,135,100,175,175,209,59,89,89,114,114,114,94,94,190,190,207,239,164,174,193,193,208,208,208,243,243,277,121,132,132,227,227,240,240,257,271,321,346,346,378,412,424,438,50,50,64,64,64,64,64,64],"floor_reached":52,"playtime":3642,"items_purged":[],"score":1136,"play_id":"d0eb2140-4ce0-4e94-867e-bd5e24726720","local_time":"20201210200356","is_ascension_mode":true,"campfire_choices":[{"data":"Adrenaline","floor":6.0,"key":"SMITH"},{"floor":10.0,"key":"REST"},{"floor":13.0,"key":"REST"},{"data":"Storm of Steel","floor":15.0,"key":"SMITH"},{"floor":23.0,"key":"REST"},{"floor":25.0,"key":"REST"},{"data":"After Image","floor":32.0,"key":"SMITH"},{"data":"Crescendo","floor":41.0,"key":"SMITH"},{"data":"WaveOfTheHand","floor":49.0,"key":"SMITH"}],"circlet_count":0,"master_deck":["Strike_G","Strike_G","Strike_G","Strike_G","Defend_G","Defend_G","Defend_G","Defend_G","Defend_G","Survivor","Neutralize","Adrenaline+1","Blade Dance","Well Laid Plans","Finisher","Skewer","After Image+1","PiercingWail","Storm of Steel+1","Backstab","Phantasmal Killer","Blade Dance","Cloak And Dagger+1","Doppelganger","Acrobatics","WaveOfTheHand+1","After Image","Crescendo+1","Blade Dance","PiercingWail+1","hubris:Sniper","Prepared+1","Regret","Acrobatics+1","Finisher","Indignation","hubris:Sniper","hubris:TrickCloak+1","hubris:NaturalOne"],"relics":["Ring of the Snake","Question Card","hubris:ToyBattleship","Tough Bandages","hubris:Icosahedron","PreservedInsect","hubris:Backtick","Charon\u0027s Ashes","Red Mask","Ninja Scroll","hubris:DisguiseKit","MutagenicStrength","Bronze Scales","Sling","Cursed Key","hubris:AstralHammer","TungstenRod","hubris:AncientText","hubris:Potato","paleoftheancients:Timepiece","paleoftheancients:KeyRelic","Letter Opener","CultistMask"],"acts_visited":["paleoftheancients:PaleOfTheAncients"],"potions_floor_usage":[51],"damage_taken":[{"damage":1.0,"enemies":"Cultist","floor":1.0,"turns":5.0},{"damage":0.0,"enemies":"2 Louse","floor":2.0,"turns":2.0},{"damage":1.0,"enemies":"Jaw Worm","floor":3.0,"turns":3.0},{"damage":43.0,"enemies":"Gremlin Nob","floor":7.0,"turns":5.0},{"damage":1.0,"enemies":"Red Slaver","floor":9.0,"turns":7.0},{"damage":9.0,"enemies":"3 Sentries","floor":11.0,"turns":7.0},{"damage":1.0,"enemies":"Lagavulin","floor":14.0,"turns":6.0},{"damage":8.0,"enemies":"Slime Boss","floor":16.0,"turns":14.0},{"damage":0.0,"enemies":"Chosen","floor":18.0,"turns":3.0},{"damage":0.0,"enemies":"Masked Bandits","floor":19.0,"turns":2.0},{"damage":10.0,"enemies":"Spheric Guardian","floor":21.0,"turns":2.0},{"damage":28.0,"enemies":"Snake Plant","floor":22.0,"turns":4.0},{"damage":0.0,"enemies":"Snecko","floor":24.0,"turns":3.0},{"damage":0.0,"enemies":"3 Cultists","floor":27.0,"turns":4.0},{"damage":6.0,"enemies":"Gremlin Leader","floor":29.0,"turns":2.0},{"damage":0.0,"enemies":"3 Cultists","floor":31.0,"turns":2.0},{"damage":47.0,"enemies":"Champ","floor":33.0,"turns":12.0},{"damage":0.0,"enemies":"Orb Walker","floor":35.0,"turns":2.0},{"damage":0.0,"enemies":"3 Darklings","floor":37.0,"turns":2.0},{"damage":0.0,"enemies":"Jaw Worm Horde","floor":38.0,"turns":3.0},{"damage":0.0,"enemies":"Mind Bloom Boss Battle","floor":39.0,"turns":3.0},{"damage":0.0,"enemies":"Reptomancer","floor":40.0,"turns":1.0},{"damage":11.0,"enemies":"Nightmare","floor":42.0,"turns":4.0},{"damage":0.0,"enemies":"Sphere and 2 Shapes","floor":43.0,"turns":4.0},{"damage":2.0,"enemies":"Sphere and 2 Shapes","floor":44.0,"turns":2.0},{"damage":16.0,"enemies":"Maw","floor":45.0,"turns":4.0},{"damage":0.0,"enemies":"Spire Growth","floor":48.0,"turns":1.0},{"damage":0.0,"enemies":"hubris:GrandSnecko","floor":50.0,"turns":4.0},{"damage":74,"enemies":"hubris:GrandSnecko","floor":51,"turns":6},{"damage":79,"enemies":"hubris:GrandSnecko","floor":52,"turns":8}],"seed_played":"-786565221422237887","potions_obtained":[{"floor":7.0,"key":"Energy Potion"},{"floor":14.0,"key":"Block Potion"},{"floor":18.0,"key":"AttackPotion"},{"floor":24.0,"key":"Strength Potion"},{"floor":33.0,"key":"Block Potion"},{"floor":38.0,"key":"CunningPotion"},{"floor":39.0,"key":"GamblersBrew"},{"floor":44.0,"key":"PowerPotion"}],"is_trial":false,"path_per_floor":["M","M","M","?","?","R","E","$","MIM","R","E","?","R","E","R","B",null,"M","?","?","M","M","R","M","R","T","MIM","?","E","$","M","R","B",null,"M","?","M","M","?","E","R","NM","MIM","M","M","$","?","M","R","B","M","M"],"character_chosen":"THE_SILENT","items_purchased":["After Image","Sling","hubris:Sniper","hubris:Potato"],"campfire_rested":4,"item_purchase_floors":[8,30,46,46],"current_hp_per_floor":[44,44,43,60,49,49,6,6,5,26,17,17,38,37,37,29,60,60,60,60,50,22,43,43,64,64,64,64,58,58,58,58,11,55,55,55,55,55,55,55,55,44,44,42,26,26,61,61,61,61,61,0,0],"gold":64,"neow_bonus":"THREE_RARE_CARDS","is_daily":false,"chose_seed":false,"campfire_upgraded":5,"win_rate":0.0,"timestamp":1607652236,"path_taken":["M","M","M","?","?","R","E","?","MIM","R","E","?","R","E","R","BOSS","M","?","?","M","?","R","?","R","T","?","?","E","$","M","R","BOSS","M","?","?","M","?","E","R","NM","MIM","M","?","$","?","M","R","BOSS","M","M"],"items_purchased_type":["Card","Relic","Card","Relic"],"build_version":"2020-11-30","purchased_purges":0,"victory":false,"max_hp_per_floor":[70,70,70,70,70,70,70,70,70,70,70,70,70,70,70,70,70,70,70,70,70,70,70,70,70,70,70,70,70,70,70,70,70,70,70,70,70,70,70,70,70,70,70,70,70,70,61,61,61,61,61,61,61],"card_choices":[{"not_picked":["Wraith Form v2","Doppelganger"],"picked":"Adrenaline","floor":0.0},{"not_picked":["Poisoned Stab","Deflect"],"picked":"Blade Dance","floor":1.0},{"not_picked":["Riddle With Holes","Acrobatics"],"picked":"Well Laid Plans","floor":2.0},{"not_picked":["Slice","Dodge and Roll"],"picked":"Finisher","floor":3.0},{"not_picked":["Acrobatics","Underhanded Strike"],"picked":"Skewer","floor":7.0},{"not_picked":["Dagger Throw","Quick Slash","Masterful Stab"],"picked":"PiercingWail","floor":9.0},{"not_picked":["Outmaneuver","Predator","Choke"],"picked":"Storm of Steel","floor":11.0},{"not_picked":["Backflip","Setup","Poisoned Stab"],"picked":"Backstab","floor":14.0},{"not_picked":["Tools of the Trade","Unload","Doppelganger"],"picked":"Phantasmal Killer","floor":16.0},{"not_picked":["Concentrate","Skewer","Dagger Spray","hubris:SlightOfHand"],"picked":"SKIP","floor":18.0},{"not_picked":["Sucker Punch","Caltrops","Flechettes"],"picked":"Blade Dance","floor":19.0},{"not_picked":["Bouncing Flask","Bane","Tactician"],"picked":"Cloak And Dagger+1","floor":21.0},{"not_picked":["hubris:Counter","Masterful Stab+1","Deflect","Slice"],"picked":"SKIP","floor":22.0},{"not_picked":["Deadly Poison","Flechettes","Blur","Acrobatics"],"picked":"SKIP","floor":24.0},{"not_picked":["Masterful Stab","PiercingWail","Quick Slash"],"picked":"Doppelganger","floor":27.0},{"not_picked":["Distraction","Noxious Fumes","Heel Hook","JustLucky"],"picked":"Acrobatics","floor":29.0},{"not_picked":["Prepared","Slice","Flying Knee","Outmaneuver"],"picked":"WaveOfTheHand","floor":31.0},{"not_picked":["Bullet Time","Malaise","Storm of Steel","Ragnarok"],"picked":"After Image","floor":33.0},{"not_picked":["Masterful Stab+1","Bane","Acrobatics+1","Blade Dance+1"],"picked":"Crescendo","floor":35.0},{"not_picked":["Bane","Poisoned Stab+1","Dodge and Roll+1","Outmaneuver","WindmillStrike"],"picked":"SKIP","floor":37.0},{"not_picked":["Dagger Throw","Masterful Stab","Quick Slash+1","Wireheading"],"picked":"Blade Dance","floor":38.0},{"not_picked":["Dagger Spray+1","Escape Plan","Setup+1","Halt"],"picked":"PiercingWail+1","floor":39.0},{"not_picked":["Deflect+1","Bullet Time","Deadly Poison","Nirvana"],"picked":"hubris:Sniper","floor":40.0},{"not_picked":["hubris:Counter+1","hubris:SlightOfHand+1","Eviscerate","BowlingBash"],"picked":"Prepared+1","floor":42.0},{"not_picked":["Dagger Spray+1","Quick Slash+1","Sucker Punch+1","Crescendo"],"picked":"Acrobatics+1","floor":43.0},{"not_picked":["Backflip","Heel Hook","Bane","Consecrate"],"picked":"Finisher","floor":44.0},{"not_picked":["Outmaneuver+1","hubris:SlightOfHand+1","Backflip+1","Underhanded Strike+1"],"picked":"Indignation","floor":45.0},{"not_picked":["Flechettes+1","Quick Slash+1","Acrobatics+1","Indignation"],"picked":"hubris:TrickCloak+1","floor":48.0}],"player_experience":175494,"relics_obtained":[{"floor":7.0,"key":"Question Card"},{"floor":9.0,"key":"hubris:ToyBattleship"},{"floor":11.0,"key":"Tough Bandages"},{"floor":14.0,"key":"PreservedInsect"},{"floor":19.0,"key":"Red Mask"},{"floor":26.0,"key":"Ninja Scroll"},{"floor":27.0,"key":"hubris:DisguiseKit"},{"floor":29.0,"key":"Bronze Scales"},{"floor":39.0,"key":"hubris:AstralHammer"},{"floor":40.0,"key":"TungstenRod"},{"floor":42.0,"key":"hubris:AncientText"}],"event_choices":[{"damage_healed":17.0,"max_hp_gain":0.0,"max_hp_loss":0.0,"gold_gain":0.0,"event_name":"The Cleric","player_choice":"Healed","floor":4.0,"gold_loss":35.0,"damage_taken":0.0},{"damage_healed":0.0,"max_hp_gain":0.0,"max_hp_loss":0.0,"gold_gain":75.0,"event_name":"World of Goop","player_choice":"Gather Gold","floor":5.0,"gold_loss":0.0,"damage_taken":11.0},{"damage_healed":0.0,"max_hp_gain":0.0,"max_hp_loss":0.0,"gold_gain":0.0,"event_name":"Masked Bandits","player_choice":"Fought Bandits","floor":19.0,"gold_loss":0.0,"damage_taken":0.0},{"cards_removed":["Strike_G"],"damage_healed":0.0,"max_hp_gain":0.0,"max_hp_loss":0.0,"gold_gain":0.0,"event_name":"Beggar","player_choice":"Gave Gold","floor":20.0,"gold_loss":75.0,"damage_taken":0.0},{"damage_healed":0.0,"max_hp_gain":0.0,"max_hp_loss":0.0,"gold_gain":0.0,"event_name":"Drug Dealer","player_choice":"Inject Mutagens","floor":28.0,"gold_loss":0.0,"damage_taken":0.0,"relics_obtained":["MutagenicStrength"]},{"damage_healed":0.0,"max_hp_gain":0.0,"max_hp_loss":0.0,"gold_gain":0.0,"event_name":"SecretPortal","player_choice":"Ignored","floor":36.0,"gold_loss":0.0,"damage_taken":0.0},{"damage_healed":0.0,"max_hp_gain":0.0,"max_hp_loss":0.0,"gold_gain":0.0,"event_name":"MindBloom","player_choice":"Fight","floor":39.0,"gold_loss":0.0,"damage_taken":0.0},{"damage_healed":61.0,"max_hp_gain":0.0,"max_hp_loss":9.0,"gold_gain":0.0,"event_name":"The Moai Head","player_choice":"Heal","floor":47.0,"gold_loss":0.0,"damage_taken":0.0}],"is_beta":false,"boss_relics":[{"not_picked":["Coffee Dripper","hubris:BlackHole"],"picked":"hubris:Backtick"},{"not_picked":["Sozu","hubris:GrandSneckoEye"],"picked":"Cursed Key"}],"items_purged_floors":[],"is_endless":false,"potions_floor_spawned":[7,14,18,24,31,33,38,39,42,44,45,51],"killed_by":"hubris:GrandSnecko","ascension_level":7}}