{"host":"08sn1703g14rasc1","time":1607671731,"event":{"mods":["AchievementEnabler","BaseMod","Colored Map","Colored Powertips","Hermit","Minty Spire (QoL Compilation)","StSLib"],"gold_per_floor":[111,111,126,126,144,144,184,184,261,284,309,12,36,36,36,143,206,225,30,37,82,7,7,7],"floor_reached":23,"playtime":834,"items_purged":["Strike_R","Perfected Strike"],"score":353,"play_id":"c51c5a21-34e7-4926-a0ea-d96ed3af3f45","local_time":"20201210232851","is_ascension_mode":true,"campfire_choices":[{"data":"Armaments","floor":6,"key":"SMITH"},{"floor":8,"key":"REST"},{"floor":15,"key":"REST"}],"circlet_count":0,"master_deck":["Bash","Armaments+1","True Grit","Cleave","Cleave","Disarm","Feel No Pain","Disarm","Flash of Steel","Second Wind","Feed","Battle Trance","Fire Breathing","Body Slam","Blood for Blood","Impervious","Rage","Hemokinesis","Bite","Bite","Bite","Bite","Bite"],"relics":["Burning Blood","Dead Branch","CeramicFish","Question Card","Pandora\u0027s Box"],"acts_visited":["Exordium","TheCity"],"potions_floor_usage":[14,16,20,23,23],"damage_taken":[{"damage":15,"enemies":"Small Slimes","floor":1,"turns":3},{"damage":0,"enemies":"2 Louse","floor":3,"turns":3},{"damage":0,"enemies":"Cultist","floor":5,"turns":4},{"damage":20,"enemies":"3 Sentries","floor":7,"turns":5},{"damage":7,"enemies":"Large Slime","floor":10,"turns":6},{"damage":19,"enemies":"2 Fungi Beasts","floor":11,"turns":4},{"damage":11,"enemies":"Looter","floor":13,"turns":2},{"damage":7,"enemies":"Large Slime","floor":14,"turns":3},{"damage":9,"enemies":"Slime Boss","floor":16,"turns":6},{"damage":19,"enemies":"Shell Parasite","floor":18,"turns":7},{"damage":15,"enemies":"2 Thieves","floor":20,"turns":4},{"damage":83,"enemies":"Gremlin Leader","floor":23,"turns":10}],"seed_played":"7988267966735030900","potions_obtained":[{"floor":1,"key":"FearPotion"},{"floor":3,"key":"SmokeBomb"},{"floor":13,"key":"ColorlessPotion"},{"floor":16,"key":"ColorlessPotion"},{"floor":20,"key":"Fruit Juice"}],"is_trial":false,"path_per_floor":["M","?","M","?","M","R","E","R","T","M","M","$","M","M","R","B",null,"M","$","M","?","?","E"],"character_chosen":"IRONCLAD","items_purchased":["Disarm","Flash of Steel","DuplicationPotion","HeartOfIron"],"campfire_rested":2,"item_purchase_floors":[12,12,12,19],"current_hp_per_floor":[63,56,62,62,68,68,54,78,78,77,64,64,59,58,80,77,79,66,66,62,59,59,0,0],"gold":7,"neow_bonus":"ONE_RARE_RELIC","is_daily":false,"chose_seed":false,"campfire_upgraded":1,"win_rate":0.0,"timestamp":1607671731,"path_taken":["M","?","M","?","M","R","E","R","T","?","M","$","M","M","R","BOSS","M","$","M","?","?","E"],"items_purchased_type":["Card","Card","Potion","Potion"],"build_version":"2020-11-30","purchased_purges":2,"victory":false,"max_hp_per_floor":[80,80,80,80,80,80,80,80,80,80,80,80,80,80,80,80,80,80,80,85,59,59,59,59],"card_choices":[{"not_picked":["Clash","Rupture"],"picked":"Armaments","floor":1},{"not_picked":["Flex","Heavy Blade"],"picked":"True Grit","floor":3},{"not_picked":["Perfected Strike","Iron Wave"],"picked":"Cleave","floor":5},{"not_picked":["Juggernaut","Clash"],"picked":"Cleave","floor":7},{"not_picked":["Thunderclap","Battle Trance","Searing Blow"],"picked":"Disarm","floor":10},{"not_picked":["Sentinel","Havoc","Reckless Charge"],"picked":"Feel No Pain","floor":11},{"not_picked":["Flex","Wild Strike","Infernal Blade"],"picked":"Second Wind","floor":13},{"not_picked":["Bludgeon","Brutality","Reaper"],"picked":"Feed","floor":16},{"not_picked":["Clash","Warcry","Clothesline"],"picked":"Rage","floor":18},{"not_picked":["Shockwave+1","Body Slam","Ghostly Armor"],"picked":"Hemokinesis","floor":20}],"player_experience":389426,"relics_obtained":[{"floor":7,"key":"CeramicFish"},{"floor":9,"key":"Question Card"}],"event_choices":[{"cards_removed":["Normality"],"damage_healed":0,"gold_gain":0,"player_choice":"Card Removal","damage_taken":7,"max_hp_gain":0,"max_hp_loss":0,"event_name":"Golden Wing","floor":2,"gold_loss":0},{"cards_removed":["Defend_R"],"damage_healed":0,"gold_gain":0,"player_choice":"Offered Basic","damage_taken":0,"max_hp_gain":0,"max_hp_loss":0,"event_name":"Bonfire Elementals","floor":4,"gold_loss":0},{"damage_healed":0,"gold_gain":0,"player_choice":"Became a vampire","damage_taken":0,"max_hp_gain":0,"max_hp_loss":26,"event_name":"Vampires","floor":21,"gold_loss":0,"cards_obtained":["Bite","Bite","Bite","Bite","Bite"]},{"cards_removed":["Body Slam"],"damage_healed":0,"gold_gain":0,"player_choice":"Gave Gold","damage_taken":0,"max_hp_gain":0,"max_hp_loss":0,"event_name":"Beggar","floor":22,"gold_loss":75}],"is_beta":false,"boss_relics":[{"not_picked":["Tiny House","Calling Bell"],"picked":"Pandora\u0027s Box"}],"items_purged_floors":[12,19],"is_endless":false,"potions_floor_spawned":[1,3,13,16,20],"killed_by":"Gremlin Leader","ascension_level":7}}