{"host":"zi8o4akxlgxypwgb","time":1607675033,"event":{"mods":["BaseMod","Luminous","Minty Spire (QoL Compilation)","Replay The Spire","StSLib","SuperFastMode"],"gold_per_floor":[113,113,113,288,298,298,44,44,71,71,106,129,129,155,155,271,271,298,298,326,52,78,115,115,166,166,166,192,216,166,201,201,319,319,346,378,3,36,36,36,65,90,90,143,143,192,223,76,76,94],"floor_reached":51,"playtime":2181,"items_purged":["Doubt","Normality"],"score":936,"play_id":"8f691f47-4ca3-486c-b193-4fcce0c19a1e","local_time":"20201211162353","is_ascension_mode":true,"campfire_choices":[{"data":"Quick Slash","floor":6.0,"key":"SMITH"},{"data":"Outmaneuver","floor":8.0,"key":"SMITH"},{"data":"Crippling Poison","floor":10.0,"key":"SMITH"},{"data":"Apotheosis","floor":24.0,"key":"SMITH"},{"data":"A Thousand Cuts","floor":27.0,"key":"SMITH"},{"floor":32.0,"key":"REST"},{"data":"Adrenaline","floor":40,"key":"SMITH"},{"data":"Prepared","floor":45,"key":"SMITH"},{"data":"Pot Of Greed","floor":49,"key":"SMITH"}],"circlet_count":0,"master_deck":["Survivor","Masterful Stab","Crippling Poison+1","Quick Slash+1","Outmaneuver+1","Acrobatics","Terror","Dagger Throw","Atom Bomb+1","Backstab","Caltrops","Choke","A Thousand Cuts+1","Concentrate","Choke","Unload","Burst","Grand Finale+1","Deflect","Apotheosis+1","Backflip+1","Cloak And Dagger","Poisoned Stab","Quick Slash","Hidden Blade+1","Underhanded Strike","Dodge and Roll","Outmaneuver+1","Adrenaline+1","Prepared+1","Poisoned Strike","Blind","Outmaneuver+1","Escape Plan+1","Corpse Explosion","Decay","Underhanded Strike+1","Draining Mist+1","Dodge and Roll+1","Pot Of Greed+1","Pot Of Greed","Pot Of Greed","Pot Of Greed"],"relics":["Ring of the Serpent","NeowsBlessing","TwistedFunnel","Replay:Bandana","Iron Hammer","Pandora\u0027s Box","Mummified Hand","Kunai","Happy Flower","Durian","Replay:Grab Bag","Cursed Key","Coffee Dripper","Snecko Eye","ReplayTheSpireMod:CursedCoin","Bag of Marbles","Replay:WaspNest","Whetstone","Replay:Baseball","Grinning Jar"],"acts_visited":["Exordium","TheCity","TheBeyond"],"potions_floor_usage":[33,33,44,50],"damage_taken":[{"damage":0.0,"enemies":"2 Louse","floor":1.0,"turns":1.0},{"damage":0.0,"enemies":"Jaw Worm","floor":5.0,"turns":1.0},{"damage":0.0,"enemies":"3 Sentries","floor":11.0,"turns":1.0},{"damage":0.0,"enemies":"Small Slimes","floor":12.0,"turns":2.0},{"damage":0.0,"enemies":"Exordium Thugs","floor":14.0,"turns":3.0},{"damage":9.0,"enemies":"The Guardian","floor":16.0,"turns":8.0},{"damage":20.0,"enemies":"2 Thieves","floor":18.0,"turns":3.0},{"damage":10.0,"enemies":"Spheric Guardian","floor":20.0,"turns":3.0},{"damage":5.0,"enemies":"Centurion and Healer","floor":22.0,"turns":2.0},{"damage":9.0,"enemies":"Replay:Snechameleon","floor":23.0,"turns":5.0},{"damage":19.0,"enemies":"Slavers","floor":25.0,"turns":4.0},{"damage":0.0,"enemies":"Cultist and Chosen","floor":28.0,"turns":3.0},{"damage":4.0,"enemies":"Chosen and Byrds","floor":29.0,"turns":4.0},{"damage":3.0,"enemies":"Shelled Parasite and Fungi","floor":31.0,"turns":4.0},{"damage":22,"enemies":"Collector","floor":33,"turns":5},{"damage":22,"enemies":"Orb Walker","floor":35,"turns":3},{"damage":3,"enemies":"3 Darklings","floor":36,"turns":2},{"damage":2,"enemies":"Sphere and 2 Shapes","floor":38,"turns":3},{"damage":0,"enemies":"Writhing Mass","floor":41,"turns":1},{"damage":0,"enemies":"Spire Growth","floor":42,"turns":2},{"damage":5,"enemies":"Giant Head","floor":44,"turns":6},{"damage":0,"enemies":"R_Hoarder","floor":46,"turns":3},{"damage":0,"enemies":"Maw","floor":47,"turns":3},{"damage":19,"enemies":"Awakened One","floor":50,"turns":7}],"seed_played":"7836586746192484291","potions_obtained":[{"floor":1.0,"key":"GamblersBrew"},{"floor":15.0,"key":"Fire Potion"},{"floor":15.0,"key":"SmokeBomb"},{"floor":22.0,"key":"FearPotion"},{"floor":29.0,"key":"Regen Potion"},{"floor":36,"key":"LiquidMemories"},{"floor":38,"key":"LifebloodPotion"},{"floor":41,"key":"EssenceOfSteel"},{"floor":44,"key":"FairyPotion"}],"is_trial":false,"path_per_floor":["M","?","?","?","M","R","$","R","T","R","E","M","?","M","R","B",null,"M","?","M","$","M","E","R","E","T","R","M","M","?","M","R","B",null,"M","M","$","M","?","R","M","M","T","E","R","E","M","$","R","B",null],"character_chosen":"THE_SILENT","items_purchased":["Outmaneuver","TwistedFunnel","Mummified Hand","Cloak And Dagger","ReplayTheSpireMod:CursedCoin","Poisoned Strike","Bag of Marbles","Blind","Grinning Jar"],"campfire_rested":1,"item_purchase_floors":[7,7,21,21,37,37,37,37,48],"current_hp_per_floor":[70,70,70,70,70,70,70,70,70,70,70,70,70,70,70,61,70,50,50,40,40,35,26,26,7,12,12,12,8,8,5,27,17,75,53,50,50,48,48,48,48,48,48,43,43,43,43,43,43,24],"gold":94,"neow_bonus":"THREE_ENEMY_KILL","is_daily":false,"chose_seed":false,"campfire_upgraded":8,"win_rate":0.0,"timestamp":1607675033,"path_taken":["M","?","?","?","M","R","$","R","T","R","E","?","?","M","R","BOSS","M","?","M","$","M","E","R","E","T","R","M","M","?","?","R","BOSS","M","?","$","M","?","R","M","M","T","E","R","E","?","$","R","BOSS"],"items_purchased_type":["Card","Relic","Relic","Card","Relic","Card","Relic","Card","Relic"],"build_version":"2020-11-30","purchased_purges":2,"victory":true,"max_hp_per_floor":[70,70,70,70,70,70,70,70,70,70,70,70,70,70,70,70,70,70,70,70,70,70,70,70,70,75,75,75,75,75,75,75,75,75,75,75,75,75,75,75,75,75,75,75,75,75,75,75,75,75],"card_choices":[{"not_picked":["Catalyst","Sucker Punch"],"picked":"Masterful Stab","floor":1.0},{"not_picked":["All Out Attack","Bane"],"picked":"Quick Slash","floor":5.0},{"not_picked":["Setup","Concentrate"],"picked":"Acrobatics","floor":11.0},{"not_picked":["Quick Slash","Night Terror"],"picked":"Terror","floor":12.0},{"not_picked":["Masterful Stab","PiercingWail"],"picked":"Dagger Throw","floor":14.0},{"not_picked":["Night Terror","Grand Finale"],"picked":"Atom Bomb","floor":16.0},{"not_picked":["Setup","Riddle With Holes"],"picked":"Deflect","floor":18.0},{"not_picked":["PiercingWail","Dagger Throw"],"picked":"Backflip+1","floor":20.0},{"not_picked":["Caltrops","Backflip"],"picked":"Poisoned Stab","floor":22.0},{"not_picked":["Cloak And Dagger","Backflip"],"picked":"Quick Slash","floor":23.0},{"not_picked":["Bane","Night Terror"],"picked":"Hidden Blade+1","floor":25.0},{"not_picked":["Dodge and Roll","Deadly Poison"],"picked":"Underhanded Strike","floor":28.0},{"not_picked":["Skewer","PiercingWail"],"picked":"Dodge and Roll","floor":29.0},{"not_picked":["Concentrate","Deadly Poison"],"picked":"Outmaneuver+1","floor":31.0},{"not_picked":["Glass Knife","Grand Finale"],"picked":"Adrenaline","floor":33},{"not_picked":["Deflect","Slice+1","Quick Slash"],"picked":"SKIP","floor":35},{"not_picked":["Blade Dance","Underhanded Strike+1"],"picked":"Prepared","floor":36},{"not_picked":["Deflect+1","Catalyst"],"picked":"Outmaneuver+1","floor":38},{"not_picked":["Endless Agony","Blur"],"picked":"Escape Plan+1","floor":41},{"not_picked":["Quick Slash","Bouncing Flask+1"],"picked":"Corpse Explosion","floor":42},{"not_picked":["Dagger Spray","Choke"],"picked":"Underhanded Strike+1","floor":44},{"not_picked":["Dagger Throw+1","ReplayTheSpireMod:Shiv Toss"],"picked":"Draining Mist+1","floor":46},{"not_picked":["Slice","Deadly Poison"],"picked":"Dodge and Roll+1","floor":47}],"player_experience":259997,"relics_obtained":[{"floor":9.0,"key":"Replay:Bandana"},{"floor":11.0,"key":"Iron Hammer"},{"floor":23.0,"key":"Kunai"},{"floor":25.0,"key":"Happy Flower"},{"floor":26.0,"key":"Durian"},{"floor":43,"key":"Replay:WaspNest"},{"floor":44,"key":"Whetstone"},{"floor":46,"key":"Replay:Baseball"}],"event_choices":[{"damage_healed":0.0,"max_hp_gain":0.0,"max_hp_loss":0.0,"gold_gain":0.0,"cards_transformed":["Defend_G"],"event_name":"Living Wall","player_choice":"Change","floor":3.0,"gold_loss":0.0,"damage_taken":0.0,"cards_obtained":["Crippling Poison"]},{"damage_healed":0.0,"max_hp_gain":0.0,"max_hp_loss":0.0,"gold_gain":175.0,"event_name":"Liars Game","player_choice":"AGREE","floor":4.0,"gold_loss":0.0,"damage_taken":0.0,"cards_obtained":["Doubt"]},{"damage_healed":0.0,"max_hp_gain":0.0,"max_hp_loss":0.0,"gold_gain":0.0,"event_name":"NoteForYourself","player_choice":"Ignored","floor":13.0,"gold_loss":0.0,"damage_taken":0.0},{"damage_healed":0.0,"max_hp_gain":0.0,"max_hp_loss":0.0,"gold_gain":0.0,"event_name":"Lab","player_choice":"Got Potions","floor":15.0,"gold_loss":0.0,"damage_taken":0.0},{"damage_healed":0.0,"max_hp_gain":0.0,"max_hp_loss":0.0,"gold_gain":0.0,"event_name":"The Joust","player_choice":"Bet on Murderer","floor":30.0,"gold_loss":50.0,"damage_taken":0.0},{"cards_removed":["Neutralize"],"damage_healed":0,"gold_gain":0,"player_choice":"Purged","damage_taken":0,"max_hp_gain":0,"max_hp_loss":0,"event_name":"Purifier","floor":39,"gold_loss":0}],"is_beta":false,"boss_relics":[{"not_picked":["Runic Pyramid","WristBlade"],"picked":"Pandora\u0027s Box"},{"not_picked":["Replay:Bronze Core","Ring of Chaos"],"picked":"Replay:Grab Bag"},{"not_picked":["Velvet Choker","Sozu"],"picked":"Cursed Key"},{"not_picked":["Fusion Hammer","Runic Dome"],"picked":"Coffee Dripper"},{"not_picked":["Honey Jar","Kintsugi"],"picked":"Snecko Eye"},{"not_picked":["SacredBark","Black Star"],"picked":"Ring of the Serpent"}],"items_purged_floors":[7,37],"is_endless":false,"potions_floor_spawned":[1,18,22,29,36,38,41,44],"ascension_level":1}}