{"host":"sz8c8ni79nvzjmmg","time":1607674453,"event":{"mods":["AchievementEnabler","BaseMod","DeckTracker","Keyboard Shortcuts","Minty Spire (QoL Compilation)","SuperFastMode"],"gold_per_floor":[110,110,120,45,55,55,55,66,66,66,80,96,114,189,189,189,189],"floor_reached":16,"playtime":511,"items_purged":["Defend_G"],"score":188,"play_id":"2a353138-96a7-4dce-83c3-09ef2beeb331","local_time":"20201211171413","is_ascension_mode":true,"campfire_choices":[{"data":"Cloak And Dagger","floor":6,"key":"SMITH"},{"data":"Acrobatics","floor":10,"key":"SMITH"},{"data":"Blade Dance","floor":15,"key":"SMITH"}],"circlet_count":0,"master_deck":["AscendersBane","Strike_G","Strike_G","Strike_G","Strike_G+1","Defend_G+1","Defend_G","Defend_G","Survivor","Neutralize","Backflip","After Image","Cloak And Dagger+1","Acrobatics+1","Eviscerate","Blade Dance+1"],"relics":["Ring of the Snake","Meat on the Bone","Mummified Hand"],"acts_visited":["Exordium"],"potions_floor_usage":[16],"damage_taken":[{"damage":1,"enemies":"Jaw Worm","floor":1,"turns":8},{"damage":0,"enemies":"Small Slimes","floor":3,"turns":4},{"damage":3,"enemies":"2 Louse","floor":5,"turns":2},{"damage":0,"enemies":"Looter","floor":8,"turns":3},{"damage":2,"enemies":"Blue Slaver","floor":11,"turns":4},{"damage":3,"enemies":"3 Louse","floor":12,"turns":3},{"damage":0,"enemies":"Looter","floor":13,"turns":3},{"damage":20,"enemies":"Hexaghost","floor":16,"turns":11}],"seed_played":"-8957929824524156675","potions_obtained":[{"floor":1,"key":"SmokeBomb"},{"floor":8,"key":"LiquidMemories"}],"is_trial":false,"path_per_floor":["M","?","M","$","M","R","?","M","T","R","M","M","M","?","R","B"],"character_chosen":"THE_SILENT","items_purchased":[],"campfire_rested":0,"item_purchase_floors":[],"current_hp_per_floor":[58,40,40,40,37,37,11,23,23,23,33,42,42,31,31,11,11],"gold":189,"neow_bonus":"TRANSFORM_TWO_CARDS","is_daily":false,"chose_seed":false,"campfire_upgraded":3,"win_rate":0.0,"timestamp":1607674453,"path_taken":["M","?","M","$","M","R","?","M","T","R","M","M","?","?","R","BOSS"],"items_purchased_type":[],"build_version":"2020-11-30","purchased_purges":1,"victory":false,"max_hp_per_floor":[60,60,60,60,60,60,60,60,60,60,60,60,60,60,60,60,60],"card_choices":[{"not_picked":["Skewer","Backstab"],"picked":"Cloak And Dagger","floor":1},{"not_picked":["Crippling Poison","Slice"],"picked":"Acrobatics","floor":3},{"not_picked":["Outmaneuver","Flying Knee","Predator"],"picked":"SKIP","floor":5},{"not_picked":["All Out Attack","Deadly Poison"],"picked":"Eviscerate","floor":8},{"not_picked":["Dagger Throw","Backstab"],"picked":"Blade Dance","floor":11},{"not_picked":["Caltrops","Blade Dance","Flying Knee"],"picked":"SKIP","floor":12},{"not_picked":["Slice","Poisoned Stab","PiercingWail"],"picked":"SKIP","floor":13}],"player_experience":1191096,"relics_obtained":[{"floor":9,"key":"Mummified Hand"}],"event_choices":[{"damage_healed":0,"gold_gain":0,"player_choice":"Entered Light","damage_taken":18,"max_hp_gain":0,"max_hp_loss":0,"event_name":"Shining Light","floor":2,"gold_loss":0,"cards_upgraded":["Defend_G","Strike_G"]},{"damage_healed":0,"gold_gain":0,"player_choice":"Success","damage_taken":26,"relics_obtained":["Meat on the Bone"],"max_hp_gain":0,"max_hp_loss":0,"event_name":"Scrap Ooze","floor":7,"gold_loss":0},{"damage_healed":0,"gold_gain":75,"player_choice":"Gather Gold","damage_taken":11,"max_hp_gain":0,"max_hp_loss":0,"event_name":"World of Goop","floor":14,"gold_loss":0}],"is_beta":false,"boss_relics":[],"items_purged_floors":[4],"is_endless":false,"potions_floor_spawned":[1,8,11,12],"killed_by":"Hexaghost","ascension_level":20}}