{"host":"agflykcedf93aoo8","time":1607708414,"event":{"mods":["BaseMod","Hermit","Minty Spire (QoL Compilation)","Replay The Spire","StSLib","Td1madao Mod","The Bug Knight","The Cursed","The Gatherer","The Hierophant","The Jungle","The Runesmith"],"gold_per_floor":[119,119,119,130,130,130,161,161,161,161,177,188,158,175,175,275,275,291,301,576,593,369,369,369],"floor_reached":23,"playtime":2252,"items_purged":["Regret"],"score":216,"play_id":"2b82415d-ff82-4e71-bc5e-9a7f45e82cb0","local_time":"20201212024014","is_ascension_mode":false,"campfire_choices":[{"floor":6,"key":"RECALL"},{"data":"Runesmith:CraftFirestone","floor":8,"key":"SMITH"},{"data":"Runesmith:MetallurgicalResearch","floor":15,"key":"SMITH"}],"circlet_count":0,"master_deck":["Runesmith:Strike_RS","Runesmith:Strike_RS","Runesmith:Strike_RS","Runesmith:Defend_RS","Runesmith:Defend_RS","Runesmith:Defend_RS","Runesmith:Defend_RS","Runesmith:CraftFirestone+1","Runesmith:Fortify","Runesmith:Terraform","Runesmith:RuneHurl+1","Runesmith:PoweredAnvil+1","Runesmith:Accelerate","Runesmith:Firewall","Runesmith:MetallurgicalResearch+1","Runesmith:BackupBattery","Runesmith:CraftIndustria","Runesmith:DuctTape","Runesmith:Firestorm","Runesmith:Permafrost","Regret","Runesmith:HeatExchange"],"relics":["Runesmith:CoreCrystal","NeowsBlessing","Potion Belt","Replay:Mystery Machine","ClockworkSouvenir"],"acts_visited":["Exordium","TheCity"],"potions_floor_usage":[16,16,18,19,21,23,23],"damage_taken":[{"damage":0,"enemies":"2 Louse","floor":1,"turns":1},{"damage":0,"enemies":"Jaw Worm","floor":4,"turns":1},{"damage":0,"enemies":"Lagavulin","floor":7,"turns":1},{"damage":9,"enemies":"Cultist","floor":11,"turns":3},{"damage":3,"enemies":"3 Louse","floor":12,"turns":5},{"damage":3,"enemies":"Looter","floor":13,"turns":4},{"damage":3,"enemies":"2 Fungi Beasts","floor":14,"turns":4},{"damage":25,"enemies":"Slime Boss","floor":16,"turns":10},{"damage":16,"enemies":"Chosen","floor":18,"turns":8},{"damage":9,"enemies":"Spheric Guardian","floor":19,"turns":5},{"damage":29,"enemies":"Snake Plant","floor":21,"turns":8},{"damage":14,"enemies":"Slavers","floor":23,"turns":2}],"seed_played":"-2436497937559915356","potions_obtained":[{"floor":1,"key":"Weak Potion"},{"floor":3,"key":"Explosive Potion"},{"floor":3,"key":"CultistPotion"},{"floor":3,"key":"Block Potion"},{"floor":7,"key":"Explosive Potion"},{"floor":14,"key":"Energy Potion"},{"floor":18,"key":"Adrenaline Potion"},{"floor":21,"key":"ColorlessPotion"}],"is_trial":false,"path_per_floor":["M","?","?","M","?","R","E","R","T","?","M","M","M","M","R","B",null,"M","M","?","M","$","E"],"character_chosen":"RUNESMITH_CLASS","items_purchased":["ClockworkSouvenir"],"campfire_rested":0,"item_purchase_floors":[22],"current_hp_per_floor":[70,70,70,70,70,70,70,70,70,70,61,58,55,52,52,27,70,54,45,45,16,16,2,2],"gold":369,"neow_bonus":"THREE_ENEMY_KILL","is_daily":false,"chose_seed":false,"campfire_upgraded":2,"win_rate":0.0,"timestamp":1607708414,"path_taken":["M","?","?","?","?","R","E","R","T","?","?","M","M","M","R","BOSS","M","M","?","?","$","E"],"items_purchased_type":["Relic"],"build_version":"2020-11-30","purchased_purges":1,"victory":false,"max_hp_per_floor":[70,70,70,70,70,70,70,70,70,70,70,70,70,70,70,70,70,70,70,70,70,70,70,70],"card_choices":[{"not_picked":["Runesmith:Prism","Runesmith:HeatExchange"],"picked":"Runesmith:Terraform","floor":1},{"not_picked":["Runesmith:RuneHurl","Runesmith:BackupBattery"],"picked":"Runesmith:PoweredAnvil","floor":4},{"not_picked":["Runesmith:Attraction","Runesmith:EarthShield"],"picked":"Runesmith:Accelerate","floor":7},{"not_picked":["Runesmith:EnergizedChisel","Runesmith:RuneHurl"],"picked":"Runesmith:Firewall","floor":11},{"not_picked":["Runesmith:Attraction","Runesmith:EnergizedChisel"],"picked":"Runesmith:MetallurgicalResearch","floor":12},{"not_picked":["Runesmith:ElementalConversion","Runesmith:HammerThrow"],"picked":"Runesmith:BackupBattery","floor":13},{"not_picked":["Runesmith:BackupBattery","Runesmith:PoweredAnvil"],"picked":"Runesmith:CraftIndustria","floor":14},{"not_picked":["Runesmith:MetallurgicalResearch","Runesmith:LastStand"],"picked":"Runesmith:DuctTape","floor":16},{"not_picked":["Runesmith:NanitesCloud","Runesmith:CraftProtectio"],"picked":"Runesmith:Firestorm","floor":18},{"not_picked":["Runesmith:ShiftingStrike","Runesmith:CraftMagma"],"picked":"Runesmith:Permafrost","floor":19},{"not_picked":["Runesmith:HammerThrow","Runesmith:UnstableHammer+1"],"picked":"Runesmith:HeatExchange","floor":21}],"player_experience":311957,"relics_obtained":[{"floor":7,"key":"Replay:Mystery Machine"}],"event_choices":[{"damage_healed":0,"gold_gain":0,"player_choice":"Got Potions","damage_taken":0,"max_hp_gain":0,"max_hp_loss":0,"event_name":"Lab","floor":3,"gold_loss":0},{"damage_healed":0,"gold_gain":0,"player_choice":"Box","damage_taken":0,"relics_obtained":["Potion Belt"],"max_hp_gain":0,"max_hp_loss":0,"event_name":"Big Fish","floor":5,"gold_loss":0,"cards_obtained":["Regret"]},{"damage_healed":0,"gold_gain":0,"player_choice":"Upgraded","damage_taken":0,"max_hp_gain":0,"max_hp_loss":0,"event_name":"Upgrade Shrine","floor":10,"gold_loss":0,"cards_upgraded":["Runesmith:PoweredAnvil"]},{"damage_healed":0,"gold_gain":275,"player_choice":"Desecrate","damage_taken":0,"max_hp_gain":0,"max_hp_loss":0,"event_name":"Golden Shrine","floor":20,"gold_loss":0,"cards_obtained":["Regret"]}],"is_beta":false,"boss_relics":[{"not_picked":["ChewingGum","Sozu"],"picked":"Runesmith:CoreCrystal"}],"items_purged_floors":[22],"is_endless":false,"potions_floor_spawned":[1,7,14,18,21],"killed_by":"Slavers","ascension_level":0}}