{"host":"m6aaltr68g9tvoay","time":1607729420,"event":{"mods":["AchievementEnabler","BaseMod","Colored Map","Minty Spire (QoL Compilation)","StSLib"],"gold_per_floor":[111,124,124,124,71,71,89,89,116,126,126,146,146,166,166,242,242,260,22,22,22,32,32,51,51,106,106,120,120,0,0,0,0,0],"floor_reached":33,"playtime":960,"items_purged":["Strike_G"],"score":458,"play_id":"efed4964-179b-4529-ae22-3180ae5e0a48","local_time":"20201211153020","is_ascension_mode":true,"campfire_choices":[{"data":"Bouncing Flask","floor":6.0,"key":"SMITH"},{"data":"Cloak And Dagger","floor":8.0,"key":"SMITH"},{"floor":11.0,"key":"REST"},{"data":"Accuracy","floor":13.0,"key":"SMITH"},{"floor":15.0,"key":"REST"},{"floor":23.0,"key":"REST"},{"data":"A Thousand Cuts","floor":25.0,"key":"SMITH"},{"data":"Venomology","floor":27.0,"key":"SMITH"},{"floor":29.0,"key":"REST"},{"floor":32,"key":"REST"}],"circlet_count":0,"master_deck":["AscendersBane","Strike_G","Strike_G","Strike_G","Strike_G","Defend_G","Defend_G","Defend_G","Defend_G","Defend_G","Survivor","Neutralize","Venomology+1","Bouncing Flask+1","Accuracy+1","PiercingWail","Cloak And Dagger+1","Deflect","Dash","Cloak And Dagger","Footwork","A Thousand Cuts+1","Shame","Trip","Storm of Steel","Dodge and Roll+1"],"relics":["Ring of the Snake","Dream Catcher","Boot","SacredBark","Anchor","PreservedInsect","Art of War"],"acts_visited":["Exordium","TheCity"],"potions_floor_usage":[33,33,33],"damage_taken":[{"damage":4.0,"enemies":"Small Slimes","floor":1.0,"turns":4.0},{"damage":1.0,"enemies":"Jaw Worm","floor":2.0,"turns":3.0},{"damage":4.0,"enemies":"Cultist","floor":7.0,"turns":4.0},{"damage":3.0,"enemies":"Large Slime","floor":10.0,"turns":5.0},{"damage":0.0,"enemies":"2 Fungi Beasts","floor":12.0,"turns":3.0},{"damage":2.0,"enemies":"Exordium Thugs","floor":14.0,"turns":5.0},{"damage":40.0,"enemies":"The Guardian","floor":16.0,"turns":8.0},{"damage":0.0,"enemies":"Spheric Guardian","floor":18.0,"turns":2.0},{"damage":19.0,"enemies":"2 Thieves","floor":22.0,"turns":5.0},{"damage":22.0,"enemies":"Centurion and Healer","floor":24.0,"turns":7.0},{"damage":36.0,"enemies":"Cultist and Chosen","floor":28.0,"turns":6.0},{"damage":76,"enemies":"Champ","floor":33,"turns":14}],"seed_played":"-2110048718478143086","potions_obtained":[{"floor":1.0,"key":"Weak Potion"},{"floor":7.0,"key":"LiquidMemories"},{"floor":12.0,"key":"LiquidBronze"},{"floor":16.0,"key":"LiquidMemories"},{"floor":18.0,"key":"SpeedPotion"},{"floor":22.0,"key":"Regen Potion"},{"floor":24.0,"key":"SteroidPotion"},{"floor":31,"key":"Dexterity Potion"}],"is_trial":false,"path_per_floor":["M","M","?","?","$","R","M","R","T","M","R","M","R","M","R","B",null,"M","$","?","?","M","R","M","R","T","R","M","R","?","?","R","B"],"character_chosen":"THE_SILENT","items_purchased":["PiercingWail","Anchor"],"campfire_rested":5,"item_purchase_floors":[5,19],"current_hp_per_floor":[55,54,59,33,33,33,29,29,29,26,47,47,47,45,66,26,60,60,60,60,48,29,50,71,71,71,71,35,56,56,56,71,0,0],"gold":0,"neow_bonus":"ONE_RANDOM_RARE_CARD","is_daily":false,"chose_seed":false,"campfire_upgraded":5,"win_rate":0.0,"timestamp":1607729420,"path_taken":["M","M","?","?","?","R","M","R","T","M","R","M","R","?","R","BOSS","M","$","?","?","?","R","M","R","T","R","M","R","?","?","R","BOSS"],"items_purchased_type":["Card","Relic"],"build_version":"2020-11-30","purchased_purges":1,"victory":false,"max_hp_per_floor":[66,66,71,71,71,71,71,71,71,71,71,71,71,71,71,71,71,71,71,71,71,71,71,71,71,71,71,71,71,71,71,71,71,71],"card_choices":[{"not_picked":["Concentrate","Dagger Throw"],"picked":"Bouncing Flask","floor":1.0},{"not_picked":["Quick Slash","Acrobatics"],"picked":"Accuracy","floor":2.0},{"not_picked":["Underhanded Strike","Dodge and Roll"],"picked":"Cloak And Dagger","floor":7.0},{"not_picked":["Underhanded Strike","Poisoned Stab"],"picked":"Deflect","floor":10.0},{"not_picked":["Masterful Stab","Endless Agony"],"picked":"Dash","floor":11.0},{"not_picked":["Slice","Setup"],"picked":"Cloak And Dagger","floor":12.0},{"not_picked":["Choke","Backflip"],"picked":"Footwork","floor":14.0},{"not_picked":["Unload","Adrenaline"],"picked":"A Thousand Cuts","floor":16.0},{"not_picked":["Skewer","Slice","Terror"],"picked":"SKIP","floor":18.0},{"not_picked":["Deadly Poison","Deflect","Poisoned Stab"],"picked":"SKIP","floor":22.0},{"not_picked":["Dodge and Roll","Bouncing Flask","Dagger Throw"],"picked":"SKIP","floor":24.0},{"not_picked":["Blur","Tactician+1"],"picked":"Storm of Steel","floor":28.0},{"not_picked":["Prepared","Quick Slash"],"picked":"Dodge and Roll+1","floor":32}],"player_experience":1222194,"relics_obtained":[{"floor":9.0,"key":"Boot"},{"floor":26.0,"key":"Art of War"}],"event_choices":[{"damage_healed":0.0,"max_hp_gain":5.0,"max_hp_loss":0.0,"gold_gain":0.0,"event_name":"Big Fish","player_choice":"Donut","floor":3.0,"gold_loss":0.0,"damage_taken":0.0},{"damage_healed":0.0,"max_hp_gain":0.0,"max_hp_loss":0.0,"gold_gain":0.0,"event_name":"Scrap Ooze","player_choice":"Success","floor":4.0,"gold_loss":0.0,"damage_taken":26.0,"relics_obtained":["Dream Catcher"]},{"damage_healed":0.0,"max_hp_gain":0.0,"max_hp_loss":0.0,"gold_gain":0.0,"event_name":"Addict","player_choice":"Stole Relic","floor":20.0,"gold_loss":0.0,"damage_taken":0.0,"relics_obtained":["PreservedInsect"],"cards_obtained":["Shame"]},{"damage_healed":0.0,"max_hp_gain":0.0,"max_hp_loss":0.0,"gold_gain":0.0,"event_name":"Knowing Skull","player_choice":"CARD ","floor":21.0,"potions_obtained":[],"gold_loss":0.0,"damage_taken":12.0,"cards_obtained":["Trip"]},{"damage_healed":0,"gold_gain":0,"player_choice":"Paid Fearfully","damage_taken":0,"max_hp_gain":0,"max_hp_loss":0,"event_name":"Masked Bandits","floor":30,"gold_loss":120},{"damage_healed":0,"gold_gain":0,"player_choice":"Got Potions","damage_taken":0,"max_hp_gain":0,"max_hp_loss":0,"event_name":"Lab","floor":31,"gold_loss":0}],"is_beta":false,"boss_relics":[{"not_picked":["Busted Crown","Cursed Key"],"picked":"SacredBark"}],"items_purged_floors":[19],"is_endless":false,"potions_floor_spawned":[1,7,10,12,16,18,22,24],"killed_by":"Champ","ascension_level":19}}