{"host":"vvp4eihuvtuugjfx","time":1607685063,"event":{"mods":["Act Like it!","Aspiration","BaseMod","Better Note","CCEM","Colored Map","Colored Powertips","Downfall","Hallownest","Highlight Path","Mimic Mod","Minty Spire (QoL Compilation)","Permanent Neow","Quick Restart","Replay The Spire","Shop Mod","Spicy Shops","StSLib","The Bug Knight","The Construct","Unceasing Turn Reminder"],"gold_per_floor":[119,119,131,39,51,77,97,127,159,188,205,219,244,244,244,337,337,356,356,394,394,394,461,461,461,508,571,628,628,628,628,628,755,755,801,831,869,48,149,149,149,149,222,277,343,371,371,0,31,94,94,114,114],"floor_reached":52,"playtime":5027,"items_purged":["Shame"],"score":1048,"play_id":"b24d004a-e30c-44f0-8758-2dc46c680285","local_time":"20201211121103","is_ascension_mode":true,"campfire_choices":[{"floor":15,"key":"REST"},{"floor":24,"key":"REST"},{"floor":30,"key":"REST"},{"data":"ReplayTheSpireMod:Scrap Shanks","floor":32,"key":"SMITH"},{"data":"Blade Dance","floor":32,"key":"SMITH"},{"floor":42,"key":"REST"},{"floor":47,"key":"REST"},{"floor":51,"key":"REST"}],"circlet_count":0,"master_deck":["AscendersBane","Strike_G+1","Strike_G+1","Strike_G+1","Strike_G+1","Defend_G+1","Defend_G+1","Defend_G+1","Defend_G+1","Defend_G+1","Survivor+1","Neutralize","Cloak And Dagger","Poison Darts","Prepared","Infinite Blades","Blade Dance+1","Caltrops","Poisoned Stab","ReplayTheSpireMod:Speed Training+1","ReplayTheSpireMod:Shiv Toss","Dash+1","ReplayTheSpireMod:Scrap Shanks+1","Slice","Phantasmal Killer","Underhanded Strike+1","Blade Dance+1","ReplayTheSpireMod:From All Sides","Noxious Fumes","Finisher+1","A Thousand Cuts","Concentrate","Flying Knee+1","Parasite","Cloak And Dagger+1","Slice","Footwork","Tactician","Secret Technique","ReplayTheSpireMod:Splinters","Infinite Blades","Tactician+1","Terror","ReplayTheSpireMod:Shiv Toss","Fluid Movement+1","Accuracy","Noxious Fumes+1","Blade Dance"],"relics":["Ring of the Snake","Burning Blood","Replay:Arrowhead","Regal Pillow","CCEMRelics:TinyMinotavrHorn","Golden Idol","construct:WeddingRing","Replay:Bandana","Enchiridion","construct:RocketBooster","Nloth\u0027s Gift","Pet Ghost","Bag of Preparation","WristBlade","MerchantsRug","Vajra","Guardian:BottledAnomaly","Replay:Rubber Ducky","Bronze Scales","Counterbalance","Red Mask","aspiration:ChemicalBlood"],"acts_visited":["Exordium","TheCity","TheBeyond"],"potions_floor_usage":[6,10,13,18,23,36,37,50,52,52,52,52],"damage_taken":[{"damage":4,"enemies":"Jaw Worm","floor":1,"turns":6},{"damage":2,"enemies":"Cultist","floor":3,"turns":4},{"damage":0,"enemies":"Small Slimes","floor":5,"turns":3},{"damage":19,"enemies":"3 Sentries","floor":6,"turns":11},{"damage":4,"enemies":"Blue Slaver","floor":7,"turns":5},{"damage":4,"enemies":"Lagavulin","floor":8,"turns":8},{"damage":0,"enemies":"3 Louse","floor":9,"turns":7},{"damage":12,"enemies":"Gremlin Nob","floor":10,"turns":2},{"damage":12,"enemies":"3 Louse","floor":11,"turns":3},{"damage":12,"enemies":"Exordium Thugs","floor":12,"turns":5},{"damage":6,"enemies":"3 Sentries","floor":13,"turns":5},{"damage":21,"enemies":"Hexaghost","floor":16,"turns":9},{"damage":22,"enemies":"2 Thieves","floor":18,"turns":4},{"damage":5,"enemies":"Shell Parasite","floor":20,"turns":5},{"damage":27,"enemies":"HollowMod:Nosk","floor":23,"turns":5},{"damage":30,"enemies":"Book of Stabbing","floor":27,"turns":5},{"damage":0,"enemies":"Centurion and Healer","floor":28,"turns":3},{"damage":54,"enemies":"Champ","floor":33,"turns":7},{"damage":0,"enemies":"3 Shapes","floor":35,"turns":3},{"damage":16,"enemies":"3 Darklings","floor":36,"turns":5},{"damage":48,"enemies":"Writhing Mass","floor":37,"turns":6},{"damage":13,"enemies":"Transient","floor":43,"turns":5},{"damage":71,"enemies":"Reptomancer","floor":44,"turns":5},{"damage":0,"enemies":"4 Shapes","floor":45,"turns":7},{"damage":5,"enemies":"4 Shapes","floor":46,"turns":5},{"damage":0,"enemies":"Writhing Mass","floor":49,"turns":2},{"damage":25,"enemies":"Giant Head","floor":50,"turns":7},{"damage":87,"enemies":"Awakened One","floor":52,"turns":8}],"seed_played":"-8532090366113479137","potions_obtained":[{"floor":3,"key":"SkillPotion"},{"floor":6,"key":"Death Potion"},{"floor":11,"key":"hexamod:EctoCoolerPotion"},{"floor":16,"key":"Strength Potion"},{"floor":20,"key":"ColorlessPotion"},{"floor":28,"key":"Block Potion"},{"floor":36,"key":"Slimebound:ThreeZeroPotion"},{"floor":49,"key":"SpeedPotion"},{"floor":50,"key":"Weak Potion"},{"floor":52,"key":"Dexterity Potion"}],"is_trial":false,"path_per_floor":["M","?","M","$","M","E","M","E","MIM","E","M","M","E","?","R","B",null,"M","?","M","?","?","E","R","?","T","E","M","?","R","?","R","B",null,"M","M","M","$","?","PTL","PTL","R","M","E","MIM","M","R","?","M","E","R","B"],"character_chosen":"THE_SILENT","items_purchased":["Replay:Arrowhead","MerchantsRug","Vajra","Guardian:BottledAnomaly","FairyPotion","Slice","Footwork","Tactician","Secret Technique"],"campfire_rested":6,"item_purchase_floors":[4,38,38,38,38,38,38,38,38],"current_hp_per_floor":[65,65,69,69,70,57,59,61,67,61,55,49,49,32,68,53,66,50,50,51,35,35,14,50,50,50,26,32,32,68,68,68,20,58,64,54,12,12,12,12,12,48,41,27,33,34,70,70,70,51,70,0,0],"gold":114,"neow_bonus":"NOSTALGIA","is_daily":false,"chose_seed":false,"campfire_upgraded":2,"win_rate":0.0,"timestamp":1607685063,"path_taken":["M","?","M","$","M","E","?","E","MIM","E","M","M","E","?","R","BOSS","M","?","M","?","?","E","R","?","T","E","?","?","R","?","R","BOSS","M","M","M","$","?","PTL","PTL","R","M","E","MIM","M","R","?","M","E","R","BOSS"],"items_purchased_type":["Relic","Relic","Relic","Relic","Potion","Card","Card","Card","Card"],"build_version":"2020-11-30","purchased_purges":1,"victory":false,"max_hp_per_floor":[70,70,70,70,70,70,70,70,70,70,70,70,70,70,70,70,70,70,70,70,70,70,70,70,70,70,70,70,70,70,70,70,70,70,70,70,70,70,70,70,70,70,70,70,70,70,70,70,70,70,70,70,70],"card_choices":[{"not_picked":["Backflip","Dodge and Roll"],"picked":"Cloak And Dagger","floor":1},{"not_picked":["Quick Slash","Outmaneuver"],"picked":"Prepared","floor":3},{"not_picked":["Bane","Burst"],"picked":"Infinite Blades","floor":5},{"not_picked":["Flechettes","Setup"],"picked":"Blade Dance","floor":6},{"not_picked":["Dagger Throw","Distraction"],"picked":"Caltrops","floor":7},{"not_picked":["Prepared","Sucker Punch"],"picked":"Poisoned Stab","floor":8},{"not_picked":["Flechettes","Blade Dance"],"picked":"ReplayTheSpireMod:Speed Training","floor":9},{"not_picked":["Poisoned Stab","Deflect"],"picked":"ReplayTheSpireMod:Shiv Toss","floor":10},{"not_picked":["Heel Hook","Flying Knee"],"picked":"Dash","floor":11},{"not_picked":["Expertise","ReplayTheSpireMod:Shiv Toss"],"picked":"ReplayTheSpireMod:Scrap Shanks","floor":12},{"not_picked":["Expertise","Quick Slash"],"picked":"Slice","floor":13},{"not_picked":["Burst","Venomology"],"picked":"Phantasmal Killer","floor":16},{"not_picked":["Slice","Sucker Punch+1"],"picked":"Underhanded Strike","floor":18},{"not_picked":["Deadly Poison","Escape Plan"],"picked":"Blade Dance+1","floor":20},{"not_picked":["Dodge and Roll+1","Cloak And Dagger"],"picked":"ReplayTheSpireMod:From All Sides","floor":23},{"not_picked":["Grand Finale","Deadly Poison"],"picked":"Noxious Fumes","floor":27},{"not_picked":["Infinite Blades","Backstab"],"picked":"Finisher","floor":28},{"not_picked":["Wraith Form v2","ReplayTheSpireMod:From All Sides"],"picked":"A Thousand Cuts","floor":33},{"not_picked":["Terror+1","Blur+1"],"picked":"Concentrate","floor":35},{"not_picked":["Cloak And Dagger","Replay:Poison Smokescreen+1"],"picked":"Flying Knee+1","floor":36},{"not_picked":["Well Laid Plans","Eviscerate"],"picked":"Cloak And Dagger+1","floor":37},{"not_picked":["Deflect","Flying Knee"],"picked":"Infinite Blades","floor":39},{"not_picked":["Terror","Deflect"],"picked":"Tactician+1","floor":39},{"not_picked":["Underhanded Strike","PiercingWail"],"picked":"Terror","floor":43},{"not_picked":["Footwork","Draining Mist"],"picked":"ReplayTheSpireMod:Shiv Toss","floor":44},{"not_picked":["Deflect","Eviscerate"],"picked":"Fluid Movement+1","floor":45},{"not_picked":["Deflect","Sucker Punch"],"picked":"Accuracy","floor":46},{"not_picked":["ReplayTheSpireMod:Tripwire","Escape Plan"],"picked":"Noxious Fumes+1","floor":49},{"not_picked":["Backflip","Grand Finale"],"picked":"Blade Dance","floor":50}],"player_experience":719235,"relics_obtained":[{"floor":6,"key":"Pocketwatch"},{"floor":8,"key":"aspiration:HiddenCompartment"},{"floor":9,"key":"Regal Pillow"},{"floor":10,"key":"CCEMRelics:TinyMinotavrHorn"},{"floor":13,"key":"War Paint"},{"floor":21,"key":"Enchiridion"},{"floor":23,"key":"construct:RocketBooster"},{"floor":26,"key":"Pet Ghost"},{"floor":27,"key":"Bag of Preparation"},{"floor":39,"key":"Replay:Rubber Ducky"},{"floor":44,"key":"Bronze Scales"},{"floor":45,"key":"Counterbalance"},{"floor":50,"key":"aspiration:ChemicalBlood"}],"event_choices":[{"damage_healed":0,"gold_gain":0,"cards_transformed":["Strike_G"],"player_choice":"Transformed","damage_taken":0,"max_hp_gain":0,"max_hp_loss":0,"event_name":"Transmorgrifier","floor":2,"gold_loss":0,"cards_obtained":["Poison Darts"]},{"damage_healed":0,"gold_gain":0,"player_choice":"Take Damage","damage_taken":17,"relics_obtained":["Golden Idol"],"max_hp_gain":0,"max_hp_loss":0,"event_name":"Golden Idol","floor":14,"gold_loss":0},{"damage_healed":0,"gold_gain":0,"player_choice":"Obtained Book","damage_taken":16,"max_hp_gain":0,"max_hp_loss":0,"event_name":"Cursed Tome","floor":21,"gold_loss":0},{"damage_healed":0,"gold_gain":0,"player_choice":"Traded Relic","damage_taken":0,"relics_obtained":["Nloth\u0027s Gift"],"max_hp_gain":0,"max_hp_loss":0,"event_name":"N\u0027loth","floor":25,"relics_lost":["aspiration:HiddenCompartment"],"gold_loss":0},{"damage_healed":0,"gold_gain":0,"player_choice":"Simplicity","damage_taken":0,"max_hp_gain":0,"max_hp_loss":0,"event_name":"Back to Basics","floor":31,"gold_loss":0,"cards_upgraded":["Strike_G","Strike_G","Strike_G","Strike_G","Defend_G","Defend_G","Defend_G","Defend_G"]},{"damage_healed":0,"gold_gain":0,"player_choice":"Paid","damage_taken":0,"relics_obtained":["Red Mask"],"max_hp_gain":0,"max_hp_loss":0,"event_name":"Tomb of Lord Red Mask","floor":48,"gold_loss":371}],"is_beta":false,"boss_relics":[{"not_picked":["aspiration:WatcherSkillbook","aspiration:RitualDagger"],"picked":"construct:WeddingRing"},{"not_picked":["Fusion Hammer","Snecko Scales"],"picked":"WristBlade"}],"items_purged_floors":[38],"is_endless":false,"potions_floor_spawned":[3,6,7,8,11,12,16,20,28,33,36,43,49,50],"killed_by":"Awakened One","ascension_level":13}}