{"host":"dhxdkxsvr0kfcb1i","time":1607664597,"event":{"mods":["Aspiration","BaseMod","Better Third Choice","Colored Map","Conspire","Downfall","Koishi","Luminous","Magitek Elite","Minty Spire (QoL Compilation)","Prisma Mod","Replay The Spire","Shade Mod","StSLib","The Animator","The Blackbeard","The Construct","The Judge","The Jungle","The Servant 0.9.4"],"gold_per_floor":[119,294,317,328,338,368,368,395,440,455,455,455,455,475,475,577,577,595,695,709,407,407,407,437,437,437,463,481,17,17,37,37,136,136,149,149,149,159,173,173,208,208,235,250,261,279,279,291,291,291,291,291,1,33,33],"floor_reached":56,"playtime":3105,"items_purged":["Doubt"],"score":1202,"play_id":"d3872c73-ca07-41a6-a6d2-efcf33ca7ba7","local_time":"20201210222957","is_ascension_mode":false,"campfire_choices":[{"floor":7.0,"key":"REST"},{"data":"Fire2","floor":11.0,"key":"SMITH"},{"data":"Fire2","floor":13.0,"key":"SMITH"},{"data":"Float2_Spell","floor":15.0,"key":"SMITH"},{"data":"expansioncontent:Corrupt","floor":23.0,"key":"SMITH"},{"data":"Blood_Hilt","floor":25.0,"key":"SMITH"},{"floor":32.0,"key":"RECALL"},{"data":"expansioncontent:CaCaw","floor":40.0,"key":"SMITH"},{"data":"Aero","floor":42.0,"key":"SMITH"},{"floor":47,"key":"REST"},{"data":"Remember","floor":49,"key":"SMITH"}],"circlet_count":0,"master_deck":["Strike_L+1","Strike_L+1","Strike_L+1","Strike_L+1","Defend_L+1","Defend_L+1","Defend_L+1","Defend_L+1","Defend_L+1","Fire2+2","Cure","Float2_Spell+1","Flametongue","Aero","Blood_Hilt+1","Remember+1","Magnus_Hat+1","Minerva_Bustier+1","expansioncontent:Corrupt+1","Balance","Remember","Shell+1","Thunder_Blade+1","Holy+1","Man_Eater+1","Ultima+1","expansioncontent:CaCaw+1","Flash of Steel","expansioncontent:DecasProtection","Protect_M+1","Bravery+1","Trance+1","ReplayTheSpireMod:Private Reserves+1","Magnus_Hat+1"],"relics":["Pendant","Akabeko","ReplayTheSpireMod:Ninjato","MealTicket","Replay:Baseball","Black Star","Regal Pillow","Chameleon Ring","FossilizedHelix","Pantograph","Mirror","Golden Egg","Lantern","Golden_Hairpin","Quantum Egg","Juzu Bracelet","Pen Nib","Shuriken","aspiration:HatOfInfinitePower"],"acts_visited":["Exordium","TheCity","TheBeyond","TheEnding"],"potions_floor_usage":[50,55,55,55],"damage_taken":[{"damage":20.0,"enemies":"Jaw Worm","floor":1.0,"turns":8.0},{"damage":7.0,"enemies":"Small Slimes","floor":4.0,"turns":4.0},{"damage":0.0,"enemies":"Cultist","floor":5.0,"turns":2.0},{"damage":24.0,"enemies":"Replay:BlueRogue","floor":6.0,"turns":10.0},{"damage":35.0,"enemies":"Gremlin Nob","floor":8.0,"turns":6.0},{"damage":12.0,"enemies":"Blue Slaver","floor":10.0,"turns":3.0},{"damage":7.0,"enemies":"Lots of Slimes","floor":14.0,"turns":6.0},{"damage":17.0,"enemies":"The Guardian","floor":16.0,"turns":8.0},{"damage":23.0,"enemies":"Shell Parasite","floor":18.0,"turns":7.0},{"damage":10.0,"enemies":"Spheric Guardian","floor":20.0,"turns":5.0},{"damage":27.0,"enemies":"conspire:SneckoGhost","floor":24.0,"turns":6.0},{"damage":8.0,"enemies":"Replay:Snechameleon","floor":27.0,"turns":8.0},{"damage":19.0,"enemies":"Shelled Parasite and Fungi","floor":28.0,"turns":4.0},{"damage":0.0,"enemies":"Sentry and Sphere","floor":31.0,"turns":4.0},{"damage":75.0,"enemies":"Collector","floor":33.0,"turns":11.0},{"damage":0.0,"enemies":"Orb Walker","floor":35.0,"turns":2.0},{"damage":14.0,"enemies":"3 Darklings","floor":38.0,"turns":5.0},{"damage":0.0,"enemies":"Transient","floor":39.0,"turns":5.0},{"damage":22.0,"enemies":"R_Hoarder","floor":41.0,"turns":5.0},{"damage":13.0,"enemies":"Jaw Worm Horde","floor":44.0,"turns":4.0},{"damage":15,"enemies":"4 Shapes","floor":45,"turns":3},{"damage":1,"enemies":"Maw","floor":46,"turns":9},{"damage":0,"enemies":"3 Darklings","floor":48,"turns":2},{"damage":59,"enemies":"Awakened One","floor":50,"turns":7},{"damage":10,"enemies":"Shield and Spear","floor":54,"turns":8},{"damage":32,"enemies":"The Heart","floor":55,"turns":7}],"seed_played":"4638341846259653718","potions_obtained":[{"floor":4.0,"key":"SpeedPotion"},{"floor":8.0,"key":"Ancient Potion"},{"floor":14.0,"key":"Ancient Potion"},{"floor":16.0,"key":"BlessingOfTheForge"},{"floor":27.0,"key":"PowerPotion"},{"floor":33.0,"key":"Swift Potion"},{"floor":35.0,"key":"Adrenaline Potion"},{"floor":39.0,"key":"LifebloodPotion"},{"floor":45,"key":"DistilledChaos"},{"floor":52,"key":"Reflective Coating"}],"is_trial":false,"path_per_floor":["M","?","T","M","M","E","R","E","T","M","R","?","R","M","R","B",null,"M","?","M","$","?","R","E","R","T","E","M","$","?","M","R","B",null,"M","?","T","M","M","R","E","R","T","M","M","M","R","M","R","B",null,"R","$","E","B",null],"character_chosen":"MAGITEKELITE","items_purchased":["expansioncontent:Corrupt","Balance","Golden Egg","Holy+1","Lantern","Trance","SpeedPotion","ReplayTheSpireMod:Private Reserves"],"campfire_rested":2,"item_purchase_floors":[21,21,29,29,29,53,53,53],"current_hp_per_floor":[52,52,52,51,51,33,53,24,24,18,18,69,69,64,64,52,69,55,55,52,67,67,67,48,48,48,60,53,68,68,68,68,10,69,69,59,59,57,63,63,43,43,43,30,15,22,57,57,57,26,69,69,69,65,65],"gold":33,"neow_bonus":"TEN_PERCENT_HP_BONUS","is_daily":false,"chose_seed":false,"campfire_upgraded":8,"win_rate":0.0,"timestamp":1607664597,"path_taken":["M","?","?","M","M","E","R","E","T","M","R","?","R","?","R","BOSS","M","?","?","$","?","R","E","R","T","E","M","$","?","M","R","BOSS","M","?","?","?","M","R","E","R","T","M","M","M","R","M","R","BOSS","R","$","E","BOSS"],"items_purchased_type":["Card","Card","Relic","Undefined","Relic","Card","Potion","Card"],"build_version":"2020-11-30","purchased_purges":1,"victory":true,"max_hp_per_floor":[69,69,69,69,69,69,69,69,69,69,69,69,69,69,69,69,69,69,69,69,69,69,69,69,69,69,69,69,69,69,69,69,69,69,69,69,69,69,69,69,69,69,69,69,69,69,69,69,69,69,69,69,69,69,69],"card_choices":[{"not_picked":["Vox","Protect_M","Water"],"picked":"SKIP","floor":1.0},{"not_picked":["Aero","Mythril_Knife"],"picked":"Float2_Spell","floor":4.0},{"not_picked":["Rune_Blade","Gaia_Gear","Crystal_Sword"],"picked":"SKIP","floor":5.0},{"not_picked":["Dispel","Slow"],"picked":"Minerva_Bustier","floor":6.0},{"not_picked":["Meltdown","Heavy_Shield"],"picked":"Flametongue","floor":8.0},{"not_picked":["Minerva_Bustier","Wall"],"picked":"Aero","floor":10.0},{"not_picked":["Mama","Protect_M"],"picked":"Blood_Hilt","floor":14.0},{"not_picked":["Mama","Mystery_Veil"],"picked":"Remember","floor":16.0},{"not_picked":["Thornlet","Cursed_Shield"],"picked":"Magnus_Hat+1","floor":18.0},{"not_picked":["Transpose2","Icebrand"],"picked":"Minerva_Bustier+1","floor":20.0},{"not_picked":["Tornado","Esuna+"],"picked":"Remember","floor":24.0},{"not_picked":["Magnus_Hat","Throw"],"picked":"Shell+1","floor":27.0},{"not_picked":["Mythril_Knife","Meteor+1"],"picked":"Thunder_Blade+1","floor":28.0},{"not_picked":["Crystal_Sword","Vox"],"picked":"Man_Eater+1","floor":31.0},{"not_picked":["Mystery_Veil","Might"],"picked":"Ultima","floor":33.0},{"not_picked":["Falchion+1","Dispel+1","Rune_Blade"],"picked":"SKIP","floor":35.0},{"not_picked":["Trip","ReplayUltimateDefense"],"picked":"expansioncontent:CaCaw","floor":36.0},{"not_picked":["Good Instincts","Blind"],"picked":"Flash of Steel","floor":36.0},{"not_picked":["expansioncontent:YouAreMine","Replay:SS_hec_1"],"picked":"expansioncontent:DecasProtection","floor":36.0},{"not_picked":["Man_Eater","Thunder_P","Break+1"],"picked":"SKIP","floor":38.0},{"not_picked":["Gaia_Gear+1","Meltdown+1","Thunder_Blade+1"],"picked":"SKIP","floor":39.0},{"not_picked":["Thousand_Needles","Heavy_Shield+1"],"picked":"Protect_M+1","floor":41.0},{"not_picked":["Vox","Thunder_Blade+1","Cursed_Shield"],"picked":"SKIP","floor":44.0},{"not_picked":["Aero","Meteor+1","Circlet"],"picked":"SKIP","floor":45},{"not_picked":["Protect_M","Icebrand+1"],"picked":"Bravery+1","floor":46},{"not_picked":["Gladius+1","Astra+1","Thunder_P"],"picked":"SKIP","floor":48},{"not_picked":["Thunder_Blade+1","Haste+1"],"picked":"Magnus_Hat+1","floor":54}],"player_experience":695998,"relics_obtained":[{"floor":3.0,"key":"Akabeko"},{"floor":6.0,"key":"ReplayTheSpireMod:Ninjato"},{"floor":8.0,"key":"MealTicket"},{"floor":9.0,"key":"Replay:Baseball"},{"floor":24.0,"key":"Regal Pillow"},{"floor":24.0,"key":"Chameleon Ring"},{"floor":26.0,"key":"FossilizedHelix"},{"floor":27.0,"key":"Pantograph"},{"floor":27.0,"key":"Mirror"},{"floor":37.0,"key":"Quantum Egg"},{"floor":41.0,"key":"Juzu Bracelet"},{"floor":41.0,"key":"Pen Nib"},{"floor":54,"key":"Shuriken"},{"floor":54,"key":"aspiration:HatOfInfinitePower"}],"event_choices":[{"damage_healed":0.0,"max_hp_gain":0.0,"max_hp_loss":0.0,"gold_gain":175.0,"event_name":"betterThird:BetterSerpent","player_choice":"AGREE","floor":2.0,"gold_loss":0.0,"damage_taken":119.0},{"cards_removed":["Minerva_Bustier"],"damage_healed":51.0,"max_hp_gain":0.0,"max_hp_loss":0.0,"gold_gain":0.0,"event_name":"Bonfire Elementals","player_choice":"Offered Uncommon","floor":12.0,"gold_loss":0.0,"damage_taken":0.0},{"damage_healed":0.0,"max_hp_gain":0.0,"max_hp_loss":0.0,"gold_gain":100.0,"event_name":"Golden Shrine","player_choice":"Pray","floor":19.0,"gold_loss":0.0,"damage_taken":0.0},{"damage_healed":0.0,"max_hp_gain":0.0,"max_hp_loss":9.0,"gold_gain":0.0,"event_name":"betterThird:BetterWriting","player_choice":"Simplicity","floor":22.0,"gold_loss":0.0,"damage_taken":0.0},{"damage_healed":0.0,"max_hp_gain":0.0,"max_hp_loss":0.0,"gold_gain":0.0,"event_name":"SensoryStone","player_choice":"Memory 3","floor":36.0,"gold_loss":0.0,"damage_taken":10.0}],"is_beta":false,"boss_relics":[{"not_picked":["Pandora\u0027s Box","Honey Jar"],"picked":"Black Star"},{"not_picked":["Astrolabe","conspire:RoyalGoblet"],"picked":"Golden_Hairpin"}],"items_purged_floors":[21],"is_endless":false,"potions_floor_spawned":[4,8,14,16,18,20,27,33,35,39,45,46],"ascension_level":0}}