{"host":"1krvlh4vk1vybq4t","time":1607694104,"event":{"mods":["2.2 Compatiblity","Act Like it!","Alarm Clock","Aspiration","BaseMod","Better Altar","Better Match","Better Note","Better Sensory Stone","Better Skull","Better Synergies","Better Third Choice","Better-Laid Plans","BetterRewards","Block Reminder","Booster Modes","Challenge The Spire","Colored Map","Conspire","Custom Start","Defective Defect","Energized Spire","Filter the Spire","GifTheSpireLib","Googly Eyes","Hubris","Ironclad Rager","Marked Mod","Minty Spire (QoL Compilation)","Quick Restart","Relic Stats","Replay The Spire","Shop Mod","StSLib","Stuff the Spire","SuperFastMode","Swap Starting Deck Mod","Transform Curses","Virulent Crown","Waifu the Spire","everything is the same but u backflip on backflip","slay the spire mod where everything is the same but ironclad has a cowboy hat"],"gold_per_floor":[110,110,31,41,41,41,73,73,73,85,85,85,85,115,115,115,115],"floor_reached":16,"playtime":370,"items_purged":[],"score":175,"play_id":"472eaf38-321a-4284-9788-30b48d3a1269","local_time":"20201211144144","is_ascension_mode":true,"campfire_choices":[{"data":"StuffTheSpire:Slingshot","floor":6,"key":"SMITH"},{"data":"Bash","floor":8,"key":"SMITH"},{"data":"Pot Of Greed","floor":12,"key":"SMITH"},{"data":"Pot Of Greed","floor":15,"key":"SMITH"}],"circlet_count":0,"master_deck":["AscendersBane","Strike_R","Strike_R","Strike_R","Strike_R","Strike_R","Defend_R","Defend_R","Defend_R","Defend_R","StuffTheSpire:Slingshot+1","Injury","StuffTheSpire:Pyroclast+1","Whirlwind+1","Pot Of Greed+1","Pot Of Greed+1","Survivor+1","Neutralize+1","ReplayTheSpireMod:Strike From Hell+1"],"relics":["Burning Blood","Molten Egg 2","Ancient Tea Set","hubris:Metronome","Grinning Jar","hubris:Towel","conspire:TopHat"],"acts_visited":["Exordium"],"potions_floor_usage":[],"damage_taken":[{"damage":9,"enemies":"Jaw Worm","floor":1,"turns":4},{"damage":5,"enemies":"Small Slimes","floor":4,"turns":4},{"damage":32,"enemies":"Gremlin Nob","floor":7,"turns":4},{"damage":0,"enemies":"Cultist","floor":10,"turns":2},{"damage":21,"enemies":"Lagavulin","floor":14,"turns":6},{"damage":49,"enemies":"Fading Forest","floor":16,"turns":7}],"seed_played":"7608978450789399133","potions_obtained":[{"floor":7,"key":"BlessingOfTheForge"},{"floor":14,"key":"Strength Potion"}],"is_trial":false,"path_per_floor":["M","?","$","M","?","R","E","R","T","M","?","R","?","E","R","B"],"character_chosen":"IRONCLAD","items_purchased":["StuffTheSpire:Pyroclast+1"],"campfire_rested":0,"item_purchase_floors":[3],"current_hp_per_floor":[69,69,69,70,70,70,44,44,44,50,50,50,50,35,35,0,0],"gold":115,"neow_bonus":"THREE_CARDS","is_daily":false,"chose_seed":false,"campfire_upgraded":4,"win_rate":0.0,"timestamp":1607694104,"path_taken":["M","?","$","M","?","R","E","R","T","?","?","R","?","E","R","BOSS"],"items_purchased_type":["Undefined"],"build_version":"2020-11-30","purchased_purges":0,"victory":false,"max_hp_per_floor":[80,80,80,80,80,80,80,80,80,80,80,80,80,80,80,80,80],"relic_stats":{"counters":[6,27],"obtain_stats":[{"hubris:Metronome":7,"Molten Egg 2":2,"Grinning Jar":9,"hubris:Towel":11,"Ancient Tea Set":5,"Burning Blood":0,"conspire:TopHat":14},{"hubris:Metronome":3,"Molten Egg 2":1,"Grinning Jar":3,"hubris:Towel":4,"Ancient Tea Set":2,"Burning Blood":0,"conspire:TopHat":5},{"hubris:Metronome":12,"Molten Egg 2":4,"Grinning Jar":12,"hubris:Towel":14,"Ancient Tea Set":8,"Burning Blood":0,"conspire:TopHat":20}],"Burning Blood":30},"card_choices":[{"not_picked":["Armaments","Perfected Strike"],"picked":"StuffTheSpire:Slingshot","floor":0},{"not_picked":["StuffTheSpire:Slingshot","Havoc","Heavy Blade"],"picked":"SKIP","floor":1},{"not_picked":["Body Slam+1","Anger+1","ReplayTheSpireMod:LeadingStrike+1"],"picked":"SKIP","floor":4},{"not_picked":["Havoc","Heavy Blade+1"],"picked":"Whirlwind+1","floor":7},{"not_picked":["Pommel Strike+1","Flex","Evolve"],"picked":"SKIP","floor":10},{"not_picked":["Body Slam+1","Thunderclap+1"],"picked":"ReplayTheSpireMod:Strike From Hell+1","floor":14}],"player_experience":429105,"relics_obtained":[{"floor":5,"key":"Ancient Tea Set"},{"floor":7,"key":"hubris:Metronome"},{"floor":9,"key":"Grinning Jar"},{"floor":14,"key":"conspire:TopHat"}],"event_choices":[{"damage_healed":0,"gold_gain":0,"player_choice":"Relic","damage_taken":0,"max_hp_gain":0,"max_hp_loss":0,"event_name":"Wheel of Change","floor":5,"gold_loss":0}],"is_beta":false,"boss_relics":[],"items_purged_floors":[],"is_endless":false,"potions_floor_spawned":[7,14],"killed_by":"Fading Forest","ascension_level":13}}