{"host":"63rwe7p34ct1i0qu","time":1607673626,"event":{"mods":["BaseMod","DeckTracker","Minty Spire (QoL Compilation)","Permanent Neow","Quick Restart","StSLib"],"gold_per_floor":[114,114,129,129,144,159,189,204,204,204,219,219,141,171,171,271,271,286,286,286,301,301,331,346,297,297,297,297,327,342,357,357,457,457,472,472,472,119,134,134,164,164,189,219,219,234,264,279,279,279],"floor_reached":51,"playtime":2549,"items_purged":[],"score":960,"play_id":"61a6005c-a0d8-4b4a-a14b-c35ca1992b58","local_time":"20201211170026","daily_mods":["Heirloom","Green Cards","DeadlyEvents"],"is_ascension_mode":false,"campfire_choices":[{"data":"Eruption","floor":10.0,"key":"SMITH"},{"data":"Blade Dance","floor":12.0,"key":"SMITH"},{"data":"Finisher","floor":15.0,"key":"SMITH"},{"data":"Halt","floor":28.0,"key":"SMITH"},{"floor":32.0,"key":"REST"},{"data":"EmptyBody","floor":40.0,"key":"SMITH"},{"data":"Night Terror","floor":42.0,"key":"SMITH"},{"data":"Madness","floor":45.0,"key":"SMITH"},{"data":"DeusExMachina","floor":49.0,"key":"SMITH"}],"circlet_count":0,"master_deck":["Strike_P+1","Strike_P+1","Strike_P+1","Defend_P+1","Defend_P+1","Eruption+1","Vigilance","Blade Dance+1","BowlingBash+1","Tantrum+1","EmptyFist","Night Terror+1","Finisher+1","LessonLearned","Wraith Form v2+1","SandsOfTime","Halt+1","Footwork+1","After Image+1","Madness","Madness+1","EmptyBody+1","Adaptation+1","Protect+1","Outmaneuver+1","DeusExMachina+1"],"relics":["PureWater","Mango","Matryoshka","Bag of Marbles","Mummified Hand","Frozen Egg 2","Orichalcum","Empty Cage","Singing Bowl","Ornamental Fan","TeardropLocket","Shuriken","Thread and Needle","Busted Crown","Kunai","MealTicket","Akabeko","Dream Catcher","Anchor"],"acts_visited":["Exordium","TheCity","TheBeyond"],"potions_floor_usage":[50,50,50],"damage_taken":[{"damage":0.0,"enemies":"2 Louse","floor":1.0,"turns":2.0},{"damage":0.0,"enemies":"Small Slimes","floor":3.0,"turns":4.0},{"damage":3.0,"enemies":"Jaw Worm","floor":5.0,"turns":3.0},{"damage":2.0,"enemies":"Looter","floor":6.0,"turns":3.0},{"damage":13.0,"enemies":"Lagavulin","floor":7.0,"turns":6.0},{"damage":2.0,"enemies":"3 Louse","floor":8.0,"turns":3.0},{"damage":0.0,"enemies":"Large Slime","floor":11.0,"turns":1.0},{"damage":0.0,"enemies":"3 Sentries","floor":14.0,"turns":3.0},{"damage":27.0,"enemies":"The Guardian","floor":16.0,"turns":8.0},{"damage":5.0,"enemies":"3 Byrds","floor":18.0,"turns":4.0},{"damage":2.0,"enemies":"Chosen","floor":21.0,"turns":3.0},{"damage":19.0,"enemies":"Book of Stabbing","floor":23.0,"turns":4.0},{"damage":0.0,"enemies":"Sentry and Sphere","floor":24.0,"turns":1.0},{"damage":0.0,"enemies":"Gremlin Leader","floor":29.0,"turns":3.0},{"damage":7.0,"enemies":"Centurion and Healer","floor":30.0,"turns":5.0},{"damage":0.0,"enemies":"Shelled Parasite and Fungi","floor":31.0,"turns":4.0},{"damage":56.0,"enemies":"Automaton","floor":33.0,"turns":10.0},{"damage":0.0,"enemies":"Orb Walker","floor":35.0,"turns":3.0},{"damage":0.0,"enemies":"3 Darklings","floor":39.0,"turns":3.0},{"damage":0.0,"enemies":"Giant Head","floor":41.0,"turns":6.0},{"damage":0.0,"enemies":"Nemesis","floor":44.0,"turns":5.0},{"damage":0.0,"enemies":"Sphere and 2 Shapes","floor":46.0,"turns":5.0},{"damage":0.0,"enemies":"Giant Head","floor":47.0,"turns":8.0},{"damage":0.0,"enemies":"Maw","floor":48.0,"turns":6.0},{"damage":56,"enemies":"Awakened One","floor":50,"turns":7}],"seed_played":"-551933171069321123","potions_obtained":[{"floor":6.0,"key":"Fire Potion"},{"floor":7.0,"key":"Dexterity Potion"},{"floor":8.0,"key":"SteroidPotion"},{"floor":18.0,"key":"Regen Potion"},{"floor":23.0,"key":"Ancient Potion"},{"floor":24.0,"key":"SpeedPotion"},{"floor":35.0,"key":"Energy Potion"},{"floor":41.0,"key":"SkillPotion"},{"floor":48.0,"key":"LiquidMemories"}],"is_trial":false,"path_per_floor":["M","$","M","?","M","M","E","M","T","R","M","R","$","E","R","B",null,"M","?","?","M","$","E","M","$","T","T","R","E","M","M","R","B",null,"M","?","?","$","M","R","E","R","T","E","R","M","E","M","R","B",null],"character_chosen":"WATCHER","items_purchased":["Finisher","Halt","Kunai","EmptyBody","Adaptation+1"],"campfire_rested":1,"item_purchase_floors":[13,25,38,38,38],"current_hp_per_floor":[86,86,86,74,71,69,56,54,54,54,54,54,54,54,54,27,86,81,64,64,62,62,57,59,59,59,59,59,61,56,56,85,29,99,101,88,88,88,90,90,90,90,90,90,90,92,92,94,94,38],"gold":279,"neow_bonus":"","is_daily":true,"chose_seed":false,"campfire_upgraded":8,"win_rate":0.0,"timestamp":1607673626,"path_taken":["M","$","M","?","M","M","E","M","T","R","M","R","$","E","R","BOSS","M","?","?","M","$","E","M","$","T","?","R","?","M","?","R","BOSS","M","?","?","$","?","R","E","R","T","E","R","M","?","M","R","BOSS"],"items_purchased_type":["Card","Card","Relic","Card","Undefined"],"build_version":"2020-11-30","purchased_purges":0,"victory":true,"max_hp_per_floor":[86,86,86,86,86,86,86,86,86,86,86,86,86,86,86,86,86,86,91,91,91,91,93,95,95,95,95,95,97,99,99,99,99,99,101,101,101,101,103,103,103,103,103,103,103,105,105,107,107,107],"card_choices":[{"not_picked":["Prostrate","SashWhip"],"picked":"Blade Dance","floor":1.0},{"not_picked":["Poisoned Stab","Deadly Poison"],"picked":"BowlingBash","floor":3.0},{"not_picked":["Poisoned Stab","Blur"],"picked":"Tantrum","floor":5.0},{"not_picked":["Halt","Endless Agony"],"picked":"EmptyFist","floor":6.0},{"not_picked":["Crescendo","Conclude","ThirdEye"],"picked":"SKIP","floor":7.0},{"not_picked":["CutThroughFate","Deadly Poison"],"picked":"Night Terror","floor":8.0},{"not_picked":["Deadly Poison","Backflip","FlyingSleeves"],"picked":"SKIP","floor":11.0},{"not_picked":["Finisher","Flechettes"],"picked":"LessonLearned","floor":14.0},{"not_picked":["Tools of the Trade+1","A Thousand Cuts+1"],"picked":"Wraith Form v2+1","floor":16.0},{"not_picked":["Dodge and Roll+1","Deadly Poison","SashWhip+1"],"picked":"SKIP","floor":18.0},{"not_picked":["Crescendo","FlurryOfBlows"],"picked":"SandsOfTime","floor":21.0},{"not_picked":["Establishment+1","Acrobatics","EmptyFist"],"picked":"Singing Bowl","floor":23.0},{"not_picked":["WindmillStrike","Deadly Poison","Cloak And Dagger"],"picked":"Singing Bowl","floor":24.0},{"not_picked":["Underhanded Strike+1","Predator","Acrobatics"],"picked":"Singing Bowl","floor":29.0},{"not_picked":["Bane","Acrobatics","Poisoned Stab"],"picked":"Singing Bowl","floor":30.0},{"not_picked":["Cloak And Dagger","FlurryOfBlows"],"picked":"Footwork+1","floor":31.0},{"not_picked":["Night Terror","Storm of Steel"],"picked":"After Image+1","floor":33.0},{"not_picked":["CrushJoints+1"],"picked":"Singing Bowl","floor":35.0},{"not_picked":["Bane+1"],"picked":"Singing Bowl","floor":39.0},{"not_picked":[],"picked":"Protect+1","floor":41.0},{"not_picked":[],"picked":"Outmaneuver+1","floor":44.0},{"not_picked":["Acrobatics"],"picked":"Singing Bowl","floor":46.0},{"not_picked":[],"picked":"DeusExMachina","floor":47.0},{"not_picked":["Quick Slash"],"picked":"Singing Bowl","floor":48.0}],"player_experience":1264615,"relics_obtained":[{"floor":7.0,"key":"Bag of Marbles"},{"floor":9.0,"key":"Mummified Hand"},{"floor":9.0,"key":"Frozen Egg 2"},{"floor":14.0,"key":"Orichalcum"},{"floor":23.0,"key":"Singing Bowl"},{"floor":26.0,"key":"Ornamental Fan"},{"floor":26.0,"key":"TeardropLocket"},{"floor":27.0,"key":"Shuriken"},{"floor":29.0,"key":"Thread and Needle"},{"floor":41.0,"key":"MealTicket"},{"floor":43.0,"key":"Akabeko"},{"floor":44.0,"key":"Dream Catcher"},{"floor":47.0,"key":"Anchor"}],"event_choices":[{"damage_healed":0.0,"max_hp_gain":0.0,"max_hp_loss":0.0,"gold_gain":0.0,"event_name":"Scrap Ooze","player_choice":"Success","floor":4.0,"gold_loss":0.0,"damage_taken":12.0,"relics_obtained":["Matryoshka"]},{"damage_healed":0.0,"max_hp_gain":5.0,"max_hp_loss":0.0,"gold_gain":0.0,"event_name":"Forgotten Altar","player_choice":"Shed Blood","floor":19.0,"gold_loss":0.0,"damage_taken":22.0},{"damage_healed":0.0,"max_hp_gain":0.0,"max_hp_loss":0.0,"gold_gain":0.0,"event_name":"Back to Basics","player_choice":"Simplicity","floor":20.0,"gold_loss":0.0,"damage_taken":0.0,"cards_upgraded":["Strike_P","Strike_P","Strike_P","Defend_P","Defend_P","Defend_P"]},{"damage_healed":0.0,"max_hp_gain":0.0,"max_hp_loss":0.0,"gold_gain":0.0,"event_name":"Winding Halls","player_choice":"Embrace Madness","floor":36.0,"gold_loss":0.0,"damage_taken":13.0,"cards_obtained":["Madness","Madness"]},{"cards_removed":["Defend_P"],"damage_healed":0.0,"max_hp_gain":0.0,"max_hp_loss":0.0,"gold_gain":0.0,"event_name":"Falling","player_choice":"Removed Skill","floor":37.0,"gold_loss":0.0,"damage_taken":0.0}],"is_beta":false,"boss_relics":[{"not_picked":["Black Star","Calling Bell"],"picked":"Empty Cage"},{"not_picked":["Snecko Eye","Sozu"],"picked":"Busted Crown"}],"items_purged_floors":[],"is_endless":false,"potions_floor_spawned":[6,7,8,11,18,23,24,31,35,41,48],"ascension_level":0}}