{"host":"tst5pjz7m60hr0pr","time":1607660302,"event":{"mods":["AchievementEnabler","Act Like it!","Aspiration","Bard","BaseMod","Beaked The Cultist","Better Altar","Better Match","Better Note","Better Sensory Stone","Better Skull","Better Third Choice","BetterRewards","CCEM","Clawfect","Colored Map","Conspire","Downfall","GifTheSpireLib","Googly Eyes","Halation","Hallownest","Hermit","Highlight Path","Hubris","Hunter ??","Infinite Spire","Jedi Mod","Marisa????????","Mimic Mod","Minty Spire (QoL Compilation)","Permanent Neow","Replay The Spire","Shade Mod","Shop Mod","Spicy Shops","StSLib","Stuff the Spire","The Administrix","The Blackbeard","The Bug Knight","The Cursed","The Disciple","The IronCluck","The Jungle","The Mystic","The Necromancer","The Problem Sleuth","The Runesmith","The Servant 0.9.4","The Spell Scribe","Unceasing Turn Reminder","everything is the same but u backflip on backflip","slay the spire mod where everything is the same but ironclad has a cowboy hat"],"gold_per_floor":[113,113,127,127,16,42,42,42,68,68,88,108,108,108,333,431,431,441,441,441,455,29,29,29],"floor_reached":23,"playtime":2106,"items_purged":[],"score":187,"play_id":"eba57a85-f0ef-42e7-acd3-fd5ab7d43aea","local_time":"20201210221822","is_ascension_mode":false,"campfire_choices":[{"data":"hermit:Combo","floor":8,"key":"SMITH"},{"floor":13,"key":"REST"}],"circlet_count":0,"master_deck":["hermit:Strike_Hermit","hermit:Strike_Hermit","hermit:Strike_Hermit","hermit:Strike_Hermit","hermit:Defend_Hermit","hermit:Defend_Hermit","hermit:Defend_Hermit","hermit:Defend_Hermit","hermit:Snapshot","hermit:Covet","hermit:Combo+1","hermit:Headshot","Regret","hermit:RoundhouseKick","hermit:Brawl","hermit:Gestalt","hermit:Midnight","expansioncontent:YouAreMine","hermit:Gambit","hermit:SprayPray","hermit:Enervate"],"relics":["hermit:Momento","StuffTheSpire:Barrel","FaceOfCleric","jedi:gremlinknob","Ancient Tea Set","CCEMRelics:Barrel","StuffTheSpire:GrapeVine","Chemical X","CCEMRelics:JestersCrown","HollowMod:PaleOreRelic","Happy Flower","jedi:arcanewood","MerchantsRug","CCEMRelics:WrappedPresent","Oddly Smooth Stone","conspire:GlowingRock"],"acts_visited":["Exordium","TheCity"],"potions_floor_usage":[16,23,23],"damage_taken":[{"damage":1,"enemies":"conspire:RoseBush","floor":1,"turns":4},{"damage":15,"enemies":"infinitespire:Voidling","floor":3,"turns":5},{"damage":20,"enemies":"Replay:BlueRogue","floor":6,"turns":7},{"damage":1,"enemies":"Jaw Worm","floor":11,"turns":2},{"damage":6,"enemies":"Looter","floor":12,"turns":4},{"damage":9,"enemies":"Fading Forest","floor":16,"turns":11},{"damage":12,"enemies":"Spheric Guardian","floor":18,"turns":4},{"damage":2,"enemies":"Chosen","floor":21,"turns":3},{"damage":41,"enemies":"Book of Stabbing","floor":23,"turns":5}],"seed_played":"-1314242507162688644","potions_obtained":[{"floor":6,"key":"PowerPotion"},{"floor":11,"key":"Block Potion"},{"floor":12,"key":"SmokeBomb"},{"floor":16,"key":"Energy Potion"},{"floor":21,"key":"hermit:Tonic"}],"is_trial":false,"path_per_floor":["M","?","M","?","$","E","T","R","T","$","M","M","R","?","R_BF","B",null,"M","?","?","M","$","E"],"character_chosen":"HERMIT","items_purchased":["hermit:RoundhouseKick","Chemical X","CCEMRelics:JestersCrown","MerchantsRug","CCEMRelics:WrappedPresent","Oddly Smooth Stone"],"campfire_rested":1,"item_purchase_floors":[5,10,10,22,22,22],"current_hp_per_floor":[74,74,69,69,69,58,58,58,58,38,38,33,56,56,56,58,80,69,36,36,35,45,4,4],"gold":29,"neow_bonus":"RANDOM_COMMON_RELIC","is_daily":false,"chose_seed":false,"campfire_upgraded":1,"win_rate":0.0,"timestamp":1607660302,"path_taken":["M","?","?","?","$","E","?","R","T","?","M","M","R","?","R_BF","BOSS","M","?","?","M","$","E"],"items_purchased_type":["Card","Relic","Relic","Relic","Relic","Relic"],"build_version":"2020-11-30","purchased_purges":0,"victory":false,"max_hp_per_floor":[75,75,76,76,76,77,77,77,77,77,78,79,79,79,79,80,80,81,81,81,82,87,87,87],"card_choices":[{"not_picked":["hermit:TrackingShot","hermit:HoleUp"],"picked":"hermit:Combo","floor":1},{"not_picked":["hermit:Roulette","hermit:Ricochet"],"picked":"hermit:Headshot","floor":3},{"not_picked":["hermit:Vantage","hermit:HoleUp"],"picked":"hermit:Brawl","floor":6},{"not_picked":["hermit:Brawl","hermit:DeadMansHand"],"picked":"hermit:Gestalt","floor":11},{"not_picked":["hermit:Headshot","hermit:LuckOfTheDraw"],"picked":"hermit:Midnight","floor":12},{"not_picked":["StuffTheSpire:Recharge","expansioncontent:BronzeBeam"],"picked":"expansioncontent:YouAreMine","floor":14},{"not_picked":["hermit:OverwhelmingPower","hermit:Reprieve"],"picked":"hermit:Gambit","floor":16},{"not_picked":["hermit:CalledShot+1","hermit:Quickdraw"],"picked":"hermit:SprayPray","floor":18},{"not_picked":["hermit:HoleUp","hermit:CalledShot+1"],"picked":"hermit:Enervate","floor":21}],"player_experience":246493,"relics_obtained":[{"floor":6,"key":"Ancient Tea Set"},{"floor":7,"key":"CCEMRelics:Barrel"},{"floor":9,"key":"StuffTheSpire:GrapeVine"},{"floor":22,"key":"conspire:GlowingRock"}],"event_choices":[{"damage_healed":0,"gold_gain":0,"player_choice":"Trade","damage_taken":0,"relics_obtained":["FaceOfCleric"],"max_hp_gain":0,"max_hp_loss":0,"event_name":"FaceTrader","floor":2,"gold_loss":0},{"damage_healed":0,"gold_gain":0,"player_choice":"Box","damage_taken":0,"relics_obtained":["jedi:gremlinknob"],"max_hp_gain":0,"max_hp_loss":0,"event_name":"Big Fish","floor":4,"gold_loss":0,"cards_obtained":["Regret"]},{"damage_healed":0,"gold_gain":1,"player_choice":"1","damage_taken":0,"max_hp_gain":0,"max_hp_loss":0,"event_name":"betterStone:BetterStone","floor":14,"gold_loss":0},{"damage_healed":0,"gold_gain":225,"player_choice":"YARR","damage_taken":0,"relics_obtained":["HollowMod:PaleOreRelic"],"max_hp_gain":0,"max_hp_loss":0,"event_name":"blackbeard:Ssssserpent","floor":15,"gold_loss":0},{"damage_healed":0,"gold_gain":0,"player_choice":"RE RE ","damage_taken":37,"relics_obtained":["Happy Flower","jedi:arcanewood"],"max_hp_gain":0,"max_hp_loss":0,"event_name":"betterSkull:BetterSkull","floor":19,"gold_loss":0,"cards_upgraded":[]},{"cards_removed":["hermit:Strike_Hermit"],"damage_healed":0,"gold_gain":0,"player_choice":"Give","damage_taken":0,"max_hp_gain":0,"max_hp_loss":0,"event_name":"betterNote:BetterNote","floor":20,"gold_loss":0,"cards_obtained":["hermit:Strike_Hermit"]}],"is_beta":false,"boss_relics":[{"not_picked":["conspire:SeveredTorchhead","aspiration:WatcherSkillbook"],"picked":"aspiration:FutureDiary"}],"items_purged_floors":[],"is_endless":false,"potions_floor_spawned":[6,11,12,16,21],"killed_by":"Book of Stabbing","ascension_level":0}}