{"host":"zi8o4akxlgxypwgb","time":1607672670,"event":{"mods":["BaseMod","Luminous","Minty Spire (QoL Compilation)","Replay The Spire","StSLib","SuperFastMode"],"gold_per_floor":[119,194,194,212,387,421,441,471,498,498,528,528,545,545,545,644,744,762,781,277,291,301,332,332,363,363,374,408,408,408,357,357,357,357],"floor_reached":33,"playtime":1635,"items_purged":["ReplayTheSpireMod:Restless Dread"],"score":390,"play_id":"2c3186d8-ef41-473c-998b-70d235098355","local_time":"20201211154430","is_ascension_mode":true,"campfire_choices":[{"floor":10.0,"key":"REST"},{"floor":12.0,"key":"REST"},{"floor":15.0,"key":"REST"},{"data":"Backflip","floor":24,"key":"SMITH"},{"data":"Burst","floor":30,"key":"SMITH"}],"circlet_count":0,"master_deck":["Strike_G","Strike_G","Strike_G+1","Strike_G","Strike_G","Defend_G","Defend_G","Defend_G+1","Defend_G","Survivor","Neutralize","Dagger Throw+1","Flying Knee","Expertise","Flying Knee","ReplayTheSpireMod:Speed Training","Sucker Punch+1","Underhanded Strike","Adrenaline","Dodge and Roll","Backflip+1","Survey Options","Prepared","Underhanded Strike+1","Flechettes+1","Blade Dance+1","ReplayTheSpireMod:Shiv Toss+1","Burst+1","Adrenaline","Hidden Blade","ReplayTheSpireMod:From All Sides"],"relics":["Ring of the Snake","NeowsBlessing","Strawberry","Replay:Baseball","Gremlin Food","ReplayTheSpireMod:TigerMarble","Replay:Wanted Poster","ReplayTheSpireMod:CursedCoin","ReplayTheSpireMod:Ninjato","Mirror","Bag of Preparation","Iron Hammer","Pet Ghost","Replay:Bottled Snecko"],"acts_visited":["Exordium","TheCity"],"potions_floor_usage":[22,23,25,33],"damage_taken":[{"damage":0.0,"enemies":"Small Slimes","floor":1.0,"turns":1.0},{"damage":0.0,"enemies":"Jaw Worm","floor":4.0,"turns":1.0},{"damage":0.0,"enemies":"Lagavulin","floor":6.0,"turns":1.0},{"damage":1.0,"enemies":"Cultist","floor":7.0,"turns":3.0},{"damage":54.0,"enemies":"Gremlin Nob","floor":8.0,"turns":6.0},{"damage":28.0,"enemies":"Replay:BlueRogue","floor":11.0,"turns":9.0},{"damage":1.0,"enemies":"Looter","floor":13.0,"turns":3.0},{"damage":10.0,"enemies":"Slime Boss","floor":16.0,"turns":8.0},{"damage":7.0,"enemies":"2 Thieves","floor":18.0,"turns":3.0},{"damage":6.0,"enemies":"Shell Parasite","floor":19.0,"turns":4.0},{"damage":16,"enemies":"Sentry and Sphere","floor":21,"turns":8},{"damage":5,"enemies":"Centurion and Healer","floor":22,"turns":5},{"damage":7,"enemies":"Gremlin Leader","floor":23,"turns":7},{"damage":20,"enemies":"Slavers","floor":25,"turns":4},{"damage":1,"enemies":"Shelled Parasite and Fungi","floor":27,"turns":2},{"damage":10,"enemies":"Book of Stabbing","floor":28,"turns":4},{"damage":41,"enemies":"Automaton","floor":33,"turns":6}],"seed_played":"-4049893285678650771","potions_obtained":[{"floor":8.0,"key":"Weak Potion"},{"floor":11.0,"key":"Elixir"},{"floor":13.0,"key":"Strength Potion"},{"floor":18.0,"key":"BlessingOfTheForge"},{"floor":21,"key":"CultistPotion"},{"floor":22,"key":"Swift Potion"},{"floor":25,"key":"AttackPotion"},{"floor":28,"key":"FairyPotion"}],"is_trial":false,"path_per_floor":["M","?","?","M","?","E","M","E","T","R","E","R","M","?","R","B",null,"M","M","$","M","M","E","R","E","T","M","E","?","R","$","R","B"],"character_chosen":"THE_SILENT","items_purchased":["ReplayTheSpireMod:CursedCoin","ReplayTheSpireMod:Ninjato","Mirror","Survey Options","Hidden Blade"],"campfire_rested":3,"item_purchase_floors":[20,20,20,20,31],"current_hp_per_floor":[70,59,59,59,59,66,65,11,11,34,6,29,28,28,51,41,77,70,64,64,48,43,36,36,16,16,15,5,5,5,5,5,0,0],"gold":357,"neow_bonus":"THREE_ENEMY_KILL","is_daily":false,"chose_seed":false,"campfire_upgraded":2,"win_rate":0.0,"timestamp":1607672670,"path_taken":["M","?","?","?","?","E","M","E","T","R","E","R","M","?","R","BOSS","M","M","$","M","M","E","R","E","T","M","E","?","R","$","R","BOSS"],"items_purchased_type":["Relic","Relic","Relic","Card","Card"],"build_version":"2020-11-30","purchased_purges":1,"victory":false,"max_hp_per_floor":[70,70,70,70,70,77,77,77,77,77,77,77,77,77,77,77,77,77,77,77,77,77,77,77,77,77,77,77,77,77,77,77,77,77],"card_choices":[{"not_picked":["Prepared","Deadly Poison"],"picked":"Dagger Throw","floor":1.0},{"not_picked":["Hidden Blade","Dagger Throw"],"picked":"Flying Knee","floor":4.0},{"not_picked":["ReplayTheSpireMod:Exploit Weakness","Poisoned Stab"],"picked":"Expertise","floor":6.0},{"not_picked":["Finisher","Fluid Movement"],"picked":"Flying Knee","floor":7.0},{"not_picked":["Fluid Movement","Well Laid Plans"],"picked":"ReplayTheSpireMod:Speed Training","floor":8.0},{"not_picked":["Dagger Spray","Grand Finale"],"picked":"Sucker Punch","floor":11.0},{"not_picked":["Slice","Riddle With Holes"],"picked":"Underhanded Strike","floor":13.0},{"not_picked":["Tools of the Trade","Night Terror"],"picked":"Adrenaline","floor":16.0},{"not_picked":["PiercingWail","Sucker Punch"],"picked":"Dodge and Roll","floor":18.0},{"not_picked":["Blade Dance","PiercingWail"],"picked":"Backflip","floor":19},{"not_picked":["Footwork","Leg Sweep"],"picked":"Prepared","floor":21},{"not_picked":["Die Die Die","Choke"],"picked":"Underhanded Strike+1","floor":22},{"not_picked":["Dagger Spray","Bane"],"picked":"Flechettes+1","floor":23},{"not_picked":["Infinite Blades","Finisher"],"picked":"Blade Dance+1","floor":25},{"not_picked":["Replay:Poison Smokescreen","Deflect"],"picked":"ReplayTheSpireMod:Shiv Toss+1","floor":27},{"not_picked":["Dagger Spray","Noxious Fumes"],"picked":"Burst","floor":28}],"player_experience":258353,"relics_obtained":[{"floor":6.0,"key":"Strawberry"},{"floor":8.0,"key":"Replay:Baseball"},{"floor":9.0,"key":"Gremlin Food"},{"floor":11.0,"key":"ReplayTheSpireMod:TigerMarble"},{"floor":23,"key":"Bag of Preparation"},{"floor":25,"key":"Iron Hammer"},{"floor":26,"key":"Pet Ghost"},{"floor":28,"key":"Replay:Bottled Snecko"}],"event_choices":[{"damage_healed":0.0,"max_hp_gain":0.0,"max_hp_loss":0.0,"gold_gain":75.0,"event_name":"World of Goop","player_choice":"Gather Gold","floor":2.0,"gold_loss":0.0,"damage_taken":11.0},{"damage_healed":0.0,"max_hp_gain":0.0,"max_hp_loss":0.0,"gold_gain":0.0,"event_name":"Upgrade Shrine","player_choice":"Upgraded","floor":3.0,"gold_loss":0.0,"damage_taken":0.0,"cards_upgraded":["Dagger Throw"]},{"damage_healed":0.0,"max_hp_gain":0.0,"max_hp_loss":0.0,"gold_gain":175.0,"event_name":"Liars Game","player_choice":"AGREE","floor":5.0,"gold_loss":0.0,"damage_taken":0.0,"cards_obtained":["Doubt"]},{"cards_removed":["Doubt"],"damage_healed":0.0,"max_hp_gain":0.0,"max_hp_loss":0.0,"gold_gain":0.0,"event_name":"Fountain of Cleansing","player_choice":"Removed Curses","floor":14.0,"gold_loss":0.0,"damage_taken":0.0},{"damage_healed":0,"gold_gain":0,"player_choice":"Copied","damage_taken":0,"max_hp_gain":0,"max_hp_loss":0,"event_name":"Duplicator","floor":29,"gold_loss":0,"cards_obtained":["Adrenaline"]}],"is_beta":false,"boss_relics":[{"not_picked":["Astrolabe","SlaversCollar"],"picked":"Replay:Wanted Poster"}],"items_purged_floors":[20],"is_endless":false,"potions_floor_spawned":[8,11,13,18,21,22,25,28],"killed_by":"Automaton","ascension_level":1}}