{"host":"5trcja4hacd149zc","time":1607658554,"event":{"mods":["BaseMod","Colored Map","Minty Spire (QoL Compilation)","Relic Stats"],"gold_per_floor":[115,115,115,59,78,78,94,110,136,136,171,171,181,181,181],"floor_reached":14,"playtime":278,"items_purged":[],"score":180,"play_id":"095ea49d-a7b7-428b-85c1-ccfc3aa4eb53","local_time":"20201210214914","is_ascension_mode":true,"campfire_choices":[{"data":"Zap","floor":6,"key":"SMITH"},{"data":"Static Discharge","floor":10,"key":"SMITH"},{"floor":12,"key":"REST"}],"circlet_count":0,"master_deck":["AscendersBane","Strike_B","Strike_B","Strike_B","Strike_B","Defend_B","Defend_B","Defend_B","Zap+1","Dualcast","Hologram+1","Gash","Reinforced Body","Static Discharge+1","Cold Snap","Genetic Algorithm"],"relics":["Cracked Core","NeowsBlessing","Orichalcum","Bag of Marbles"],"acts_visited":["Exordium"],"potions_floor_usage":[14],"damage_taken":[{"damage":0,"enemies":"2 Louse","floor":1,"turns":1},{"damage":0,"enemies":"Small Slimes","floor":5,"turns":1},{"damage":0,"enemies":"Jaw Worm","floor":7,"turns":1},{"damage":4,"enemies":"Red Slaver","floor":8,"turns":4},{"damage":30,"enemies":"3 Sentries","floor":11,"turns":5},{"damage":5,"enemies":"Looter","floor":13,"turns":3},{"damage":54,"enemies":"Gremlin Nob","floor":14,"turns":4}],"seed_played":"-4425927550643494793","potions_obtained":[{"floor":1,"key":"Fruit Juice"},{"floor":8,"key":"FocusPotion"}],"is_trial":false,"path_per_floor":["M","?","?","$","M","R","M","M","T","R","E","R","M","E"],"character_chosen":"DEFECT","items_purchased":["Gash"],"campfire_rested":1,"item_purchase_floors":[4],"current_hp_per_floor":[64,64,57,57,57,57,57,53,53,53,23,44,39,0,0],"gold":181,"neow_bonus":"THREE_ENEMY_KILL","is_daily":false,"chose_seed":false,"campfire_upgraded":2,"win_rate":0.0,"timestamp":1607658554,"path_taken":["M","?","?","$","M","R","M","M","T","R","E","R","M","E"],"items_purchased_type":["Card"],"build_version":"2020-11-30","purchased_purges":0,"victory":false,"max_hp_per_floor":[71,71,71,71,71,71,71,71,71,71,71,71,71,71,71],"relic_stats":{"counters":[7,19],"Orichalcum":[36],"obtain_stats":[{"NeowsBlessing":0,"Bag of Marbles":11,"Orichalcum":9,"Cracked Core":0},{"NeowsBlessing":0,"Bag of Marbles":5,"Orichalcum":4,"Cracked Core":0},{"NeowsBlessing":0,"Bag of Marbles":12,"Orichalcum":7,"Cracked Core":0}]},"card_choices":[{"not_picked":["Reprogram","Hologram","Beam Cell"],"picked":"SKIP","floor":1},{"not_picked":["Reprogram","Beam Cell"],"picked":"Hologram","floor":1},{"not_picked":["Cold Snap","Leap"],"picked":"Reinforced Body","floor":5},{"not_picked":["Turbo","Barrage"],"picked":"Static Discharge","floor":7},{"not_picked":["Streamline","Beam Cell"],"picked":"Cold Snap","floor":8},{"not_picked":["Beam Cell","Force Field","Go for the Eyes"],"picked":"SKIP","floor":11},{"not_picked":["Rebound","Redo"],"picked":"Genetic Algorithm","floor":13}],"player_experience":741388,"relics_obtained":[{"floor":9,"key":"Orichalcum"},{"floor":11,"key":"Bag of Marbles"}],"event_choices":[{"damage_healed":0,"gold_gain":0,"player_choice":"Grow","damage_taken":0,"max_hp_gain":0,"max_hp_loss":0,"event_name":"Living Wall","floor":2,"gold_loss":0,"cards_upgraded":["Hologram"]},{"cards_removed":["Defend_B"],"damage_healed":0,"gold_gain":0,"player_choice":"Card Removal","damage_taken":7,"max_hp_gain":0,"max_hp_loss":0,"event_name":"Golden Wing","floor":3,"gold_loss":0}],"is_beta":false,"boss_relics":[],"items_purged_floors":[],"is_endless":false,"potions_floor_spawned":[1,8],"killed_by":"Gremlin Nob","ascension_level":20}}