{"host":"q0qnzbgdx8oqogg9","time":1607658784,"event":{"mods":["BaseMod","Minty Spire (QoL Compilation)","Slay-I","StSLib"],"gold_per_floor":[113,128,139,152,170,170,204,204,229,261,284,246,283,314,326,436,448,470,502,531,543,573,585,628,15,15,47,47,47,147,178,178,275,275,287,303,330,342,352,352,352,352,352],"floor_reached":42,"playtime":1893,"items_purged":["Strike_G"],"score":797,"play_id":"3a1e23a8-8950-4de8-bbc8-0f0c358c33d3","local_time":"20201210225304","is_ascension_mode":true,"campfire_choices":[{"data":"Neutralize","floor":6,"key":"SMITH"},{"data":"Die Die Die","floor":8,"key":"SMITH"},{"data":"Dagger Spray","floor":15,"key":"SMITH"},{"floor":23,"key":"REST"},{"data":"Corpse Explosion","floor":29,"key":"SMITH"},{"data":"Burst","floor":32,"key":"SMITH"},{"data":"Footwork","floor":40,"key":"SMITH"}],"circlet_count":0,"master_deck":["Strike_G","Defend_G","Defend_G","Defend_G","Defend_G","Defend_G","Survivor","Neutralize+1","Dagger Throw+1","Dagger Spray+1","Caltrops","Dash+1","Finisher","Die Die Die+1","Corpse Explosion+1","Leg Sweep+1","Backflip","Ghostly","Ghostly","Ghostly","Ghostly","Ghostly","Footwork+1","Noxious Fumes","Burst+1","PiercingWail","Adrenaline","PiercingWail+1","Predator+1","Backflip+1","Apotheosis"],"relics":["Velvet Choker","Bottled Flame","MawBank","Tiny Chest","HoveringKite","Akabeko","Anchor","Mercury Hourglass","Lee\u0027s Waffle","Kunai","Whetstone","Thread and Needle","Darkstone Periapt","Omamori","Empty Cage","Vajra"],"acts_visited":["Exordium","TheCity","TheBeyond"],"potions_floor_usage":[13,16,19,27,33,42],"damage_taken":[{"damage":1,"enemies":"Jaw Worm","floor":1,"turns":5},{"damage":0,"enemies":"Small Slimes","floor":2,"turns":3},{"damage":7,"enemies":"2 Louse","floor":3,"turns":2},{"damage":2,"enemies":"2 Fungi Beasts","floor":4,"turns":4},{"damage":3,"enemies":"Blue Slaver","floor":5,"turns":3},{"damage":11,"enemies":"Gremlin Nob","floor":7,"turns":5},{"damage":0,"enemies":"3 Louse","floor":10,"turns":1},{"damage":0,"enemies":"2 Fungi Beasts","floor":11,"turns":2},{"damage":0,"enemies":"3 Sentries","floor":13,"turns":5},{"damage":8,"enemies":"Blue Slaver","floor":14,"turns":3},{"damage":23,"enemies":"Hexaghost","floor":16,"turns":10},{"damage":8,"enemies":"3 Byrds","floor":18,"turns":3},{"damage":22,"enemies":"Chosen","floor":19,"turns":5},{"damage":13,"enemies":"Centurion and Healer","floor":20,"turns":6},{"damage":2,"enemies":"Cultist and Chosen","floor":22,"turns":6},{"damage":0,"enemies":"Slavers","floor":24,"turns":2},{"damage":14,"enemies":"Book of Stabbing","floor":27,"turns":7},{"damage":0,"enemies":"Colosseum Slavers","floor":30,"turns":4},{"damage":2,"enemies":"Colosseum Nobs","floor":30,"turns":3},{"damage":0,"enemies":"Gremlin Leader","floor":31,"turns":6},{"damage":5,"enemies":"Collector","floor":33,"turns":11},{"damage":0,"enemies":"3 Shapes","floor":35,"turns":1},{"damage":0,"enemies":"Orb Walker","floor":36,"turns":4},{"damage":0,"enemies":"Transient","floor":38,"turns":5},{"damage":0,"enemies":"3 Darklings","floor":39,"turns":2},{"damage":37,"enemies":"Giant Head","floor":42,"turns":11}],"seed_played":"4838469299281360021","potions_obtained":[{"floor":2,"key":"LiquidBronze"},{"floor":5,"key":"Fire Potion"},{"floor":7,"key":"Fire Potion"},{"floor":10,"key":"EssenceOfSteel"},{"floor":16,"key":"DistilledChaos"},{"floor":20,"key":"DuplicationPotion"},{"floor":24,"key":"CunningPotion"},{"floor":30,"key":"Weak Potion"},{"floor":33,"key":"SpeedPotion"},{"floor":35,"key":"CultistPotion"},{"floor":39,"key":"Regen Potion"}],"is_trial":false,"path_per_floor":["M","M","M","M","M","R","E","R","T","M","M","?","E","M","R","B",null,"M","M","M","?","M","R","E","$","T","E","?","R","?","E","R","B",null,"M","M","T","M","M","R","?","E"],"character_chosen":"THE_SILENT","items_purchased":["Anchor","Mercury Hourglass","Lee\u0027s Waffle"],"campfire_rested":1,"item_purchase_floors":[25,25,25],"current_hp_per_floor":[62,62,55,53,50,50,39,39,39,39,39,39,39,31,31,8,55,47,25,12,12,10,20,20,42,42,28,28,28,26,26,26,21,37,37,37,37,37,37,37,32,0,0],"gold":352,"neow_bonus":"BOSS_RELIC","is_daily":false,"chose_seed":false,"campfire_upgraded":6,"win_rate":0.0,"timestamp":1607658784,"path_taken":["M","M","M","M","M","R","E","R","T","M","M","?","E","M","R","BOSS","M","M","M","?","M","R","E","$","T","E","?","R","?","E","R","BOSS","M","M","?","M","M","R","?","E"],"items_purchased_type":["Relic","Relic","Relic"],"build_version":"2020-11-30","purchased_purges":1,"victory":false,"max_hp_per_floor":[70,70,70,70,70,70,70,70,70,70,70,70,70,70,70,70,70,70,70,70,35,35,35,35,42,42,42,42,42,42,42,42,42,42,42,42,42,42,42,42,42,42,42],"card_choices":[{"not_picked":["Sucker Punch","Outmaneuver"],"picked":"Dagger Throw","floor":1},{"not_picked":["Leg Sweep","Acrobatics"],"picked":"Dagger Spray","floor":2},{"not_picked":["Flying Knee","Accuracy"],"picked":"Caltrops","floor":3},{"not_picked":["Flying Knee","Endless Agony"],"picked":"Dash","floor":4},{"not_picked":["Prepared","Bane"],"picked":"Finisher","floor":5},{"not_picked":["Reflex","Caltrops"],"picked":"Die Die Die","floor":7},{"not_picked":["Prepared","Infinite Blades","Setup"],"picked":"SKIP","floor":10},{"not_picked":["Eviscerate","Quick Slash","Riddle With Holes"],"picked":"SKIP","floor":11},{"not_picked":["Heel Hook","Concentrate","Poisoned Stab"],"picked":"SKIP","floor":13},{"not_picked":["Masterful Stab","Flying Knee","Setup"],"picked":"SKIP","floor":14},{"not_picked":["Grand Finale","Burst"],"picked":"Corpse Explosion","floor":16},{"not_picked":["Dagger Spray","Flying Knee+1","Choke"],"picked":"SKIP","floor":18},{"not_picked":["Masterful Stab","Acrobatics+1"],"picked":"Leg Sweep+1","floor":19},{"not_picked":["Dagger Throw","Riddle With Holes+1"],"picked":"Backflip","floor":20},{"not_picked":["Deadly Poison","Blade Dance","Dagger Throw+1"],"picked":"SKIP","floor":22},{"not_picked":["Caltrops+1","Skewer"],"picked":"Footwork","floor":24},{"not_picked":["Blade Dance","Backflip","Endless Agony+1"],"picked":"SKIP","floor":27},{"not_picked":["Flechettes","Expertise+1"],"picked":"Burst","floor":30},{"not_picked":["Caltrops","Expertise+1"],"picked":"PiercingWail","floor":31},{"not_picked":["Night Terror","Phantasmal Killer"],"picked":"Adrenaline","floor":33},{"not_picked":["Backflip","Blade Dance","Poisoned Stab"],"picked":"SKIP","floor":35},{"not_picked":["Slice","Flying Knee"],"picked":"PiercingWail+1","floor":36},{"not_picked":["Slice+1","Cloak And Dagger+1"],"picked":"Predator+1","floor":38},{"not_picked":["PiercingWail+1","Distraction+1"],"picked":"Backflip+1","floor":39},{"not_picked":["Panache","Mind Blast"],"picked":"Apotheosis","floor":41}],"player_experience":177962,"relics_obtained":[{"floor":7,"key":"Bottled Flame"},{"floor":9,"key":"MawBank"},{"floor":13,"key":"Tiny Chest"},{"floor":24,"key":"Akabeko"},{"floor":26,"key":"Kunai"},{"floor":27,"key":"Whetstone"},{"floor":30,"key":"Thread and Needle"},{"floor":30,"key":"Darkstone Periapt"},{"floor":31,"key":"Omamori"},{"floor":37,"key":"Vajra"}],"event_choices":[{"cards_removed":["Strike_G"],"damage_healed":0,"gold_gain":0,"player_choice":"Card Removal","damage_taken":0,"max_hp_gain":0,"max_hp_loss":0,"event_name":"The Cleric","floor":12,"gold_loss":50},{"damage_healed":0,"gold_gain":0,"player_choice":"Became a Ghost","damage_taken":0,"max_hp_gain":0,"max_hp_loss":35,"event_name":"Ghosts","floor":21,"gold_loss":0,"cards_obtained":["Ghostly","Ghostly","Ghostly","Ghostly","Ghostly"]},{"damage_healed":0,"gold_gain":0,"player_choice":"Read","damage_taken":0,"max_hp_gain":0,"max_hp_loss":0,"event_name":"The Library","floor":28,"gold_loss":0,"cards_obtained":["Noxious Fumes"]},{"damage_healed":0,"gold_gain":0,"player_choice":"Fight","damage_taken":0,"max_hp_gain":0,"max_hp_loss":0,"event_name":"Colosseum","floor":30,"gold_loss":0},{"damage_healed":0,"gold_gain":0,"player_choice":"Fought Nobs","damage_taken":0,"max_hp_gain":0,"max_hp_loss":0,"event_name":"Colosseum","floor":30,"gold_loss":0},{"damage_healed":0,"gold_gain":0,"player_choice":"Memory 2","damage_taken":5,"max_hp_gain":0,"max_hp_loss":0,"event_name":"SensoryStone","floor":41,"gold_loss":0}],"is_beta":false,"boss_relics":[{"not_picked":["Fusion Hammer","Astrolabe"],"picked":"HoveringKite"},{"not_picked":["SacredBark","Tiny House"],"picked":"Empty Cage"}],"items_purged_floors":[25],"is_endless":false,"potions_floor_spawned":[2,5,7,10,11,16,20,24,30,30,33,35,39],"killed_by":"Giant Head","ascension_level":7}}