{"host":"ez767vrydzojtnp0","time":1607709260,"event":{"mods":["Act Like it!","Aspiration","BaseMod","Better Note","BetterRewards","Challenge The Spire","Colored Powertips","Conspire","GifTheSpireLib","Hermit","Hubris","Infinite Spire","Minty Spire (QoL Compilation)","Quick Restart","Rare Cards Sparkle","Relic Stats","Replay The Spire","Shop Mod","Spikes Relics","StSLib","Stuff the Spire","SuperFastMode","everything is the same but u backflip on backflip","slay the spire mod where everything is the same but ironclad has a cowboy hat","vexMod"],"gold_per_floor":[111,111,124,134,184,218,218,229,253,110,285,285,302,63,63,164,164,175,175,188,188,188,32,51,51,51,86,155,155,167,167,184,194,265,367,367,377,396,413,425,425,425,425,425,425,425,425,425],"floor_reached":47,"playtime":1396,"items_purged":["Pain"],"score":445,"play_id":"abe1a77a-8c0c-4a83-b652-9288b36c3747","local_time":"20201211155420","is_ascension_mode":false,"campfire_choices":[{"floor":7,"key":"RECALL"},{"floor":15,"key":"REST"},{"floor":25,"key":"REST"},{"floor":29,"key":"REST"},{"floor":43,"key":"REST"},{"floor":46,"key":"REST"}],"circlet_count":0,"master_deck":["Strike_R","Strike_R","Strike_R","Strike_R","Strike_R","Defend_R","Defend_R+1","Defend_R","Defend_R","Bash+1","Pommel Strike","Pommel Strike+1","Pommel Strike+1","ReplayTheSpireMod:LeadingStrike","Thunderclap","Doubt","Regret","Sentinel","Good Instincts","Offering","True Grit+1","Disarm","Dropkick","StuffTheSpire:Resist","hubris:ReadiedAction","Cleave+1","Invigoration+1","ReplayTheSpireMod:Stacked+1","Replay:Undeath\u0027s Touch+1","Panache","Armaments+1","infinitespire:Collect","infinitespire:FutureSight"],"relics":["Burning Blood","WarpedTongs","infinitespire:Joker Card","Garlic","Gremlin Food","StuffTheSpire:Mouthbags","StuffTheSpire:RedRose","StuffTheSpire:Gunfinga","aspiration:PoetsPen_weak","StuffTheSpire:Barrel","CultistMask","HornCleat","vexMod:CursedCompass","Orrery","Fusion Hammer","GiantMaggot"],"acts_visited":["Exordium","TheCity","TheBeyond"],"potions_floor_usage":[5,5,30,35,39,40,47],"damage_taken":[{"damage":1,"enemies":"Cultist","floor":1,"turns":3},{"damage":2,"enemies":"Small Slimes","floor":3,"turns":3},{"damage":7,"enemies":"2 Louse","floor":4,"turns":3},{"damage":51,"enemies":"conspire:MimicChest","floor":5,"turns":8},{"damage":18,"enemies":"3 Sentries","floor":6,"turns":8},{"damage":13,"enemies":"Lots of Slimes","floor":8,"turns":4},{"damage":6,"enemies":"2 Fungi Beasts","floor":13,"turns":3},{"damage":33,"enemies":"Hexaghost","floor":16,"turns":9},{"damage":7,"enemies":"Spheric Guardian","floor":18,"turns":2},{"damage":20,"enemies":"Shell Parasite","floor":20,"turns":2},{"damage":13,"enemies":"Snake Plant","floor":24,"turns":4},{"damage":28,"enemies":"Gremlin Leader","floor":27,"turns":4},{"damage":11,"enemies":"Cultist and Chosen","floor":30,"turns":4},{"damage":4,"enemies":"Shelled Parasite and Fungi","floor":32,"turns":3},{"damage":17,"enemies":"Snake Plant","floor":33,"turns":3},{"damage":59,"enemies":"hubris:MusketHawk","floor":35,"turns":7},{"damage":3,"enemies":"Orb Walker","floor":37,"turns":2},{"damage":0,"enemies":"3 Darklings","floor":38,"turns":1},{"damage":47,"enemies":"Writhing Mass","floor":39,"turns":6},{"damage":46,"enemies":"Maw","floor":40,"turns":6},{"damage":62,"enemies":"Nightmare","floor":47,"turns":4}],"seed_played":"-3662149758133239795","potions_obtained":[{"floor":1,"key":"Languid Potion"},{"floor":4,"key":"BloodPotion"},{"floor":18,"key":"Reflective Coating"},{"floor":24,"key":"Reflective Coating"},{"floor":27,"key":"Swift Potion"},{"floor":35,"key":"DistilledChaos"},{"floor":39,"key":"AttackPotion"}],"is_trial":false,"path_per_floor":["M","?","M","M","?","E","R","M","T","$","?","?","M","$","R","B",null,"M","?","M","PTL","PTL","$","M","R","?","E","T","R","M","?","M","M","R","B",null,"M","M","M","M","?","?","R","AVR","T","R","NM"],"character_chosen":"IRONCLAD","items_purchased":["StuffTheSpire:Mouthbags","StuffTheSpire:Gunfinga","Good Instincts","StuffTheSpire:Barrel"],"campfire_rested":5,"item_purchase_floors":[10,14,14,23],"current_hp_per_floor":[88,88,88,87,59,47,47,40,40,40,40,40,40,40,66,39,88,87,87,73,73,73,73,74,88,88,66,66,88,83,83,85,74,74,21,88,88,88,47,7,7,7,33,33,33,59,0,0],"gold":425,"neow_bonus":"TEN_PERCENT_HP_BONUS","is_daily":false,"chose_seed":false,"campfire_upgraded":0,"win_rate":0.0,"timestamp":1607709260,"path_taken":["M","?","M","?","?","E","R","?","T","$","?","?","M","?","R","BOSS","M","?","M","PTL","PTL","$","M","R","?","E","T","R","M","?","M","?","R","BOSS","M","M","M","M","?","?","R","AVR","T","R","NM"],"items_purchased_type":["Relic","Relic","Card","Relic"],"build_version":"2020-11-30","purchased_purges":1,"victory":false,"max_hp_per_floor":[88,88,88,88,88,88,88,88,88,88,88,88,88,88,88,88,88,88,88,88,88,88,88,88,88,88,88,88,88,88,88,88,88,88,88,88,88,88,88,88,88,88,88,88,88,88,88,88],"relic_stats":{"counters":[21,89],"obtain_stats":[{"Gremlin Food":9,"StuffTheSpire:Barrel":23,"GiantMaggot":45,"infinitespire:Joker Card":5,"aspiration:PoetsPen_weak":17,"Burning Blood":0,"WarpedTongs":2,"StuffTheSpire:Gunfinga":14,"HornCleat":27,"StuffTheSpire:Mouthbags":10,"Orrery":44,"CultistMask":26,"Fusion Hammer":44,"Garlic":6,"vexMod:CursedCompass":36,"StuffTheSpire:RedRose":12},{"Gremlin Food":6,"StuffTheSpire:Barrel":10,"GiantMaggot":20,"infinitespire:Joker Card":4,"aspiration:PoetsPen_weak":8,"Burning Blood":0,"WarpedTongs":1,"StuffTheSpire:Gunfinga":7,"HornCleat":12,"StuffTheSpire:Mouthbags":6,"Orrery":20,"CultistMask":11,"Fusion Hammer":20,"Garlic":5,"vexMod:CursedCompass":16,"StuffTheSpire:RedRose":6},{"Gremlin Food":29,"StuffTheSpire:Barrel":45,"GiantMaggot":85,"infinitespire:Joker Card":17,"aspiration:PoetsPen_weak":41,"Burning Blood":0,"WarpedTongs":3,"StuffTheSpire:Gunfinga":32,"HornCleat":53,"StuffTheSpire:Mouthbags":29,"Orrery":85,"CultistMask":49,"Fusion Hammer":85,"Garlic":25,"vexMod:CursedCompass":70,"StuffTheSpire:RedRose":29}],"Burning Blood":102,"WarpedTongs":[85]},"card_choices":[{"not_picked":["True Grit","Hemokinesis"],"picked":"Pommel Strike","floor":1},{"not_picked":["Havoc","Massacre","Reckless Charge"],"picked":"SKIP","floor":3},{"not_picked":["True Grit","Hemokinesis"],"picked":"Pommel Strike","floor":4},{"not_picked":["StuffTheSpire:Slingshot","Run Through"],"picked":"Pommel Strike","floor":5},{"not_picked":["ReplayTheSpireMod:Corrosion Curse","Perfected Strike"],"picked":"Thunderclap","floor":6},{"not_picked":["hubris:ReadiedAction","Searing Blow"],"picked":"ReplayTheSpireMod:LeadingStrike","floor":8},{"not_picked":["Barricade","hubris:ReadiedAction"],"picked":"Sentinel","floor":13},{"not_picked":["Feed","conspire:HitWhereItHurts"],"picked":"Offering","floor":16},{"not_picked":["Havoc","Headbutt"],"picked":"True Grit+1","floor":18},{"not_picked":["Abandon","Warcry"],"picked":"Disarm","floor":20},{"not_picked":["Twin Strike+1","True Grit"],"picked":"Dropkick","floor":24},{"not_picked":["Immolate","True Grit+1"],"picked":"StuffTheSpire:Resist","floor":27},{"not_picked":["Sword Boomerang+1","Warcry","Thunderclap+1"],"picked":"SKIP","floor":30},{"not_picked":["Flame Barrier","StuffTheSpire:Slingshot"],"picked":"hubris:ReadiedAction","floor":32},{"not_picked":["Run Through","ReplayTheSpireMod:Strike From Hell"],"picked":"Cleave","floor":33},{"not_picked":["StuffTheSpire:Slingshot","Sword Boomerang+1"],"picked":"Invigoration+1","floor":37},{"not_picked":["True Grit+1","hubris:ReadiedAction"],"picked":"ReplayTheSpireMod:Stacked+1","floor":38},{"not_picked":["Spot Weakness","True Grit+1"],"picked":"Replay:Undeath\u0027s Touch+1","floor":39},{"not_picked":["Infernal Blade","Perfected Strike","Run Through+1"],"picked":"SKIP","floor":40},{"not_picked":["Secret Technique","Thinking Ahead"],"picked":"Panache","floor":41},{"not_picked":["Reckless Charge+1","Flex"],"picked":"Armaments+1","floor":44}],"player_experience":366030,"relics_obtained":[{"floor":5,"key":"infinitespire:Joker Card"},{"floor":6,"key":"Garlic"},{"floor":9,"key":"Gremlin Food"},{"floor":27,"key":"HornCleat"},{"floor":45,"key":"GiantMaggot"}],"event_choices":[{"damage_healed":0,"gold_gain":0,"player_choice":"Rummage","damage_taken":0,"relics_obtained":["WarpedTongs"],"max_hp_gain":0,"max_hp_loss":0,"event_name":"Accursed Blacksmith","floor":2,"gold_loss":0,"cards_obtained":["Pain"]},{"damage_healed":0,"gold_gain":175,"player_choice":"AGREE","damage_taken":0,"max_hp_gain":0,"max_hp_loss":0,"event_name":"Liars Game","floor":11,"gold_loss":0,"cards_obtained":["Doubt"]},{"damage_healed":0,"gold_gain":0,"player_choice":"Bought 0 Potions","damage_taken":0,"max_hp_gain":0,"max_hp_loss":0,"event_name":"The Woman in Blue","floor":19,"gold_loss":0},{"damage_healed":0,"gold_gain":0,"player_choice":"Trade","damage_taken":0,"relics_obtained":["CultistMask"],"max_hp_gain":0,"max_hp_loss":0,"event_name":"FaceTrader","floor":26,"gold_loss":0},{"cards_removed":["Offering"],"damage_healed":0,"gold_gain":0,"player_choice":"Give","damage_taken":0,"max_hp_gain":0,"max_hp_loss":0,"event_name":"betterNote:BetterNote","floor":31,"gold_loss":0,"cards_obtained":["Iron Wave"]},{"damage_healed":0,"gold_gain":0,"player_choice":"Memory 1","damage_taken":0,"max_hp_gain":0,"max_hp_loss":0,"event_name":"SensoryStone","floor":41,"gold_loss":0}],"is_beta":false,"boss_relics":[{"not_picked":["Replay:Ancient Bell","hubris:BlackHole"],"picked":"aspiration:PoetsPen_weak"},{"not_picked":["hubris:CrackedHourglass","Velvet Choker"],"picked":"vexMod:CursedCompass"}],"items_purged_floors":[44],"is_endless":false,"potions_floor_spawned":[1,4,18,24,27,35,39],"killed_by":"Nightmare","ascension_level":0}}