{"host":"g4jqqbmo30rq7cal","time":1607688962,"event":{"mods":["BaseMod","Better Match","BetterRewards","Conspire","DeckTracker","Hermit","Minty Spire (QoL Compilation)","Rare Cards Sparkle","Shop Mod","StSLib","The Bug Knight","The Cursed","The Mystic","[IsaacMod]????"],"gold_per_floor":[117,117,117,128,141,159,159,169,169,169,344,363,380,380,380,477,477,488,460,460,471,471,471,488,503,503,503,521,521,521],"floor_reached":29,"playtime":1832,"items_purged":[],"score":246,"play_id":"e7b01007-f508-4da8-98b4-be5e7f5ef9e7","local_time":"20201211171602","is_ascension_mode":false,"campfire_choices":[{"data":"Vigilance","floor":10,"key":"SMITH"},{"floor":15,"key":"REST"},{"floor":23,"key":"REST"},{"floor":27,"key":"REST"}],"circlet_count":0,"master_deck":["Strike_P","Strike_P","Strike_P","Strike_P","Defend_P","Defend_P","Defend_P","Eruption","Vigilance+1","ClearTheMind","ThirdEye","Prostrate","Doubt","DeusExMachina","FollowUp","Judgement","ThirdEye+1","ThirdEye+1","FollowUp+1","EmptyBody+1","CutThroughFate"],"relics":["PureWater","HushsDoor","SatanicBible","HornCleat","SlaversCollar","Frozen Egg 2","Pear"],"acts_visited":["Exordium","TheCity"],"potions_floor_usage":[16,16,16,24,25,29],"damage_taken":[{"damage":2,"enemies":"Small Slimes","floor":1,"turns":5},{"damage":8,"enemies":"2 Louse","floor":4,"turns":3},{"damage":4,"enemies":"Jaw Worm","floor":5,"turns":5},{"damage":20,"enemies":"Gremlin Gang","floor":6,"turns":5},{"damage":0,"enemies":"Large Slime","floor":8,"turns":7},{"damage":7,"enemies":"Blue Slaver","floor":12,"turns":4},{"damage":10,"enemies":"3 Louse","floor":13,"turns":4},{"damage":2,"enemies":"Slime Boss","floor":16,"turns":9},{"damage":36,"enemies":"conspire:FuzzyDice","floor":18,"turns":10},{"damage":4,"enemies":"2 Thieves","floor":19,"turns":5},{"damage":27,"enemies":"Snecko","floor":21,"turns":8},{"damage":30,"enemies":"Chosen and Byrds","floor":24,"turns":9},{"damage":0,"enemies":"Shelled Parasite and Fungi","floor":25,"turns":7},{"damage":33,"enemies":"Centurion and Healer","floor":28,"turns":6},{"damage":24,"enemies":"Book of Stabbing","floor":29,"turns":5}],"seed_played":"7237455167212458014","potions_obtained":[{"floor":6,"key":"Swift Potion"},{"floor":8,"key":"BlessingOfTheForge"},{"floor":13,"key":"EssenceOfSteel"},{"floor":21,"key":"Swift Potion"},{"floor":24,"key":"AttackPotion"},{"floor":28,"key":"Regen Potion"}],"is_trial":false,"path_per_floor":["M","?","?","M","M","M","T","M","T","R","?","M","M","?","R","B",null,"M","M","T","M","?","R","M","M","T","R","M","E"],"character_chosen":"WATCHER","items_purchased":[],"campfire_rested":3,"item_purchase_floors":[],"current_hp_per_floor":[77,77,77,69,65,45,45,45,45,45,45,38,28,28,51,49,79,43,39,39,12,12,35,5,5,15,41,8,0,0],"gold":521,"neow_bonus":"TEN_PERCENT_HP_BONUS","is_daily":false,"chose_seed":false,"campfire_upgraded":1,"win_rate":0.0,"timestamp":1607688962,"path_taken":["M","?","?","M","M","M","?","?","T","R","?","M","M","?","R","BOSS","M","M","?","M","?","R","?","M","T","R","M","E"],"items_purchased_type":[],"build_version":"2020-11-30","purchased_purges":0,"victory":false,"max_hp_per_floor":[79,79,79,79,79,79,79,79,79,79,79,79,79,79,79,79,79,79,79,79,79,79,79,79,79,89,89,89,89,89],"card_choices":[{"not_picked":[],"picked":"DoctorFetus","floor":0},{"not_picked":["FlyingSleeves","ConjureBlade"],"picked":"Bomb","floor":1},{"not_picked":["Consecrate","EmptyFist"],"picked":"ClearTheMind","floor":4},{"not_picked":["BowlingBash","Halt"],"picked":"ThirdEye","floor":5},{"not_picked":["JustLucky","FlyingSleeves","Evaluate"],"picked":"SKIP","floor":6},{"not_picked":["SignatureMove","Vengeance"],"picked":"Prostrate","floor":8},{"not_picked":["Consecrate","MentalFortress"],"picked":"DeusExMachina","floor":12},{"not_picked":["JustLucky","LikeWater"],"picked":"FollowUp","floor":13},{"not_picked":["ConjureBlade","Alpha"],"picked":"Judgement","floor":16},{"not_picked":["JustLucky","Fasting2"],"picked":"ThirdEye+1","floor":18},{"not_picked":["EmptyFist","JustLucky"],"picked":"ThirdEye+1","floor":19},{"not_picked":["MentalFortress+1","BowlingBash+1"],"picked":"FollowUp+1","floor":21},{"not_picked":["FearNoEvil","WreathOfFlame"],"picked":"EmptyBody+1","floor":24},{"not_picked":["Vengeance+1","FlurryOfBlows+1"],"picked":"CutThroughFate","floor":25},{"not_picked":["ForeignInfluence","PathToVictory","Halt"],"picked":"SKIP","floor":28}],"player_experience":290317,"relics_obtained":[{"floor":9,"key":"HornCleat"},{"floor":20,"key":"Frozen Egg 2"},{"floor":26,"key":"Pear"}],"event_choices":[{"cards_removed":["DoctorFetus"],"damage_healed":0,"gold_gain":0,"player_choice":"Forget","damage_taken":0,"max_hp_gain":0,"max_hp_loss":0,"event_name":"Living Wall","floor":2,"gold_loss":0},{"damage_healed":0,"gold_gain":0,"player_choice":"Disagree","damage_taken":0,"max_hp_gain":0,"max_hp_loss":0,"event_name":"conspire:LoneGhost","floor":3,"gold_loss":0},{"damage_healed":0,"gold_gain":175,"player_choice":"AGREE","damage_taken":0,"max_hp_gain":0,"max_hp_loss":0,"event_name":"Liars Game","floor":11,"gold_loss":0,"cards_obtained":["Doubt"]},{"cards_removed":["Defend_P"],"damage_healed":0,"gold_gain":0,"player_choice":"Offered Basic","damage_taken":0,"max_hp_gain":0,"max_hp_loss":0,"event_name":"Bonfire Elementals","floor":22,"gold_loss":0}],"is_beta":false,"boss_relics":[{"not_picked":["conspire:SlowCooker","Tiny House"],"picked":"SlaversCollar"},{"not_picked":[]}],"items_purged_floors":[],"is_endless":false,"potions_floor_spawned":[6,8,13,21,24,28],"killed_by":"Book of Stabbing","ascension_level":0}}