{"host":"sq65xgedotq5nei3","time":1607658389,"event":{"mods":["AchievementEnabler","BaseMod","Colored Powertips","Minty Spire (QoL Compilation)","Permanent Neow","Rare Cards Sparkle","StSLib","SuperFastMode"],"gold_per_floor":[113,113,125,125,141,141,176,29,53,107,127,27,27,47,47,47,47],"floor_reached":16,"playtime":437,"items_purged":["Strike_R","Defend_R"],"score":170,"play_id":"16695352-73d4-4b2a-861d-a5f87380401b","local_time":"20201211144629","is_ascension_mode":true,"campfire_choices":[{"data":"Cleave","floor":6,"key":"SMITH"},{"floor":15,"key":"REST"}],"circlet_count":0,"master_deck":["AscendersBane","Strike_R+1","Strike_R+1","Strike_R","Defend_R","Defend_R","Defend_R","Bash","Juggernaut","Clash","Cleave+1","Body Slam","Entrench"],"relics":["Burning Blood","CultistMask","Lantern","Anchor","Vajra"],"acts_visited":["Exordium"],"potions_floor_usage":[16,16],"damage_taken":[{"damage":8,"enemies":"Small Slimes","floor":1,"turns":4},{"damage":6,"enemies":"Cultist","floor":3,"turns":4},{"damage":7,"enemies":"Jaw Worm","floor":5,"turns":3},{"damage":40,"enemies":"3 Sentries","floor":7,"turns":8},{"damage":0,"enemies":"2 Fungi Beasts","floor":11,"turns":2},{"damage":4,"enemies":"Lots of Slimes","floor":14,"turns":3},{"damage":48,"enemies":"Hexaghost","floor":16,"turns":9}],"seed_played":"9183003471646965033","potions_obtained":[{"floor":7,"key":"Weak Potion"},{"floor":14,"key":"GamblersBrew"}],"is_trial":false,"path_per_floor":["M","?","M","?","M","R","E","$","T","T","M","$","?","M","R","B"],"character_chosen":"IRONCLAD","items_purchased":["Entrench"],"campfire_rested":1,"item_purchase_floors":[8],"current_hp_per_floor":[66,66,66,51,50,50,16,16,16,16,22,22,22,24,46,0,0],"gold":47,"neow_bonus":"ONE_RANDOM_RARE_CARD","is_daily":false,"chose_seed":false,"campfire_upgraded":1,"win_rate":0.0,"timestamp":1607658389,"path_taken":["M","?","?","?","M","R","E","$","T","?","M","$","?","?","R","BOSS"],"items_purchased_type":["Card"],"build_version":"2020-11-30","purchased_purges":2,"victory":false,"max_hp_per_floor":[75,75,75,75,75,75,75,75,75,75,75,75,75,75,75,75,75],"card_choices":[{"not_picked":["Havoc","Shockwave"],"picked":"Clash","floor":1},{"not_picked":["Flex","Thunderclap"],"picked":"Cleave","floor":3},{"not_picked":["Dark Embrace","Uppercut","Sword Boomerang"],"picked":"SKIP","floor":5},{"not_picked":["Dual Wield","Pommel Strike"],"picked":"Body Slam","floor":7},{"not_picked":["Searing Blow","Heavy Blade","Disarm"],"picked":"SKIP","floor":11},{"not_picked":["Searing Blow","Heavy Blade","Disarm"],"picked":"SKIP","floor":11},{"not_picked":["Pommel Strike","Dropkick","Hemokinesis"],"picked":"SKIP","floor":14}],"player_experience":745972,"relics_obtained":[{"floor":7,"key":"Lantern"},{"floor":9,"key":"Anchor"},{"floor":10,"key":"Vajra"}],"event_choices":[{"damage_healed":0,"gold_gain":0,"player_choice":"Trade","damage_taken":0,"relics_obtained":["CultistMask"],"max_hp_gain":0,"max_hp_loss":0,"event_name":"FaceTrader","floor":2,"gold_loss":0},{"damage_healed":0,"gold_gain":0,"player_choice":"Entered Light","damage_taken":15,"max_hp_gain":0,"max_hp_loss":0,"event_name":"Shining Light","floor":4,"gold_loss":0,"cards_upgraded":["Strike_R","Strike_R"]},{"cards_removed":["Strike_R"],"damage_healed":0,"gold_gain":0,"player_choice":"Purged","damage_taken":0,"max_hp_gain":0,"max_hp_loss":0,"event_name":"Purifier","floor":13,"gold_loss":0}],"is_beta":false,"boss_relics":[],"items_purged_floors":[8,12],"is_endless":false,"potions_floor_spawned":[7,14],"killed_by":"Hexaghost","ascension_level":14}}