{"host":"0vbfl0e35e1zcmie","time":1607702563,"event":{"mods":["AchievementEnabler","Act Like it!","Astrologer","Bard","BaseMod","Better Third Choice","BetterRewards","Conspire","Downfall","Energized Spire","Friendly Minions","FutureSeer","GifTheSpireLib","Halation","Hermit","Hero for Fun","Hubris","Jorbs\u0027s Wanderer Trilogy","Mad Scientist","Minty Spire (QoL Compilation)","Robot Space Explorer","Shade Mod","Shop Mod","Somnambulant","StSLib","Stuff the Spire","The Animator","The Bladedancer","The Clintock","The Construct","The Cursed","The Disciple","The Forsaken","The Gatherer","The Hierophant","The Judge","The Necromancer","The Problem Sleuth","The Runesmith","The Servant 0.9.4","The Spell Scribe","The Valiant","TheArtist","TheBandit","thorton","vexMod"],"gold_per_floor":[19,19,19,43,343,343,361,361,384,384,404,420,440,452,452,555,555,571,571,582,593,593,626,626,645,716,716,734,734,734,763,763,868,868,888,888,899,913,0,0,29,29,29,29,29,29,46,65,65,65,65,65,65,100,100],"floor_reached":54,"playtime":1154,"items_purged":[],"score":1172,"play_id":"ae36d9f8-954a-4b1c-880e-0da3c5084f23","local_time":"20201211080243","is_ascension_mode":false,"campfire_choices":[{"floor":6,"key":"RECALL"},{"data":"Ignore","floor":8,"key":"SMITH"},{"floor":15,"key":"REST"},{"data":"Toss_Stone","floor":24,"key":"SMITH"},{"data":"Hip_Strike","floor":29,"key":"SMITH"},{"floor":32,"key":"REST"},{"data":"Serious_Punch","floor":40,"key":"SMITH"},{"data":"Wear_Disguise","floor":42,"key":"SMITH"},{"floor":45,"key":"REST"},{"floor":49,"key":"REST"},{"floor":52,"key":"REST"}],"circlet_count":0,"master_deck":["Hip_Strike+1","Yawn","Toss_Stone+1","Get_Hopes_Up","Serious_Punch+1","Wear_Disguise+1","Hop","Do_Nothing","Slap","Wear_Disguise","Do_Nothing","Ignore+1","Toss_Stone","Hop","Hop","Slap","Consecutive_Normal_Punch","Slap","Hop","Do_Nothing","Terrifying_Presence","expansioncontent:CaCaw","Mayhem","Slap","StuffTheSpire:Rapture","Consecutive_Normal_Punch","Toss_Stone","Slap","Slap","Oh","Consecutive_Normal_Punch","Toss_Stone+1","Oh","Slap+1","Slimebound:CheckThePlaybook","sneckomod:Bewildered","Consecutive_Normal_Punch","Serious_Punch","Normal_Punch","Yawn+1","Slap+1","Toss_Stone+1","Toss_Stone+1","Toss_Stone+1"],"relics":["Cape","Pandora\u0027s Box","halation:NonexistentMirror","hubris:NiceRug","Dead Branch","Ginger","halation:Diary","hubris:BlackHole","Smiling Mask","theForsaken:HumbleEgg","sneckomod:BabySnecko","hubris:Zylophone","conspire:RoyalGoblet","Red Mask","The Courier","White Beast Statue","Vajra"],"acts_visited":["Exordium","TheCity","TheBeyond","TheEnding"],"potions_floor_usage":[],"damage_taken":[{"damage":0,"enemies":"Cultist","floor":1,"turns":3},{"damage":0,"enemies":"hubris:Merchant","floor":5,"turns":2},{"damage":0,"enemies":"Jaw Worm","floor":7,"turns":1},{"damage":0,"enemies":"conspire:RoseBush","floor":11,"turns":1},{"damage":0,"enemies":"Exordium Wildlife","floor":12,"turns":2},{"damage":0,"enemies":"Large Slime","floor":13,"turns":1},{"damage":0,"enemies":"Blue Slaver","floor":14,"turns":1},{"damage":0,"enemies":"The Guardian","floor":16,"turns":1},{"damage":0,"enemies":"3 Byrds","floor":18,"turns":1},{"damage":0,"enemies":"conspire:FuzzyDice","floor":20,"turns":1},{"damage":0,"enemies":"conspire:HollyBat","floor":21,"turns":5},{"damage":0,"enemies":"Slavers","floor":23,"turns":1},{"damage":0,"enemies":"Snake Plant","floor":25,"turns":1},{"damage":0,"enemies":"Centurion and Healer","floor":28,"turns":1},{"damage":0,"enemies":"conspire:Head Lice","floor":31,"turns":1},{"damage":0,"enemies":"conspire:MysteriousRune","floor":33,"turns":1},{"damage":0,"enemies":"Orb Walker","floor":35,"turns":1},{"damage":0,"enemies":"3 Darklings","floor":37,"turns":1},{"damage":0,"enemies":"Sphere and 2 Shapes","floor":38,"turns":1},{"damage":0,"enemies":"Giant Head","floor":41,"turns":1},{"damage":0,"enemies":"Maw","floor":47,"turns":1},{"damage":0,"enemies":"Writhing Mass","floor":48,"turns":1},{"damage":0,"enemies":"conspire:OrnateMirror","floor":50,"turns":1},{"damage":0,"enemies":"Shield and Spear","floor":54,"turns":1}],"seed_played":"437761395558021941","potions_obtained":[{"floor":2,"key":"FairyPotion"},{"floor":2,"key":"FearPotion"},{"floor":2,"key":"Fire Potion"},{"floor":5,"key":"Explosive Potion"},{"floor":5,"key":"Regen Potion"},{"floor":5,"key":"PowerPotion"},{"floor":54,"key":"LiquidBronze"}],"is_trial":false,"path_per_floor":["M","?","$","T","$","R","M","R","T","?","M","M","M","M","R","B",null,"M","?","M","M","$","E","R","M","T","?","M","R","?","E","R","B",null,"M","$","M","M","?","R","E","R","T","?","R","?","M","M","R","B",null,"R","$","E"],"character_chosen":"OPM","items_purchased":["Slap","Wear_Disguise","Do_Nothing","Ignore","Toss_Stone","halation:NonexistentMirror"],"campfire_rested":5,"item_purchase_floors":[0,0,0,0,0,0],"current_hp_per_floor":[999,999,999,999,999,999,999,999,999,999,999,999,999,999,999,999,999,999,1009,1009,1009,1009,1009,1009,1009,1009,1009,1009,1009,1009,1009,1009,1009,1009,1009,1009,1009,1009,1009,1009,1009,1009,1009,1009,1009,1012,1012,1012,1012,1012,1012,1012,1012,1012,1012],"gold":100,"neow_bonus":"","is_daily":false,"chose_seed":false,"campfire_upgraded":5,"win_rate":0.0,"timestamp":1607702563,"path_taken":["M","?","?","?","$","R","M","R","T","?","M","M","M","?","R","BOSS","M","?","?","M","$","E","R","M","T","?","M","R","?","E","R","BOSS","M","$","M","M","?","R","E","R","T","?","R","?","M","M","R","BOSS","R","$","E"],"items_purchased_type":["Card","Card","Card","Card","Card","Relic"],"build_version":"2020-11-30","purchased_purges":0,"victory":false,"max_hp_per_floor":[999,999,999,999,999,999,999,999,999,999,999,999,999,999,999,999,999,999,1009,1009,1009,1009,1009,1009,1009,1009,1009,1009,1009,1009,1009,1009,1009,1009,1009,1009,1009,1009,1009,1009,1009,1009,1009,1009,1009,1012,1012,1012,1012,1012,1012,1012,1012,1012,1012],"card_choices":[{"not_picked":["Slap","Side_Hop"],"picked":"Hop","floor":1},{"not_picked":[],"picked":"Slap","floor":5},{"not_picked":[],"picked":"Consecutive_Normal_Punch","floor":5},{"not_picked":[],"picked":"Hop","floor":5},{"not_picked":[],"picked":"Do_Nothing","floor":5},{"not_picked":[],"picked":"Terrifying_Presence","floor":5},{"not_picked":[],"picked":"expansioncontent:CaCaw","floor":5},{"not_picked":[],"picked":"Mayhem","floor":5},{"not_picked":["Do_Nothing","Wear_Disguise"],"picked":"Slap","floor":7},{"not_picked":["StuffTheSpire:Brawn","StuffTheSpire:BrainWave"],"picked":"StuffTheSpire:Rapture","floor":10},{"not_picked":["Hop","Ignore"],"picked":"Consecutive_Normal_Punch","floor":11},{"not_picked":["Slap","Side_Hop"],"picked":"Toss_Stone","floor":12},{"not_picked":["Normal_Punch","Hop"],"picked":"Slap","floor":13},{"not_picked":["Hop","Wear_Disguise"],"picked":"Slap","floor":14},{"not_picked":["Get_Hopes_Up","Serious_Side_Hops"],"picked":"Oh","floor":16},{"not_picked":["Side_Hop","Hop"],"picked":"Consecutive_Normal_Punch","floor":18},{"not_picked":["Hop","Ignore"],"picked":"Toss_Stone+1","floor":20},{"not_picked":["Ignore","Yawn","Serious_Side_Hops"],"picked":"SKIP","floor":21},{"not_picked":["Side_Hop+1","Wear_Disguise"],"picked":"Oh","floor":23},{"not_picked":["Side_Hop+1","Ignore"],"picked":"Slap+1","floor":25},{"not_picked":["Ignore+1","Side_Hop+1","Hop+1"],"picked":"SKIP","floor":28},{"not_picked":["Wear_Disguise","Yawn+1"],"picked":"Consecutive_Normal_Punch","floor":31},{"not_picked":["Terrifying_Presence","Oh"],"picked":"Serious_Punch","floor":33},{"not_picked":["Yawn+1","Ignore+1","Side_Hop+1"],"picked":"SKIP","floor":35},{"not_picked":["Wear_Disguise+1","Toss_Stone+1"],"picked":"Normal_Punch","floor":37},{"not_picked":["Side_Hop+1","Ignore+1"],"picked":"Yawn+1","floor":38},{"not_picked":["Get_Hopes_Up","Yawn+1"],"picked":"Slap+1","floor":41},{"not_picked":["Side_Hop+1","Ignore+1"],"picked":"Toss_Stone+1","floor":47},{"not_picked":["Hop+1","Normal_Punch+1"],"picked":"Toss_Stone+1","floor":48},{"not_picked":["Ignore+1","Normal_Punch+1"],"picked":"Toss_Stone+1","floor":54}],"player_experience":152534,"relics_obtained":[{"floor":5,"key":"Dead Branch"},{"floor":5,"key":"Ginger"},{"floor":5,"key":"halation:Diary"},{"floor":9,"key":"Bag of Marbles"},{"floor":23,"key":"Smiling Mask"},{"floor":26,"key":"theForsaken:HumbleEgg"},{"floor":31,"key":"hubris:Zylophone"},{"floor":41,"key":"The Courier"},{"floor":43,"key":"White Beast Statue"},{"floor":54,"key":"Vajra"}],"event_choices":[{"damage_healed":0,"gold_gain":0,"player_choice":"Got Potions","damage_taken":0,"max_hp_gain":0,"max_hp_loss":0,"event_name":"Lab","floor":2,"gold_loss":0},{"cards_removed":["Serious_Side_Hops"],"damage_healed":0,"gold_gain":0,"player_choice":"Offered Rare","damage_taken":0,"max_hp_gain":10,"max_hp_loss":0,"event_name":"Bonfire Elementals","floor":19,"gold_loss":0},{"damage_healed":0,"gold_gain":0,"player_choice":"Paid","damage_taken":0,"relics_obtained":["Red Mask"],"max_hp_gain":0,"max_hp_loss":0,"event_name":"Tomb of Lord Red Mask","floor":39,"gold_loss":913},{"damage_healed":0,"gold_gain":0,"player_choice":"Ignored","damage_taken":0,"max_hp_gain":0,"max_hp_loss":0,"event_name":"Mysterious Sphere","floor":44,"gold_loss":0}],"is_beta":false,"boss_relics":[{"not_picked":["SacredBark","StuffTheSpire:RunicHypercube"],"picked":"hubris:BlackHole"},{"not_picked":["vexMod:MysteryBossChallenge","conspire:SeveredTorchhead"],"picked":"conspire:RoyalGoblet"}],"items_purged_floors":[],"is_endless":false,"potions_floor_spawned":[11,13,14,16,18,23,25,28,38,47,48,54],"killed_by":"Shield and Spear","ascension_level":0}}