{"host":"4qkvkh7pd9qr2mca","time":1607711626,"event":{"mods":["AchievementEnabler","BaseMod","Colored Map","Colored Powertips","Highlight Path","Minty Spire (QoL Compilation)","Permanent Neow","Quick Restart","StSLib","SuperFastMode"],"gold_per_floor":[117,117,132,148,165,165,315,344,368,380,380,397,27,60,60,60,60],"floor_reached":16,"playtime":480,"items_purged":["Doubt"],"score":224,"play_id":"05d833b5-4500-418f-86e0-093cdead526c","local_time":"20201211193346","is_ascension_mode":true,"campfire_choices":[{"data":"Neutralize","floor":6,"key":"SMITH"},{"floor":11,"key":"REST"},{"data":"Strike_G","floor":15,"key":"PURGE"}],"circlet_count":0,"master_deck":["AscendersBane","Strike_G","Strike_G","Strike_G","Strike_G","Defend_G","Defend_G","Defend_G","Defend_G","Defend_G","Survivor","Neutralize+1","Footwork","Skewer","Blade Dance","Blur","Footwork","Predator","Bouncing Flask","Deadly Poison","Finisher"],"relics":["Ring of the Snake","Peace Pipe","Ancient Tea Set","Potion Belt","Centennial Puzzle","TwistedFunnel","Art of War"],"acts_visited":["Exordium"],"potions_floor_usage":[8,16,16],"damage_taken":[{"damage":4.0,"enemies":"2 Louse","floor":1.0,"turns":5.0},{"damage":1,"enemies":"Small Slimes","floor":3,"turns":8},{"damage":0,"enemies":"Jaw Worm","floor":4,"turns":5},{"damage":3,"enemies":"Blue Slaver","floor":5,"turns":6},{"damage":31,"enemies":"Gremlin Nob","floor":8,"turns":4},{"damage":0,"enemies":"Red Slaver","floor":10,"turns":6},{"damage":5,"enemies":"2 Fungi Beasts","floor":12,"turns":4},{"damage":8,"enemies":"Lagavulin","floor":14,"turns":5},{"damage":23,"enemies":"Hexaghost","floor":16,"turns":9}],"seed_played":"-2928710519354597587","potions_obtained":[{"floor":1.0,"key":"Fruit Juice"},{"floor":3,"key":"EssenceOfSteel"},{"floor":4,"key":"Fire Potion"},{"floor":12,"key":"Poison Potion"}],"is_trial":false,"path_per_floor":["M","?","M","M","M","R","?","E","T","M","R","M","$","E","R","B"],"character_chosen":"THE_SILENT","items_purchased":["Bouncing Flask","Deadly Poison","TwistedFunnel"],"campfire_rested":1,"item_purchase_floors":[13,13,13],"current_hp_per_floor":[55,49,48,48,45,45,45,14,14,14,33,28,28,20,20,0,0],"gold":60,"neow_bonus":"ONE_RARE_RELIC","is_daily":false,"chose_seed":false,"campfire_upgraded":1,"win_rate":0.0,"timestamp":1607711626,"path_taken":["M","?","M","M","M","R","?","E","T","M","R","M","$","E","R","BOSS"],"items_purchased_type":["Card","Card","Relic"],"build_version":"2020-11-30","purchased_purges":1,"victory":false,"max_hp_per_floor":[60,65,65,65,65,65,65,65,65,65,65,65,65,65,65,65,65],"card_choices":[{"not_picked":["Choke","Sucker Punch"],"picked":"Footwork","floor":1.0},{"not_picked":["Distraction","Acrobatics"],"picked":"Skewer","floor":3},{"not_picked":["Quick Slash","Distraction"],"picked":"Blade Dance","floor":4},{"not_picked":["Underhanded Strike","Dodge and Roll"],"picked":"Blur","floor":5},{"not_picked":["Poisoned Stab","Prepared"],"picked":"Footwork","floor":8},{"not_picked":["Outmaneuver","Unload","Prepared"],"picked":"SKIP","floor":10},{"not_picked":["Slice","Acrobatics"],"picked":"Predator","floor":12},{"not_picked":["Prepared","Poisoned Stab"],"picked":"Finisher","floor":14}],"player_experience":292749,"relics_obtained":[{"floor":8,"key":"Potion Belt"},{"floor":9,"key":"Centennial Puzzle"},{"floor":14,"key":"Art of War"}],"event_choices":[{"damage_healed":0.0,"max_hp_gain":0.0,"max_hp_loss":0.0,"gold_gain":0.0,"event_name":"Scrap Ooze","player_choice":"Success","floor":2.0,"gold_loss":0.0,"damage_taken":11.0,"relics_obtained":["Ancient Tea Set"]},{"damage_healed":0,"gold_gain":150,"player_choice":"AGREE","damage_taken":0,"max_hp_gain":0,"max_hp_loss":0,"event_name":"Liars Game","floor":7,"gold_loss":0,"cards_obtained":["Doubt"]}],"is_beta":false,"boss_relics":[],"items_purged_floors":[13],"is_endless":false,"potions_floor_spawned":[1,3,4,12],"killed_by":"Hexaghost","ascension_level":20}}