{"host":"t7kiqd0mabx5u6gq","time":1607646693,"event":{"mods":["AchievementEnabler","Aspiration","BaseMod","Conspire","GifTheSpireLib","Halation","Hubris","Infinite Spire","Minty Spire (QoL Compilation)","Quarter Circle Forward PUNCH!","Quick Restart","Replay The Spire","StSLib","Stuff the Spire","vexMod"],"gold_per_floor":[112,112,130,130,130,130,159,170,197,231,244,19,19,19,19,19,19],"floor_reached":16,"playtime":373,"items_purged":[],"score":193,"play_id":"1cb377a6-996b-45e9-b849-110137a26313","local_time":"20201210163133","is_ascension_mode":true,"campfire_choices":[{"data":"Dagger Spray","floor":6,"key":"SMITH"},{"data":"Panache","floor":13,"key":"SMITH"},{"floor":15,"key":"REST"}],"circlet_count":0,"master_deck":["Strike_G","Strike_G","Strike_G","Strike_G","Defend_G","Defend_G","Defend_G","Defend_G","Defend_G","Survivor","Neutralize","Dagger Spray","Dagger Spray+1","Tactician","hubris:Sniper","Unload","Well Laid Plans","Panache+1","Deflect","Blade Dance"],"relics":["Ring of the Snake","NeowsBlessing","Tingsha","vexMod:PlasmaPancake","Dream Catcher","StuffTheSpire:GrapeVine","hubris:Zylophone"],"acts_visited":["Exordium"],"potions_floor_usage":[10,10,16],"damage_taken":[{"damage":0,"enemies":"2 Louse","floor":1,"turns":1},{"damage":0,"enemies":"Cultist","floor":3,"turns":1},{"damage":0,"enemies":"Lagavulin","floor":7,"turns":1},{"damage":0,"enemies":"Small Slimes","floor":8,"turns":2},{"damage":28,"enemies":"Replay:BlueRogue","floor":10,"turns":7},{"damage":7,"enemies":"Exordium Wildlife","floor":11,"turns":3},{"damage":77,"enemies":"Fading Forest","floor":16,"turns":10}],"seed_played":"7554723670176784354","potions_obtained":[{"floor":3,"key":"ColorlessPotion"},{"floor":8,"key":"Block Potion"},{"floor":10,"key":"BlessingOfTheForge"}],"is_trial":false,"path_per_floor":["M","?","M","?","T","R","E","M","T","E","M","$","R","?","R","B"],"character_chosen":"THE_SILENT","items_purchased":["Panache","Deflect"],"campfire_rested":1,"item_purchase_floors":[12,12],"current_hp_per_floor":[63,63,63,63,69,69,69,69,69,41,34,34,34,27,49,0,0],"gold":19,"neow_bonus":"THREE_ENEMY_KILL","is_daily":false,"chose_seed":false,"campfire_upgraded":2,"win_rate":0.0,"timestamp":1607646693,"path_taken":["M","?","?","?","?","R","E","?","T","E","M","$","R","?","R","BOSS"],"items_purchased_type":["Card","Card"],"build_version":"2020-11-30","purchased_purges":0,"victory":false,"max_hp_per_floor":[70,70,70,70,76,76,76,76,76,76,76,76,76,76,76,76,76],"card_choices":[{"not_picked":["ReplayTheSpireMod:Exploit Weakness","Dagger Throw"],"picked":"Dagger Spray","floor":1},{"not_picked":["Sucker Punch","Expertise"],"picked":"Dagger Spray","floor":3},{"not_picked":["Quick Slash","StuffTheSpire:Python"],"picked":"Tactician","floor":7},{"not_picked":["StuffTheSpire:ReptileScales","Caltrops"],"picked":"hubris:Sniper","floor":8},{"not_picked":["Sucker Punch","Deflect"],"picked":"Unload","floor":10},{"not_picked":["Deadly Poison","Outmaneuver"],"picked":"Well Laid Plans","floor":11},{"not_picked":["Hidden Blade","Masterful Stab"],"picked":"Blade Dance","floor":15}],"player_experience":559565,"relics_obtained":[{"floor":4,"key":"Tingsha"},{"floor":5,"key":"vexMod:PlasmaPancake"},{"floor":7,"key":"Dream Catcher"},{"floor":9,"key":"StuffTheSpire:GrapeVine"},{"floor":10,"key":"hubris:Zylophone"}],"event_choices":[{"cards_removed":["Strike_G"],"damage_healed":0,"gold_gain":0,"player_choice":"Purged","damage_taken":0,"max_hp_gain":0,"max_hp_loss":0,"event_name":"Purifier","floor":2,"gold_loss":0},{"damage_healed":0,"gold_gain":0,"player_choice":"Damaged","damage_taken":7,"max_hp_gain":0,"max_hp_loss":0,"event_name":"Wheel of Change","floor":14,"gold_loss":0}],"is_beta":false,"boss_relics":[],"items_purged_floors":[],"is_endless":false,"potions_floor_spawned":[3,8,10],"killed_by":"Fading Forest","ascension_level":9}}