{"host":"3xls0xm49ftugio7","time":1607683216,"event":{"mods":["2.2 Compatiblity","AchievementEnabler","Act Like it!","BaseMod","Colored Powertips","GifTheSpireLib","Hermit","Minty Spire (QoL Compilation)","Quick Restart","Relic Stats","StSLib","The Florist","The Hierophant"],"gold_per_floor":[116,186,29,179,149,186,186,227,227,251,271,271,305,326,326,326,326],"floor_reached":16,"playtime":535,"items_purged":[],"score":328,"play_id":"403697c2-9190-4f3a-97d7-900b4f71a614","local_time":"20201211124016","is_ascension_mode":true,"campfire_choices":[{"data":"hermit:Covet","floor":7,"key":"SMITH"},{"floor":12,"key":"DIG"},{"data":"1","floor":15,"key":"LIFT"}],"circlet_count":0,"master_deck":["AscendersBane","hermit:Strike_Hermit","hermit:Strike_Hermit","hermit:Strike_Hermit","hermit:Strike_Hermit","hermit:Defend_Hermit","hermit:Defend_Hermit","hermit:Defend_Hermit","hermit:Defend_Hermit","hermit:Snapshot","hermit:Covet+1","hermit:BodyArmor","Doubt","hermit:Enervate","hermit:Grudge","hermit:PistolWhip","hermit:Spite","hermit:Malice","hermit:NoHoldsBarred"],"relics":["hermit:Momento","NeowsBlessing","ClockworkSouvenir","CeramicFish","Shovel","Bird Faced Urn","Art of War","Girya"],"acts_visited":["Exordium"],"potions_floor_usage":[11,14,16],"damage_taken":[{"damage":0,"enemies":"Jaw Worm","floor":1,"turns":1},{"damage":0,"enemies":"Lagavulin","floor":6,"turns":1},{"damage":0,"enemies":"3 Sentries","floor":8,"turns":2},{"damage":9,"enemies":"Small Slimes","floor":10,"turns":3},{"damage":2,"enemies":"2 Louse","floor":11,"turns":3},{"damage":32,"enemies":"Gremlin Nob","floor":13,"turns":4},{"damage":18,"enemies":"Gremlin Gang","floor":14,"turns":3},{"damage":5,"enemies":"Hexaghost","floor":16,"turns":4}],"seed_played":"6568084296181144068","potions_obtained":[{"floor":5,"key":"ColorlessPotion"},{"floor":5,"key":"Block Potion"},{"floor":6,"key":"hermit:Tonic"},{"floor":8,"key":"Swift Potion"},{"floor":11,"key":"Ancient Potion"},{"floor":14,"key":"Weak Potion"}],"is_trial":false,"path_per_floor":["M","?","$","?","?","E","R","E","T","M","M","R","E","M","R","B"],"character_chosen":"HERMIT","items_purchased":["ClockworkSouvenir"],"campfire_rested":0,"item_purchase_floors":[3],"current_hp_per_floor":[64,64,64,64,64,64,64,64,64,55,53,53,21,3,3,0,0],"gold":326,"neow_bonus":"THREE_ENEMY_KILL","is_daily":false,"chose_seed":false,"campfire_upgraded":1,"win_rate":0.0,"timestamp":1607683216,"path_taken":["M","?","$","?","?","E","R","E","T","?","M","R","E","M","R","BOSS"],"items_purchased_type":["Relic"],"build_version":"2020-11-30","purchased_purges":0,"victory":false,"max_hp_per_floor":[71,71,71,71,71,71,71,71,71,71,71,71,71,71,71,71,71],"relic_stats":{"Shovel":1,"counters":[8,21],"CeramicFish":54,"Bird Faced Urn":[0],"Art of War":[0],"obtain_stats":[{"Girya":13,"Shovel":8,"NeowsBlessing":0,"CeramicFish":6,"Bird Faced Urn":9,"Art of War":12,"hermit:Momento":0,"ClockworkSouvenir":3},{"Girya":6,"Shovel":3,"NeowsBlessing":0,"CeramicFish":2,"Bird Faced Urn":3,"Art of War":5,"hermit:Momento":0,"ClockworkSouvenir":1},{"Girya":14,"Shovel":4,"NeowsBlessing":0,"CeramicFish":2,"Bird Faced Urn":4,"Art of War":10,"hermit:Momento":0,"ClockworkSouvenir":1}]},"card_choices":[{"not_picked":["hermit:Headshot","hermit:Desperado"],"picked":"hermit:BodyArmor","floor":1},{"not_picked":["hermit:ItchyTrigger","hermit:Dive"],"picked":"hermit:Enervate","floor":6},{"not_picked":["hermit:Feint","hermit:HighNoon"],"picked":"hermit:Grudge","floor":8},{"not_picked":["hermit:DeadMansHand","hermit:BodyArmor"],"picked":"hermit:PistolWhip","floor":10},{"not_picked":["hermit:Headshot","hermit:SprayPray"],"picked":"hermit:Spite","floor":11},{"not_picked":["hermit:TakeCover","hermit:WideOpen"],"picked":"hermit:Malice","floor":13},{"not_picked":["hermit:FlashPowder","hermit:HoleUp"],"picked":"hermit:NoHoldsBarred","floor":14}],"player_experience":809142,"relics_obtained":[{"floor":6,"key":"CeramicFish"},{"floor":8,"key":"Shovel"},{"floor":9,"key":"Bird Faced Urn"},{"floor":12,"key":"Art of War"},{"floor":13,"key":"Girya"}],"event_choices":[{"damage_healed":0,"gold_gain":70,"player_choice":"Gained Gold","damage_taken":0,"max_hp_gain":0,"max_hp_loss":0,"event_name":"Golden Wing","floor":2,"gold_loss":0},{"damage_healed":0,"gold_gain":150,"player_choice":"AGREE","damage_taken":0,"max_hp_gain":0,"max_hp_loss":0,"event_name":"Liars Game","floor":4,"gold_loss":0,"cards_obtained":["Doubt"]},{"damage_healed":0,"gold_gain":0,"player_choice":"Bought 2 Potions","damage_taken":0,"max_hp_gain":0,"max_hp_loss":0,"event_name":"The Woman in Blue","floor":5,"gold_loss":0}],"is_beta":false,"boss_relics":[],"items_purged_floors":[],"is_endless":false,"potions_floor_spawned":[6,8,11,13,14],"killed_by":"Hexaghost","ascension_level":19}}