{"host":"xkcp1i6l4yppoyj3","time":1607669351,"event":{"mods":["2.2 Compatiblity","AchievementEnabler","BaseMod","Colored Map","Colored Powertips","DeckTracker","Downfall","Highlight Path","KOR Keyword Fix","Keyboard Shortcuts","Minty Spire (QoL Compilation)","Permanent Neow","Quick Restart","Relic Stats","StSLib","SuperFastMode"],"gold_per_floor":[99,99,114,128,148,213,213,233,143,143,318,318,329,268,279,279,279],"floor_reached":16,"playtime":773,"items_purged":["Slimebound:Strike_Slimebound"],"score":92,"play_id":"5a04e194-ecff-4c5b-aa05-4034ce76082b","local_time":"20201211154911","is_ascension_mode":false,"campfire_choices":[{"data":"Slimebound:PrepareCrush","floor":1,"key":"SMITH"},{"data":"Slimebound:LeechEnergy","floor":10,"key":"SMITH"}],"circlet_count":0,"master_deck":["Slimebound:Strike_Slimebound","Slimebound:Tackle","Slimebound:Defend_Slimebound","Slimebound:Defend_Slimebound","Slimebound:Defend_Slimebound","Slimebound:Defend_Slimebound","Slimebound:Split+1","Slimebound:CorrosiveSpit","Slimebound:PrepareCrush+1","Slimebound:LeechEnergy+1","Doubt","Slimebound:SplitMire","Slimebound:SplitMire","Slimebound:LevelUp"],"relics":["Slimebound:AbsorbEndCombat","Kunai","Blood Vial"],"acts_visited":["Exordium"],"potions_floor_usage":[16,16],"damage_taken":[{"damage":8,"enemies":"Cultist","floor":3,"turns":3},{"damage":8,"enemies":"Small Slimes","floor":4,"turns":2},{"damage":10,"enemies":"2 Louse","floor":5,"turns":2},{"damage":17,"enemies":"3 Sentries","floor":6,"turns":6},{"damage":12,"enemies":"Large Slime","floor":8,"turns":6},{"damage":9,"enemies":"downfall:FleeingMerchant","floor":9,"turns":4},{"damage":18,"enemies":"2 Fungi Beasts","floor":13,"turns":3},{"damage":15,"enemies":"downfall:FleeingMerchant","floor":14,"turns":4},{"damage":23,"enemies":"3 Louse","floor":15,"turns":4},{"damage":78,"enemies":"downfall:CharBossSilent","floor":16,"turns":6}],"seed_played":"5317964982060982781","potions_obtained":[{"floor":4,"key":"SpeedPotion"},{"floor":13,"key":"LiquidBronze"},{"floor":15,"key":"Dexterity Potion"}],"is_trial":false,"path_per_floor":["R","?","M","M","M","?","T","M","$","R","?","?","M","$","M","B"],"character_chosen":"SLIMEBOUND","items_purchased":["Slimebound:SplitMire"],"campfire_rested":0,"item_purchase_floors":[14],"current_hp_per_floor":[60,60,60,60,50,41,41,49,54,54,54,54,48,53,56,0,0],"gold":279,"neow_bonus":"ONE_RANDOM_RARE_CARD","is_daily":false,"chose_seed":false,"campfire_upgraded":2,"win_rate":0.0,"timestamp":1607669351,"path_taken":["R","?","M","?","M","?","T","M","$","R","?","?","M","$","M","BOSS"],"items_purchased_type":["Card"],"build_version":"2020-11-30","purchased_purges":1,"victory":false,"max_hp_per_floor":[60,60,60,60,60,60,60,60,60,60,60,60,60,60,60,60,60],"relic_stats":{"Blood Vial":12,"counters":[10,39],"Kunai":[2],"obtain_stats":[{"Blood Vial":7,"Slimebound:AbsorbEndCombat":0,"Kunai":6},{"Blood Vial":4,"Slimebound:AbsorbEndCombat":0,"Kunai":4},{"Blood Vial":13,"Slimebound:AbsorbEndCombat":0,"Kunai":13}]},"card_choices":[{"not_picked":["Slimebound:LeechingTouch","Slimebound:ViciousTackle","Slimebound:Schlurp"],"picked":"SKIP","floor":3},{"not_picked":["Slimebound:SamplingLick","Slimebound:GoopSpray"],"picked":"Slimebound:LeechEnergy","floor":4},{"not_picked":["Slimebound:LeechLife","Slimebound:Equalize","Slimebound:GoopSpray"],"picked":"SKIP","floor":5},{"not_picked":["Slimebound:SpikyOuterGoop","Slimebound:LeechingTouch","Slimebound:ComboTackle"],"picked":"SKIP","floor":8},{"not_picked":["Slimebound:SlimeSlap","Slimebound:RainOfGoop"],"picked":"Slimebound:SplitMire","floor":13},{"not_picked":["Slimebound:ComboTackle","Slimebound:LeechEnergy"],"picked":"Slimebound:LevelUp","floor":15}],"player_experience":477769,"relics_obtained":[{"floor":6,"key":"Kunai"},{"floor":7,"key":"Blood Vial"}],"event_choices":[{"damage_healed":0,"gold_gain":0,"player_choice":"Upgraded","damage_taken":0,"max_hp_gain":0,"max_hp_loss":0,"event_name":"Upgrade Shrine","floor":2,"gold_loss":0,"cards_upgraded":["Slimebound:Split"]}],"is_beta":false,"boss_relics":[],"items_purged_floors":[9],"is_endless":false,"potions_floor_spawned":[4,13,15],"killed_by":"downfall:CharBossSilent","ascension_level":0}}