{"host":"92108ef2q9tm8rod","time":1607645387,"event":{"mods":["BaseMod","Defuse TimeMaze Blight","Minty Spire (QoL Compilation)","StSLib","The Jungle"],"gold_per_floor":[110,120,137,137,163,163,195,213,213,213,213,213,138,170,170,274,274,294,314,57,76,94,94,121,121,421,264,264,264,289,314,314,413,413,431,431,274,286,304,304,204,204,272,283,308,328,328,358,370,382],"floor_reached":51,"playtime":2255,"items_purged":["Deadly Poison","Dodge and Roll+1"],"score":1071,"play_id":"e65a5955-f1b6-4cb1-9d75-35db5c5342c2","local_time":"20201211000947","daily_mods":["SealedDeck","Colorless Cards","Heirloom","Flight"],"is_ascension_mode":false,"campfire_choices":[{"data":"Setup","floor":6,"key":"SMITH"},{"data":"Tactician","floor":10,"key":"SMITH"},{"data":"Acrobatics","floor":11,"key":"SMITH"},{"data":"Dodge and Roll","floor":12,"key":"SMITH"},{"data":"Dodge and Roll","floor":15,"key":"SMITH"},{"data":"Adrenaline","floor":23,"key":"SMITH"},{"data":"Skewer","floor":25,"key":"SMITH"},{"data":"Underhanded Strike","floor":28,"key":"SMITH"},{"data":"Underhanded Strike","floor":29,"key":"SMITH"},{"data":"Blur","floor":32,"key":"SMITH"},{"data":"Dramatic Entrance","floor":40,"key":"SMITH"},{"data":"Quick Slash","floor":42,"key":"SMITH"},{"floor":47,"key":"REST"},{"floor":49,"key":"REST"}],"circlet_count":0,"master_deck":["Dodge and Roll+1","Quick Slash+1","Underhanded Strike+1","Acrobatics+1","Underhanded Strike+1","Dramatic Entrance+1","Skewer+1","Setup+1","Tactician+1","Blur+1","Adrenaline+1"],"relics":["Ring of the Snake","Lizard Tail","Oddly Smooth Stone","Bag of Preparation","Matryoshka","Bag of Marbles","SlaversCollar","Bottled Lightning","Vajra","Kunai","Old Coin","TwistedFunnel","StrikeDummy","The Specimen","SacredBark","Medical Kit","CeramicFish","Molten Egg 2","Regal Pillow","MawBank"],"acts_visited":["Exordium","Exordium","TheBeyond"],"potions_floor_usage":[33,50,50],"damage_taken":[{"damage":0,"enemies":"2 Louse","floor":1,"turns":1},{"damage":3,"enemies":"Jaw Worm","floor":2,"turns":2},{"damage":0,"enemies":"Cultist","floor":3,"turns":3},{"damage":0,"enemies":"3 Sentries","floor":7,"turns":4},{"damage":0,"enemies":"Blue Slaver","floor":8,"turns":1},{"damage":0,"enemies":"Gremlin Nob","floor":14,"turns":2},{"damage":0,"enemies":"Hexaghost","floor":16,"turns":7},{"damage":0,"enemies":"Shell Parasite","floor":18,"turns":1},{"damage":0,"enemies":"theJungle:GiantWrat","floor":19,"turns":1},{"damage":0,"enemies":"theJungle:2_Flameangoes","floor":21,"turns":3},{"damage":0,"enemies":"theJungle:JungleHuntersEncounter","floor":22,"turns":2},{"damage":0,"enemies":"theJungle:2_Phrogs","floor":24,"turns":4},{"damage":0,"enemies":"theJungle:Cassacara","floor":30,"turns":1},{"damage":0,"enemies":"theJungle:MamaSnecko","floor":31,"turns":1},{"damage":0,"enemies":"theJungle:TotemBoss","floor":33,"turns":3},{"damage":0,"enemies":"3 Shapes","floor":35,"turns":1},{"damage":0,"enemies":"Orb Walker","floor":38,"turns":1},{"damage":0,"enemies":"Writhing Mass","floor":39,"turns":1},{"damage":0,"enemies":"Maw","floor":44,"turns":3},{"damage":0,"enemies":"Giant Head","floor":45,"turns":3},{"damage":0,"enemies":"4 Shapes","floor":46,"turns":1},{"damage":0,"enemies":"Reptomancer","floor":48,"turns":1},{"damage":2,"enemies":"Awakened One","floor":50,"turns":6}],"seed_played":"2793613485525034494","potions_obtained":[{"floor":2,"key":"ColorlessPotion"},{"floor":3,"key":"Strength Potion"},{"floor":16,"key":"Block Potion"},{"floor":31,"key":"Explosive Potion"},{"floor":33,"key":"Weak Potion"}],"is_trial":true,"path_per_floor":["M","M","M","?","T","R","E","M","T","R","R","R","$","E","R","B",null,"M","M","$","M","M","R","E","R","T","$","R","R","E","E","R","B",null,"M","$","$","M","M","R","$","R","T","M","E","M","R","E","R","B",null],"character_chosen":"THE_SILENT","items_purchased":["Bottled Lightning","TwistedFunnel","Medical Kit"],"campfire_rested":2,"item_purchase_floors":[20,27,37],"current_hp_per_floor":[70,67,67,72,72,72,72,72,72,72,72,72,72,72,72,72,75,75,75,75,75,75,75,75,75,75,75,75,75,75,75,75,75,75,75,75,75,75,75,75,75,75,75,75,75,75,75,75,75,73],"gold":394,"neow_bonus":"","is_daily":false,"chose_seed":false,"campfire_upgraded":12,"win_rate":0.0,"timestamp":1607645387,"path_taken":["M","M","M","?","?","R","E","M","T","R","R","R","$","E","R","BOSS","M","M","$","M","M","R","E","R","T","$","R","R","E","E","R","BOSS","M","$","$","M","M","R","$","R","T","M","E","M","R","E","R","BOSS"],"items_purchased_type":["Relic","Relic","Relic"],"build_version":"2020-11-30","purchased_purges":2,"victory":true,"max_hp_per_floor":[70,70,70,75,75,75,75,75,75,75,75,75,75,75,75,75,75,75,75,75,75,75,75,75,75,75,75,75,75,75,75,75,75,75,75,75,75,75,75,75,75,75,75,75,75,75,75,75,75,75],"card_choices":[{"not_picked":["Outmaneuver","Escape Plan"],"picked":"Tactician","floor":1},{"not_picked":["Bane","Sucker Punch"],"picked":"Blur","floor":2},{"not_picked":["Impatience","Finisher","Quick Slash"],"picked":"SKIP","floor":3},{"not_picked":["PiercingWail","Footwork","Flying Knee"],"picked":"SKIP","floor":7},{"not_picked":["Deadly Poison","Slice","Cloak And Dagger"],"picked":"SKIP","floor":8},{"not_picked":["Secret Technique","Slice","Dash"],"picked":"SKIP","floor":14},{"not_picked":["Envenom","Die Die Die"],"picked":"Adrenaline","floor":16},{"not_picked":["Backstab+1","Dagger Spray","Deflect"],"picked":"SKIP","floor":18},{"not_picked":["Calculated Gamble","Acrobatics","Deflect"],"picked":"SKIP","floor":19},{"not_picked":["Dodge and Roll+1","Catalyst","Choke+1"],"picked":"SKIP","floor":21},{"not_picked":["Expertise","Poisoned Stab","Cloak And Dagger"],"picked":"SKIP","floor":22},{"not_picked":["Sucker Punch","Backflip","Bandage Up"],"picked":"SKIP","floor":24},{"not_picked":["Backstab+1","Chrysalis","Setup"],"picked":"SKIP","floor":30},{"not_picked":["Master of Strategy","Cloak And Dagger","Blade Dance+1"],"picked":"SKIP","floor":31},{"not_picked":["Predator+1","Panacea","Poisoned Stab"],"picked":"SKIP","floor":35},{"not_picked":["Forethought+1","Deadly Poison","Setup+1"],"picked":"SKIP","floor":38},{"not_picked":["Deadly Poison+1","Quick Slash+1","Acrobatics+1"],"picked":"SKIP","floor":39},{"not_picked":["Poisoned Stab+1","Enlightenment+1","Eviscerate+1"],"picked":"SKIP","floor":44},{"not_picked":["Deadly Poison","Deflect+1","Unload+1"],"picked":"SKIP","floor":45},{"not_picked":["Catalyst","Flying Knee+1","PiercingWail"],"picked":"SKIP","floor":46},{"not_picked":["Bouncing Flask","Flying Knee+1","Dramatic Entrance+1"],"picked":"SKIP","floor":48}],"player_experience":3135362,"relics_obtained":[{"floor":5,"key":"Oddly Smooth Stone"},{"floor":7,"key":"Bag of Preparation"},{"floor":9,"key":"Matryoshka"},{"floor":14,"key":"Bag of Marbles"},{"floor":24,"key":"Vajra"},{"floor":26,"key":"Kunai"},{"floor":26,"key":"Old Coin"},{"floor":30,"key":"StrikeDummy"},{"floor":31,"key":"The Specimen"},{"floor":43,"key":"CeramicFish"},{"floor":43,"key":"Molten Egg 2"},{"floor":45,"key":"Regal Pillow"},{"floor":48,"key":"MawBank"}],"event_choices":[{"damage_healed":0,"gold_gain":0,"player_choice":"Donut","damage_taken":0,"max_hp_gain":5,"max_hp_loss":0,"event_name":"Big Fish","floor":4,"gold_loss":0}],"is_beta":false,"boss_relics":[{"not_picked":["Astrolabe","Cursed Key"],"picked":"SlaversCollar"},{"not_picked":["Velvet Choker","WristBlade"],"picked":"SacredBark"}],"items_purged_floors":[13,41],"is_endless":false,"potions_floor_spawned":[2,3,16,30,31,33,35,45,46],"ascension_level":0}}