{"host":"ilxricga2547gmyy","time":1607705948,"event":{"mods":["AchievementEnabler","BaseMod","Minty Spire (QoL Compilation)","Quick Restart","StSLib"],"gold_per_floor":[114,127,142,157,32,62,79,93,142,175,150,150,150,162,162,257,257,275,275,275,275,275],"floor_reached":21,"playtime":1267,"items_purged":[],"score":210,"play_id":"23d77b85-d230-4719-86be-e36145405a78","local_time":"20201211175908","is_ascension_mode":true,"campfire_choices":[{"floor":13,"key":"REST"},{"floor":15,"key":"REST"}],"circlet_count":0,"master_deck":["Strike_G","Strike_G","Strike_G","Strike_G","Strike_G","Defend_G","Defend_G","Defend_G","Defend_G","Defend_G","Survivor","Neutralize","Footwork","Reflex","Expertise","Cloak And Dagger","PiercingWail","Well Laid Plans","Adrenaline","Poisoned Stab","Prepared","Storm of Steel","Acrobatics","A Thousand Cuts"],"relics":["Ring of the Snake","NeowsBlessing","Bottled Tornado","Strawberry","HornCleat","Black Star","MutagenicStrength"],"acts_visited":["Exordium","TheCity"],"potions_floor_usage":[8,10,16,16,16],"damage_taken":[{"damage":0,"enemies":"Cultist","floor":1,"turns":1},{"damage":0,"enemies":"Small Slimes","floor":2,"turns":1},{"damage":0,"enemies":"2 Louse","floor":3,"turns":1},{"damage":8,"enemies":"Blue Slaver","floor":4,"turns":7},{"damage":18,"enemies":"3 Sentries","floor":6,"turns":17},{"damage":0,"enemies":"Large Slime","floor":7,"turns":7},{"damage":22,"enemies":"Exordium Thugs","floor":8,"turns":9},{"damage":19,"enemies":"Gremlin Nob","floor":10,"turns":5},{"damage":1,"enemies":"Blue Slaver","floor":14,"turns":4},{"damage":27,"enemies":"Hexaghost","floor":16,"turns":15},{"damage":33,"enemies":"Spheric Guardian","floor":18,"turns":6},{"damage":50,"enemies":"Chosen","floor":21,"turns":6}],"seed_played":"-2507827520199752701","potions_obtained":[{"floor":2,"key":"Ancient Potion"},{"floor":3,"key":"Poison Potion"},{"floor":7,"key":"FearPotion"},{"floor":8,"key":"FearPotion"},{"floor":10,"key":"SteroidPotion"},{"floor":14,"key":"Block Potion"}],"is_trial":false,"path_per_floor":["M","M","M","M","$","E","M","M","T","E","?","?","R","M","R","B",null,"M","?","?","M"],"character_chosen":"THE_SILENT","items_purchased":["PiercingWail","Well Laid Plans"],"campfire_rested":2,"item_purchase_floors":[5,5],"current_hp_per_floor":[70,70,70,62,62,44,44,22,29,10,10,10,33,32,55,28,77,44,30,30,0,0],"gold":275,"neow_bonus":"THREE_ENEMY_KILL","is_daily":false,"chose_seed":false,"campfire_upgraded":0,"win_rate":0.0,"timestamp":1607705948,"path_taken":["M","M","M","M","$","E","?","M","T","E","?","?","R","M","R","BOSS","M","?","?","M"],"items_purchased_type":["Card","Card"],"build_version":"2020-11-30","purchased_purges":0,"victory":false,"max_hp_per_floor":[70,70,70,70,70,70,70,70,77,77,77,77,77,77,77,77,77,77,82,82,82,82],"card_choices":[{"not_picked":["Sucker Punch","Dagger Spray"],"picked":"Footwork","floor":1},{"not_picked":["Distraction","Backstab"],"picked":"Reflex","floor":2},{"not_picked":["Deadly Poison","Dagger Spray"],"picked":"Expertise","floor":3},{"not_picked":["Terror","Poisoned Stab"],"picked":"Cloak And Dagger","floor":4},{"not_picked":["Infinite Blades","Prepared"],"picked":"Adrenaline","floor":6},{"not_picked":["All Out Attack","Dodge and Roll"],"picked":"Poisoned Stab","floor":7},{"not_picked":["Flechettes","Backflip"],"picked":"Prepared","floor":8},{"not_picked":["Bane","Underhanded Strike"],"picked":"Storm of Steel","floor":10},{"not_picked":["Deflect","Dagger Throw"],"picked":"Acrobatics","floor":14},{"not_picked":["Corpse Explosion","Night Terror"],"picked":"A Thousand Cuts","floor":16},{"not_picked":["Predator","Flechettes","Choke"],"picked":"SKIP","floor":18}],"player_experience":197121,"relics_obtained":[{"floor":6,"key":"Bottled Tornado"},{"floor":9,"key":"Strawberry"},{"floor":10,"key":"HornCleat"}],"event_choices":[{"damage_healed":0,"gold_gain":0,"player_choice":"Left Gold","damage_taken":0,"max_hp_gain":0,"max_hp_loss":0,"event_name":"World of Goop","floor":11,"gold_loss":25},{"damage_healed":0,"gold_gain":0,"player_choice":"Searched \u00270\u0027 times","damage_taken":0,"max_hp_gain":0,"max_hp_loss":0,"event_name":"Dead Adventurer","floor":12,"gold_loss":0},{"damage_healed":0,"gold_gain":0,"player_choice":"Shed Blood","damage_taken":19,"max_hp_gain":5,"max_hp_loss":0,"event_name":"Forgotten Altar","floor":19,"gold_loss":0},{"damage_healed":0,"gold_gain":0,"player_choice":"Inject Mutagens","damage_taken":0,"relics_obtained":["MutagenicStrength"],"max_hp_gain":0,"max_hp_loss":0,"event_name":"Drug Dealer","floor":20,"gold_loss":0}],"is_beta":false,"boss_relics":[{"not_picked":["Velvet Choker","Ring of the Serpent"],"picked":"Black Star"}],"items_purged_floors":[],"is_endless":false,"potions_floor_spawned":[2,3,7,8,10,14],"killed_by":"Chosen","ascension_level":2}}