{"host":"oc01m10dqg0gjqug","time":1607691892,"event":{"mods":["Act Like it!","Alarm Clock","Aspiration","BaseMod","CapriCore","Chen","Colored Powertips","Conspire","Dota2Spire","Faster Ascension Climbing","Gensokyo","Hubris","Koishi","KomeijiMod","Marisa（F雨　魔理沙）","Minty Spire (QoL Compilation)","MostiFishMod","Prisma Mod","Quarter Circle Forward PUNCH!","Quick Restart","Reimu（博丽灵梦）","Relic Stats","Replay The Spire","RumiaBox-露米娅的神秘盒子","Ryuuou龙王","Shop Mod","Spicy Shops","StSLib","TestMod","The Administrix","The Animator","The Immortal","Uncapped","Voiceroid Mod","Youmu（魂魄妖梦）","Yuyuko","[IsaacMod]以撒尖塔","vexMod","【东方二次创作】八云紫mod","【功能Mod】混沌之环修复补丁","【功能Mod】聪明的最终Boss","【遗物卡牌】REMEMod","篝火指南"],"gold_per_floor":[114,129,144,144,9556,8900,8945,8407,8407,8437,7958,7973,7982,8027,6770,6870,6870,6915,6924,6924,6633,5633,5633,5633,5648,5648,5678,5678,5678,5678,5708,5058,5197,5197,5212,5237,5282,4682,4682,3482,3521,3536,3611,3689,3689,3704,3719,3734,1280,1299],"floor_reached":51,"playtime":2664,"items_purged":["Tactician","Endless Agony","Strike_Lin:ReiMu","Defend_Lin:ReiMu","Defend_Lin:ReiMu","Strike_Lin:ReiMu","Strike_Lin:ReiMu","Authority:ReiMu+1","Normality","MostiFishMod:WinterMarkForm+1"],"score":1093,"play_id":"b05f6d34-7f13-4298-8bcd-c291ca06c573","local_time":"20201211210452","daily_mods":["Heirloom","Diverse","DeadlyEvents"],"is_ascension_mode":false,"campfire_choices":[{"data":"MostiFishMod:WinterMarkForm","floor":23,"key":"SMITH"},{"data":"Gensokyo:HAARP","floor":24,"key":"SMITH"},{"data":"MostiFishMod:FrostNova","floor":29,"key":"SMITH"},{"data":"KamiRite:ReiMu","floor":45,"key":"SMITH"}],"circlet_count":0,"master_deck":["MostiFishMod:EE1D+1","NB:ReiMu","Stagnation:ReiMu+1","Toxin Wave+1","WonderfulDomain:ReiMu","Sword Boomerang","Mishyaguji+1","Gensokyo:HAARP+1","CurseOfTheBell","MostiFishMod:Neurotoxin","hubris:DuctTapeCard","KamiRite:ReiMu+1"],"relics":["FlyPower:ReiMu","DaveBox","testmod-TestBox","HushsDoor","REME_ComplimentaryCards","Calipers","Transparent","testmod-BouquetWithThorns","GuppysTail","Question Card","Membership Card","ReplayTheSpireMod:Lightbulb","CeramicFish","hubris:ToyBattleship","BelialBook","Guide Book","Dota2Spire:HandOfMidas","SynthV","HornCleat","OrangePellets","Ancient Tea Set","Darkstone Periapt","SSSystem","conspire:TreasureMap","Replay:Accelerometer","Eternal Feather","HandDrill","vexMod:RedPlottingStone","DeathBook","Dota2Spire:ArcaneBoots","Chaos","SkyOrb:ReiMu","NineVolt","testmod-Antiphasic","StrikeDummy","DonationBox:ReiMu","FrostBlade","WingedGreaves","ImportantClient","aspiration:DefectSkillbook","Iron Hammer","Calling Bell","aspiration:DSix","HaiYi:Twilight","Gambling Chip","MerchantsRug","Dota2Spire:ShadowBlade","testmod-IndustrialRevolution","Lantern","hubris:Potato","Chemical X","TakeMeEscape","Quantum Egg","Dota2Spire:MantaStyle","Dota2Spire:LotusOrb","MyShadow","Tiny House","GodSword7","CatCart","vexMod:HeadHunter","Orichalcum","TentaclePot:ReiMu","Succubus","Replay:Baseball","Frozen Egg 2","CrownOfHeavens:ReiMu","Bow_fan:ReiMu","hubris:Stopwatch","testmod-ConstraintPeriapt","Dota2Spire:MaskOfMadness","hubris:DuctTape","conspire:RunicOctahedron","testmod-DeterminationOfClimber","testmod-Prudence","vexMod:ScavengeHelm","hubris:BottledRain","OneHitWonderSystem"],"acts_visited":["Gensokyo:Gensokyo","Gensokyo:Gensokyoer","TheBeyond"],"potions_floor_usage":[11,15,48],"damage_taken":[{"damage":12,"enemies":"Gensokyo:Python","floor":1,"turns":2},{"damage":18,"enemies":"Gensokyo:3_Fairies","floor":2,"turns":3},{"damage":12,"enemies":"Gensokyo:2_Kodama","floor":3,"turns":2},{"damage":12,"enemies":"Gensokyo:Gryphon_and_Rabbit","floor":7,"turns":2},{"damage":18,"enemies":"Gensokyo:Aya","floor":10,"turns":3},{"damage":6,"enemies":"Gensokyo:2_Rabbits","floor":12,"turns":1},{"damage":12,"enemies":"Gensokyo:3_Kodama","floor":14,"turns":2},{"damage":14,"enemies":"Gensokyo:Reimu","floor":16,"turns":2},{"damage":14,"enemies":"Gensokyo:2_Gloops","floor":18,"turns":2},{"damage":0,"enemies":"Gensokyo:3_Dogs","floor":25,"turns":1},{"damage":0,"enemies":"Gensokyo:Tenshi","floor":27,"turns":1},{"damage":0,"enemies":"Gensokyo:Reisen","floor":31,"turns":2},{"damage":0,"enemies":"Gensokyo:Eiki","floor":33,"turns":2},{"damage":0,"enemies":"Orb Walker","floor":35,"turns":1},{"damage":0,"enemies":"Orin","floor":36,"turns":3},{"damage":0,"enemies":"3 Darklings","floor":37,"turns":1},{"damage":0,"enemies":"R_Hoarder","floor":41,"turns":2},{"damage":0,"enemies":"Transient","floor":42,"turns":2},{"damage":0,"enemies":"Giant Head","floor":44,"turns":2},{"damage":0,"enemies":"4 Shapes","floor":46,"turns":1},{"damage":0,"enemies":"Maw","floor":47,"turns":1},{"damage":0,"enemies":"Jaw Worm Horde","floor":48,"turns":1},{"damage":0,"enemies":"Replay:Hell Engine","floor":50,"turns":1}],"seed_played":"-551933171069321123","potions_obtained":[{"floor":27,"key":"testmod-TestPotion"},{"floor":32,"key":"DistilledChaos"},{"floor":48,"key":"testmod-SpacePotion"}],"is_trial":false,"path_per_floor":["M","M","M","?","$","R","M","R","T","E","R","M","?","M","R","B",null,"M","?","?","$","$","R","R","M","T","E","R","R","?","E","R","B",null,"M","?","M","$","T","R","E","M","T","E","R","M","M","M","R","B",null],"character_chosen":"REIMU","items_purchased":["Membership Card","ReplayTheSpireMod:Lightbulb","CeramicFish","hubris:ToyBattleship","BelialBook","Guide Book","Dota2Spire:HandOfMidas","DistilledChaos","SynthV","HornCleat","OrangePellets","Ancient Tea Set","Darkstone Periapt","WonderfulDomain:ReiMu","SSSystem","conspire:TreasureMap","Replay:Accelerometer","Eternal Feather","HandDrill","vexMod:RedPlottingStone","testmod-SpacePotion","Chaos","SkyOrb:ReiMu","NineVolt","testmod-Antiphasic","Sword Boomerang","StrikeDummy","DonationBox:ReiMu","FrostBlade","WingedGreaves","Fruit Juice","Iron Hammer","Calling Bell","MerchantsRug","Dota2Spire:ShadowBlade","testmod-IndustrialRevolution","Lantern","hubris:Potato","Chemical X","TakeMeEscape","MyShadow","Tiny House","vexMod:HeadHunter","Orichalcum","TentaclePot:ReiMu","Succubus","Frozen Egg 2","CrownOfHeavens:ReiMu","Bow_fan:ReiMu","hubris:Stopwatch","conspire:RunicOctahedron","testmod-DeterminationOfClimber","testmod-Prudence","vexMod:ScavengeHelm","hubris:BottledRain","OneHitWonderSystem"],"campfire_rested":0,"item_purchase_floors":[5,5,5,5,5,5,6,6,6,6,6,6,6,6,8,8,8,8,8,8,11,11,11,11,11,11,15,15,15,15,15,21,21,22,22,22,22,22,22,22,32,32,38,38,38,38,40,40,40,40,49,49,49,49,49,49],"current_hp_per_floor":[65,65,65,65,65,65,65,65,65,65,65,65,65,65,70,70,70,70,63,63,69,69,69,69,69,69,69,69,69,69,69,74,74,74,74,74,74,74,74,74,74,74,74,74,74,74,74,74,1,1],"gold":1299,"neow_bonus":"","is_daily":true,"chose_seed":false,"campfire_upgraded":4,"win_rate":0.0,"timestamp":1607691892,"path_taken":["M","M","M","?","$","R","M","R","T","E","R","M","?","M","R","BOSS","M","?","?","$","$","R","R","?","T","?","R","R","?","E","R","BOSS","M","?","?","$","?","R","?","M","T","E","R","M","?","M","R","BOSS"],"items_purchased_type":["Relic","Relic","Relic","Relic","Relic","Relic","Relic","Potion","Relic","Relic","Relic","Relic","Relic","Card","Relic","Relic","Relic","Relic","Relic","Relic","Potion","Card","Relic","Relic","Relic","Card","Relic","Relic","Relic","Relic","Potion","Relic","Relic","Relic","Relic","Relic","Relic","Relic","Relic","Relic","Relic","Relic","Relic","Relic","Relic","Relic","Relic","Relic","Relic","Relic","Relic","Relic","Relic","Relic","Relic","Relic"],"build_version":"2020-11-30","purchased_purges":10,"victory":true,"max_hp_per_floor":[65,65,65,65,65,65,65,65,65,65,65,65,65,65,70,70,70,70,63,63,69,69,69,69,69,69,69,69,69,69,69,74,74,74,74,74,74,74,74,74,74,74,74,74,74,74,74,74,1,1],"relic_stats":{"Darkstone Periapt":12,"OrangePellets":[3],"counters":[23,40],"CeramicFish":108,"Gambling Chip":[4],"Eternal Feather":0,"HandDrill":[12],"Chemical X":[1],"Orichalcum":[12],"Question Card":29,"obtain_stats":[{"Chaos":11,"Replay:Accelerometer":8,"Dota2Spire:MaskOfMadness":43,"Calipers":0,"Tiny House":32,"NineVolt":11,"CeramicFish":5,"SSSystem":8,"Dota2Spire:ShadowBlade":22,"HornCleat":6,"testmod-Prudence":49,"Iron Hammer":21,"MyShadow":32,"Succubus":38,"HandDrill":8,"OneHitWonderSystem":49,"aspiration:DSix":21,"ImportantClient":16,"KeepersGift":0,"Dota2Spire:HandOfMidas":6,"MerchantsRug":22,"conspire:TreasureMap":8,"testmod-TestBox":0,"hubris:DuctTape":44,"vexMod:ScavengeHelm":49,"TentaclePot:ReiMu":38,"BelialBook":5,"Eternal Feather":8,"Question Card":1,"FrostBlade":15,"OrangePellets":6,"CrownOfHeavens:ReiMu":40,"Replay:Baseball":39,"Transparent":0,"GodSword7":34,"hubris:ToyBattleship":5,"CatCart":36,"FlyPower:ReiMu":0,"HushsDoor":0,"StrikeDummy":15,"DonationBox:ReiMu":15,"Darkstone Periapt":6,"GuppysTail":0,"Lantern":22,"DaveBox":0,"SynthV":6,"Bow_fan:ReiMu":40,"testmod-BouquetWithThorns":0,"Ancient Tea Set":6,"Dota2Spire:LotusOrb":31,"DeathBook":9,"aspiration:DefectSkillbook":17,"vexMod:RedPlottingStone":8,"Gambling Chip":21,"hubris:Stopwatch":40,"WingedGreaves":15,"testmod-DeterminationOfClimber":49,"Dota2Spire:ArcaneBoots":10,"Chemical X":22,"Dota2Spire:MantaStyle":27,"Guide Book":5,"Quantum Egg":26,"conspire:RunicOctahedron":49,"Orichalcum":38,"Frozen Egg 2":40,"testmod-ConstraintPeriapt":41,"testmod-IndustrialRevolution":22,"Calling Bell":21,"testmod-Antiphasic":11,"HaiYi:Twilight":21,"TakeMeEscape":22,"vexMod:HeadHunter":38,"SkyOrb:ReiMu":11,"Membership Card":5,"ReplayTheSpireMod:Lightbulb":5,"hubris:Potato":22,"REME_ComplimentaryCards":0,"hubris:BottledRain":49},{"Chaos":5,"Replay:Accelerometer":4,"Dota2Spire:MaskOfMadness":18,"Calipers":0,"Tiny House":12,"NineVolt":5,"CeramicFish":3,"SSSystem":4,"Dota2Spire:ShadowBlade":9,"HornCleat":3,"testmod-Prudence":22,"Iron Hammer":9,"MyShadow":12,"Succubus":16,"HandDrill":4,"OneHitWonderSystem":22,"aspiration:DSix":9,"ImportantClient":8,"KeepersGift":0,"Dota2Spire:HandOfMidas":3,"MerchantsRug":9,"conspire:TreasureMap":4,"testmod-TestBox":0,"hubris:DuctTape":19,"vexMod:ScavengeHelm":22,"TentaclePot:ReiMu":16,"BelialBook":3,"Eternal Feather":4,"Question Card":1,"FrostBlade":7,"OrangePellets":3,"CrownOfHeavens:ReiMu":16,"Replay:Baseball":16,"Transparent":0,"GodSword7":13,"hubris:ToyBattleship":3,"CatCart":15,"FlyPower:ReiMu":0,"HushsDoor":0,"StrikeDummy":7,"DonationBox:ReiMu":7,"Darkstone Periapt":3,"GuppysTail":0,"Lantern":9,"DaveBox":0,"SynthV":3,"Bow_fan:ReiMu":16,"testmod-BouquetWithThorns":0,"Ancient Tea Set":3,"Dota2Spire:LotusOrb":12,"DeathBook":4,"aspiration:DefectSkillbook":8,"vexMod:RedPlottingStone":4,"Gambling Chip":9,"hubris:Stopwatch":16,"WingedGreaves":7,"testmod-DeterminationOfClimber":22,"Dota2Spire:ArcaneBoots":5,"Chemical X":9,"Dota2Spire:MantaStyle":11,"Guide Book":3,"Quantum Egg":10,"conspire:RunicOctahedron":22,"Orichalcum":16,"Frozen Egg 2":16,"testmod-ConstraintPeriapt":17,"testmod-IndustrialRevolution":9,"Calling Bell":9,"testmod-Antiphasic":5,"HaiYi:Twilight":9,"TakeMeEscape":9,"vexMod:HeadHunter":16,"SkyOrb:ReiMu":5,"Membership Card":3,"ReplayTheSpireMod:Lightbulb":3,"hubris:Potato":9,"REME_ComplimentaryCards":0,"hubris:BottledRain":22},{"Chaos":12,"Replay:Accelerometer":9,"Dota2Spire:MaskOfMadness":34,"Calipers":0,"Tiny House":23,"NineVolt":12,"CeramicFish":7,"SSSystem":9,"Dota2Spire:ShadowBlade":19,"HornCleat":7,"testmod-Prudence":39,"Iron Hammer":19,"MyShadow":23,"Succubus":30,"HandDrill":9,"OneHitWonderSystem":39,"aspiration:DSix":19,"ImportantClient":17,"KeepersGift":0,"Dota2Spire:HandOfMidas":7,"MerchantsRug":19,"conspire:TreasureMap":9,"testmod-TestBox":0,"hubris:DuctTape":36,"vexMod:ScavengeHelm":39,"TentaclePot:ReiMu":30,"BelialBook":7,"Eternal Feather":9,"Question Card":2,"FrostBlade":15,"OrangePellets":7,"CrownOfHeavens:ReiMu":30,"Replay:Baseball":30,"Transparent":0,"GodSword7":25,"hubris:ToyBattleship":7,"CatCart":29,"FlyPower:ReiMu":0,"HushsDoor":0,"StrikeDummy":15,"DonationBox:ReiMu":15,"Darkstone Periapt":7,"GuppysTail":0,"Lantern":19,"DaveBox":0,"SynthV":7,"Bow_fan:ReiMu":30,"testmod-BouquetWithThorns":0,"Ancient Tea Set":7,"Dota2Spire:LotusOrb":23,"DeathBook":9,"aspiration:DefectSkillbook":17,"vexMod:RedPlottingStone":9,"Gambling Chip":19,"hubris:Stopwatch":30,"WingedGreaves":15,"testmod-DeterminationOfClimber":39,"Dota2Spire:ArcaneBoots":12,"Chemical X":19,"Dota2Spire:MantaStyle":21,"Guide Book":7,"Quantum Egg":20,"conspire:RunicOctahedron":39,"Orichalcum":30,"Frozen Egg 2":30,"testmod-ConstraintPeriapt":32,"testmod-IndustrialRevolution":19,"Calling Bell":19,"testmod-Antiphasic":12,"HaiYi:Twilight":19,"TakeMeEscape":19,"vexMod:HeadHunter":30,"SkyOrb:ReiMu":12,"Membership Card":7,"ReplayTheSpireMod:Lightbulb":7,"hubris:Potato":19,"REME_ComplimentaryCards":0,"hubris:BottledRain":39}]},"card_choices":[{"not_picked":["Blood for Blood","Umbrella_purple","HagoromoMizu"],"picked":"SKIP","floor":1},{"not_picked":["AdministrixMod:CenturiesAscent","SfantasyHide_purple","CleanRite:ReiMu","MokouMod:ScorchingColumn"],"picked":"SKIP","floor":2},{"not_picked":["Warpath","MostiFishMod:Speedup","NightDance","Buffet_AKR"],"picked":"SKIP","floor":3},{"not_picked":["EmptyFist","Waterfall_KTNH","MokouMod:IcarusDive","ElderSistersPrey_KTNH"],"picked":"SKIP","floor":7},{"not_picked":["AdministrixMod:SipOfSparks","Sabishigari+1","animator:Raven","SubcavityInstant:ReiMu"],"picked":"SKIP","floor":10},{"not_picked":["MostiFishMod:LegendTransform","animator:Kuribayashi","Koishi:SilentAndRestless","AdministrixMod:ImmortalPurity"],"picked":"SKIP","floor":12},{"not_picked":["Replay:BluntJabs","Koishi:SubconsciousSweep","Chen:Copycat"],"picked":"Mishyaguji+1","floor":13},{"not_picked":["Run Through","animator:Kuribayashi","MokouMod:AdaptivePyromancy","MokouMod:SpontaneousHumanCombustion"],"picked":"SKIP","floor":14},{"not_picked":["SfantasyHide_purple","animator:Mitsurugi+1","PrismaMod:IllyaBerserCAR","Final of Final","PrismaMod:ChloeUncommonAOEAttack"],"picked":"SKIP","floor":18},{"not_picked":["Gensokyo:TekeTeke","Gensokyo:MenInBlack","Gensokyo:MonkeysPaw","Gensokyo:RedCapeBlueCape"],"picked":"Gensokyo:HAARP","floor":19},{"not_picked":["AdministrixMod:TrickOfTheLight+1","Hotyo_AKR+1","PrismaMod:MiyuUncommonDefend","Buffet_AKR","Entrench+1"],"picked":"SKIP","floor":25},{"not_picked":["animator:HomuraAkemi","Boundary_DynamicStaticEquilibrium_purple","MokouMod:HeatFactory","animator:Guy+1","FlashingScatteredFlowers"],"picked":"SKIP","floor":27},{"not_picked":["animator:Pride+1","MokouMod:Firecracker","animator:Yoichi","Twin Strike","Koishi:MassHysteria"],"picked":"SKIP","floor":31},{"not_picked":["ManaRampage","animator:Elesis","aspiration:Lunge","CherryBlossomSword"],"picked":"MostiFishMod:Neurotoxin","floor":33},{"not_picked":["SashWhip+1","Shrug It Off","ReplayTheSpireMod:Limb From Limb+1","Redemption of Death","Anger"],"picked":"SKIP","floor":35},{"not_picked":["hubris:TrickCloak+1","MagicChant","Calculated Gamble+1","AdministrixMod:CrackingPangu","AdministrixMod:PassageOfAges+1"],"picked":"SKIP","floor":37},{"not_picked":["Shading:ReiMu","PrayRite:ReiMu","CleanRite:ReiMu"],"picked":"BlastKick2:ReiMu","floor":41},{"not_picked":["animator:DolaSchwi","AdministrixMod:CenturiesAscent+1","AdministrixMod:CastOffRegrets+1","WangLiang_LineAndCurveDreams_purple+1","Suicide+1"],"picked":"SKIP","floor":41},{"not_picked":["animator:Emonzaemon","Dancing Butterflies+1","animator:SilverFang+1","Anti_communist_purple+1","Open The Fan"],"picked":"SKIP","floor":42},{"not_picked":["Determination:ReiMu","HakureiPhantom:ReiMu","Authority:ReiMu"],"picked":"KamiRite:ReiMu","floor":44},{"not_picked":["PrismaMod:MiyuDefenseExplosion","PrismaMod:MiyuEvokeCheapAttack+1","DeepfriedHorseMackerel_AKR","HumanKnowledgeSword+1","Rampage_AKR"],"picked":"SKIP","floor":44},{"not_picked":["HesitationCuttingSword+1","MokouMod:HeatCyclone","Chen:Shot","Clash+1","DispleasureOfTheSevenHakus+1"],"picked":"SKIP","floor":46},{"not_picked":["Dodge and Roll","Chen:Recuperate+1","PrismaMod:IllyaFriendMaker","MokouMod:BlazingComet","PrismaMod:MiyuUncommonDexBuff+1"],"picked":"SKIP","floor":47},{"not_picked":["Koishi:MassHysteria+1","Koishi:HeartStoppingHorror+1","SashWhip","DemonLordWalk+1","Paradox+1"],"picked":"SKIP","floor":48}],"player_experience":559367,"relics_obtained":[{"floor":1,"key":"Question Card"},{"floor":9,"key":"DeathBook"},{"floor":10,"key":"Dota2Spire:ArcaneBoots"},{"floor":16,"key":"ImportantClient"},{"floor":21,"key":"aspiration:DSix"},{"floor":21,"key":"HaiYi:Twilight"},{"floor":21,"key":"Gambling Chip"},{"floor":26,"key":"Quantum Egg"},{"floor":27,"key":"Dota2Spire:MantaStyle"},{"floor":31,"key":"Dota2Spire:LotusOrb"},{"floor":36,"key":"CatCart"},{"floor":39,"key":"Replay:Baseball"},{"floor":41,"key":"testmod-ConstraintPeriapt"},{"floor":43,"key":"Dota2Spire:MaskOfMadness"},{"floor":44,"key":"hubris:DuctTape"}],"event_choices":[{"damage_healed":0,"gold_gain":0,"player_choice":"Ignored","damage_taken":0,"max_hp_gain":0,"max_hp_loss":0,"event_name":"给自己的盒子","floor":30,"gold_loss":0},{"damage_healed":0,"gold_gain":0,"player_choice":"Fight","damage_taken":0,"max_hp_gain":0,"max_hp_loss":0,"event_name":"OrinTheCat","floor":36,"gold_loss":0}],"is_beta":false,"boss_relics":[{"not_picked":["Empty Cage","hubris:CuriousFeather"],"picked":"aspiration:DefectSkillbook"},{"not_picked":[]},{"not_picked":["Cauldron","hubris:AstralHammer"],"picked":"GodSword7"},{"not_picked":[]}],"items_purged_floors":[5,6,8,11,11,15,22,38,49,49],"is_endless":false,"potions_floor_spawned":[7,10,27,31,35,41,42,48],"ascension_level":0}}