{"host":"flm17o2q7bfjyna6","time":1607710469,"event":{"mods":["2.2 Compatiblity","Act Like it!","BaseMod","Better Altar","Better Match","Better Note","Better Sensory Stone","Better Skull","Better Third Choice","Better Vampires","Colored Map","Colored Powertips","DeckTracker","Hermit","Minty Spire (QoL Compilation)","Quick Restart","Replay The Spire","Spicy Shops","StSLib","Wandering Minibosses"],"gold_per_floor":[110,110,133,308,50,50,74,108,108,108,59,59,90,106,106,227,227,240,256,256,220,220,220],"floor_reached":22,"playtime":1249,"items_purged":["Doubt"],"score":291,"play_id":"157c7aec-3ceb-475b-97c3-282e8ff3ab34","local_time":"20201211131429","is_ascension_mode":true,"campfire_choices":[{"data":"hermit:Headshot","floor":6,"key":"SMITH"},{"floor":10,"key":"REST"},{"floor":15,"key":"REST"}],"circlet_count":0,"master_deck":["AscendersBane","hermit:Strike_Hermit","hermit:Strike_Hermit","hermit:Strike_Hermit","hermit:Strike_Hermit","hermit:Defend_Hermit","hermit:Defend_Hermit+1","hermit:Defend_Hermit+1","hermit:Defend_Hermit","hermit:Snapshot","hermit:Covet","hermit:Headshot+1","hermit:Dive","Injury","hermit:Quickdraw","hermit:Maintenance","Parasite","hermit:Gestalt","hermit:GhostlyPresence","hermit:WideOpen","hermit:Grudge","hermit:Determination"],"relics":["hermit:ClaspedLocket","Membership Card","Replay:Mystery Machine","Gremlin Food","StrikeDummy","betterThird:SlimedRelic","MealTicket"],"acts_visited":["Exordium","TheCity"],"potions_floor_usage":[16,16,21],"damage_taken":[{"damage":7,"enemies":"Jaw Worm","floor":1,"turns":3},{"damage":0,"enemies":"Small Slimes","floor":3,"turns":2},{"damage":0,"enemies":"2 Louse","floor":7,"turns":3},{"damage":37,"enemies":"Lagavulin","floor":8,"turns":8},{"damage":20,"enemies":"Replay:BlueRogue","floor":13,"turns":5},{"damage":0,"enemies":"2 Fungi Beasts","floor":14,"turns":3},{"damage":45,"enemies":"Hexaghost","floor":16,"turns":17},{"damage":10,"enemies":"Chosen","floor":18,"turns":5},{"damage":1,"enemies":"Spheric Guardian","floor":19,"turns":3},{"damage":66,"enemies":"Chosen and Byrds","floor":21,"turns":8},{"damage":22,"enemies":"3 Cultists","floor":22,"turns":5}],"seed_played":"-7305944939108098815","potions_obtained":[{"floor":3,"key":"Ancient Potion"},{"floor":8,"key":"Block Potion"},{"floor":13,"key":"Swift Potion"},{"floor":16,"key":"Strength Potion"},{"floor":19,"key":"LiquidMemories"}],"is_trial":false,"path_per_floor":["M","?","M","?","$","R","M","E","T","R","?","?","E","M","R","B",null,"M","M","?","M","M"],"character_chosen":"HERMIT","items_purchased":["Membership Card","Replay:Mystery Machine"],"campfire_rested":2,"item_purchase_floors":[5,5],"current_hp_per_floor":[61,61,61,61,61,61,61,24,24,46,35,53,33,33,55,10,59,49,48,85,19,0,0],"gold":220,"neow_bonus":"THREE_CARDS","is_daily":false,"chose_seed":false,"campfire_upgraded":1,"win_rate":0.0,"timestamp":1607710469,"path_taken":["M","?","M","?","$","R","M","E","T","R","?","?","E","M","R","BOSS","M","M","?","?","M"],"items_purchased_type":["Relic","Relic"],"build_version":"2020-11-30","purchased_purges":1,"victory":false,"max_hp_per_floor":[75,75,75,75,75,75,75,75,75,75,75,75,75,75,75,75,75,75,75,85,85,85,85],"card_choices":[{"not_picked":["hermit:Manifest","hermit:Malice"],"picked":"hermit:Headshot","floor":0},{"not_picked":["hermit:SprayPray","hermit:HighCaliber"],"picked":"hermit:Dive","floor":1},{"not_picked":["hermit:CalledShot","hermit:BodyArmor"],"picked":"hermit:Quickdraw","floor":3},{"not_picked":["hermit:FullyLoaded","hermit:BodyArmor"],"picked":"hermit:Maintenance","floor":7},{"not_picked":["hermit:CursedWeapon","hermit:Midnight","hermit:LowProfile"],"picked":"SKIP","floor":8},{"not_picked":["hermit:LuckOfTheDraw","hermit:BlackWind"],"picked":"hermit:Gestalt","floor":13},{"not_picked":["hermit:TrackingShot","hermit:Showdown"],"picked":"hermit:GhostlyPresence","floor":14},{"not_picked":["hermit:Reprieve","hermit:Magnum"],"picked":"hermit:BlackWind","floor":16},{"not_picked":["hermit:Snipe","hermit:CalledShot"],"picked":"hermit:WideOpen","floor":18},{"not_picked":["hermit:TrackingShot+1","hermit:Snipe"],"picked":"hermit:Grudge","floor":19},{"not_picked":["hermit:Quickdraw","hermit:DeadMansHand"],"picked":"hermit:Determination","floor":21}],"player_experience":1562762,"relics_obtained":[{"floor":8,"key":"Gremlin Food"},{"floor":9,"key":"StrikeDummy"},{"floor":13,"key":"MealTicket"}],"event_choices":[{"damage_healed":0,"gold_gain":0,"player_choice":"Take Wound","damage_taken":0,"relics_obtained":["Golden Idol"],"max_hp_gain":0,"max_hp_loss":0,"event_name":"Golden Idol","floor":2,"gold_loss":0,"cards_obtained":["Injury"]},{"damage_healed":0,"gold_gain":175,"player_choice":"AGREE","damage_taken":133,"max_hp_gain":0,"max_hp_loss":0,"event_name":"betterThird:BetterSerpent","floor":4,"gold_loss":0},{"damage_healed":0,"gold_gain":0,"player_choice":"Slimed","damage_taken":11,"max_hp_gain":0,"max_hp_loss":0,"event_name":"betterThird:BetterGoop","floor":11,"gold_loss":49},{"damage_healed":18,"gold_gain":0,"player_choice":"Healed and dodged fight","damage_taken":0,"max_hp_gain":0,"max_hp_loss":0,"event_name":"Mushrooms","floor":12,"gold_loss":0,"cards_obtained":["Parasite"]},{"cards_removed":["hermit:BlackWind"],"damage_healed":27,"gold_gain":0,"player_choice":"Offered Rare","damage_taken":0,"max_hp_gain":10,"max_hp_loss":0,"event_name":"Bonfire Elementals","floor":20,"gold_loss":0}],"is_beta":false,"boss_relics":[{"not_picked":["Snecko Heart","SacredBark"],"picked":"hermit:ClaspedLocket"}],"items_purged_floors":[5],"is_endless":false,"potions_floor_spawned":[3,8,13,16,19],"killed_by":"3 Cultists","ascension_level":10}}