{"host":"hjw1ay65n7jm40lc","time":1607695850,"event":{"mods":["AchievementEnabler","BaseMod","Colored Map","Colored Powertips","Googly Eyes","Highlight Path","Minty Spire (QoL Compilation)","Quick Restart","Relic Stats"],"gold_per_floor":[160,160,171,11,22,47,47,74,74,104,104,131,131,142,142,237,237,250,150,167,167,167,167,192,211,211,237,248,248,283,139,139,241,241,260,260,309,158,176,211,223,223,223,243,253,582,595,628,628,628,628,628,350,383,383],"floor_reached":56,"playtime":4898,"items_purged":["Pain","Regret","Spot Weakness"],"score":2257,"play_id":"c90962b3-ff81-424a-91ad-c677781cd1cf","local_time":"20201211091050","is_ascension_mode":true,"campfire_choices":[{"data":"Whirlwind","floor":7.0,"key":"SMITH"},{"data":"Bash","floor":15.0,"key":"SMITH"},{"floor":23.0,"key":"REST"},{"floor":29.0,"key":"REST"},{"floor":32.0,"key":"RECALL"},{"floor":42.0,"key":"REST"},{"floor":49,"key":"REST"},{"floor":52,"key":"REST"}],"circlet_count":0,"master_deck":["AscendersBane","Defend_R","Defend_R","Defend_R","Defend_R","Bash+1","Anger+1","Shrug It Off","Flame Barrier","Whirlwind+1","Offering+1","Corruption","Whirlwind","Barricade","True Grit","Dark Embrace","Night Terror","Intimidate+1","Thunderclap+1","Exhume+1","Secret Technique","Flex+1","Discovery"],"relics":["Tiny House","WarpedTongs","Darkstone Periapt","Dead Branch","Singing Bowl","Pantograph","Nunchaku","MealTicket","Fusion Hammer","Enchiridion","Happy Flower","Whetstone","Bag of Preparation","PrismaticShard","Astrolabe","Bird Faced Urn","ClockworkSouvenir","Blood Vial","Vajra","Old Coin","Omamori","Pen Nib","Champion Belt"],"acts_visited":["Exordium","TheCity","TheBeyond","TheEnding"],"potions_floor_usage":[55],"damage_taken":[{"damage":7.0,"enemies":"Small Slimes","floor":1.0,"turns":4.0},{"damage":4.0,"enemies":"Cultist","floor":3.0,"turns":3.0},{"damage":7.0,"enemies":"Jaw Worm","floor":5.0,"turns":4.0},{"damage":0.0,"enemies":"Gremlin Nob","floor":6.0,"turns":2.0},{"damage":8.0,"enemies":"3 Sentries","floor":8.0,"turns":4.0},{"damage":30.0,"enemies":"Gremlin Nob","floor":12.0,"turns":4.0},{"damage":8.0,"enemies":"Looter","floor":14.0,"turns":3.0},{"damage":26.0,"enemies":"Hexaghost","floor":16.0,"turns":8.0},{"damage":6.0,"enemies":"3 Byrds","floor":18.0,"turns":2.0},{"damage":6.0,"enemies":"Shell Parasite","floor":20.0,"turns":2.0},{"damage":14.0,"enemies":"Book of Stabbing","floor":24.0,"turns":3.0},{"damage":6.0,"enemies":"Centurion and Healer","floor":25.0,"turns":2.0},{"damage":10.0,"enemies":"Gremlin Leader","floor":27.0,"turns":4.0},{"damage":6.0,"enemies":"3 Cultists","floor":28.0,"turns":2.0},{"damage":10.0,"enemies":"Slavers","floor":30.0,"turns":3.0},{"damage":11.0,"enemies":"Collector","floor":33.0,"turns":3.0},{"damage":13.0,"enemies":"3 Shapes","floor":35.0,"turns":2.0},{"damage":15.0,"enemies":"2 Orb Walkers","floor":37.0,"turns":4.0},{"damage":6.0,"enemies":"Orb Walker","floor":39.0,"turns":2.0},{"damage":18.0,"enemies":"Giant Head","floor":40.0,"turns":5.0},{"damage":6.0,"enemies":"4 Shapes","floor":41.0,"turns":3.0},{"damage":13,"enemies":"Writhing Mass","floor":44,"turns":5},{"damage":9,"enemies":"Transient","floor":45,"turns":5},{"damage":13,"enemies":"Reptomancer","floor":46,"turns":3},{"damage":9,"enemies":"Sphere and 2 Shapes","floor":47,"turns":3},{"damage":24,"enemies":"Nemesis","floor":48,"turns":3},{"damage":9,"enemies":"Awakened One","floor":50,"turns":3},{"damage":12,"enemies":"Shield and Spear","floor":54,"turns":3},{"damage":41,"enemies":"The Heart","floor":55,"turns":5}],"seed_played":"7164743738736308656","potions_obtained":[{"floor":0.0,"key":"AttackPotion"},{"floor":1.0,"key":"ElixirPotion"},{"floor":12.0,"key":"AttackPotion"},{"floor":14.0,"key":"Weak Potion"},{"floor":18.0,"key":"ColorlessPotion"},{"floor":25.0,"key":"PowerPotion"},{"floor":27.0,"key":"HeartOfIron"},{"floor":33.0,"key":"Block Potion"},{"floor":37.0,"key":"AttackPotion"},{"floor":41.0,"key":"DistilledChaos"},{"floor":46,"key":"ElixirPotion"}],"is_trial":false,"path_per_floor":["M","?","M","$","M","E","R","E","T","?","?","E","?","M","R","B",null,"M","$","M","?","?","R","E","M","T","E","M","R","E","$","R","B",null,"M","?","?","$","M","E","M","R","T","M","M","E","M","E","R","B",null,"R","$","E","B",null],"character_chosen":"IRONCLAD","items_purchased":["Whirlwind","Explosive Potion","PrismaticShard","ClockworkSouvenir","Pen Nib"],"campfire_rested":5,"item_purchase_floors":[4,4,31,38,53],"current_hp_per_floor":[70,70,66,66,59,59,59,51,51,51,57,29,29,21,21,20,75,71,86,82,66,66,95,81,77,77,69,65,95,85,100,100,92,100,89,83,70,85,93,95,105,117,117,110,117,123,123,107,123,117,122,123,123,117,97],"gold":383,"neow_bonus":"BOSS_RELIC","is_daily":false,"chose_seed":false,"campfire_upgraded":2,"win_rate":0.0,"timestamp":1607695850,"path_taken":["M","?","M","$","?","E","R","E","T","?","?","E","?","?","R","BOSS","M","$","M","?","?","R","E","M","T","E","M","R","E","?","R","BOSS","M","?","?","?","M","E","M","R","T","M","?","E","M","E","R","BOSS","R","$","E","BOSS"],"items_purchased_type":["Card","Potion","Relic","Relic","Relic"],"build_version":"2020-11-30","purchased_purges":3,"victory":true,"max_hp_per_floor":[85,85,85,85,85,85,85,85,85,85,91,93,93,93,93,93,93,95,95,97,97,97,97,97,99,99,101,103,103,103,103,103,103,103,105,109,111,111,113,115,117,117,117,119,121,123,123,123,123,123,123,123,123,125,125],"relic_stats":{"Darkstone Periapt":6,"Singing Bowl":34,"Happy Flower":[20],"counters":[29,99],"Dead Branch":[404],"Astrolabe":["Intimidate","Thunderclap","Exhume"],"Pen Nib":[2],"Bag of Preparation":[28],"Whetstone":["Anger","Strike_R"],"WarpedTongs":[95],"Blood Vial":8,"Nunchaku":[21],"Pantograph":34,"Bird Faced Urn":[110],"MealTicket":45,"Champion Belt":[3],"obtain_stats":[{"Darkstone Periapt":6,"Tiny House":0,"Singing Bowl":9,"Happy Flower":24,"Dead Branch":8,"Astrolabe":34,"Enchiridion":21,"Vajra":43,"Pen Nib":53,"Bag of Preparation":30,"Omamori":48,"Whetstone":27,"PrismaticShard":31,"Burning Blood":0,"WarpedTongs":2,"ClockworkSouvenir":38,"Old Coin":46,"Blood Vial":40,"Nunchaku":11,"Pantograph":10,"Bird Faced Urn":37,"MealTicket":12,"Fusion Hammer":17,"Champion Belt":54},{"Darkstone Periapt":4,"Tiny House":0,"Singing Bowl":5,"Happy Flower":11,"Dead Branch":5,"Astrolabe":16,"Enchiridion":10,"Vajra":21,"Pen Nib":27,"Bag of Preparation":15,"Omamori":26,"Whetstone":13,"PrismaticShard":15,"Burning Blood":0,"WarpedTongs":1,"ClockworkSouvenir":18,"Old Coin":24,"Blood Vial":20,"Nunchaku":5,"Pantograph":5,"Bird Faced Urn":18,"MealTicket":6,"Fusion Hammer":8,"Champion Belt":28},{"Darkstone Periapt":13,"Tiny House":0,"Singing Bowl":17,"Happy Flower":39,"Dead Branch":17,"Astrolabe":53,"Enchiridion":36,"Vajra":69,"Pen Nib":91,"Bag of Preparation":50,"Omamori":88,"Whetstone":45,"PrismaticShard":50,"Burning Blood":0,"WarpedTongs":4,"ClockworkSouvenir":59,"Old Coin":82,"Blood Vial":66,"Nunchaku":17,"Pantograph":17,"Bird Faced Urn":59,"MealTicket":21,"Fusion Hammer":32,"Champion Belt":94}]},"card_choices":[{"not_picked":["Feel No Pain","Thunderclap"],"picked":"Anger","floor":0.0},{"not_picked":["Battle Trance","Sever Soul"],"picked":"Shrug It Off","floor":1.0},{"not_picked":["Havoc","Headbutt"],"picked":"Flame Barrier","floor":3.0},{"not_picked":["Sentinel","Perfected Strike","Heavy Blade"],"picked":"SKIP","floor":5.0},{"not_picked":["Armaments","Headbutt"],"picked":"Offering","floor":6.0},{"not_picked":["Heavy Blade","Wild Strike","Clothesline"],"picked":"SKIP","floor":8.0},{"not_picked":["Perfected Strike","Clothesline","Havoc"],"picked":"Singing Bowl","floor":12.0},{"not_picked":["Blood for Blood","True Grit"],"picked":"Spot Weakness","floor":14.0},{"not_picked":["Berserk","Offering"],"picked":"Corruption","floor":16.0},{"not_picked":["Iron Wave","Anger","Searing Blow"],"picked":"Singing Bowl","floor":18.0},{"not_picked":["Burning Pact","Power Through","Battle Trance"],"picked":"Singing Bowl","floor":20.0},{"not_picked":["Thunderclap","Berserk"],"picked":"True Grit","floor":24.0},{"not_picked":["Pommel Strike","Twin Strike","Blood for Blood+1"],"picked":"Singing Bowl","floor":25.0},{"not_picked":["Heavy Blade","Iron Wave","Inflame"],"picked":"Singing Bowl","floor":27.0},{"not_picked":["Heavy Blade","Flex+1","Combust"],"picked":"Singing Bowl","floor":28.0},{"not_picked":["Pummel","Flame Barrier"],"picked":"Dark Embrace","floor":30.0},{"not_picked":["Omniscience","Magnetism"],"picked":"Night Terror","floor":33.0},{"not_picked":["Perfected Strike","Hemokinesis+1","Dropkick+1"],"picked":"Singing Bowl","floor":35.0},{"not_picked":["Madness","Mind Blast","Forethought"],"picked":"Singing Bowl","floor":36.0},{"not_picked":["Dark Shackles","PanicButton"],"picked":"Secret Technique","floor":36.0},{"not_picked":["Swift Strike","Good Instincts","HandOfGreed"],"picked":"Singing Bowl","floor":36.0},{"not_picked":["BowlingBash+1","Impatience+1","Flying Knee+1"],"picked":"Singing Bowl","floor":37.0},{"not_picked":["Sever Soul+1","ClearTheMind+1","Deadly Poison+1"],"picked":"Singing Bowl","floor":39.0},{"not_picked":["EmptyBody","Coolheaded+1","InnerPeace+1"],"picked":"Singing Bowl","floor":40.0},{"not_picked":["Thunderclap","Gash","FlurryOfBlows+1"],"picked":"Singing Bowl","floor":41.0},{"not_picked":["Skewer+1","Compile Driver","Perseverance+1"],"picked":"Singing Bowl","floor":44},{"not_picked":["Quick Slash+1","Metallicize+1","Rupture+1"],"picked":"Singing Bowl","floor":45},{"not_picked":["Go for the Eyes+1","Prepared","Corruption"],"picked":"Singing Bowl","floor":46},{"not_picked":["Cold Snap+1","Forethought"],"picked":"Flex+1","floor":47},{"not_picked":["Crescendo","FollowUp"],"picked":"Discovery","floor":48},{"not_picked":["Pommel Strike+1","Thunder Strike","Heatsinks"],"picked":"Singing Bowl","floor":54}],"player_experience":119393,"relics_obtained":[{"floor":6.0,"key":"Darkstone Periapt"},{"floor":8.0,"key":"Dead Branch"},{"floor":9.0,"key":"Singing Bowl"},{"floor":12.0,"key":"MealTicket"},{"floor":21.0,"key":"Enchiridion"},{"floor":24.0,"key":"Happy Flower"},{"floor":27.0,"key":"Whetstone"},{"floor":30.0,"key":"Bag of Preparation"},{"floor":37.0,"key":"Bird Faced Urn"},{"floor":40.0,"key":"Blood Vial"},{"floor":43.0,"key":"Vajra"},{"floor":46,"key":"Old Coin"},{"floor":48,"key":"Omamori"},{"floor":54,"key":"Champion Belt"}],"event_choices":[{"damage_healed":0.0,"max_hp_gain":0.0,"max_hp_loss":0.0,"gold_gain":0.0,"event_name":"Accursed Blacksmith","player_choice":"Rummage","floor":2.0,"gold_loss":0.0,"damage_taken":0.0,"relics_obtained":["WarpedTongs"],"cards_obtained":["Pain"]},{"damage_healed":0.0,"max_hp_gain":0.0,"max_hp_loss":0.0,"gold_gain":30.0,"event_name":"Dead Adventurer","player_choice":"Searched \u00272\u0027 times","floor":10.0,"gold_loss":0.0,"damage_taken":0.0,"relics_obtained":["Pantograph"]},{"damage_healed":0.0,"max_hp_gain":0.0,"max_hp_loss":0.0,"gold_gain":0.0,"event_name":"Big Fish","player_choice":"Box","floor":11.0,"gold_loss":0.0,"damage_taken":0.0,"relics_obtained":["Nunchaku"],"cards_obtained":["Regret"]},{"damage_healed":0.0,"max_hp_gain":0.0,"max_hp_loss":0.0,"gold_gain":0.0,"event_name":"Upgrade Shrine","player_choice":"Upgraded","floor":13.0,"gold_loss":0.0,"damage_taken":0.0,"cards_upgraded":["Offering"]},{"damage_healed":0.0,"max_hp_gain":0.0,"max_hp_loss":0.0,"gold_gain":0.0,"event_name":"Cursed Tome","player_choice":"Obtained Book","floor":21.0,"gold_loss":0.0,"damage_taken":16.0},{"damage_healed":0.0,"max_hp_gain":0.0,"max_hp_loss":0.0,"gold_gain":0.0,"cards_transformed":["Strike_R","Strike_R"],"event_name":"Drug Dealer","player_choice":"Became Test Subject","floor":22.0,"gold_loss":0.0,"damage_taken":0.0,"cards_obtained":["Whirlwind","Barricade"]},{"damage_healed":0.0,"max_hp_gain":0.0,"max_hp_loss":0.0,"gold_gain":0.0,"event_name":"SensoryStone","player_choice":"Memory 3","floor":36.0,"gold_loss":0.0,"damage_taken":10.0},{"damage_healed":0.0,"max_hp_gain":0.0,"max_hp_loss":0.0,"gold_gain":0.0,"event_name":"Mysterious Sphere","player_choice":"Fight","floor":37.0,"gold_loss":0.0,"damage_taken":0.0}],"is_beta":false,"boss_relics":[{"not_picked":["SlaversCollar","Velvet Choker"],"picked":"Fusion Hammer"},{"not_picked":["Pandora\u0027s Box","SacredBark"],"picked":"Astrolabe"}],"items_purged_floors":[4,19,53],"is_endless":false,"potions_floor_spawned":[1,12,14,18,25,27,33,37,41,46,47],"ascension_level":10}}