{"host":"qljq6nt1bltq73k9","time":1607690954,"event":{"mods":["BaseMod","Colored Map","Colored Powertips","Downfall","Lobotomy","Minty Spire (QoL Compilation)","Quick Restart","Replay The Spire","StSLib"],"gold_per_floor":[99999,98925,98925,98936,98948,98948,97851,97877,97877,97895,97908,96813,96830,96846,96846,96846,96846],"floor_reached":16,"playtime":611,"items_purged":["Defend_B","Strike_B","Strike_B"],"score":129,"play_id":"d5a7b1f1-f1e7-48d2-9785-f48e5539fc59","local_time":"20201211204914","is_ascension_mode":false,"campfire_choices":[{"data":"Loop","floor":6.0,"key":"SMITH"},{"data":"Fusion","floor":15.0,"key":"SMITH"}],"circlet_count":0,"master_deck":["Strike_B","Strike_B","Defend_B+1","Defend_B","Defend_B","Zap","Dualcast","SnowQueen","Loop+1","Apotheosis+1","Doom and Gloom","Hello World","WallGazer","Ball Lightning","OSAHOGD","Machine Learning","Finesse","Melter","VoidDream","Chaos","Heatsinks","Heatsinks","Sadistic Nature","Crystallizer","Double Energy","Fusion+1"],"relics":["Cracked Core","CogitoBucket","RabbitCall","ReplayFunnel","Strange Spoon","War Paint","Ice Cream","Raider\u0027s Mask","Replay:Bottled Flurry","Lantern","Question Card","LuminousBracelet","Pocketwatch","Boot","Frozen Eye"],"acts_visited":["Exordium"],"potions_floor_usage":[16],"damage_taken":[{"damage":3.0,"enemies":"2 Louse","floor":1.0,"turns":3.0},{"damage":7.0,"enemies":"Jaw Worm","floor":4.0,"turns":4.0},{"damage":8.0,"enemies":"Cultist","floor":5.0,"turns":3.0},{"damage":36.0,"enemies":"Gremlin Nob","floor":8.0,"turns":4.0},{"damage":9.0,"enemies":"2 Fungi Beasts","floor":10.0,"turns":2.0},{"damage":10.0,"enemies":"Blue Slaver","floor":11.0,"turns":8.0},{"damage":6.0,"enemies":"Gremlin Gang","floor":13.0,"turns":3.0},{"damage":13.0,"enemies":"Red Slaver","floor":14.0,"turns":3.0},{"damage":4,"enemies":"Hexaghost","floor":16,"turns":3}],"seed_played":"-3309511139930591519","potions_obtained":[],"is_trial":false,"path_per_floor":["M","$","?","M","M","R","$","E","T","M","M","$","M","M","R_BF","B"],"character_chosen":"DEFECT","items_purchased":["ReplayFunnel","Apotheosis","Strange Spoon","CultistPotion","Strength Potion","EssenceOfSteel","Doom and Gloom","War Paint","Hello World","Ice Cream","Raider\u0027s Mask","Machine Learning","Replay:Bottled Flurry","Finesse","Melter","Sadistic Nature","Pocketwatch","Boot","Frozen Eye","Crystallizer","Strength Potion","DuplicationPotion"],"campfire_rested":0,"item_purchase_floors":[2,2,2,2,2,2,2,2,2,7,7,7,7,7,7,12,12,12,12,12,12,12],"current_hp_per_floor":[72,72,72,65,57,57,57,21,21,12,20,20,16,4,4,0,0],"gold":96846,"neow_bonus":"","is_daily":false,"chose_seed":false,"campfire_upgraded":2,"win_rate":0.0,"timestamp":1607690954,"path_taken":["M","$","?","M","M","R","$","E","T","M","M","$","M","M","R_BF","BOSS"],"items_purchased_type":["Relic","Card","Relic","Potion","Potion","Potion","Card","Relic","Card","Relic","Relic","Card","Relic","Card","Card","Card","Relic","Relic","Relic","Card","Potion","Potion"],"build_version":"2020-11-30","purchased_purges":3,"victory":false,"max_hp_per_floor":[75,75,75,75,75,75,75,75,75,75,90,90,90,90,90,90,90],"card_choices":[{"not_picked":["ShyLook","Wellcheers","BeautyBeast"],"picked":"Singing Bowl","floor":1.0},{"not_picked":["CrumblingArmor","Scarecrow"],"picked":"SnowQueen","floor":1.0},{"not_picked":["Melter","Hello World"],"picked":"Loop","floor":1.0},{"not_picked":["CrumblingArmor","CherryBlossoms"],"picked":"WallGazer","floor":4.0},{"not_picked":["Leap","Stack"],"picked":"Ball Lightning","floor":4.0},{"not_picked":["Bloodbath","Freischutz","Porccubus"],"picked":"Singing Bowl","floor":5.0},{"not_picked":["Murderer","Wellcheers"],"picked":"OSAHOGD","floor":5.0},{"not_picked":["Turbo","ReplaySort","Lockon"],"picked":"SKIP","floor":5.0},{"not_picked":["QueenBee","Variant","PunishingBird"],"picked":"Singing Bowl","floor":8.0},{"not_picked":["Murderer","Wellcheers"],"picked":"VoidDream","floor":8.0},{"not_picked":["Hello World","Go for the Eyes"],"picked":"Chaos","floor":8.0},{"not_picked":["LittleHelper","Wellcheers","BlackSwan"],"picked":"Singing Bowl","floor":10.0},{"not_picked":["ReplayTheSpireMod:GoodbyeWorld","All For One","Redo"],"picked":"Heatsinks","floor":10.0},{"not_picked":["QueenBee","Scorched","BeautyBeast"],"picked":"Singing Bowl","floor":11.0},{"not_picked":["Beam Cell","Leap","Gash"],"picked":"Heatsinks","floor":11.0},{"not_picked":["BeautyBeast","FairyFestival","OldLady"],"picked":"Singing Bowl","floor":13.0},{"not_picked":["ReplayTheSpireMod:Reroute Power","Redo","Go for the Eyes"],"picked":"Double Energy","floor":13.0},{"not_picked":["OldLady","Bloodbath","Porccubus"],"picked":"Singing Bowl","floor":14.0},{"not_picked":["Double Energy","Redo","Panic Button"],"picked":"Fusion","floor":14.0}],"player_experience":364311,"relics_obtained":[{"floor":8.0,"key":"Lantern"},{"floor":9.0,"key":"Question Card"}],"event_choices":[{"damage_healed":0.0,"max_hp_gain":0.0,"max_hp_loss":0.0,"gold_gain":0.0,"event_name":"Golden Idol","player_choice":"Ignored","floor":3.0,"gold_loss":0.0,"damage_taken":0.0}],"is_beta":false,"boss_relics":[],"items_purged_floors":[2,7,12],"is_endless":false,"potions_floor_spawned":[4,13,14],"killed_by":"Hexaghost","ascension_level":0}}