{"host":"1c52r9kaxdyo25eq","time":1607707090,"event":{"mods":["AchievementEnabler","BaseMod","Minty Spire (QoL Compilation)","Rare Cards Sparkle","SuperFastMode","everything is the same but u backflip on backflip"],"gold_per_floor":[112,28,40,40,40,40,68,68,68,80,90,110,138,138,138,215,215,235,31,31,31,49,49,59,59,85,97,97,97,123,143,143,215,215,235,60,60,76,89,89,140,140,140,165,165,177,177,197,197,197,197,197,20,52,52],"floor_reached":56,"playtime":1644,"items_purged":["Strike_P","Strike_P","Defend_P"],"score":2178,"play_id":"92dff74d-79c7-4695-b79b-6c21bbba7f71","local_time":"20201212021810","is_ascension_mode":true,"campfire_choices":[{"data":"Eruption","floor":6.0,"key":"SMITH"},{"data":"Judgement","floor":8.0,"key":"SMITH"},{"data":"WheelKick","floor":15.0,"key":"SMITH"},{"data":"Vault","floor":23.0,"key":"SMITH"},{"floor":25.0,"key":"REST"},{"data":"FearNoEvil","floor":32.0,"key":"SMITH"},{"floor":42.0,"key":"REST"},{"floor":49.0,"key":"RECALL"},{"data":"MentalFortress","floor":52.0,"key":"SMITH"}],"circlet_count":0,"master_deck":["AscendersBane","Strike_P","Defend_P+1","Defend_P","Eruption+1","Vigilance","EmptyMind+1","MentalFortress+1","Judgement+1","WheelKick+1","FearNoEvil+1","Adaptation","Vault+1","Adaptation"],"relics":["PureWater","NeowsBlessing","Damaru","Pantograph","Potion Belt","VioletLotus","Membership Card","War Paint","HornCleat","Runic Pyramid","PreservedInsect","TungstenRod","Gambling Chip","Lee\u0027s Waffle","Mummified Hand"],"acts_visited":["Exordium","TheCity","TheBeyond","TheEnding"],"potions_floor_usage":[55],"damage_taken":[{"damage":0.0,"enemies":"Cultist","floor":1.0,"turns":1.0},{"damage":0.0,"enemies":"Jaw Worm","floor":3.0,"turns":1.0},{"damage":0.0,"enemies":"3 Sentries","floor":7.0,"turns":2.0},{"damage":0.0,"enemies":"2 Louse","floor":10.0,"turns":3.0},{"damage":0.0,"enemies":"Lots of Slimes","floor":11.0,"turns":4.0},{"damage":0.0,"enemies":"Large Slime","floor":12.0,"turns":1.0},{"damage":16.0,"enemies":"Lagavulin","floor":13.0,"turns":6.0},{"damage":46.0,"enemies":"Hexaghost","floor":16.0,"turns":10.0},{"damage":32.0,"enemies":"Chosen","floor":18.0,"turns":7.0},{"damage":1.0,"enemies":"3 Byrds","floor":22.0,"turns":4.0},{"damage":7.0,"enemies":"Snake Plant","floor":24.0,"turns":4.0},{"damage":0.0,"enemies":"Sentry and Sphere","floor":27.0,"turns":2.0},{"damage":17.0,"enemies":"Slavers","floor":30.0,"turns":5.0},{"damage":0.0,"enemies":"3 Cultists","floor":31.0,"turns":4.0},{"damage":57.0,"enemies":"Collector","floor":33.0,"turns":10.0},{"damage":16.0,"enemies":"3 Darklings","floor":35.0,"turns":4.0},{"damage":0.0,"enemies":"3 Shapes","floor":38.0,"turns":3.0},{"damage":0.0,"enemies":"Sphere and 2 Shapes","floor":39.0,"turns":4.0},{"damage":12.0,"enemies":"2 Orb Walkers","floor":41.0,"turns":5.0},{"damage":2.0,"enemies":"Mind Bloom Boss Battle","floor":44.0,"turns":5.0},{"damage":1.0,"enemies":"3 Darklings","floor":46.0,"turns":4.0},{"damage":0.0,"enemies":"Maw","floor":48.0,"turns":3.0},{"damage":17.0,"enemies":"Donu and Deca","floor":50.0,"turns":4.0},{"damage":0,"enemies":"Shield and Spear","floor":54,"turns":3},{"damage":0,"enemies":"The Heart","floor":55,"turns":6}],"seed_played":"-5232183089918520756","potions_obtained":[{"floor":3.0,"key":"GamblersBrew"},{"floor":10.0,"key":"Explosive Potion"},{"floor":11.0,"key":"Weak Potion"},{"floor":16.0,"key":"SkillPotion"},{"floor":18.0,"key":"Weak Potion"},{"floor":31.0,"key":"Energy Potion"},{"floor":35.0,"key":"FearPotion"},{"floor":38.0,"key":"SteroidPotion"},{"floor":44.0,"key":"ColorlessPotion"}],"is_trial":false,"path_per_floor":["M","$","M","?","?","R","E","R","T","M","M","M","E","?","R","B",null,"M","$","?","?","M","R","M","R","T","M","?","?","E","M","R","B",null,"M","$","?","M","M","?","?","R","T","?","?","M","?","M","R","B",null,"R","$","E","B",null],"character_chosen":"WATCHER","items_purchased":["EmptyMind","Membership Card","Adaptation","PreservedInsect","Lee\u0027s Waffle","Block Potion"],"campfire_rested":2,"item_purchase_floors":[2,19,36,36,53,53],"current_hp_per_floor":[61,61,61,61,61,61,61,61,61,61,61,61,45,50,50,27,62,30,30,30,30,29,29,22,43,43,43,43,58,41,41,41,9,57,41,41,41,41,41,41,29,49,49,67,67,66,66,66,66,52,65,65,76,76,76],"gold":52,"neow_bonus":"THREE_ENEMY_KILL","is_daily":false,"chose_seed":false,"campfire_upgraded":6,"win_rate":0.0,"timestamp":1607707090,"path_taken":["M","?","M","?","?","R","E","R","T","M","M","?","E","?","R","BOSS","M","$","?","?","M","R","M","R","T","M","?","?","E","M","R","BOSS","M","$","?","?","M","?","?","R","T","?","?","M","?","M","R","BOSS","R","$","E","BOSS"],"items_purchased_type":["Card","Relic","Card","Relic","Relic","Potion"],"build_version":"2020-11-30","purchased_purges":3,"victory":true,"max_hp_per_floor":[68,68,68,68,68,68,68,68,68,68,68,68,68,73,73,73,73,73,73,73,73,73,73,73,73,73,73,73,73,73,73,73,73,73,73,73,73,73,73,69,69,69,69,69,69,69,69,69,69,69,69,69,76,76,76],"card_choices":[{"not_picked":["FollowUp","ThirdEye","Crescendo"],"picked":"SKIP","floor":1.0},{"not_picked":["Study","Evaluate"],"picked":"MentalFortress","floor":3.0},{"not_picked":["Consecrate","BattleHymn","Establishment"],"picked":"SKIP","floor":7.0},{"not_picked":["PathToVictory","EmptyFist","Nirvana"],"picked":"SKIP","floor":10.0},{"not_picked":["PathToVictory","EmptyFist","Nirvana"],"picked":"SKIP","floor":10.0},{"not_picked":["Consecrate","ThirdEye"],"picked":"WheelKick","floor":11.0},{"not_picked":["MentalFortress","EmptyBody"],"picked":"FearNoEvil","floor":12.0},{"not_picked":["Collect","Swivel"],"picked":"Adaptation","floor":13.0},{"not_picked":["Omniscience","DeusExMachina"],"picked":"Vault","floor":16.0},{"not_picked":["Indignation","JustLucky","Sanctity"],"picked":"SKIP","floor":18.0},{"not_picked":["FlurryOfBlows","EmptyFist","LikeWater"],"picked":"SKIP","floor":22.0},{"not_picked":["EmptyBody+1","CutThroughFate","ClearTheMind"],"picked":"SKIP","floor":24.0},{"not_picked":["EmptyMind+1","Pray+1","LikeWater"],"picked":"SKIP","floor":27.0},{"not_picked":["CutThroughFate+1","Protect+1","Weave"],"picked":"SKIP","floor":30.0},{"not_picked":["BowlingBash","SashWhip","SpiritShield"],"picked":"SKIP","floor":31.0},{"not_picked":["Prostrate","Consecrate+1","SashWhip"],"picked":"SKIP","floor":35.0},{"not_picked":["Adaptation","SignatureMove","EmptyBody"],"picked":"SKIP","floor":38.0},{"not_picked":["EmptyFist+1","BattleHymn","JustLucky"],"picked":"SKIP","floor":39.0},{"not_picked":["Adaptation","FlurryOfBlows+1","Meditate+1"],"picked":"SKIP","floor":46.0},{"not_picked":["Protect+1","Worship","ClearTheMind"],"picked":"SKIP","floor":48.0},{"not_picked":["DeusExMachina","SashWhip","ForeignInfluence"],"picked":"SKIP","floor":54}],"player_experience":459057,"relics_obtained":[{"floor":7.0,"key":"Damaru"},{"floor":9.0,"key":"Pantograph"},{"floor":13.0,"key":"Potion Belt"},{"floor":26.0,"key":"War Paint"},{"floor":30.0,"key":"HornCleat"},{"floor":41.0,"key":"TungstenRod"},{"floor":44.0,"key":"Gambling Chip"},{"floor":54,"key":"Mummified Hand"}],"event_choices":[{"damage_healed":0.0,"max_hp_gain":0.0,"max_hp_loss":0.0,"gold_gain":0.0,"cards_transformed":["Strike_P"],"event_name":"Living Wall","player_choice":"Change","floor":4.0,"gold_loss":0.0,"damage_taken":0.0,"cards_obtained":["Judgement"]},{"damage_healed":0.0,"max_hp_gain":0.0,"max_hp_loss":0.0,"gold_gain":0.0,"event_name":"Match and Keep!","player_choice":"0 cards matched","floor":5.0,"gold_loss":0.0,"damage_taken":0.0,"cards_obtained":[]},{"damage_healed":0.0,"max_hp_gain":5.0,"max_hp_loss":0.0,"gold_gain":0.0,"event_name":"Big Fish","player_choice":"Donut","floor":14.0,"gold_loss":0.0,"damage_taken":0.0},{"damage_healed":0.0,"max_hp_gain":0.0,"max_hp_loss":0.0,"gold_gain":0.0,"event_name":"Vampires","player_choice":"Ignored","floor":20.0,"gold_loss":0.0,"damage_taken":0.0},{"damage_healed":0.0,"max_hp_gain":0.0,"max_hp_loss":0.0,"gold_gain":0.0,"event_name":"The Mausoleum","player_choice":"Ignored","floor":28.0,"gold_loss":0.0,"damage_taken":0.0},{"damage_healed":15.0,"max_hp_gain":0.0,"max_hp_loss":0.0,"gold_gain":0.0,"event_name":"The Library","player_choice":"Heal","floor":29.0,"gold_loss":0.0,"damage_taken":0.0},{"damage_healed":0.0,"max_hp_gain":0.0,"max_hp_loss":0.0,"gold_gain":0.0,"event_name":"Match and Keep!","player_choice":"0 cards matched","floor":37.0,"gold_loss":0.0,"damage_taken":0.0,"cards_obtained":[]},{"damage_healed":0.0,"max_hp_gain":0.0,"max_hp_loss":4.0,"gold_gain":0.0,"event_name":"Winding Halls","player_choice":"Max HP","floor":40.0,"gold_loss":0.0,"damage_taken":0.0},{"damage_healed":0.0,"max_hp_gain":0.0,"max_hp_loss":0.0,"gold_gain":0.0,"event_name":"Mysterious Sphere","player_choice":"Fight","floor":41.0,"gold_loss":0.0,"damage_taken":0.0},{"damage_healed":0.0,"max_hp_gain":0.0,"max_hp_loss":0.0,"gold_gain":0.0,"event_name":"MindBloom","player_choice":"Fight","floor":44.0,"gold_loss":0.0,"damage_taken":0.0},{"damage_healed":0.0,"max_hp_gain":0.0,"max_hp_loss":0.0,"gold_gain":0.0,"event_name":"SensoryStone","player_choice":"Memory 1","floor":45.0,"gold_loss":0.0,"damage_taken":0.0},{"cards_removed":["Defend_P"],"damage_healed":0.0,"max_hp_gain":0.0,"max_hp_loss":0.0,"gold_gain":0.0,"event_name":"Falling","player_choice":"Removed Skill","floor":47.0,"gold_loss":0.0,"damage_taken":0.0}],"is_beta":false,"boss_relics":[{"not_picked":["Runic Dome","Ectoplasm"],"picked":"VioletLotus"},{"not_picked":["Sozu","HolyWater"],"picked":"Runic Pyramid"}],"items_purged_floors":[19,36,53],"is_endless":false,"potions_floor_spawned":[3,10,11,16,18,31,35,38,44],"ascension_level":18}}