{"host":"v5cv2be8l9w346zm","time":1607703620,"event":{"mods":["AchievementEnabler","BaseMod","BetterRewards","Colored Map","Colored Powertips","Minty Spire (QoL Compilation)","Relic Stats"],"gold_per_floor":[115,129,5,24,24,58,58,58,58,91,91,118,136,150,150,254,254,264,282,282,10,10,43,43,73,125,155,171,185,185,218,218,218,218],"floor_reached":33,"playtime":938,"items_purged":["Strike_R","Strike_R"],"score":760,"play_id":"9f8a4cc9-7d33-4d7d-8a11-ee55d11c638b","local_time":"20201211112020","is_ascension_mode":true,"campfire_choices":[{"data":"1","floor":7,"key":"LIFT"},{"data":"2","floor":11,"key":"LIFT"},{"data":"3","floor":15,"key":"LIFT"},{"data":"Flame Barrier","floor":24,"key":"SMITH"},{"data":"Limit Break","floor":32,"key":"SMITH"}],"circlet_count":0,"master_deck":["Strike_R+1","Strike_R+1","Defend_R+1","Defend_R+1","Defend_R+1","Defend_R+1","Bash+1","Clothesline","Dark Embrace","Swift Strike","Second Wind","Havoc","Heavy Blade+1","Cleave+1","Writhe","Flex","Cleave+1","Exhume","Thunderclap+1","Flame Barrier+1","Whirlwind+1","Armaments+1","Parasite","Limit Break+1","Impervious"],"relics":["Burning Blood","Membership Card","Girya","Ornamental Fan","TungstenRod","Runic Pyramid","Molten Egg 2","Cursed Key","Kunai","Mark of the Bloom","Gremlin Horn","Bottled Flame","InkBottle","Self Forming Clay","Singing Bowl","Coffee Dripper","MutagenicStrength","Whetstone","TheAbacus","Nloth\u0027s Gift","StoneCalendar","Bag of Preparation","Juzu Bracelet","Smiling Mask","Regal Pillow"],"acts_visited":["Exordium","TheCity"],"potions_floor_usage":[10,10,12,16,19,31],"damage_taken":[{"damage":0,"enemies":"Cultist","floor":1,"turns":2},{"damage":1,"enemies":"Jaw Worm","floor":2,"turns":2},{"damage":0,"enemies":"2 Louse","floor":4,"turns":2},{"damage":0,"enemies":"3 Sentries","floor":6,"turns":5},{"damage":0,"enemies":"Lagavulin","floor":10,"turns":3},{"damage":0,"enemies":"Gremlin Nob","floor":12,"turns":2},{"damage":0,"enemies":"Lots of Slimes","floor":13,"turns":1},{"damage":0,"enemies":"Large Slime","floor":14,"turns":3},{"damage":2,"enemies":"Hexaghost","floor":16,"turns":5},{"damage":1,"enemies":"2 Thieves","floor":18,"turns":2},{"damage":0,"enemies":"3 Byrds","floor":19,"turns":3},{"damage":4,"enemies":"Slavers","floor":23,"turns":2},{"damage":15,"enemies":"Book of Stabbing","floor":25,"turns":3},{"damage":0,"enemies":"Gremlin Leader","floor":27,"turns":3},{"damage":0,"enemies":"Centurion and Healer","floor":28,"turns":2},{"damage":0,"enemies":"Snake Plant","floor":29,"turns":1},{"damage":0,"enemies":"Book of Stabbing","floor":31,"turns":3},{"damage":2,"enemies":"Automaton","floor":33,"turns":4}],"seed_played":"-799130408516188634","potions_obtained":[{"floor":13,"key":"LiquidBronze"},{"floor":14,"key":"PowerPotion"},{"floor":25,"key":"AttackPotion"},{"floor":27,"key":"Explosive Potion"}],"is_trial":false,"path_per_floor":["M","M","$","M","?","E","R","?","T","E","R","E","M","M","R","B",null,"M","M","?","$","?","E","R","E","T","E","M","M","?","E","R","B"],"character_chosen":"IRONCLAD","items_purchased":["Membership Card","Girya","Ornamental Fan","Clothesline","Dark Embrace","Swift Strike","Strength Potion","SkillPotion","ColorlessPotion","Gremlin Horn","Whetstone","Flame Barrier","TheAbacus","Ancient Potion"],"campfire_rested":0,"item_purchase_floors":[0,0,0,0,0,0,0,0,0,3,21,21,21,21],"current_hp_per_floor":[32,31,31,31,31,31,31,24,24,24,24,24,24,24,24,22,22,21,21,21,21,21,17,17,2,2,2,2,2,2,2,2,0,0],"gold":218,"neow_bonus":"","is_daily":false,"chose_seed":false,"campfire_upgraded":2,"win_rate":0.0,"timestamp":1607703620,"path_taken":["M","?","$","M","?","E","R","?","T","E","R","E","M","?","R","BOSS","M","M","?","$","?","E","R","E","T","E","M","M","?","E","R","BOSS"],"items_purchased_type":["Relic","Relic","Relic","Card","Card","Card","Potion","Potion","Potion","Relic","Relic","Card","Relic","Potion"],"build_version":"2020-11-30","purchased_purges":2,"victory":false,"max_hp_per_floor":[80,80,80,80,80,80,80,80,80,80,80,82,82,82,82,82,82,84,84,84,84,84,84,84,84,84,84,86,88,88,88,88,88,88],"relic_stats":{"Mark of the Bloom":155,"Regal Pillow":0,"Gremlin Horn":[13,13],"Singing Bowl":10,"counters":[65,330],"Self Forming Clay":[21],"StoneCalendar":[0],"Bag of Preparation":[30],"Juzu Bracelet":4,"Whetstone":["Strike_R","Bash"],"Cursed Key":2,"Smiling Mask":175,"Burning Blood":106,"TheAbacus":[0],"Ornamental Fan":[188],"Nloth\u0027s Gift":2,"Kunai":[26],"obtain_stats":[{"Mark of the Bloom":0,"Gremlin Horn":3,"Whetstone":8,"Old Coin":48,"Sozu":17,"Centennial Puzzle":9,"Lizard Tail":44,"HornCleat":53,"DollysMirror":28,"Strawberry":43,"Kunai":0,"Toxic Egg 2":41,"Girya":0,"Happy Flower":28,"Charon\u0027s Ashes":21,"Paper Crane":42,"Runic Dome":0,"Bottled Flame":6,"Shuriken":0,"Bird Faced Urn":42,"MutagenicStrength":20,"Molten Egg 2":0,"Black Star":34,"Nloth\u0027s Gift":22,"Meat on the Bone":12,"Darkstone Periapt":34,"Lantern":54,"Regal Pillow":31,"Singing Bowl":26,"Magic Flower":42,"StoneCalendar":23,"Snake Skull":4,"Juzu Bracelet":40,"Bag of Preparation":54,"Ancient Tea Set":37,"Smiling Mask":14,"Cursed Key":0,"Burning Blood":22,"Tough Bandages":6,"TheAbacus":21,"Mummified Hand":28,"Pantograph":23,"Gambling Chip":34,"Tiny Chest":0,"WingedGreaves":9,"Red Mask":39,"Red Skull":27,"InkBottle":9,"Ring of the Snake":0,"Runic Pyramid":0,"The Specimen":43,"Self Forming Clay":10,"Omamori":40,"Orichalcum":37,"Odd Mushroom":7,"Frozen Egg 2":47,"Mercury Hourglass":54,"Calling Bell":34,"Peace Pipe":45,"Cauldron":53,"Anchor":23,"Ornamental Fan":29,"Coffee Dripper":17,"Membership Card":4,"Bottled Lightning":48,"FossilizedHelix":3,"TungstenRod":0},{"Mark of the Bloom":47,"Gremlin Horn":49,"Whetstone":3,"Old Coin":24,"Sozu":5,"Centennial Puzzle":3,"Lizard Tail":42,"HornCleat":25,"DollysMirror":10,"Strawberry":42,"Kunai":47,"Toxic Egg 2":41,"Girya":47,"Happy Flower":37,"Charon\u0027s Ashes":34,"Paper Crane":20,"Runic Dome":47,"Bottled Flame":51,"Shuriken":27,"Bird Faced Urn":20,"MutagenicStrength":58,"Molten Egg 2":47,"Black Star":14,"Nloth\u0027s Gift":58,"Meat on the Bone":4,"Darkstone Periapt":38,"Lantern":26,"Regal Pillow":64,"Singing Bowl":36,"Magic Flower":42,"StoneCalendar":59,"Snake Skull":2,"Juzu Bracelet":18,"Bag of Preparation":26,"Ancient Tea Set":16,"Smiling Mask":32,"Cursed Key":47,"Burning Blood":58,"Tough Bandages":3,"TheAbacus":58,"Mummified Hand":10,"Pantograph":9,"Gambling Chip":38,"Tiny Chest":27,"WingedGreaves":29,"Red Mask":40,"Red Skull":37,"InkBottle":51,"Ring of the Snake":0,"Runic Pyramid":47,"The Specimen":20,"Self Forming Clay":52,"Omamori":18,"Orichalcum":16,"Odd Mushroom":29,"Frozen Egg 2":44,"Mercury Hourglass":46,"Calling Bell":38,"Peace Pipe":43,"Cauldron":25,"Anchor":35,"Ornamental Fan":37,"Coffee Dripper":56,"Membership Card":2,"Bottled Lightning":24,"FossilizedHelix":28,"TungstenRod":47},{"Mark of the Bloom":282,"Gremlin Horn":286,"Whetstone":17,"Old Coin":140,"Sozu":26,"Centennial Puzzle":17,"Lizard Tail":245,"HornCleat":152,"DollysMirror":49,"Strawberry":245,"Kunai":282,"Toxic Egg 2":241,"Girya":282,"Happy Flower":218,"Charon\u0027s Ashes":203,"Paper Crane":117,"Runic Dome":282,"Bottled Flame":293,"Shuriken":169,"Bird Faced Urn":117,"MutagenicStrength":312,"Molten Egg 2":282,"Black Star":76,"Nloth\u0027s Gift":312,"Meat on the Bone":20,"Darkstone Periapt":227,"Lantern":160,"Regal Pillow":326,"Singing Bowl":213,"Magic Flower":245,"StoneCalendar":314,"Snake Skull":11,"Juzu Bracelet":101,"Bag of Preparation":160,"Ancient Tea Set":87,"Smiling Mask":185,"Cursed Key":282,"Burning Blood":312,"Tough Bandages":17,"TheAbacus":312,"Mummified Hand":49,"Pantograph":43,"Gambling Chip":227,"Tiny Chest":169,"WingedGreaves":177,"Red Mask":234,"Red Skull":218,"InkBottle":293,"Ring of the Snake":0,"Runic Pyramid":282,"The Specimen":117,"Self Forming Clay":296,"Omamori":101,"Orichalcum":87,"Odd Mushroom":177,"Frozen Egg 2":258,"Mercury Hourglass":274,"Calling Bell":227,"Peace Pipe":251,"Cauldron":152,"Anchor":209,"Ornamental Fan":218,"Coffee Dripper":307,"Membership Card":11,"Bottled Lightning":140,"FossilizedHelix":172,"TungstenRod":282}],"TungstenRod":10,"InkBottle":[15]},"card_choices":[{"not_picked":["Flex","Warcry"],"picked":"Heavy Blade+1","floor":1},{"not_picked":["Perfected Strike+1","Bloodletting","Body Slam+1"],"picked":"SKIP","floor":2},{"not_picked":["Twin Strike+1","Thunderclap+1"],"picked":"Cleave+1","floor":4},{"not_picked":["Bloodletting","Sentinel","Reckless Charge+1"],"picked":"SKIP","floor":6},{"not_picked":["Bloodletting","Sentinel","Reckless Charge+1"],"picked":"SKIP","floor":6},{"not_picked":["Headbutt+1","Burning Pact","Thunderclap+1"],"picked":"SKIP","floor":10},{"not_picked":["Spot Weakness","Twin Strike+1","Reaper+1"],"picked":"Singing Bowl","floor":12},{"not_picked":["Anger+1","Spot Weakness"],"picked":"Flex","floor":13},{"not_picked":["Body Slam+1","Heavy Blade+1"],"picked":"Cleave+1","floor":14},{"not_picked":["Feed+1","Fiend Fire+1"],"picked":"Exhume","floor":16},{"not_picked":["Twin Strike+1","Iron Wave+1","Wild Strike+1"],"picked":"Singing Bowl","floor":18},{"not_picked":["Cleave+1","Rampage+1"],"picked":"Thunderclap+1","floor":19},{"not_picked":["Berserk","Anger+1"],"picked":"Whirlwind+1","floor":23},{"not_picked":["Perfected Strike+1","Intimidate+1"],"picked":"Armaments+1","floor":25},{"not_picked":["Disarm+1","Anger+1"],"picked":"Limit Break","floor":27},{"not_picked":["Pommel Strike+1","Havoc","Warcry"],"picked":"Singing Bowl","floor":28},{"not_picked":["Shockwave","Spot Weakness","Body Slam+1"],"picked":"Singing Bowl","floor":29},{"not_picked":["Carnage+1","Intimidate"],"picked":"Impervious","floor":31}],"player_experience":125638,"relics_obtained":[{"floor":6,"key":"Bottled Flame"},{"floor":9,"key":"InkBottle"},{"floor":10,"key":"Self Forming Clay"},{"floor":12,"key":"Singing Bowl"},{"floor":23,"key":"StoneCalendar"},{"floor":25,"key":"Bag of Preparation"},{"floor":26,"key":"Juzu Bracelet"},{"floor":27,"key":"Smiling Mask"},{"floor":31,"key":"Regal Pillow"}],"event_choices":[{"damage_healed":0,"gold_gain":0,"player_choice":"Fled","damage_taken":0,"max_hp_gain":0,"max_hp_loss":0,"event_name":"Scrap Ooze","floor":5,"gold_loss":0},{"damage_healed":0,"gold_gain":0,"player_choice":"Damaged","damage_taken":8,"max_hp_gain":0,"max_hp_loss":0,"event_name":"Wheel of Change","floor":8,"gold_loss":0},{"damage_healed":0,"gold_gain":0,"player_choice":"Inject Mutagens","damage_taken":0,"relics_obtained":["MutagenicStrength"],"max_hp_gain":0,"max_hp_loss":0,"event_name":"Drug Dealer","floor":20,"gold_loss":0},{"damage_healed":0,"gold_gain":0,"player_choice":"Traded Relic","damage_taken":0,"relics_obtained":["Nloth\u0027s Gift"],"max_hp_gain":0,"max_hp_loss":0,"event_name":"N\u0027loth","floor":22,"relics_lost":["Runic Dome"],"gold_loss":0},{"damage_healed":0,"gold_gain":0,"player_choice":"Simplicity","damage_taken":0,"max_hp_gain":0,"max_hp_loss":0,"event_name":"Back to Basics","floor":30,"gold_loss":0,"cards_upgraded":["Strike_R","Defend_R","Defend_R","Defend_R","Defend_R"]}],"is_beta":false,"boss_relics":[{"not_picked":["Snecko Eye","SlaversCollar"],"picked":"Coffee Dripper"}],"items_purged_floors":[0,21],"is_endless":false,"potions_floor_spawned":[2,13,14,25,27,28,29],"killed_by":"Automaton","ascension_level":5}}