{"host":"wwmqne3dwir10erh","time":1607725854,"event":{"mods":["BaseMod","Better Note","Hubris","Mimic Mod","Minty Spire (QoL Compilation)","Replay The Spire","StSLib","The Bladedancer"],"gold_per_floor":[367,170,170,170,180,506,506,532,532,532,552,552,552,372,322,339,339,439,439,449,449,463,71,81,109,73,88,88,88,88,88,106,132,132,132,132],"floor_reached":35,"playtime":1146,"items_purged":["Strike_G","Pain"],"score":318,"play_id":"5d77e02c-d1d0-469d-b1ec-41bf0986a688","local_time":"20201211173054","is_ascension_mode":true,"campfire_choices":[{"floor":7.0,"key":"REST"},{"floor":10.0,"key":"REST"},{"data":"Noxious Fumes","floor":17.0,"key":"SMITH"},{"floor":29,"key":"REST"},{"data":"Replay:Bag of Tricks","floor":31,"key":"SMITH"},{"data":"Defend_G","floor":34,"key":"PURGE"}],"circlet_count":0,"master_deck":["Strike_G","Strike_G","Defend_G+1","Defend_G+2","Defend_G+1","Defend_G","Survivor","Neutralize","Escape Plan","Noxious Fumes+1","All Out Attack","Bane","All Out Attack","Dagger Spray","Burst","Deadly Poison","Bane","Quick Slash","Replay:Bag of Tricks+1","Cloak And Dagger","Blade Dance","Quick Slash+1","Noxious Fumes+1","Cloak And Dagger","Cloak And Dagger","Slice+1","Bane+1","Prepared+1"],"relics":["Ring of the Snake","BargainBundle","Blood Vial","WarpedTongs","Old Coin","hubris:TenFootPole","War Paint","hubris:RunicObelisk","Chemical X","Molten Egg 2","Regal Pillow","Bottled Lightning","Simple Rune"],"acts_visited":["Exordium","TheCity"],"potions_floor_usage":[32,33],"damage_taken":[{"damage":1.0,"enemies":"Cultist","floor":1.0,"turns":4.0},{"damage":2.0,"enemies":"Small Slimes","floor":5.0,"turns":2.0},{"damage":18.0,"enemies":"Lagavulin","floor":6.0,"turns":7.0},{"damage":15.0,"enemies":"Replay:BlueRogue","floor":8.0,"turns":6.0},{"damage":0.0,"enemies":"2 Louse","floor":11.0,"turns":1.0},{"damage":0.0,"enemies":"Looter","floor":16.0,"turns":3.0},{"damage":14.0,"enemies":"Hexaghost","floor":18.0,"turns":7.0},{"damage":5.0,"enemies":"2 Thieves","floor":20.0,"turns":5.0},{"damage":4.0,"enemies":"Chosen","floor":22.0,"turns":4.0},{"damage":14,"enemies":"Snecko","floor":24,"turns":4},{"damage":31,"enemies":"Book of Stabbing","floor":25,"turns":4},{"damage":4,"enemies":"Cultist and Chosen","floor":27,"turns":5},{"damage":11,"enemies":"Centurion and Healer","floor":32,"turns":4},{"damage":14,"enemies":"Slavers","floor":33,"turns":3},{"damage":39,"enemies":"Champ","floor":35,"turns":7}],"seed_played":"-5230401567406633451","potions_obtained":[{"floor":1.0,"key":"Block Potion"},{"floor":18.0,"key":"Strength Potion"},{"floor":22.0,"key":"Energy Potion"},{"floor":24,"key":"GamblersBrew"}],"is_trial":false,"path_per_floor":["M","$","?","?","M","E","R","E","T","R","M","PTL","PTL","$","?","M","R","B",null,"M","?","M","$","M","E","$","M","T","R","$","R","M","E","R","B"],"character_chosen":"THE_SILENT","items_purchased":["BargainBundle","Noxious Fumes","All Out Attack","Bane","Poison Potion","Dexterity Potion","Deadly Poison","Bane","Chemical X","Molten Egg 2","Cloak And Dagger"],"campfire_rested":3,"item_purchase_floors":[2,2,2,2,2,2,14,14,23,23,26],"current_hp_per_floor":[48,48,45,45,45,29,50,37,37,58,60,60,60,60,60,62,62,50,70,65,65,63,63,51,22,22,20,20,56,56,56,47,35,35,0,0],"gold":132,"neow_bonus":"TWO_FIFTY_GOLD","is_daily":false,"chose_seed":false,"campfire_upgraded":2,"win_rate":0.0,"timestamp":1607725854,"path_taken":["M","$","?","?","?","E","R","E","T","R","M","PTL","PTL","$","?","M","R","BOSS","M","?","M","$","M","E","$","M","T","R","?","R","M","E","R","BOSS"],"items_purchased_type":["Relic","Card","Card","Card","Potion","Potion","Card","Card","Relic","Relic","Card"],"build_version":"2020-11-30","purchased_purges":2,"victory":false,"max_hp_per_floor":[70,70,70,70,70,70,70,70,70,70,70,70,70,70,70,70,70,70,70,70,70,70,70,70,70,70,70,70,70,70,70,70,70,70,70,70],"card_choices":[{"not_picked":["Outmaneuver","Eviscerate"],"picked":"Escape Plan","floor":1.0},{"not_picked":["ReplayTheSpireMod:Scrap Shanks","Underhanded Strike"],"picked":"All Out Attack","floor":5.0},{"not_picked":["Skewer","ReplayTheSpireMod:The Works"],"picked":"Dagger Spray","floor":6.0},{"not_picked":["hubris:Sniper","PiercingWail"],"picked":"Burst","floor":8.0},{"not_picked":["Calculated Gamble","Sucker Punch","Underhanded Strike"],"picked":"SKIP","floor":11.0},{"not_picked":["Sucker Punch","Accuracy"],"picked":"Quick Slash","floor":16.0},{"not_picked":["Corpse Explosion","After Image"],"picked":"Replay:Bag of Tricks","floor":18.0},{"not_picked":["Deadly Poison","Slice"],"picked":"Cloak And Dagger","floor":20.0},{"not_picked":["Footwork","Dagger Spray"],"picked":"Blade Dance","floor":22.0},{"not_picked":["Eviscerate+1","Underhanded Strike+1"],"picked":"Quick Slash+1","floor":24},{"not_picked":["Replay:Poison Smokescreen","Acrobatics"],"picked":"Noxious Fumes+1","floor":25},{"not_picked":["Flechettes+1","Crippling Poison"],"picked":"Slice+1","floor":27},{"not_picked":["Fluid Movement","Dagger Throw+1"],"picked":"Bane+1","floor":32},{"not_picked":["Deflect","Sneak Up"],"picked":"Prepared+1","floor":33}],"player_experience":2217830,"relics_obtained":[{"floor":6.0,"key":"Old Coin"},{"floor":8.0,"key":"hubris:TenFootPole"},{"floor":9.0,"key":"War Paint"},{"floor":25,"key":"Regal Pillow"},{"floor":28,"key":"Bottled Lightning"},{"floor":33,"key":"Simple Rune"}],"event_choices":[{"damage_healed":0.0,"max_hp_gain":0.0,"max_hp_loss":0.0,"gold_gain":0.0,"event_name":"Scrap Ooze","player_choice":"Success","floor":3.0,"gold_loss":0.0,"damage_taken":3.0,"relics_obtained":["Blood Vial"]},{"damage_healed":0.0,"max_hp_gain":0.0,"max_hp_loss":0.0,"gold_gain":0.0,"event_name":"Accursed Blacksmith","player_choice":"Rummage","floor":4.0,"gold_loss":0.0,"damage_taken":0.0,"relics_obtained":["WarpedTongs"],"cards_obtained":["Pain"]},{"cards_removed":["Strike_G"],"damage_healed":0.0,"max_hp_gain":0.0,"max_hp_loss":0.0,"gold_gain":0.0,"event_name":"The Cleric","player_choice":"Card Removal","floor":15.0,"gold_loss":50.0,"damage_taken":0.0},{"cards_removed":["Strike_G"],"damage_healed":0.0,"max_hp_gain":0.0,"max_hp_loss":0.0,"gold_gain":0.0,"event_name":"Wheel of Change","player_choice":"Card Removal","floor":21.0,"gold_loss":0.0,"damage_taken":0.0}],"is_beta":false,"boss_relics":[{"not_picked":["Velvet Choker","hubris:GrandSneckoEye"],"picked":"hubris:RunicObelisk"}],"items_purged_floors":[2,14],"is_endless":false,"potions_floor_spawned":[1,5,11,16,18,22,24,25],"killed_by":"Champ","ascension_level":1}}