{"host":"g4jqqbmo30rq7cal","time":1607697097,"event":{"mods":["BaseMod","Better Match","BetterRewards","Conspire","DeckTracker","Hermit","Minty Spire (QoL Compilation)","Rare Cards Sparkle","Shop Mod","StSLib","The Bug Knight","The Cursed","The Mystic","[IsaacMod]????"],"gold_per_floor":[213,232,232,251,426,426,454,454,454,454,454,3,3,3,3,189,252,273,323,337,337],"floor_reached":20,"playtime":649,"items_purged":["Regret"],"score":160,"play_id":"20895ae6-c7d3-4c17-961e-c931d864d2dc","local_time":"20201211193137","is_ascension_mode":false,"campfire_choices":[{"data":"Evaluate","floor":6,"key":"SMITH"},{"data":"Eruption","floor":8,"key":"SMITH"},{"data":"TalkToTheHand","floor":13,"key":"SMITH"},{"floor":15,"key":"REST"}],"circlet_count":0,"master_deck":["Strike_P","Strike_P","Strike_P","Strike_P+1","Defend_P","Defend_P","Defend_P","Defend_P","Eruption+1","Vigilance","EmptyFist","Prostrate","Injury","Evaluate+1","TalkToTheHand+1","Devotion","DevaForm","Apotheosis"],"relics":["PureWater","HushsDoor","SalivaCoin","Golden Idol","conspire:TopHat","Bag of Marbles","Medical Kit","MerchantsRug","Tiny House","GuppysTail"],"acts_visited":["Exordium","TheCity"],"potions_floor_usage":[16,16,16,19,19,20],"damage_taken":[{"damage":0,"enemies":"Jaw Worm","floor":1,"turns":1},{"damage":0,"enemies":"2 Louse","floor":2,"turns":2},{"damage":0,"enemies":"Cultist","floor":4,"turns":3},{"damage":55,"enemies":"Hexaghost","floor":16,"turns":11},{"damage":2,"enemies":"Shell Parasite","floor":18,"turns":5},{"damage":10,"enemies":"3 Byrds","floor":19,"turns":5},{"damage":60,"enemies":"Cultist and Chosen","floor":20,"turns":6}],"seed_played":"3860749625652196564","potions_obtained":[{"floor":1,"key":"Swift Potion"},{"floor":4,"key":"LiquidMemories"},{"floor":16,"key":"EntropicBrew"}],"is_trial":false,"path_per_floor":["M","M","?","M","?","R","?","R","T","?","?","$","R","$","R","B",null,"M","M","M"],"character_chosen":"WATCHER","items_purchased":["Medical Kit","MerchantsRug","TalkToTheHand","Apotheosis","GuppysTail"],"campfire_rested":1,"item_purchase_floors":[12,12,12,17,17],"current_hp_per_floor":[72,72,72,72,72,72,54,54,54,54,54,54,54,54,72,17,62,60,50,0,0],"gold":337,"neow_bonus":"HUNDRED_GOLD","is_daily":false,"chose_seed":false,"campfire_upgraded":3,"win_rate":0.0,"timestamp":1607697097,"path_taken":["M","M","?","M","?","R","?","R","T","?","?","$","R","?","R","BOSS","M","M","M"],"items_purchased_type":["Relic","Relic","Card","Card","Relic"],"build_version":"2020-11-30","purchased_purges":1,"victory":false,"max_hp_per_floor":[72,72,72,72,72,72,72,72,72,72,72,72,72,72,72,72,62,62,62,62,62],"card_choices":[{"not_picked":[],"picked":"Bomb","floor":0},{"not_picked":["WaveOfTheHand","CutThroughFate"],"picked":"EmptyFist","floor":1},{"not_picked":["FlurryOfBlows","JustLucky"],"picked":"Prostrate","floor":2},{"not_picked":["Halt","PathToVictory"],"picked":"Evaluate","floor":4},{"not_picked":["ConjureBlade","Establishment"],"picked":"Devotion","floor":16},{"not_picked":["Consecrate","Prostrate"],"picked":"DevaForm","floor":17},{"not_picked":["Protect","InnerPeace","Nirvana"],"picked":"SKIP","floor":18},{"not_picked":["Crescendo","Worship","FlyingSleeves"],"picked":"SKIP","floor":19}],"player_experience":299511,"relics_obtained":[],"event_choices":[{"damage_healed":0,"gold_gain":0,"player_choice":"Take Wound","damage_taken":0,"relics_obtained":["Golden Idol"],"max_hp_gain":0,"max_hp_loss":0,"event_name":"Golden Idol","floor":3,"gold_loss":0,"cards_obtained":["Injury"]},{"damage_healed":0,"gold_gain":175,"player_choice":"AGREE","damage_taken":0,"max_hp_gain":0,"max_hp_loss":0,"event_name":"Liars Game","floor":5,"gold_loss":0,"cards_obtained":["Doubt"]},{"damage_healed":0,"gold_gain":0,"player_choice":"Success","damage_taken":18,"relics_obtained":["conspire:TopHat"],"max_hp_gain":0,"max_hp_loss":0,"event_name":"Scrap Ooze","floor":7,"gold_loss":0},{"cards_removed":["Doubt"],"damage_healed":0,"gold_gain":0,"player_choice":"Purged","damage_taken":0,"max_hp_gain":0,"max_hp_loss":0,"event_name":"Purifier","floor":10,"gold_loss":0},{"damage_healed":0,"gold_gain":0,"player_choice":"Box","damage_taken":0,"relics_obtained":["Bag of Marbles"],"max_hp_gain":0,"max_hp_loss":0,"event_name":"Big Fish","floor":11,"gold_loss":0,"cards_obtained":["Regret"]}],"is_beta":false,"boss_relics":[{"not_picked":["Runic Pyramid","Fusion Hammer"],"picked":"Tiny House"},{"not_picked":[]}],"items_purged_floors":[12],"is_endless":false,"potions_floor_spawned":[1,4,16,18],"killed_by":"Cultist and Chosen","ascension_level":0}}