{"host":"p6y17sixyu8q9v1f","time":1607696239,"event":{"mods":["BaseMod","Colored Map","Minty Spire (QoL Compilation)"],"gold_per_floor":[116,291,302,377,388,388,415,429,453,304,315,333,359,375,375,470,470,490,490,501,501,501],"floor_reached":21,"playtime":941,"items_purged":["Doubt"],"score":220,"play_id":"571132c6-1ce7-4064-9425-b2144c8d8c3e","local_time":"20201211081719","is_ascension_mode":true,"campfire_choices":[{"data":"Zap","floor":6,"key":"SMITH"},{"floor":15,"key":"REST"}],"circlet_count":0,"master_deck":["Strike_B","Strike_B","Strike_B","Strike_B","Defend_B","Defend_B","Defend_B","Defend_B","Zap+1","Dualcast","Blizzard","Streamline","Defragment","Melter","Amplify","BootSequence","Lockon","Electrodynamics","Tempest","Redo+1"],"relics":["Cracked Core","NeowsBlessing","Toy Ornithopter","Art of War","Strawberry","SlaversCollar","White Beast Statue"],"acts_visited":["Exordium","TheCity"],"potions_floor_usage":[11,16,16],"damage_taken":[{"damage":0,"enemies":"Cultist","floor":1,"turns":1},{"damage":0,"enemies":"Jaw Worm","floor":3,"turns":1},{"damage":0,"enemies":"Small Slimes","floor":5,"turns":1},{"damage":9,"enemies":"Red Slaver","floor":8,"turns":3},{"damage":6,"enemies":"Looter","floor":11,"turns":2},{"damage":0,"enemies":"Exordium Wildlife","floor":12,"turns":2},{"damage":45,"enemies":"3 Sentries","floor":13,"turns":9},{"damage":1,"enemies":"2 Fungi Beasts","floor":14,"turns":3},{"damage":48,"enemies":"The Guardian","floor":16,"turns":11},{"damage":28,"enemies":"Spheric Guardian","floor":18,"turns":4},{"damage":35,"enemies":"Chosen","floor":20,"turns":5},{"damage":20,"enemies":"Centurion and Healer","floor":21,"turns":4}],"seed_played":"-3459824908115139393","potions_obtained":[{"floor":3,"key":"LiquidMemories"},{"floor":5,"key":"FocusPotion"},{"floor":11,"key":"Regen Potion"},{"floor":12,"key":"Dexterity Potion"},{"floor":20,"key":"Strength Potion"}],"is_trial":false,"path_per_floor":["M","?","M","?","M","R","T","M","T","$","M","M","E","M","R","B",null,"M","?","M","M"],"character_chosen":"DEFECT","items_purchased":["Melter"],"campfire_rested":1,"item_purchase_floors":[10],"current_hp_per_floor":[75,75,75,64,64,64,64,55,55,55,54,54,16,15,39,16,82,54,54,19,0,0],"gold":501,"neow_bonus":"THREE_ENEMY_KILL","is_daily":false,"chose_seed":false,"campfire_upgraded":1,"win_rate":0.0,"timestamp":1607696239,"path_taken":["M","?","M","?","M","R","?","M","T","$","M","M","E","M","R","BOSS","M","?","?","M"],"items_purchased_type":["Card"],"build_version":"2020-11-30","purchased_purges":1,"victory":false,"max_hp_per_floor":[75,75,75,75,75,75,75,75,75,75,75,75,82,82,82,82,82,82,82,82,82,82],"card_choices":[{"not_picked":["Compile Driver","Gash"],"picked":"Blizzard","floor":1},{"not_picked":["Go for the Eyes","Hologram"],"picked":"Streamline","floor":3},{"not_picked":["Gash","Ball Lightning"],"picked":"Defragment","floor":5},{"not_picked":["Barrage","Leap","Gash"],"picked":"SKIP","floor":8},{"not_picked":["Hologram","Double Energy"],"picked":"Amplify","floor":11},{"not_picked":["Steam","Streamline"],"picked":"BootSequence","floor":12},{"not_picked":["Beam Cell","Gash","Rebound"],"picked":"SKIP","floor":13},{"not_picked":["Streamline","Heatsinks"],"picked":"Lockon","floor":14},{"not_picked":["Fission","Reboot"],"picked":"Electrodynamics","floor":16},{"not_picked":["Streamline","Go for the Eyes"],"picked":"Tempest","floor":18},{"not_picked":["Steam Power","Steam"],"picked":"Redo+1","floor":20}],"player_experience":730576,"relics_obtained":[{"floor":7,"key":"Toy Ornithopter"},{"floor":9,"key":"Art of War"},{"floor":13,"key":"Strawberry"}],"event_choices":[{"damage_healed":0,"gold_gain":175,"player_choice":"AGREE","damage_taken":0,"max_hp_gain":0,"max_hp_loss":0,"event_name":"Liars Game","floor":2,"gold_loss":0,"cards_obtained":["Doubt"]},{"damage_healed":0,"gold_gain":75,"player_choice":"Gather Gold","damage_taken":11,"max_hp_gain":0,"max_hp_loss":0,"event_name":"World of Goop","floor":4,"gold_loss":0},{"damage_healed":0,"gold_gain":0,"player_choice":"Gave Potion","damage_taken":0,"relics_obtained":["White Beast Statue"],"max_hp_gain":0,"max_hp_loss":0,"event_name":"WeMeetAgain","floor":19,"gold_loss":0}],"is_beta":false,"boss_relics":[{"not_picked":["Coffee Dripper","Velvet Choker"],"picked":"SlaversCollar"}],"items_purged_floors":[10],"is_endless":false,"potions_floor_spawned":[3,5,11,12,20],"killed_by":"Centurion and Healer","ascension_level":4}}