{"host":"6wux4armhsntp4yb","time":1607702533,"event":{"mods":["BaseMod","Colored Map","DeckTracker","Minty Spire (QoL Compilation)","Relic Stats"],"gold_per_floor":[116,116,116,116,116,150,74,74,98,98,110,121,155,155,155,229,229,246,246,258,277,202,230,230,256,256,266,277,47,47,47,47,124,124,138,138,138,157,174,207,207,238,238,273,273,283,283,293,293,293,293,293,293,22,49,49,49],"floor_reached":56,"playtime":4079,"items_purged":["Strike_G","Parasite"],"score":2237,"play_id":"98927dbc-9d54-415d-99fd-e9aef9141fe4","local_time":"20201212010213","is_ascension_mode":true,"campfire_choices":[{"data":"Catalyst","floor":8.0,"key":"SMITH"},{"data":"Deadly Poison","floor":10.0,"key":"SMITH"},{"data":"Malaise","floor":15.0,"key":"SMITH"},{"data":"Adrenaline","floor":24.0,"key":"SMITH"},{"data":"Concentrate","floor":30.0,"key":"SMITH"},{"data":"Tactician","floor":32.0,"key":"SMITH"},{"data":"Acrobatics","floor":41.0,"key":"SMITH"},{"data":"Bullet Time","floor":47.0,"key":"SMITH"},{"floor":49.0,"key":"RECALL"},{"data":"Tools of the Trade","floor":53,"key":"SMITH"}],"circlet_count":0,"master_deck":["AscendersBane","Defend_G","Defend_G","Defend_G","Survivor","Neutralize","Deadly Poison+1","Neutralize","Acrobatics+1","Blur","Catalyst+1","Malaise+1","Bouncing Flask","PiercingWail","Adrenaline+1","Concentrate+1","Tactician+1","Crippling Poison","Tools of the Trade+1","Night Terror","Expertise+1","Concentrate+1","Flechettes+1","Madness","Madness","Flechettes","Tactician+1","Bullet Time+1","Eviscerate+1","Envenom"],"relics":["Ring of the Snake","NeowsBlessing","Singing Bowl","Happy Flower","Blood Vial","Akabeko","Runic Pyramid","InkBottle","Dream Catcher","Matryoshka","Anchor","Astrolabe","Bag of Marbles","Darkstone Periapt","Regal Pillow","Shuriken","TwistedFunnel","White Beast Statue"],"acts_visited":["Exordium","TheCity","TheBeyond","TheEnding"],"potions_floor_usage":[],"damage_taken":[{"damage":0.0,"enemies":"Small Slimes","floor":1.0,"turns":1.0},{"damage":0.0,"enemies":"Lagavulin","floor":6.0,"turns":1.0},{"damage":0.0,"enemies":"Cultist","floor":11.0,"turns":1.0},{"damage":1.0,"enemies":"Jaw Worm","floor":12.0,"turns":4.0},{"damage":14.0,"enemies":"3 Sentries","floor":13.0,"turns":9.0},{"damage":0.0,"enemies":"The Guardian","floor":16.0,"turns":6.0},{"damage":1.0,"enemies":"3 Byrds","floor":18.0,"turns":8.0},{"damage":0.0,"enemies":"Spheric Guardian","floor":20.0,"turns":3.0},{"damage":12.0,"enemies":"Shelled Parasite and Fungi","floor":21.0,"turns":7.0},{"damage":13.0,"enemies":"Book of Stabbing","floor":23.0,"turns":5.0},{"damage":20.0,"enemies":"Slavers","floor":25.0,"turns":10.0},{"damage":0.0,"enemies":"Snecko","floor":27.0,"turns":4.0},{"damage":0.0,"enemies":"Cultist and Chosen","floor":28.0,"turns":7.0},{"damage":14.0,"enemies":"Champ","floor":33.0,"turns":9.0},{"damage":4.0,"enemies":"3 Darklings","floor":35.0,"turns":4.0},{"damage":0.0,"enemies":"Orb Walker","floor":38.0,"turns":4.0},{"damage":3.0,"enemies":"Spire Growth","floor":39.0,"turns":3.0},{"damage":12.0,"enemies":"Nemesis","floor":40.0,"turns":3.0},{"damage":0.0,"enemies":"Reptomancer","floor":42.0,"turns":1.0},{"damage":0.0,"enemies":"Giant Head","floor":44.0,"turns":4.0},{"damage":4.0,"enemies":"Transient","floor":46.0,"turns":3.0},{"damage":0.0,"enemies":"Writhing Mass","floor":48.0,"turns":5.0},{"damage":67.0,"enemies":"Donu and Deca","floor":50.0,"turns":8.0},{"damage":22,"enemies":"Awakened One","floor":51,"turns":14},{"damage":19,"enemies":"Shield and Spear","floor":55,"turns":6},{"damage":63,"enemies":"The Heart","floor":56,"turns":3}],"seed_played":"-6056109980835057034","potions_obtained":[{"floor":11.0,"key":"Poison Potion"},{"floor":13.0,"key":"GamblersBrew"},{"floor":19.0,"key":"Fire Potion"},{"floor":23.0,"key":"Energy Potion"},{"floor":28.0,"key":"SneckoOil"},{"floor":33.0,"key":"SmokeBomb"},{"floor":38.0,"key":"FairyPotion"}],"is_trial":false,"path_per_floor":["M","?","$","T","?","E","$","R","T","R","M","M","E","$","R","B",null,"M","?","M","M","?","E","R","E","T","M","M","$","R","?","R","B",null,"M","?","?","M","M","E","R","E","T","E","?","M","R","M","R","B","B",null,"R","$","E","B"],"character_chosen":"THE_SILENT","items_purchased":["Malaise","Tools of the Trade","TwistedFunnel"],"campfire_rested":0,"item_purchase_floors":[7,29,54],"current_hp_per_floor":[59,59,59,59,59,59,59,59,59,59,63,64,52,52,52,54,65,68,68,70,60,60,51,51,33,33,35,39,39,39,39,39,27,64,64,50,50,52,53,45,45,49,49,51,51,51,51,59,59,27,7,71,71,71,54,0,0],"gold":49,"neow_bonus":"THREE_ENEMY_KILL","is_daily":false,"chose_seed":false,"campfire_upgraded":9,"win_rate":0.0,"timestamp":1607702533,"path_taken":["M","?","$","?","?","E","$","R","T","R","?","M","E","$","R","BOSS","M","?","?","M","?","E","R","E","T","M","M","$","R","?","R","BOSS","M","?","?","?","M","E","R","E","T","E","?","M","R","?","R","BOSS","BOSS","R","$","E","BOSS"],"items_purchased_type":["Card","Card","Relic"],"build_version":"2020-11-30","purchased_purges":2,"victory":false,"max_hp_per_floor":[66,66,66,66,66,66,66,66,66,66,68,68,68,68,68,68,68,70,70,70,72,72,74,74,74,74,74,76,76,76,76,76,76,76,78,78,78,78,80,82,82,84,84,84,84,86,86,92,92,92,92,92,92,89,89,89,89],"relic_stats":{"Blood Vial":46,"Darkstone Periapt":6,"Dream Catcher":0,"Regal Pillow":0,"Singing Bowl":20,"Happy Flower":[43],"counters":[26,133],"Shuriken":[12],"Astrolabe":["Expertise","Concentrate","Flechettes"],"obtain_stats":[{"Darkstone Periapt":42,"TwistedFunnel":54,"Regal Pillow":43,"NeowsBlessing":0,"Singing Bowl":4,"Happy Flower":6,"Astrolabe":34,"Akabeko":13,"White Beast Statue":55,"Blood Vial":9,"Dream Catcher":25,"Anchor":31,"Matryoshka":26,"Shuriken":44,"Bag of Marbles":40,"InkBottle":23,"Ring of the Snake":0,"Runic Pyramid":17},{"Darkstone Periapt":19,"TwistedFunnel":24,"Regal Pillow":19,"NeowsBlessing":0,"Singing Bowl":1,"Happy Flower":2,"Astrolabe":14,"Akabeko":5,"White Beast Statue":25,"Blood Vial":2,"Dream Catcher":11,"Anchor":13,"Matryoshka":11,"Shuriken":20,"Bag of Marbles":18,"InkBottle":10,"Ring of the Snake":0,"Runic Pyramid":6},{"Darkstone Periapt":90,"TwistedFunnel":124,"Regal Pillow":90,"NeowsBlessing":0,"Singing Bowl":1,"Happy Flower":2,"Astrolabe":75,"Akabeko":16,"White Beast Statue":130,"Blood Vial":2,"Dream Catcher":55,"Anchor":66,"Matryoshka":55,"Shuriken":94,"Bag of Marbles":89,"InkBottle":45,"Ring of the Snake":0,"Runic Pyramid":22}],"InkBottle":[44],"Ring of the Snake":[52]},"card_choices":[{"not_picked":["Deflect","Slice"],"picked":"Deadly Poison","floor":1.0},{"not_picked":["Bane","Bouncing Flask"],"picked":"Catalyst","floor":6.0},{"not_picked":["Choke","Sucker Punch","Prepared"],"picked":"Singing Bowl","floor":11.0},{"not_picked":["Acrobatics","Blade Dance"],"picked":"Bouncing Flask","floor":12.0},{"not_picked":["Cloak And Dagger","Sucker Punch"],"picked":"PiercingWail","floor":13.0},{"not_picked":["Night Terror","Storm of Steel"],"picked":"Adrenaline","floor":16.0},{"not_picked":["Blade Dance","Cloak And Dagger+1","Quick Slash"],"picked":"Singing Bowl","floor":18.0},{"not_picked":["Blade Dance+1","Escape Plan"],"picked":"Concentrate","floor":20.0},{"not_picked":["Masterful Stab","Underhanded Strike","Sucker Punch"],"picked":"Singing Bowl","floor":21.0},{"not_picked":["Dodge and Roll","Leg Sweep","Deflect"],"picked":"Singing Bowl","floor":23.0},{"not_picked":["Blur","Blade Dance"],"picked":"Tactician","floor":25.0},{"not_picked":["Flying Knee","Backstab"],"picked":"Crippling Poison","floor":27.0},{"not_picked":["Leg Sweep","Prepared","Dagger Throw"],"picked":"Singing Bowl","floor":28.0},{"not_picked":["Grand Finale","Storm of Steel"],"picked":"Night Terror","floor":33.0},{"not_picked":["Setup","Dash","Flying Knee"],"picked":"Singing Bowl","floor":35.0},{"not_picked":["Flechettes+1","Poisoned Stab"],"picked":"Tactician+1","floor":38.0},{"not_picked":["Backflip","Catalyst","Deflect"],"picked":"Singing Bowl","floor":39.0},{"not_picked":["Dagger Throw","Sucker Punch","Accuracy"],"picked":"Singing Bowl","floor":40.0},{"not_picked":["Deadly Poison","All Out Attack","Cloak And Dagger"],"picked":"Singing Bowl","floor":42.0},{"not_picked":["Masterful Stab+1","Envenom"],"picked":"Bullet Time","floor":44.0},{"not_picked":["Sucker Punch","Acrobatics","Outmaneuver"],"picked":"Singing Bowl","floor":46.0},{"not_picked":["Infinite Blades","Dodge and Roll"],"picked":"Eviscerate+1","floor":48.0},{"not_picked":["Bouncing Flask+1","Underhanded Strike"],"picked":"Envenom","floor":55}],"player_experience":5614444,"relics_obtained":[{"floor":4.0,"key":"Singing Bowl"},{"floor":6.0,"key":"Happy Flower"},{"floor":9.0,"key":"Blood Vial"},{"floor":13.0,"key":"Akabeko"},{"floor":23.0,"key":"InkBottle"},{"floor":25.0,"key":"Dream Catcher"},{"floor":26.0,"key":"Matryoshka"},{"floor":40.0,"key":"Bag of Marbles"},{"floor":42.0,"key":"Darkstone Periapt"},{"floor":43.0,"key":"Regal Pillow"},{"floor":44.0,"key":"Shuriken"},{"floor":55,"key":"White Beast Statue"}],"event_choices":[{"damage_healed":0.0,"max_hp_gain":0.0,"max_hp_loss":0.0,"gold_gain":0.0,"event_name":"Match and Keep!","player_choice":"2 cards matched","floor":2.0,"gold_loss":0.0,"damage_taken":0.0,"cards_obtained":["Neutralize","Acrobatics"]},{"damage_healed":0.0,"max_hp_gain":0.0,"max_hp_loss":0.0,"gold_gain":0.0,"cards_transformed":["Strike_G"],"event_name":"Transmorgrifier","player_choice":"Transformed","floor":5.0,"gold_loss":0.0,"damage_taken":0.0,"cards_obtained":["Blur"]},{"damage_healed":0.0,"max_hp_gain":0.0,"max_hp_loss":0.0,"gold_gain":0.0,"event_name":"Lab","player_choice":"Got Potions","floor":19.0,"gold_loss":0.0,"damage_taken":0.0},{"cards_removed":["Strike_G"],"damage_healed":0.0,"max_hp_gain":0.0,"max_hp_loss":0.0,"gold_gain":0.0,"event_name":"Beggar","player_choice":"Gave Gold","floor":22.0,"gold_loss":75.0,"damage_taken":0.0},{"damage_healed":0.0,"max_hp_gain":0.0,"max_hp_loss":0.0,"gold_gain":0.0,"event_name":"WeMeetAgain","player_choice":"Gave Potion","floor":31.0,"gold_loss":0.0,"damage_taken":0.0,"relics_obtained":["Anchor"]},{"damage_healed":0.0,"max_hp_gain":0.0,"max_hp_loss":0.0,"gold_gain":0.0,"event_name":"Winding Halls","player_choice":"Embrace Madness","floor":36.0,"gold_loss":0.0,"damage_taken":14.0,"cards_obtained":["Madness","Madness"]},{"damage_healed":0.0,"max_hp_gain":0.0,"max_hp_loss":0.0,"gold_gain":0.0,"cards_transformed":["Defend_G"],"event_name":"Transmorgrifier","player_choice":"Transformed","floor":37.0,"gold_loss":0.0,"damage_taken":0.0,"cards_obtained":["Flechettes"]},{"damage_healed":0.0,"max_hp_gain":0.0,"max_hp_loss":0.0,"gold_gain":0.0,"event_name":"Match and Keep!","player_choice":"0 cards matched","floor":45.0,"gold_loss":0.0,"damage_taken":0.0,"cards_obtained":[]}],"is_beta":false,"boss_relics":[{"not_picked":["Tiny House","Ring of the Serpent"],"picked":"Runic Pyramid"},{"not_picked":["Empty Cage","Fusion Hammer"],"picked":"Astrolabe"}],"items_purged_floors":[29,54],"is_endless":false,"potions_floor_spawned":[11,13,23,28,33,35,38],"killed_by":"The Heart","ascension_level":20}}