{"host":"o42wl4m5pnzrnqrg","time":1607652218,"event":{"mods":["BaseMod","Colored Map","StSLib","Friendly Minions","GifTheSpireLib","The Bladedancer","Shop Mod","Best Route Mod","Minty Spire (QoL Compilation)","SOS???????","???mod?????","Gold Saver","2.2 Compatiblity","Rare Cards Sparkle","Better Note","Permanent Neow","Act Like it!","Replay The Spire","Better Vampires","Transform Curses","Better Match","CapriCore","Hubris","Better Skull","Spicy Shops","Relic Stats","Shade Mod","Marisa????????","Mari\u0027s V1 Patch","Mari Mod (Legacy)","Luminous","TheSwordswoman","Small Relic Pack","Ekko","The Blue Laboratory","Better Third Choice","Dota2Spire","Hallownest","Kratos Character Expansion","??????REMEMod","The Dragon Tamer","Curses Come First","TheWitcher","Robot Space Explorer","The Bug Knight"],"gold_per_floor":[285,285,285,285,36,66,66,127,127,127,161,196,0,40,40,150,150,187,7,7,7,7],"floor_reached":21,"playtime":12089,"items_purged":[],"score":225,"play_id":"76479e70-e3c6-4721-b390-2883690f7aeb","local_time":"20201210220338","is_ascension_mode":false,"campfire_choices":[{"floor":7,"key":"REST"},{"data":"Luminous:Freud_Wisdom1_Luminous","floor":15,"key":"SMITH"}],"circlet_count":0,"master_deck":["Luminous:Light_Flash_Shower","Luminous:Light_Flash_Shower","Luminous:Light_Flash_Shower","Luminous:Dark_Abyssal_Drop","Luminous:Dark_Abyssal_Drop","Luminous:Dark_Abyssal_Drop","Luminous:Defend_Luminous","Luminous:Defend_Luminous","Luminous:Defend_Luminous","Luminous:Defend_Luminous","Luminous:Switch_Luminous","Luminous:Freud_Wisdom1_Luminous+1","Luminous:Light_Glare","Luminous:Abyss_Heart_Luminous","Amnesia","Injury","Luminous:Chase_Spell_Luminous","Luminous:Light_Wash_Luminous","Luminous:Dusk_Guard_Luminous","Luminous:Light_Disperse","Luminous:Date_of_Light_Luminous","Luminous:Dark_Crescendo_Luminous","Luminous:Dark_Pressure_Void","Luminous:Light_Disperse","Luminous:Magic_Boost_Luminous+1","Luminous:Accumulation_Luminous"],"relics":["Luminous:MirrorRelic","REME_ComplimentaryCards","Replay:Rubber Ducky","relicPack:DSword","Ring of Peace","ReplayTheSpireMod:Ring of Exchange","Tiny Chest","Happy Flower","REME_ArchaeologicalTools","hubris:CrystalStatue","hubris:Icosahedron","Hallownest:BankAccountRelic","ReplayTheSpireMod:DimensionalGlitch","Dota2Spire:MagicBottle","Art of War","Blue Doll"],"acts_visited":["Exordium","Hallownest:Greenpath"],"potions_floor_usage":[12,16],"damage_taken":[{"damage":12,"enemies":"Hallownest:2_Tiktiks_and_1_Crawlid","floor":1,"turns":4},{"damage":3,"enemies":"Hallownest:eliteVengeflyKing","floor":6,"turns":6},{"damage":0,"enemies":"Hallownest:monsterHuskGuard","floor":8,"turns":4},{"damage":0,"enemies":"2_ Uuma","floor":11,"turns":5},{"damage":0,"enemies":"Hallownest:1_Ooma_and_2_Uuma","floor":12,"turns":5},{"damage":0,"enemies":"Hallownest:BossBrokenVessel","floor":16,"turns":7},{"damage":0,"enemies":"Hallownest:2_Mistakes","floor":18,"turns":8}],"seed_played":"7028819819385704112","potions_obtained":[{"floor":1,"key":"Doom Potion"},{"floor":8,"key":"blueLaboratory:PolymorphPotion"}],"is_trial":false,"path_per_floor":["M","?","?","?","$","E","R","M","T","?","M","M","?","$","R","B",null,"M","$","T","?"],"character_chosen":"LuminousClass","items_purchased":["Tiny Chest","Happy Flower","Luminous:Chase_Spell_Luminous","Luminous:Light_Disperse","Luminous:Magic_Boost_Luminous+1","Luminous:Accumulation_Luminous","DistilledChaos"],"campfire_rested":1,"item_purchase_floors":[5,5,5,19,19,19,19],"current_hp_per_floor":[63,63,28,28,28,29,51,51,51,51,55,55,55,55,55,75,75,75,75,75,0,0],"gold":7,"neow_bonus":"RANDOM_COMMON_RELIC","is_daily":false,"chose_seed":false,"campfire_upgraded":1,"win_rate":0.0,"timestamp":1607652218,"path_taken":["M","?","?","?","?","E","R","?","T","?","M","M","?","$","R","BOSS","M","$","?","?"],"build_version":"2020-11-30","purchased_purges":0,"victory":false,"max_hp_per_floor":[75,75,75,75,75,75,75,75,75,75,75,75,75,75,75,75,75,75,75,75,75,75],"relic_stats":{"Happy Flower":[11],"counters":[7,39],"Tiny Chest":1,"Art of War":[0],"obtain_stats":[{"ReplayTheSpireMod:Ring of Exchange":4,"relicPack:DSword":3,"hubris:CrystalStatue":9,"Happy Flower":5,"Blue Doll":21,"Luminous:MirrorRelic":0,"Replay:Rubber Ducky":0,"Dota2Spire:MagicBottle":20,"hubris:Icosahedron":10,"Hallownest:BankAccountRelic":13,"Ring of Peace":4,"Tiny Chest":5,"REME_ArchaeologicalTools":6,"Art of War":21,"ReplayTheSpireMod:DimensionalGlitch":17,"REME_ComplimentaryCards":0},{"ReplayTheSpireMod:Ring of Exchange":1,"relicPack:DSword":1,"hubris:CrystalStatue":3,"Happy Flower":1,"Blue Doll":7,"Luminous:MirrorRelic":0,"Replay:Rubber Ducky":0,"Dota2Spire:MagicBottle":7,"hubris:Icosahedron":3,"Hallownest:BankAccountRelic":5,"Ring of Peace":1,"Tiny Chest":1,"REME_ArchaeologicalTools":2,"Art of War":7,"ReplayTheSpireMod:DimensionalGlitch":6,"REME_ComplimentaryCards":0},{"ReplayTheSpireMod:Ring of Exchange":4,"relicPack:DSword":4,"hubris:CrystalStatue":14,"Happy Flower":4,"Blue Doll":39,"Luminous:MirrorRelic":0,"Replay:Rubber Ducky":0,"Dota2Spire:MagicBottle":39,"hubris:Icosahedron":14,"Hallownest:BankAccountRelic":24,"Ring of Peace":4,"Tiny Chest":4,"REME_ArchaeologicalTools":10,"Art of War":39,"ReplayTheSpireMod:DimensionalGlitch":31,"REME_ComplimentaryCards":0}]},"card_choices":[{"not_picked":["Luminous:Dark_Dim_Erosion","Luminous:Concentrate_Luminous"],"picked":"Luminous:Light_Glare","floor":1},{"not_picked":["Luminous:Lights_Protection_Luminous","Luminous:Light_Sylvan_Lance"],"picked":"Luminous:Light_Wash_Luminous","floor":6},{"not_picked":["Luminous:Light_Sylvan_Lance","Luminous:Light_Glare"],"picked":"Luminous:Dusk_Guard_Luminous","floor":8},{"not_picked":["Luminous:Light_Glare","Luminous:Accumulation_Luminous"],"picked":"Luminous:Light_Disperse","floor":11},{"not_picked":["Luminous:Magic_Guard_Luminous","Luminous:Dark_Dim_Erosion"],"picked":"Luminous:Date_of_Light_Luminous","floor":12},{"not_picked":["Luminous:Mirror_Force_Luminous","Luminous:Armageddon_Luminous"],"picked":"Luminous:Dark_Crescendo_Luminous","floor":16},{"not_picked":["Luminous:Concentrate_Luminous+1","Luminous:Dark_Raid"],"picked":"Luminous:Dark_Pressure_Void","floor":18}],"player_experience":410961,"relics_obtained":[{"floor":4,"key":"Ring of Peace"},{"floor":4,"key":"ReplayTheSpireMod:Ring of Exchange"},{"floor":6,"key":"REME_ArchaeologicalTools"},{"floor":9,"key":"hubris:CrystalStatue"},{"floor":20,"key":"Dota2Spire:MagicBottle"}],"event_choices":[],"is_beta":false,"boss_relics":[{"not_picked":["Guide Book","Frozen Eye"],"picked":"ReplayTheSpireMod:DimensionalGlitch"}],"items_purged_floors":[],"is_endless":false,"potions_floor_spawned":[1,8],"ascension_level":0}}