{"host":"f5n4tidiz2n5sooh","time":1607678501,"event":{"mods":["BaseMod","Colored Map","Minty Spire (QoL Compilation)","Relic Stats","StSLib"],"gold_per_floor":[115,130,130,140,159,159,191,202,250,250,250],"floor_reached":10,"playtime":419,"items_purged":[],"score":140,"play_id":"905e451f-e889-4385-8d72-ca6fb95736a2","local_time":"20201211032141","is_ascension_mode":true,"campfire_choices":[{"data":"Carnage","floor":6,"key":"SMITH"}],"circlet_count":0,"master_deck":["AscendersBane","Strike_R","Strike_R","Strike_R","Strike_R+1","Strike_R","Defend_R","Defend_R","Defend_R+1","Defend_R+1","Bash","Carnage+1","Cleave","True Grit","Limit Break","Shrug It Off+1"],"relics":["Burning Blood","Orichalcum","War Paint"],"acts_visited":["Exordium"],"potions_floor_usage":[8,10],"damage_taken":[{"damage":6,"enemies":"2 Louse","floor":1,"turns":4},{"damage":7,"enemies":"Jaw Worm","floor":2,"turns":4},{"damage":6,"enemies":"Cultist","floor":4,"turns":4},{"damage":20,"enemies":"Exordium Wildlife","floor":5,"turns":4},{"damage":23,"enemies":"Lagavulin","floor":7,"turns":5},{"damage":9,"enemies":"3 Louse","floor":8,"turns":4},{"damage":18,"enemies":"3 Sentries","floor":10,"turns":4}],"seed_played":"-4970846621149207617","potions_obtained":[{"floor":2,"key":"Swift Potion"},{"floor":5,"key":"LiquidBronze"}],"is_trial":false,"path_per_floor":["M","M","?","M","M","R","E","M","T","E"],"character_chosen":"IRONCLAD","items_purchased":[],"campfire_rested":0,"item_purchase_floors":[],"current_hp_per_floor":[75,74,49,49,35,35,18,15,15,0,0],"gold":250,"neow_bonus":"TEN_PERCENT_HP_BONUS","is_daily":false,"chose_seed":false,"campfire_upgraded":1,"win_rate":0.0,"timestamp":1607678501,"path_taken":["M","M","?","M","M","R","E","M","T","E"],"items_purchased_type":[],"build_version":"2020-11-30","purchased_purges":0,"victory":false,"max_hp_per_floor":[82,82,82,82,82,82,82,82,82,82,82],"relic_stats":{"counters":[7,29],"Orichalcum":[6],"War Paint":["Shrug It Off","Defend_R"],"obtain_stats":[{"Orichalcum":7,"War Paint":9,"Burning Blood":0},{"Orichalcum":5,"War Paint":6,"Burning Blood":0},{"Orichalcum":21,"War Paint":25,"Burning Blood":0}],"Burning Blood":36},"card_choices":[{"not_picked":["Iron Wave","Shrug It Off"],"picked":"Carnage","floor":1},{"not_picked":["Sword Boomerang","Pummel"],"picked":"Cleave","floor":2},{"not_picked":["Infernal Blade","Heavy Blade","Clothesline"],"picked":"SKIP","floor":4},{"not_picked":["Blood for Blood","Perfected Strike"],"picked":"True Grit","floor":5},{"not_picked":["Heavy Blade","Metallicize"],"picked":"Limit Break","floor":7},{"not_picked":["Anger","Wild Strike"],"picked":"Shrug It Off","floor":8}],"player_experience":1868226,"relics_obtained":[{"floor":7,"key":"Orichalcum"},{"floor":9,"key":"War Paint"}],"event_choices":[{"damage_healed":0,"gold_gain":0,"player_choice":"Entered Light","damage_taken":25,"max_hp_gain":0,"max_hp_loss":0,"event_name":"Shining Light","floor":3,"gold_loss":0,"cards_upgraded":["Defend_R","Strike_R"]}],"is_beta":false,"boss_relics":[],"items_purged_floors":[],"is_endless":false,"potions_floor_spawned":[2,5,7],"killed_by":"3 Sentries","ascension_level":20}}