{"host":"1n288js6hgq5nx1s","time":1607684756,"event":{"mods":["AchievementEnabler","BaseMod","Block Reminder","Colored Map","Colored Powertips","Googly Eyes","Minty Spire (QoL Compilation)","Quick Restart","Rare Cards Sparkle","StSLib","The Necromancer","The Servant 0.9.4"],"gold_per_floor":[110,110,128,128,203,230,230,258,258,258,275,275,275],"floor_reached":12,"playtime":367,"items_purged":[],"score":92,"play_id":"18c10c91-0a75-4d60-83d2-aa9d755b3498","local_time":"20201211150556","is_ascension_mode":true,"campfire_choices":[{"floor":7.0,"key":"REST"},{"data":"1","floor":10.0,"key":"LIFT"}],"circlet_count":0,"master_deck":["Strike_B","Strike_B","Strike_B","Strike_B","Defend_B","Defend_B","Defend_B","Defend_B","Zap","Dualcast","Cold Snap","Barrage","Static Discharge","Regret","Gash","Cold Snap","Chaos"],"relics":["Cracked Core","Gambling Chip","Shuriken","Happy Flower","Girya"],"acts_visited":["Exordium"],"potions_floor_usage":[12],"damage_taken":[{"damage":1.0,"enemies":"Jaw Worm","floor":1.0,"turns":3.0},{"damage":8.0,"enemies":"Small Slimes","floor":2.0,"turns":3.0},{"damage":0.0,"enemies":"Cultist","floor":3.0,"turns":3.0},{"damage":31.0,"enemies":"Lagavulin","floor":6.0,"turns":6.0},{"damage":25.0,"enemies":"Gremlin Nob","floor":8.0,"turns":4.0},{"damage":15.0,"enemies":"2 Fungi Beasts","floor":11.0,"turns":2.0},{"damage":16,"enemies":"Lagavulin","floor":12,"turns":2}],"seed_played":"-3777726413307368154","potions_obtained":[{"floor":1.0,"key":"PowerPotion"},{"floor":6.0,"key":"DistilledChaos"},{"floor":8.0,"key":"PotionOfCapacity"}],"is_trial":false,"path_per_floor":["M","M","M","?","?","E","R","E","T","R","M","E"],"character_chosen":"DEFECT","items_purchased":[],"campfire_rested":1,"item_purchase_floors":[],"current_hp_per_floor":[81,73,73,73,62,31,55,30,30,30,15,0,0],"gold":275,"neow_bonus":"TEN_PERCENT_HP_BONUS","is_daily":false,"chose_seed":false,"campfire_upgraded":0,"win_rate":0.0,"timestamp":1607684756,"path_taken":["M","M","M","?","?","E","R","E","T","R","M","E"],"items_purchased_type":[],"build_version":"2020-11-30","purchased_purges":0,"victory":false,"max_hp_per_floor":[82,82,82,82,82,82,82,82,82,82,82,82,82],"card_choices":[{"not_picked":["Storm","Compile Driver"],"picked":"Cold Snap","floor":1.0},{"not_picked":["Streamline","FTL"],"picked":"Barrage","floor":2.0},{"not_picked":["Conserve Battery","Stack"],"picked":"Static Discharge","floor":3.0},{"not_picked":["Scrape","FTL"],"picked":"Gash","floor":6.0},{"not_picked":["Streamline","Reinforced Body"],"picked":"Cold Snap","floor":8.0},{"not_picked":["Blizzard","Redo"],"picked":"Chaos","floor":11.0}],"player_experience":61503,"relics_obtained":[{"floor":6.0,"key":"Shuriken"},{"floor":8.0,"key":"Happy Flower"},{"floor":9.0,"key":"Girya"}],"event_choices":[{"damage_healed":0.0,"max_hp_gain":0.0,"max_hp_loss":0.0,"gold_gain":0.0,"event_name":"Big Fish","player_choice":"Box","floor":4.0,"gold_loss":0.0,"damage_taken":0.0,"relics_obtained":["Gambling Chip"],"cards_obtained":["Regret"]},{"damage_healed":0.0,"max_hp_gain":0.0,"max_hp_loss":0.0,"gold_gain":75.0,"event_name":"World of Goop","player_choice":"Gather Gold","floor":5.0,"gold_loss":0.0,"damage_taken":11.0}],"is_beta":false,"boss_relics":[],"items_purged_floors":[],"is_endless":false,"potions_floor_spawned":[1,6,8],"killed_by":"Lagavulin","ascension_level":1}}