{"host":"fr59kc135u003izd","time":1607660477,"event":{"mods":["AchievementEnabler","BaseMod","Better Note","Better Third Choice","BetterRewards","Colored Map","Colored Powertips","Custom Start","Marisa????????","Minty Spire (QoL Compilation)","Permanent Neow","Rare Cards Sparkle","Relic Stats","StSLib","The Animator","The Bug Knight","Uncapped"],"gold_per_floor":[123,155,184,215,227,239,261,300,312,324,360,372,384,415,427,542,554,577,601,633,517,529,529],"floor_reached":22,"playtime":1712,"items_purged":[],"score":188,"play_id":"684fcd41-4de0-4fc6-9e9c-56f34d697ad8","local_time":"20201210222117","is_ascension_mode":false,"campfire_choices":[{"data":"HollowMod:FocusHealStart","floor":6,"key":"SMITH"},{"data":"HollowMod:SoulSplash","floor":10,"key":"SMITH"},{"floor":13,"key":"REST"},{"floor":15,"key":"REST"}],"circlet_count":0,"master_deck":["HollowMod:NailStrikeStart","HollowMod:NailStrikeStart","HollowMod:NailStrikeStart","HollowMod:QuickDashStart","HollowMod:QuickDashStart","HollowMod:QuickDashStart","HollowMod:QuickDashStart","HollowMod:FocusHealStart+1","HollowMod:PogoStrike","HollowMod:SoulSplash+1","HollowMod:CloakDash","HollowMod:VengefulSpirit","HollowMod:DoubleDash","Purity","HollowMod:GoodIntentions","HollowMod:AwokenDreamNail","HollowMod:Weaversong","HollowMod:PureNailStrike","HollowMod:HeavyBlow","HollowMod:CloakDash"],"relics":["HollowMod:KingsSoulRelic","MawBank","Mummified Hand","Matryoshka","Odd Mushroom","Darkstone Periapt"],"acts_visited":["Exordium","TheCity"],"potions_floor_usage":[8,18],"damage_taken":[{"damage":0,"enemies":"Small Slimes","floor":1,"turns":2},{"damage":5,"enemies":"Cultist","floor":2,"turns":4},{"damage":1,"enemies":"Jaw Worm","floor":3,"turns":4},{"damage":4,"enemies":"Blue Slaver","floor":4,"turns":5},{"damage":9,"enemies":"Gremlin Gang","floor":7,"turns":5},{"damage":32,"enemies":"3 Sentries","floor":8,"turns":8},{"damage":31,"enemies":"The Mushroom Lair","floor":11,"turns":6},{"damage":25,"enemies":"Exordium Thugs","floor":14,"turns":6},{"damage":39,"enemies":"HollowMod:FalseKnight","floor":16,"turns":9},{"damage":4,"enemies":"3 Byrds","floor":18,"turns":5},{"damage":28,"enemies":"Spheric Guardian","floor":19,"turns":6},{"damage":24,"enemies":"Cultist and Chosen","floor":20,"turns":8},{"damage":42,"enemies":"Snake Plant","floor":22,"turns":5}],"seed_played":"2675691615412886956","potions_obtained":[{"floor":2,"key":"ColorlessPotion"},{"floor":8,"key":"GamblersBrew"},{"floor":16,"key":"FearPotion"},{"floor":18,"key":"Swift Potion"}],"is_trial":false,"path_per_floor":["M","M","M","M","?","R","M","E","T","R","?","?","R","M","R","B",null,"M","M","M","?","M"],"character_chosen":"THE_BUGKNIGHT","items_purchased":[],"campfire_rested":2,"item_purchase_floors":[],"current_hp_per_floor":[75,71,75,75,75,75,66,44,44,44,13,13,35,16,38,5,75,75,53,35,35,0,0],"gold":529,"neow_bonus":"RANDOM_COMMON_RELIC","is_daily":false,"chose_seed":false,"campfire_upgraded":2,"win_rate":0.0,"timestamp":1607660477,"path_taken":["M","M","M","M","?","R","?","E","T","R","?","?","R","M","R","BOSS","M","M","?","?","M"],"items_purchased_type":[],"build_version":"2020-11-30","purchased_purges":0,"victory":false,"max_hp_per_floor":[75,75,75,75,75,75,75,75,75,75,75,75,75,75,75,75,75,75,75,75,75,75,75],"relic_stats":{"Darkstone Periapt":0,"counters":[13,73],"Mummified Hand":[2],"MawBank":264,"obtain_stats":[{"Darkstone Periapt":21,"Matryoshka":9,"Mummified Hand":8,"HollowMod:VesselMask":0,"Odd Mushroom":11,"MawBank":0,"HollowMod:KingsSoulRelic":17},{"Darkstone Periapt":12,"Matryoshka":6,"Mummified Hand":6,"HollowMod:VesselMask":0,"Odd Mushroom":7,"MawBank":0,"HollowMod:KingsSoulRelic":9},{"Darkstone Periapt":68,"Matryoshka":28,"Mummified Hand":28,"HollowMod:VesselMask":0,"Odd Mushroom":34,"MawBank":0,"HollowMod:KingsSoulRelic":49}]},"card_choices":[{"not_picked":["HollowMod:NewLittleFool","HollowMod:VengefulVoid"],"picked":"HollowMod:SoulSplash","floor":1},{"not_picked":["HollowMod:HowlingWraiths","HollowMod:NewLittleFool"],"picked":"HollowMod:CloakDash","floor":2},{"not_picked":["HollowMod:TaintedHusks","HollowMod:NewJinnsSoul"],"picked":"HollowMod:VengefulSpirit","floor":3},{"not_picked":["HollowMod:VengefulVoid","HollowMod:NewJinnsSoul"],"picked":"HollowMod:DoubleDash","floor":4},{"not_picked":["HollowMod:DashSlash","HollowMod:CrystalDash"],"picked":"HollowMod:AwokenDreamNail","floor":7},{"not_picked":["HollowMod:GoodIntentions","HollowMod:SharpenedNail"],"picked":"HollowMod:Weaversong","floor":8},{"not_picked":["HollowMod:NewLittleFool","HollowMod:DescendingDark"],"picked":"HollowMod:PureNailStrike","floor":11},{"not_picked":["HollowMod:SharpenedNail","HollowMod:GoodIntentions","HollowMod:ShapeofUnn"],"picked":"SKIP","floor":14},{"not_picked":["HollowMod:SiblingsShadow+1","HollowMod:AbyssShriek"],"picked":"HollowMod:CloakDash","floor":18},{"not_picked":["HollowMod:SharpenedNail","HollowMod:SiblingsSouls","HollowMod:InfectedCysts"],"picked":"SKIP","floor":19},{"not_picked":["HollowMod:DreamGate","HollowMod:CycloneSlash","HollowMod:HeavyBlow"],"picked":"SKIP","floor":20}],"player_experience":160585,"relics_obtained":[{"floor":8,"key":"Mummified Hand"},{"floor":9,"key":"Matryoshka"},{"floor":11,"key":"Odd Mushroom"}],"event_choices":[{"damage_healed":0,"gold_gain":0,"player_choice":"2 cards matched","damage_taken":0,"max_hp_gain":0,"max_hp_loss":0,"event_name":"Match and Keep!","floor":5,"gold_loss":0,"cards_obtained":["Purity","HollowMod:GoodIntentions"]},{"damage_healed":0,"gold_gain":0,"player_choice":"Fought Mushrooms","damage_taken":0,"max_hp_gain":0,"max_hp_loss":0,"event_name":"Mushrooms","floor":11,"gold_loss":0},{"damage_healed":0,"gold_gain":0,"cards_transformed":["HollowMod:NailStrikeStart"],"player_choice":"Transformed","damage_taken":0,"max_hp_gain":0,"max_hp_loss":0,"event_name":"Transmorgrifier","floor":12,"gold_loss":0,"cards_obtained":["HollowMod:HeavyBlow"]},{"damage_healed":0,"gold_gain":0,"player_choice":"Paid Gold","damage_taken":0,"relics_obtained":["Darkstone Periapt"],"max_hp_gain":0,"max_hp_loss":0,"event_name":"WeMeetAgain","floor":21,"gold_loss":128}],"is_beta":false,"boss_relics":[{"not_picked":["Calling Bell","HollowMod:VoidIdolRelic"],"picked":"HollowMod:KingsSoulRelic"}],"items_purged_floors":[],"is_endless":false,"potions_floor_spawned":[2,8,16,18],"killed_by":"Snake Plant","ascension_level":0}}