{"host":"90jl2h70xtuoeg0i","time":1607726641,"event":{"mods":["AchievementEnabler","BaseMod","Colored Map","Colored Powertips","Minty Spire (QoL Compilation)","Relic Stats","ojb\u0027s Better Paths Mod","ojb\u0027s Info Mod"],"gold_per_floor":[115,132,57,72,72,97,97,109,109,8,8,18,18,37,37,111,111,126,126,41,61,61,61,81,109,109,127,139,139,117,148,160,172,172],"floor_reached":33,"playtime":2310,"items_purged":["Strike_G"],"score":467,"play_id":"f0187b24-a28e-4f7d-940d-d44f87a6f5a1","local_time":"20201211174401","is_ascension_mode":true,"campfire_choices":[{"floor":11,"key":"REST"},{"data":"Bouncing Flask","floor":13,"key":"SMITH"},{"data":"Dagger Spray","floor":15,"key":"SMITH"},{"data":"Ghostly","floor":23,"key":"SMITH"},{"data":"Ghostly","floor":29,"key":"SMITH"},{"data":"Burst","floor":32,"key":"SMITH"}],"circlet_count":0,"master_deck":["AscendersBane","Defend_G","Defend_G","Defend_G","Defend_G","Defend_G","Survivor+1","Neutralize","Poisoned Stab","Predator","Bouncing Flask+1","PiercingWail","Bane","Deadly Poison","Dagger Spray+1","Burst+1","Glass Knife+1","Footwork+1","Cloak And Dagger+1","Masterful Stab+1","Ghostly+1","Ghostly+1","Ghostly","Distraction","Acrobatics","Well Laid Plans","Backflip","Crippling Poison"],"relics":["Ring of the Snake","NeowsBlessing","Boot","Orichalcum","Astrolabe","Pantograph","Red Mask","MawBank"],"acts_visited":["Exordium","TheCity"],"potions_floor_usage":[6,33,33],"damage_taken":[{"damage":0.0,"enemies":"Cultist","floor":1.0,"turns":1.0},{"damage":0.0,"enemies":"2 Louse","floor":2.0,"turns":1.0},{"damage":0.0,"enemies":"Jaw Worm","floor":4.0,"turns":1.0},{"damage":12,"enemies":"Gremlin Nob","floor":6,"turns":3},{"damage":8,"enemies":"Blue Slaver","floor":8,"turns":3},{"damage":0,"enemies":"Large Slime","floor":12,"turns":5},{"damage":0,"enemies":"2 Fungi Beasts","floor":14,"turns":3},{"damage":16,"enemies":"The Guardian","floor":16,"turns":9},{"damage":22,"enemies":"2 Thieves","floor":18,"turns":4},{"damage":0,"enemies":"Spheric Guardian","floor":21,"turns":3},{"damage":8,"enemies":"Snecko","floor":24,"turns":5},{"damage":5,"enemies":"Masked Bandits","floor":25,"turns":6},{"damage":0,"enemies":"Shelled Parasite and Fungi","floor":27,"turns":5},{"damage":7,"enemies":"Snake Plant","floor":28,"turns":3},{"damage":3,"enemies":"Book of Stabbing","floor":31,"turns":6},{"damage":45,"enemies":"Automaton","floor":33,"turns":14}],"seed_played":"29952146975907067","potions_obtained":[{"floor":2.0,"key":"FearPotion"},{"floor":8,"key":"Regen Potion"},{"floor":12,"key":"CultistPotion"},{"floor":18,"key":"LiquidMemories"}],"is_trial":false,"path_per_floor":["M","M","$","M","?","E","?","M","T","$","R","M","R","M","R","B",null,"M","?","?","M","?","R","M","?","T","M","M","R","$","E","R","B"],"character_chosen":"THE_SILENT","items_purchased":["Bouncing Flask","Bane","Backflip"],"campfire_rested":1,"item_purchase_floors":[3,10,30],"current_hp_per_floor":[59,59,59,59,39,27,20,12,12,12,31,31,31,31,31,15,53,31,31,31,31,31,31,23,18,18,18,11,11,11,8,8,0,0],"gold":172,"neow_bonus":"THREE_ENEMY_KILL","is_daily":false,"chose_seed":false,"campfire_upgraded":5,"win_rate":0.0,"timestamp":1607726641,"path_taken":["M","M","$","?","?","E","?","M","T","?","R","M","R","M","R","BOSS","M","?","?","M","?","R","?","?","T","M","M","R","$","E","R","BOSS"],"items_purchased_type":["Card","Card","Card"],"build_version":"2020-11-30","purchased_purges":1,"victory":false,"max_hp_per_floor":[66,66,66,66,66,66,66,66,66,66,66,66,66,66,66,66,66,66,33,33,33,33,33,33,33,33,33,33,33,33,33,33,33,33],"relic_stats":{"counters":[16,72],"Astrolabe":["Glass Knife","Footwork","Cloak And Dagger"],"Pantograph":25,"Orichalcum":[234],"Boot":[53],"MawBank":24,"obtain_stats":[{"NeowsBlessing":0,"Astrolabe":17,"Pantograph":20,"Red Mask":25,"Orichalcum":9,"Boot":6,"MawBank":31,"Ring of the Snake":0},{"NeowsBlessing":0,"Astrolabe":8,"Pantograph":9,"Red Mask":12,"Orichalcum":5,"Boot":4,"MawBank":15,"Ring of the Snake":0},{"NeowsBlessing":0,"Astrolabe":26,"Pantograph":30,"Red Mask":44,"Orichalcum":9,"Boot":6,"MawBank":58,"Ring of the Snake":0}],"Ring of the Snake":[32]},"card_choices":[{"not_picked":["Backflip","Choke"],"picked":"Poisoned Stab","floor":1.0},{"not_picked":["Sucker Punch","Cloak And Dagger"],"picked":"Predator","floor":2.0},{"not_picked":["Tactician","Terror"],"picked":"Quick Slash","floor":4.0},{"not_picked":["Sucker Punch","Dagger Throw"],"picked":"PiercingWail","floor":6},{"not_picked":["Sucker Punch","Slice","Flying Knee"],"picked":"SKIP","floor":8},{"not_picked":["Prepared","Slice"],"picked":"Deadly Poison","floor":12},{"not_picked":["Cloak And Dagger","Prepared"],"picked":"Dagger Spray","floor":14},{"not_picked":["Unload","Night Terror"],"picked":"Burst","floor":16},{"not_picked":["Quick Slash","Dagger Spray"],"picked":"Masterful Stab+1","floor":18},{"not_picked":["Blade Dance","Poisoned Stab+1"],"picked":"Distraction","floor":21},{"not_picked":["Heel Hook","Terror","Backstab"],"picked":"SKIP","floor":24},{"not_picked":["Tactician","Bane+1","Dagger Spray"],"picked":"SKIP","floor":27},{"not_picked":["Cloak And Dagger","A Thousand Cuts"],"picked":"Well Laid Plans","floor":28},{"not_picked":["Dash","Bane"],"picked":"Crippling Poison","floor":31}],"player_experience":1227609,"relics_obtained":[{"floor":6,"key":"Boot"},{"floor":9,"key":"Orichalcum"},{"floor":25,"key":"Red Mask"},{"floor":31,"key":"MawBank"}],"event_choices":[{"damage_healed":0.0,"max_hp_gain":0.0,"max_hp_loss":0.0,"gold_gain":0.0,"event_name":"Shining Light","player_choice":"Entered Light","floor":5.0,"gold_loss":0.0,"damage_taken":20.0,"cards_upgraded":["Survivor","Strike_G"]},{"cards_removed":["Strike_G"],"damage_healed":0,"gold_gain":0,"player_choice":"Card Removal","damage_taken":7,"max_hp_gain":0,"max_hp_loss":0,"event_name":"Golden Wing","floor":7,"gold_loss":0},{"damage_healed":0,"gold_gain":0,"player_choice":"Became a Ghost","damage_taken":0,"max_hp_gain":0,"max_hp_loss":33,"event_name":"Ghosts","floor":19,"gold_loss":0,"cards_obtained":["Ghostly","Ghostly","Ghostly"]},{"damage_healed":0,"gold_gain":0,"player_choice":"Obtained Relic","damage_taken":0,"relics_obtained":["Pantograph"],"max_hp_gain":0,"max_hp_loss":0,"event_name":"Addict","floor":20,"gold_loss":85},{"damage_healed":0,"gold_gain":0,"cards_transformed":["Strike_G"],"player_choice":"Transformed","damage_taken":0,"max_hp_gain":0,"max_hp_loss":0,"event_name":"Transmorgrifier","floor":22,"gold_loss":0,"cards_obtained":["Acrobatics"]},{"damage_healed":0,"gold_gain":0,"player_choice":"Fought Bandits","damage_taken":0,"max_hp_gain":0,"max_hp_loss":0,"event_name":"Masked Bandits","floor":25,"gold_loss":0}],"is_beta":false,"boss_relics":[{"not_picked":["Calling Bell","HoveringKite"],"picked":"Astrolabe"}],"items_purged_floors":[10],"is_endless":false,"potions_floor_spawned":[2,8,12,18,27,28],"killed_by":"Automaton","ascension_level":15}}