{"host":"ih7ofq2zpufcoifs","time":1607661912,"event":{"mods":["BaseMod","Colored Map","Minty Spire (QoL Compilation)"],"gold_per_floor":[166,178,178,24,41,73,83,83,106,131,131,142,142,167,167,265,265,275,301,311,25,40,40,40,40],"floor_reached":24,"playtime":1793,"items_purged":["Strike_G"],"score":319,"play_id":"c5e714e9-1a7e-4151-bb4c-9d638ded7d61","local_time":"20201211144512","is_ascension_mode":true,"campfire_choices":[{"floor":8.0,"key":"REST"},{"data":"Malaise","floor":11.0,"key":"SMITH"},{"data":"Dagger Spray","floor":13.0,"key":"SMITH"},{"data":"Neutralize","floor":15.0,"key":"SMITH"},{"data":"Eviscerate","floor":23,"key":"SMITH"}],"circlet_count":0,"master_deck":["AscendersBane","Strike_G","Strike_G","Strike_G","Strike_G+1","Defend_G","Defend_G","Defend_G","Defend_G","Survivor","Neutralize+1","Poisoned Stab","Dagger Spray+1","Dagger Throw","Malaise+1","Eviscerate+1","PiercingWail","PiercingWail","Venomology","PiercingWail+1","Footwork+1","Footwork"],"relics":["Tiny House","Juzu Bracelet","Bag of Marbles","Odd Mushroom","Snecko Eye","Red Mask","Meat on the Bone"],"acts_visited":["Exordium","TheCity"],"potions_floor_usage":[18,19,22,22,24],"damage_taken":[{"damage":1.0,"enemies":"Small Slimes","floor":1.0,"turns":4.0},{"damage":0.0,"enemies":"Jaw Worm","floor":2.0,"turns":3.0},{"damage":6.0,"enemies":"2 Louse","floor":5.0,"turns":2.0},{"damage":20.0,"enemies":"3 Sentries","floor":6.0,"turns":6.0},{"damage":4.0,"enemies":"Lots of Slimes","floor":7.0,"turns":4.0},{"damage":7.0,"enemies":"Lagavulin","floor":10.0,"turns":7.0},{"damage":0.0,"enemies":"3 Louse","floor":12.0,"turns":3.0},{"damage":0.0,"enemies":"The Mushroom Lair","floor":14.0,"turns":4.0},{"damage":28.0,"enemies":"Hexaghost","floor":16.0,"turns":15.0},{"damage":13,"enemies":"Shell Parasite","floor":18,"turns":5},{"damage":28,"enemies":"Masked Bandits","floor":19,"turns":5},{"damage":2,"enemies":"Spheric Guardian","floor":20,"turns":4},{"damage":20,"enemies":"Centurion and Healer","floor":22,"turns":11},{"damage":26,"enemies":"Gremlin Leader","floor":24,"turns":6}],"seed_played":"-7327378583473192876","potions_obtained":[{"floor":0.0,"key":"BlessingOfTheForge"},{"floor":5.0,"key":"Energy Potion"},{"floor":7.0,"key":"AttackPotion"},{"floor":14.0,"key":"LiquidBronze"},{"floor":16.0,"key":"ColorlessPotion"},{"floor":18,"key":"DistilledChaos"},{"floor":20,"key":"Poison Potion"}],"is_trial":false,"path_per_floor":["M","M","?","$","M","E","M","R","T","E","R","M","R","?","R","B",null,"M","?","M","$","M","R","E"],"character_chosen":"THE_SILENT","items_purchased":["Malaise","Footwork","Meat on the Bone"],"campfire_rested":1,"item_purchase_floors":[4,21,21],"current_hp_per_floor":[67,67,67,67,61,41,37,59,59,52,52,52,52,52,52,24,62,49,21,19,19,26,26,0,0],"gold":40,"neow_bonus":"BOSS_RELIC","is_daily":false,"chose_seed":false,"campfire_upgraded":4,"win_rate":0.0,"timestamp":1607661912,"path_taken":["M","M","?","$","M","E","M","R","T","E","R","M","R","?","R","BOSS","M","?","M","$","M","R","E"],"items_purchased_type":["Card","Card","Relic"],"build_version":"2020-11-30","purchased_purges":1,"victory":false,"max_hp_per_floor":[75,75,75,75,75,75,75,75,75,75,75,75,75,75,75,75,75,75,75,75,75,75,75,75,75],"card_choices":[{"not_picked":["Slice","Acrobatics"],"picked":"Poisoned Stab","floor":0.0},{"not_picked":["Concentrate","Calculated Gamble"],"picked":"Dagger Spray","floor":1.0},{"not_picked":["Bane","Cloak And Dagger"],"picked":"Dagger Throw","floor":2.0},{"not_picked":["Blade Dance","All Out Attack"],"picked":"Eviscerate","floor":5.0},{"not_picked":["Doppelganger","Blur"],"picked":"PiercingWail","floor":6.0},{"not_picked":["Deflect","Prepared"],"picked":"PiercingWail","floor":7.0},{"not_picked":["Underhanded Strike","Prepared","Acrobatics"],"picked":"SKIP","floor":10.0},{"not_picked":["Sucker Punch","Quick Slash","Blade Dance"],"picked":"SKIP","floor":12.0},{"not_picked":["A Thousand Cuts","Phantasmal Killer"],"picked":"Venomology","floor":16.0},{"not_picked":["Choke","Distraction+1"],"picked":"PiercingWail+1","floor":18},{"not_picked":["Outmaneuver+1","Sucker Punch+1"],"picked":"Footwork+1","floor":20},{"not_picked":["Prepared","Cloak And Dagger","Dagger Throw"],"picked":"SKIP","floor":22}],"player_experience":276359,"relics_obtained":[{"floor":6.0,"key":"Juzu Bracelet"},{"floor":10.0,"key":"Bag of Marbles"},{"floor":14.0,"key":"Odd Mushroom"},{"floor":19,"key":"Red Mask"}],"event_choices":[{"cards_removed":["Defend_G"],"damage_healed":0.0,"max_hp_gain":0.0,"max_hp_loss":0.0,"gold_gain":0.0,"event_name":"Living Wall","player_choice":"Forget","floor":3.0,"gold_loss":0.0,"damage_taken":0.0},{"damage_healed":0.0,"max_hp_gain":0.0,"max_hp_loss":0.0,"gold_gain":0.0,"event_name":"Mushrooms","player_choice":"Fought Mushrooms","floor":14.0,"gold_loss":0.0,"damage_taken":0.0},{"damage_healed":0,"gold_gain":0,"player_choice":"Fought Bandits","damage_taken":0,"max_hp_gain":0,"max_hp_loss":0,"event_name":"Masked Bandits","floor":19,"gold_loss":0}],"is_beta":false,"boss_relics":[{"not_picked":["HoveringKite","Busted Crown"],"picked":"Snecko Eye"}],"items_purged_floors":[4],"is_endless":false,"potions_floor_spawned":[5,7,14,16,18,20],"killed_by":"Gremlin Leader","ascension_level":11}}