{"host":"euxu1mievofb6v1l","time":1607692961,"event":{"mods":["AchievementEnabler","BaseMod","DeckTracker","KOR Keyword Fix","Minty Spire (QoL Compilation)","Permanent Neow","Quick Restart","StSLib","everything is the same but u backflip on backflip"],"gold_per_floor":[114,3,3,3,22,50,65,79,159,170,203,223,235,235,235,363,363,387,410,85,109,109,109],"floor_reached":22,"playtime":1581,"items_purged":["Injury"],"score":200,"play_id":"6705b3ed-2f0e-4cae-ac04-72cb580ee3c2","local_time":"20201211222241","is_ascension_mode":false,"campfire_choices":[{"floor":15,"key":"REST"}],"circlet_count":0,"master_deck":["Strike_B","Strike_B","Strike_B","Strike_B","Defend_B","Defend_B","Defend_B","Defend_B","Zap","Dualcast","Mind Blast","Cold Snap","Melter","Capacitor","Loop","Streamline","Go for the Eyes","Chaos","Double Energy","Hello World","Redo","Doom and Gloom","Amplify","Loop","Rebound","Blizzard","Coolheaded","Hello World+1","Loop","Creative AI","Redo","Barrage+1","Echo Form"],"relics":["Cracked Core","Gambling Chip","Bag of Marbles","Pantograph","InkBottle","Golden Idol","Nuclear Battery","Orrery"],"acts_visited":["Exordium","TheCity"],"potions_floor_usage":[11,13,22,22,22],"damage_taken":[{"damage":0,"enemies":"Cultist","floor":1,"turns":4},{"damage":4,"enemies":"Jaw Worm","floor":5,"turns":3},{"damage":28,"enemies":"Lagavulin","floor":6,"turns":6},{"damage":3,"enemies":"2 Louse","floor":7,"turns":2},{"damage":16,"enemies":"Large Slime","floor":8,"turns":4},{"damage":0,"enemies":"3 Louse","floor":10,"turns":2},{"damage":12,"enemies":"Gremlin Nob","floor":11,"turns":4},{"damage":6,"enemies":"Lots of Slimes","floor":12,"turns":2},{"damage":5,"enemies":"Looter","floor":13,"turns":4},{"damage":58,"enemies":"Hexaghost","floor":16,"turns":11},{"damage":10,"enemies":"3 Byrds","floor":18,"turns":4},{"damage":36,"enemies":"2 Thieves","floor":19,"turns":4},{"damage":27,"enemies":"Centurion and Healer","floor":21,"turns":4},{"damage":3,"enemies":"Snake Plant","floor":22,"turns":1}],"seed_played":"188199584775826713","potions_obtained":[{"floor":1,"key":"PowerPotion"},{"floor":7,"key":"Swift Potion"},{"floor":12,"key":"Regen Potion"},{"floor":16,"key":"AttackPotion"},{"floor":19,"key":"Swift Potion"},{"floor":21,"key":"Weak Potion"}],"is_trial":false,"path_per_floor":["M","$","$","?","M","E","M","M","T","M","E","M","M","?","R","B",null,"M","M","$","M","M"],"character_chosen":"DEFECT","items_purchased":["Melter","Capacitor","Blizzard","Coolheaded","Orrery"],"campfire_rested":1,"item_purchase_floors":[2,2,20,20,20],"current_hp_per_floor":[75,75,75,75,71,43,40,24,24,24,12,6,13,13,35,2,75,65,29,29,2,0,0],"gold":109,"neow_bonus":"RANDOM_COLORLESS","is_daily":false,"chose_seed":false,"campfire_upgraded":0,"win_rate":0.0,"timestamp":1607692961,"path_taken":["M","?","$","?","M","E","M","M","T","M","E","?","M","?","R","BOSS","M","M","$","M","M"],"items_purchased_type":["Card","Card","Card","Card","Relic"],"build_version":"2020-11-30","purchased_purges":1,"victory":false,"max_hp_per_floor":[75,75,75,75,75,75,75,75,75,75,75,75,75,75,75,75,75,75,75,75,75,75,75],"card_choices":[{"not_picked":["Trip","Good Instincts"],"picked":"Mind Blast","floor":0},{"not_picked":["Beam Cell","Turbo"],"picked":"Cold Snap","floor":1},{"not_picked":["Stack","Darkness"],"picked":"Loop","floor":5},{"not_picked":["Machine Learning","Stack"],"picked":"Streamline","floor":6},{"not_picked":["Sweeping Beam","Lockon"],"picked":"Go for the Eyes","floor":7},{"not_picked":["Redo","Go for the Eyes"],"picked":"Chaos","floor":8},{"not_picked":["Skim","Hologram"],"picked":"Double Energy","floor":10},{"not_picked":["Rebound","Conserve Battery"],"picked":"Hello World","floor":11},{"not_picked":["Doom and Gloom","Reprogram"],"picked":"Redo","floor":12},{"not_picked":["Sweeping Beam","Auto Shields"],"picked":"Doom and Gloom","floor":13},{"not_picked":["Reboot","Meteor Strike"],"picked":"Amplify","floor":16},{"not_picked":["Reprogram","Hologram+1"],"picked":"Loop","floor":18},{"not_picked":["Sweeping Beam","Conserve Battery"],"picked":"Rebound","floor":19},{"not_picked":["Redo","Beam Cell"],"picked":"Hello World+1","floor":20},{"not_picked":["Rebound","Stack"],"picked":"Loop","floor":20},{"not_picked":["Recycle+1","Blizzard"],"picked":"Creative AI","floor":20},{"not_picked":["Ball Lightning","Gash"],"picked":"Redo","floor":20},{"not_picked":["Coolheaded","Ball Lightning"],"picked":"Barrage+1","floor":20},{"not_picked":["Sweeping Beam+1","Hologram"],"picked":"Echo Form","floor":21}],"player_experience":100130,"relics_obtained":[{"floor":6,"key":"Bag of Marbles"},{"floor":9,"key":"Pantograph"},{"floor":11,"key":"InkBottle"}],"event_choices":[{"damage_healed":0,"gold_gain":0,"player_choice":"Gave Potion","damage_taken":0,"relics_obtained":["Gambling Chip"],"max_hp_gain":0,"max_hp_loss":0,"event_name":"WeMeetAgain","floor":4,"gold_loss":0},{"damage_healed":0,"gold_gain":0,"player_choice":"Take Wound","damage_taken":0,"relics_obtained":["Golden Idol"],"max_hp_gain":0,"max_hp_loss":0,"event_name":"Golden Idol","floor":14,"gold_loss":0,"cards_obtained":["Injury"]}],"is_beta":false,"boss_relics":[{"not_picked":["Tiny House","FrozenCore"],"picked":"Nuclear Battery"}],"items_purged_floors":[20],"is_endless":false,"potions_floor_spawned":[1,7,12,16,19,21],"killed_by":"Snake Plant","ascension_level":0}}