{"host":"uzcks4yhskks9i02","time":1607702457,"event":{"mods":["BaseMod","Minty Spire (QoL Compilation)","Quick Restart"],"gold_per_floor":[111,125,141,216,233,264,264,36,85,123,123,151,173,196,196,301,328,355,379,379,379],"floor_reached":20,"playtime":1033,"items_purged":[],"score":291,"play_id":"94bbd87c-054f-4d9f-938c-e5b736bd07e8","local_time":"20201211090057","is_ascension_mode":true,"campfire_choices":[{"floor":7.0,"key":"REST"},{"floor":11.0,"key":"REST"},{"floor":15.0,"key":"REST"}],"circlet_count":0,"master_deck":["AscendersBane","Strike_P","Strike_P","Defend_P","Defend_P","Defend_P","Eruption","Vigilance","Brilliance","FearNoEvil","Worship","BowlingBash","Collect","EmptyFist","Ragnarok","Adaptation","Consecrate","Swivel","Scrawl","LikeWater+1","Swivel+1","Consecrate+1","Worship","BowlingBash+1"],"relics":["PureWater","Bottled Flame","Membership Card","CeramicFish","Tiny Chest","Nunchaku","Astrolabe"],"acts_visited":["Exordium","TheCity"],"potions_floor_usage":[20],"damage_taken":[{"damage":0.0,"enemies":"2 Louse","floor":1.0,"turns":2.0},{"damage":4.0,"enemies":"Small Slimes","floor":2.0,"turns":3.0},{"damage":0.0,"enemies":"Jaw Worm","floor":3.0,"turns":2.0},{"damage":9.0,"enemies":"Blue Slaver","floor":5.0,"turns":5.0},{"damage":23.0,"enemies":"Gremlin Nob","floor":6.0,"turns":4.0},{"damage":29.0,"enemies":"Lagavulin","floor":10.0,"turns":6.0},{"damage":0.0,"enemies":"Large Slime","floor":12.0,"turns":4.0},{"damage":15.0,"enemies":"Lots of Slimes","floor":13.0,"turns":4.0},{"damage":11.0,"enemies":"Blue Slaver","floor":14.0,"turns":3.0},{"damage":10.0,"enemies":"Slime Boss","floor":16.0,"turns":8.0},{"damage":22.0,"enemies":"2 Thieves","floor":18.0,"turns":3.0},{"damage":3.0,"enemies":"Shell Parasite","floor":19.0,"turns":5.0},{"damage":27,"enemies":"Centurion and Healer","floor":20,"turns":3}],"seed_played":"-4120439976416190788","potions_obtained":[{"floor":1.0,"key":"BlessingOfTheForge"},{"floor":2.0,"key":"BlessingOfTheForge"},{"floor":5.0,"key":"Block Potion"},{"floor":16.0,"key":"BlessingOfTheForge"},{"floor":19.0,"key":"SkillPotion"}],"is_trial":false,"path_per_floor":["M","M","M","?","M","E","R","$","T","E","R","M","M","M","R","B",null,"M","M","M"],"character_chosen":"WATCHER","items_purchased":["Membership Card","CeramicFish"],"campfire_rested":3,"item_purchase_floors":[8,8],"current_hp_per_floor":[65,61,61,50,41,18,37,37,37,8,27,27,12,1,20,10,51,29,26,0,0],"gold":379,"neow_bonus":"THREE_RARE_CARDS","is_daily":false,"chose_seed":false,"campfire_upgraded":0,"win_rate":0.0,"timestamp":1607702457,"path_taken":["M","M","M","?","M","E","R","$","T","E","R","M","M","M","R","BOSS","M","M","M"],"items_purchased_type":["Relic","Relic"],"build_version":"2020-11-30","purchased_purges":0,"victory":false,"max_hp_per_floor":[65,65,65,65,65,65,65,65,65,65,65,65,65,65,65,65,65,65,65,65,65],"card_choices":[{"not_picked":["SpiritShield","Scrawl"],"picked":"Brilliance","floor":0.0},{"not_picked":["Weave","SashWhip"],"picked":"FearNoEvil","floor":1.0},{"not_picked":["Fasting2","FlurryOfBlows"],"picked":"Worship","floor":2.0},{"not_picked":["Crescendo","FlyingSleeves"],"picked":"BowlingBash","floor":3.0},{"not_picked":["FollowUp","PathToVictory"],"picked":"Collect","floor":5.0},{"not_picked":["BowlingBash","PathToVictory"],"picked":"EmptyFist","floor":6.0},{"not_picked":["ClearTheMind","Protect"],"picked":"Ragnarok","floor":10.0},{"not_picked":["Indignation","Consecrate"],"picked":"Adaptation","floor":12.0},{"not_picked":["Evaluate","Vengeance"],"picked":"Consecrate","floor":13.0},{"not_picked":["Evaluate","Weave"],"picked":"Swivel","floor":14.0},{"not_picked":["DeusExMachina","MasterReality"],"picked":"Scrawl","floor":16.0},{"not_picked":["EmptyBody","Protect"],"picked":"Worship","floor":18.0},{"not_picked":["WindmillStrike","Halt"],"picked":"BowlingBash+1","floor":19.0}],"player_experience":429571,"relics_obtained":[{"floor":6.0,"key":"Bottled Flame"},{"floor":9.0,"key":"Tiny Chest"},{"floor":10.0,"key":"Nunchaku"}],"event_choices":[{"damage_healed":0.0,"max_hp_gain":0.0,"max_hp_loss":0.0,"gold_gain":75.0,"event_name":"World of Goop","player_choice":"Gather Gold","floor":4.0,"gold_loss":0.0,"damage_taken":11.0}],"is_beta":false,"boss_relics":[{"not_picked":["Fusion Hammer","Runic Dome"],"picked":"Astrolabe"}],"items_purged_floors":[],"is_endless":false,"potions_floor_spawned":[1,2,5,16,19],"killed_by":"Centurion and Healer","ascension_level":11}}