{"host":"aav8addp4mncoxty","time":1607691578,"event":{"mods":["Act Like it!","BaseMod","Hallownest","Hermit","Minty Spire (QoL Compilation)","Replay The Spire","StSLib","The Bug Knight"],"gold_per_floor":[112,112,112,112,127,127,161,161,184,102,102,118,152,168,168,267,267,278,294,294,0,15,15,0,0,0,0,0],"floor_reached":27,"playtime":1542,"items_purged":[],"score":293,"play_id":"b2ffba97-6652-44c0-87f9-8e3255290ef0","local_time":"20201211215938","is_ascension_mode":true,"campfire_choices":[{"data":"Double Energy","floor":6,"key":"SMITH"},{"data":"Dualcast","floor":11,"key":"SMITH"},{"floor":15,"key":"REST"},{"floor":23,"key":"REST"},{"floor":25,"key":"REST"}],"circlet_count":0,"master_deck":["Defend_B","Defend_B","Zap","Dualcast+1","Double Energy+1","Creative AI+1","FTL","Stack","Sweeping Beam","Replay:Sssssssssshield","Barrage","Genetic Algorithm","Self Repair","Reboot","Beam Cell","Force Field","Bite","Bite","Bite","Bite","Bite","Beam Cell","Go for the Eyes"],"relics":["Cracked Core","NeowsBlessing","Du-Vu Doll","Ancient Tea Set","MealTicket","Inserter","ReplayTheSpireMod:Lightbulb"],"acts_visited":["Exordium","TheCity"],"potions_floor_usage":[16,16,16,22,22,27],"damage_taken":[{"damage":0,"enemies":"2 Louse","floor":1,"turns":1},{"damage":0,"enemies":"Small Slimes","floor":5,"turns":1},{"damage":0,"enemies":"Gremlin Nob","floor":7,"turns":1},{"damage":0,"enemies":"Cultist","floor":12,"turns":3},{"damage":33,"enemies":"Lagavulin","floor":13,"turns":6},{"damage":11,"enemies":"Blue Slaver","floor":14,"turns":3},{"damage":41,"enemies":"Hexaghost","floor":16,"turns":8},{"damage":53,"enemies":"3 Byrds","floor":18,"turns":6},{"damage":12,"enemies":"Chosen","floor":19,"turns":4},{"damage":47,"enemies":"Snake Plant","floor":22,"turns":6},{"damage":49,"enemies":"Slavers","floor":27,"turns":3}],"seed_played":"-8835461514092547214","potions_obtained":[{"floor":1,"key":"Fire Potion"},{"floor":5,"key":"Elixir"},{"floor":14,"key":"ColorlessPotion"},{"floor":19,"key":"FocusPotion"},{"floor":22,"key":"AttackPotion"}],"is_trial":false,"path_per_floor":["M","?","?","?","M","R","E","?","T","$","R","M","E","M","R","B",null,"M","M","?","$","M","R","?","R","T","E"],"character_chosen":"DEFECT","items_purchased":["Replay:Sssssssssshield","ReplayTheSpireMod:Lightbulb","Energy Potion","Beam Cell"],"campfire_rested":3,"item_purchase_floors":[10,21,21,21],"current_hp_per_floor":[75,75,68,68,68,68,68,68,68,68,68,68,35,24,46,12,75,29,24,24,39,11,26,26,41,41,0,0],"gold":0,"neow_bonus":"THREE_ENEMY_KILL","is_daily":false,"chose_seed":false,"campfire_upgraded":2,"win_rate":0.0,"timestamp":1607691578,"path_taken":["M","?","?","?","?","R","E","?","T","$","R","M","E","M","R","BOSS","M","?","?","$","M","R","?","R","T","E"],"items_purchased_type":["Card","Relic","Potion","Card"],"build_version":"2020-11-30","purchased_purges":0,"victory":false,"max_hp_per_floor":[75,75,75,75,75,75,75,75,75,75,75,75,75,75,75,75,75,75,75,52,52,52,52,52,52,52,52,52],"card_choices":[{"not_picked":["Sweeping Beam","Panic Button"],"picked":"Double Energy","floor":1},{"not_picked":["Gash","Recycle"],"picked":"Stack","floor":5},{"not_picked":["Streamline","Doom and Gloom"],"picked":"Sweeping Beam","floor":7},{"not_picked":["Rip and Tear","Darkness"],"picked":"Barrage","floor":12},{"not_picked":["Go for the Eyes","Auto Shields"],"picked":"Genetic Algorithm","floor":13},{"not_picked":["Recycle","Barrage"],"picked":"Self Repair","floor":14},{"not_picked":["Hyperbeam","Mirror Shield"],"picked":"Reboot","floor":16},{"not_picked":["Barrage","Stack"],"picked":"Beam Cell","floor":18},{"not_picked":["Streamline","Go for the Eyes"],"picked":"Force Field","floor":19},{"not_picked":["Recycle","Rip and Tear"],"picked":"Go for the Eyes","floor":22}],"player_experience":178441,"relics_obtained":[{"floor":7,"key":"Du-Vu Doll"},{"floor":9,"key":"Ancient Tea Set"},{"floor":13,"key":"MealTicket"}],"event_choices":[{"cards_removed":["Defend_B"],"damage_healed":0,"gold_gain":0,"player_choice":"Card Removal","damage_taken":7,"max_hp_gain":0,"max_hp_loss":0,"event_name":"Golden Wing","floor":3,"gold_loss":0},{"damage_healed":0,"gold_gain":0,"cards_transformed":["Strike_B"],"player_choice":"Transformed","damage_taken":0,"max_hp_gain":0,"max_hp_loss":0,"event_name":"Transmorgrifier","floor":4,"gold_loss":0,"cards_obtained":["FTL"]},{"cards_removed":["Defend_B"],"damage_healed":0,"gold_gain":0,"player_choice":"Offered Basic","damage_taken":0,"max_hp_gain":0,"max_hp_loss":0,"event_name":"Bonfire Elementals","floor":8,"gold_loss":0},{"damage_healed":0,"gold_gain":0,"player_choice":"Became a vampire","damage_taken":0,"max_hp_gain":0,"max_hp_loss":23,"event_name":"Vampires","floor":20,"gold_loss":0,"cards_obtained":["Bite","Bite","Bite","Bite","Bite"]},{"damage_healed":0,"gold_gain":0,"player_choice":"Paid Fearfully","damage_taken":0,"max_hp_gain":0,"max_hp_loss":0,"event_name":"Masked Bandits","floor":24,"gold_loss":15}],"is_beta":false,"boss_relics":[{"not_picked":["Snecko Eye","Nuclear Battery"],"picked":"Inserter"}],"items_purged_floors":[],"is_endless":false,"potions_floor_spawned":[1,5,14,19,22],"killed_by":"Slavers","ascension_level":2}}