{"host":"3j0elxvif8lv06uq","time":1607730147,"event":{"mods":["AchievementEnabler","BaseMod","Colored Map","Colored Powertips","Duelist Mod","GifTheSpireLib","Highlight Path","Jorbs\u0027s Wanderer Trilogy","Minty Spire (QoL Compilation)","Quick Restart","Random Character Button","Relic Sorter","StSLib","The Animator","The Cursed","The Disciple","The Hayseed","The Jungle","The Mystic","The Poker Player","The Servant 0.9.4"],"gold_per_floor":[116,116,44,60,73,73,401,401,401,435,453,465,477,488,488,589,589,605,605,520,30,44,44,5,16,16,16,16,16,16],"floor_reached":29,"playtime":1198,"items_purged":["Strike_B"],"score":247,"play_id":"5ae94a2d-d73c-425a-be8d-2b9cfed74b86","local_time":"20201211184227","is_ascension_mode":true,"campfire_choices":[{"data":"Zap","floor":6.0,"key":"SMITH"},{"data":"Dualcast","floor":8.0,"key":"SMITH"},{"floor":15.0,"key":"REST"},{"floor":23,"key":"REST"},{"floor":27,"key":"REST"}],"circlet_count":0,"master_deck":["Strike_B","Strike_B","Strike_B","Defend_B","Defend_B","Defend_B","Defend_B","Zap+1","Dualcast+1","Turbo","Defragment","Lockon","Ball Lightning","All For One","Echo Form","White Noise","Sunder","Steam","Leap","Amplify","Ball Lightning","Mayhem","Bandage Up","Force Field","Defragment","Rebound","Stack"],"relics":["Cracked Core","CultistMask","Old Coin","Gambling Chip","Blood Vial","SlaversCollar","Nilry\u0027s Codex","Nunchaku","Potion Belt","Gremlin Horn"],"acts_visited":["TheCity"],"potions_floor_usage":[22,22],"damage_taken":[{"damage":6.0,"enemies":"Jaw Worm","floor":1.0,"turns":3.0},{"damage":1.0,"enemies":"Cultist","floor":4.0,"turns":3.0},{"damage":0.0,"enemies":"2 Louse","floor":5.0,"turns":2.0},{"damage":23.0,"enemies":"Gremlin Nob","floor":7.0,"turns":4.0},{"damage":18.0,"enemies":"Lagavulin","floor":10.0,"turns":3.0},{"damage":12.0,"enemies":"2 Fungi Beasts","floor":11.0,"turns":3.0},{"damage":6.0,"enemies":"Exordium Wildlife","floor":12.0,"turns":2.0},{"damage":0.0,"enemies":"Large Slime","floor":13.0,"turns":2.0},{"damage":6.0,"enemies":"Gremlin Gang","floor":14.0,"turns":3.0},{"damage":34.0,"enemies":"Hexaghost","floor":16.0,"turns":6.0},{"damage":20,"enemies":"Shell Parasite","floor":18,"turns":5},{"damage":14,"enemies":"3 Byrds","floor":22,"turns":4},{"damage":59,"enemies":"Sentry and Sphere","floor":25,"turns":8},{"damage":37,"enemies":"Centurion and Healer","floor":29,"turns":7}],"seed_played":"4949355581623175430","potions_obtained":[{"floor":0.0,"key":"PowerPotion"},{"floor":0.0,"key":"Dexterity Potion"},{"floor":0.0,"key":"FearPotion"},{"floor":4.0,"key":"Regen Potion"},{"floor":14.0,"key":"CultistPotion"},{"floor":16.0,"key":"LiquidMemories"},{"floor":18,"key":"SpeedPotion"},{"floor":22,"key":"Fruit Juice"}],"is_trial":false,"path_per_floor":["M","?","$","M","M","R","E","R","T","E","M","M","M","M","R","B",null,"M","?","?","$","M","R","$","M","T","R","?","M"],"character_chosen":"DEFECT","items_purchased":["Defragment","Mayhem","Potion Belt","Bandage Up","Defragment"],"campfire_rested":3,"item_purchase_floors":[3,21,21,21,24],"current_hp_per_floor":[69,69,69,68,68,68,45,45,45,27,17,13,15,16,38,6,75,55,39,39,39,36,60,60,7,7,31,31,0,0],"gold":16,"neow_bonus":"THREE_SMALL_POTIONS","is_daily":false,"chose_seed":false,"campfire_upgraded":2,"win_rate":0.0,"timestamp":1607730147,"path_taken":["M","?","$","M","M","R","E","R","T","E","?","M","M","M","R","BOSS","M","?","?","$","M","R","?","M","T","R","?","?"],"items_purchased_type":["Card","Card","Relic","Card","Card"],"build_version":"2020-11-30","purchased_purges":1,"victory":false,"max_hp_per_floor":[75,75,75,75,75,75,75,75,75,75,75,75,75,75,75,75,75,75,75,75,75,80,80,80,80,80,80,80,80,80],"card_choices":[{"not_picked":["BootSequence","Aggregate"],"picked":"Turbo","floor":1.0},{"not_picked":["Turbo","Cold Snap"],"picked":"Lockon","floor":4.0},{"not_picked":["Steam","Go for the Eyes"],"picked":"Ball Lightning","floor":5.0},{"not_picked":["Double Energy","Sunder"],"picked":"All For One","floor":7.0},{"not_picked":["Beam Cell","Go for the Eyes"],"picked":"Echo Form","floor":10.0},{"not_picked":["Rebound","Beam Cell"],"picked":"White Noise","floor":11.0},{"not_picked":["Gash","Compile Driver"],"picked":"Sunder","floor":12.0},{"not_picked":["Compile Driver","Thunder Strike"],"picked":"Steam","floor":13.0},{"not_picked":["Go for the Eyes","Compile Driver"],"picked":"Leap","floor":14.0},{"not_picked":["All For One","Hyperbeam"],"picked":"Amplify","floor":16.0},{"not_picked":["Redo","Genetic Algorithm"],"picked":"Ball Lightning","floor":18},{"not_picked":["Coolheaded","Consume"],"picked":"Force Field","floor":22},{"not_picked":["Darkness","Sweeping Beam+1"],"picked":"Rebound","floor":25}],"player_experience":236206,"relics_obtained":[{"floor":7.0,"key":"Old Coin"},{"floor":9.0,"key":"Gambling Chip"},{"floor":10.0,"key":"Blood Vial"},{"floor":19,"key":"Nilry\u0027s Codex"},{"floor":26,"key":"Gremlin Horn"}],"event_choices":[{"damage_healed":0.0,"max_hp_gain":0.0,"max_hp_loss":0.0,"gold_gain":0.0,"event_name":"FaceTrader","player_choice":"Trade","floor":2.0,"gold_loss":0.0,"damage_taken":0.0,"relics_obtained":["CultistMask"]},{"damage_healed":0,"gold_gain":0,"player_choice":"Obtained Book","damage_taken":16,"max_hp_gain":0,"max_hp_loss":0,"event_name":"Cursed Tome","floor":19,"gold_loss":0},{"damage_healed":0,"gold_gain":0,"player_choice":"Obtained Relic","damage_taken":0,"relics_obtained":["Nunchaku"],"max_hp_gain":0,"max_hp_loss":0,"event_name":"Addict","floor":20,"gold_loss":85},{"damage_healed":0,"gold_gain":0,"player_choice":"1 cards matched","damage_taken":0,"max_hp_gain":0,"max_hp_loss":0,"event_name":"Match and Keep!","floor":28,"gold_loss":0,"cards_obtained":["Stack"]}],"is_beta":false,"boss_relics":[{"not_picked":["Velvet Choker","Ectoplasm"],"picked":"SlaversCollar"}],"items_purged_floors":[21],"is_endless":false,"potions_floor_spawned":[4,5,14,16,18,22],"killed_by":"Centurion and Healer","ascension_level":1}}