{"host":"kos1s9q8ffr8fqos","time":1607657580,"event":{"mods":["2.2 Compatiblity","AchievementEnabler","AlwaysNeverKeys","Astrologer","BaseMod","Bestiary","Better Altar","Better Match","Better Note","Better Sensory Stone","Better Skull","Better Third Choice","Better Vampires","Colored Map","Colored Powertips","Curses Come First","Hermit","Infinite Spire","Jorbs\u0027s Wanderer Trilogy","Minty Spire (QoL Compilation)","Quick Restart","Random Character Button","Relic Stats","Shop Mod","StSLib","The Blue Laboratory","The Construct","The Disciple","The Hierophant"],"gold_per_floor":[14,25,25,22,22,28,251,251,297,297,292,283,57,108,108,28,28],"floor_reached":16,"playtime":794,"items_purged":[],"score":107,"play_id":"ff68c750-6de9-40c1-a82c-426a3d3d3c53","local_time":"20201210213300","is_ascension_mode":true,"campfire_choices":[{"data":"hierophant:HammerAndAnvil","floor":8.0,"key":"SMITH"},{"floor":10.0,"key":"REST"},{"data":"hierophant:PristineSoul","floor":15,"key":"SMITH"}],"circlet_count":0,"master_deck":["hierophant:Strike_Hierophant","hierophant:Strike_Hierophant","hierophant:Punish","hierophant:Defend_Hierophant+1","hierophant:Defend_Hierophant","hierophant:Defend_Hierophant+1","hierophant:ChurchCoffers","hierophant:HammerAndAnvil+1","hierophant:Community","hierophant:Sermon+1","hierophant:Repentance","hierophant:Chorus","hierophant:BulkyChest","hierophant:PristineSoul+1","hierophant:HammerAndAnvil+1"],"relics":["hierophant:PropheticMaskRelic","War Paint","Toy Ornithopter","DollysMirror"],"acts_visited":["Exordium"],"potions_floor_usage":[],"damage_taken":[{"damage":0.0,"enemies":"2 Louse","floor":1.0,"turns":2.0},{"damage":6.0,"enemies":"Cultist","floor":2.0,"turns":3.0},{"damage":0.0,"enemies":"Small Slimes","floor":4.0,"turns":4.0},{"damage":8.0,"enemies":"3 Sentries","floor":6.0,"turns":7.0},{"damage":6.0,"enemies":"Exordium Thugs","floor":11.0,"turns":4.0},{"damage":8.0,"enemies":"Red Slaver","floor":12.0,"turns":2.0},{"damage":13.0,"enemies":"Lots of Slimes","floor":14.0,"turns":3.0},{"damage":45,"enemies":"Slime Boss","floor":16,"turns":12}],"seed_played":"6043520983645878659","potions_obtained":[{"floor":1.0,"key":"Explosive Potion"},{"floor":11.0,"key":"blueLaboratory:FruitPunch"},{"floor":12.0,"key":"blueLaboratory:BubblePotion"},{"floor":14.0,"key":"Strength Potion"}],"is_trial":false,"path_per_floor":["M","M","?","M","$","E","?","R","T","R","M","M","$","M","R","B"],"character_chosen":"HIEROPHANT","items_purchased":["hierophant:PristineSoul","DollysMirror"],"campfire_rested":1,"item_purchase_floors":[13,13],"current_hp_per_floor":[75,69,69,69,69,61,34,34,34,56,50,49,49,36,36,0,0],"gold":28,"neow_bonus":"REMOVE_TWO","is_daily":false,"chose_seed":false,"campfire_upgraded":2,"win_rate":0.0,"timestamp":1607657580,"path_taken":["M","M","?","?","?","E","?","R","T","R","?","M","?","?","R","BOSS"],"items_purchased_type":["Card","Relic"],"build_version":"2020-11-30","purchased_purges":0,"victory":false,"max_hp_per_floor":[75,75,75,75,75,75,75,75,75,75,75,77,77,77,77,77,77],"relic_stats":{"counters":[8,37],"War Paint":["hierophant:Defend_Hierophant","hierophant:Defend_Hierophant"],"obtain_stats":[{"DollysMirror":13,"hierophant:PropheticMaskRelic":0,"War Paint":6,"Toy Ornithopter":9},{"DollysMirror":6,"hierophant:PropheticMaskRelic":0,"War Paint":4,"Toy Ornithopter":4},{"DollysMirror":22,"hierophant:PropheticMaskRelic":0,"War Paint":16,"Toy Ornithopter":16}],"Toy Ornithopter":5},"card_choices":[{"not_picked":["hierophant:Zeal","hierophant:Encroach"],"picked":"hierophant:HammerAndAnvil","floor":1.0},{"not_picked":["hierophant:HolyVerse","hierophant:PassingBell"],"picked":"hierophant:Community","floor":2.0},{"not_picked":["hierophant:DisplayOfPower","hierophant:RepressedViolence"],"picked":"hierophant:Sermon","floor":4.0},{"not_picked":["hierophant:HolyVerse","hierophant:FaithHealing"],"picked":"hierophant:Repentance","floor":6.0},{"not_picked":["hierophant:Patience","hierophant:Doubloon"],"picked":"hierophant:Chorus","floor":11.0},{"not_picked":["hierophant:Sermon","hierophant:RustyCrate"],"picked":"hierophant:BulkyChest","floor":12.0},{"not_picked":["hierophant:DisplayOfPower","hierophant:Doubloon","hierophant:MirrorShield"],"picked":"SKIP","floor":14.0}],"player_experience":1232987,"relics_obtained":[{"floor":6.0,"key":"War Paint"},{"floor":9.0,"key":"Toy Ornithopter"}],"event_choices":[{"cards_removed":["hierophant:Strike_Hierophant"],"damage_healed":0.0,"max_hp_gain":0.0,"max_hp_loss":0.0,"gold_gain":0.0,"event_name":"Bonfire Elementals","player_choice":"Offered Basic","floor":3.0,"gold_loss":0.0,"damage_taken":0.0},{"damage_healed":0.0,"max_hp_gain":0.0,"max_hp_loss":0.0,"gold_gain":223.0,"event_name":"betterSkull:BetterSkull","player_choice":"GO UP GO ","floor":7.0,"gold_loss":0.0,"damage_taken":31.0,"cards_upgraded":["hierophant:Sermon"],"relics_obtained":[]}],"is_beta":false,"boss_relics":[],"items_purged_floors":[],"is_endless":false,"potions_floor_spawned":[1,11,12,14],"killed_by":"Slime Boss","ascension_level":1}}