{"host":"d7fc5ebihh1asqq3","time":1607660371,"event":{"mods":["BaseMod","Minty Spire (QoL Compilation)","StSLib","The Cursed","The Servant 0.9.4","TheBandit"],"gold_per_floor":[110,110,127,202,213,213,245,260,260,260,290,270,289,300,300,300,300,300],"floor_reached":16,"playtime":1566,"items_purged":[],"score":118,"play_id":"3f1086a6-00fc-4a42-ad53-26ecb1dd394f","local_time":"20201210231931","is_ascension_mode":true,"campfire_choices":[{"data":"wariomod:Goblast","floor":6,"key":"SMITH"},{"data":"wariomod:TempestBlasts","floor":10,"key":"SMITH"},{"floor":15,"key":"REST"}],"circlet_count":0,"master_deck":["wariomod:Strike","wariomod:Strike","wariomod:Strike","wariomod:Defend","wariomod:Defend","wariomod:Defend","wariomod:Step","wariomod:Leap","wariomod:Goblast+1","wariomod:Bomblaster","wariomod:TempestBlasts+1","wariomod:MassiveParty","wariomod:Bombshield","wariomod:HappyHit","wariomod:BodyBlock"],"relics":["wariomod:TheHat","Dream Catcher","Potion Belt","Shuriken"],"acts_visited":["Exordium"],"potions_floor_usage":[13,14,16,16],"damage_taken":[{"damage":0,"enemies":"Small Slimes","floor":1,"turns":3},{"damage":6,"enemies":"Jaw Worm","floor":3,"turns":2},{"damage":3,"enemies":"2 Louse","floor":5,"turns":3},{"damage":19,"enemies":"3 Sentries","floor":7,"turns":6},{"damage":8,"enemies":"Lots of Slimes","floor":8,"turns":2},{"damage":24,"enemies":"Gremlin Nob","floor":11,"turns":4},{"damage":2,"enemies":"Looter","floor":13,"turns":3},{"damage":0,"enemies":"Exordium Thugs","floor":14,"turns":1},{"damage":36,"enemies":"The Guardian","floor":16,"turns":9}],"seed_played":"-6264354353064192361","potions_obtained":[{"floor":7,"key":"Ancient Potion"},{"floor":8,"key":"Swift Potion"},{"floor":11,"key":"Regen Potion"},{"floor":12,"key":"SneckoOil"},{"floor":14,"key":"Explosive Potion"}],"is_trial":false,"path_per_floor":["M","?","M","?","M","R","E","M","T","R","E","?","M","M","R","B"],"character_chosen":"THE_BANDIT","items_purchased":[],"campfire_rested":1,"item_purchase_floors":[],"current_hp_per_floor":[72,77,71,60,57,57,38,30,30,30,6,6,13,13,36,0,0,0],"gold":300,"neow_bonus":"REMOVE_TWO","is_daily":false,"chose_seed":false,"campfire_upgraded":2,"win_rate":0.0,"timestamp":1607660371,"path_taken":["M","?","M","?","M","R","E","M","T","R","E","?","?","M","R","BOSS"],"items_purchased_type":[],"build_version":"2020-11-30","purchased_purges":0,"victory":false,"max_hp_per_floor":[72,77,77,77,77,77,77,77,77,77,77,77,77,77,77,77,77,77],"card_choices":[{"not_picked":["wariomod:DanceDash","wariomod:Smackflip"],"picked":"wariomod:Goblast","floor":1},{"not_picked":["wariomod:AwfulLook","wariomod:Sidestep","wariomod:SimpleShield"],"picked":"SKIP","floor":3},{"not_picked":["wariomod:ChargeForth","wariomod:BlastDash","wariomod:Hopshield"],"picked":"SKIP","floor":5},{"not_picked":["wariomod:Hopshield","wariomod:TrekTime"],"picked":"wariomod:Bomblaster","floor":7},{"not_picked":["wariomod:RacingSpeed","wariomod:ThatsNotAll"],"picked":"wariomod:TempestBlasts","floor":8},{"not_picked":["wariomod:DonateDraw","wariomod:Bomblaster"],"picked":"wariomod:MassiveParty","floor":11},{"not_picked":["wariomod:TheGrandJourney","wariomod:ThatsNotAll"],"picked":"wariomod:Bombshield","floor":13},{"not_picked":["wariomod:Leapslam","wariomod:PayItForwards"],"picked":"wariomod:HappyHit","floor":14},{"not_picked":["wariomod:Leapslam","wariomod:Hopshield"],"picked":"wariomod:BodyBlock","floor":15}],"player_experience":583774,"relics_obtained":[{"floor":7,"key":"Dream Catcher"},{"floor":9,"key":"Potion Belt"},{"floor":11,"key":"Shuriken"}],"event_choices":[{"damage_healed":0,"gold_gain":0,"player_choice":"Donut","damage_taken":0,"max_hp_gain":5,"max_hp_loss":0,"event_name":"Big Fish","floor":2,"gold_loss":0},{"damage_healed":0,"gold_gain":75,"player_choice":"Gather Gold","damage_taken":11,"max_hp_gain":0,"max_hp_loss":0,"event_name":"World of Goop","floor":4,"gold_loss":0},{"damage_healed":0,"gold_gain":0,"player_choice":"Bought 1 Potion","damage_taken":0,"max_hp_gain":0,"max_hp_loss":0,"event_name":"The Woman in Blue","floor":12,"gold_loss":0}],"is_beta":false,"boss_relics":[],"items_purged_floors":[],"is_endless":false,"potions_floor_spawned":[7,8,11,14],"killed_by":"The Guardian","ascension_level":1}}