{"host":"t9ey1ebdrj6sa9fi","time":1607694466,"event":{"mods":["AchievementEnabler","Act Like it!","Aspiration","Astrologer","Bard","BaseMod","Better Altar","Better Match","Better Note","Better Sensory Stone","Better Silent Start","Better Third Choice","Better Vampires","ChefMod","Chen","Colored Map","Colored Powertips","Emptier Cage","Gensokyo","Highlight Path","Hubris","Jedi Mod","Marisa????????","Mimic Mod","Minty Spire (QoL Compilation)","Pale of the Ancients","Permanent Neow","Quick Restart","Random Character Button","Replay The Spire","Reworked Bosses","Shop Mod","Spicy Shops","StSLib","SuperFastMode","The Dragon Tamer","The IronCluck","everything is the same but u backflip on backflip","slay the spire mod where everything is the same but ironclad has a cowboy hat"],"gold_per_floor":[112,171,27,41,61,61,92,111,188,217,244,289,301,324,336,448,460,491,47,47,67,15,44,44,70,143,143,168,178,194,119,119,217,217,235,280,280,280,300,300,331,343,382,394,394,21,21,21,21,21,34,48,48,48,48,48,48,72,72,72,72],"floor_reached":60,"playtime":4990,"items_purged":["Delirium"],"score":1064,"play_id":"61a7510e-0916-4f08-bb47-b6cccb7576c5","local_time":"20201211144746","is_ascension_mode":true,"campfire_choices":[{"data":"OortCloud","floor":6,"key":"SMITH"},{"data":"NonDirectionalLaser","floor":13,"key":"SMITH"},{"floor":15,"key":"REST"},{"data":"1","floor":24,"key":"LIFT"},{"data":"2","floor":27,"key":"LIFT"},{"floor":32,"key":"REST"},{"data":"3","floor":40,"key":"LIFT"},{"data":"MachineGunSpark","floor":45,"key":"SMITH"},{"data":"Blade Dance","floor":47,"key":"SMITH"},{"floor":49,"key":"REST"},{"data":"Dark Shackles","floor":55,"key":"SMITH"},{"data":"Chrysalis","floor":57,"key":"SMITH"}],"circlet_count":0,"master_deck":["Strike_MRS","Strike_MRS","Strike_MRS+1","Strike_MRS","Defend_MRS","Defend_MRS","Defend_MRS+1","Defend_MRS","MasterSpark+1","UpSweep","Decay","MysteriousBeam","NonDirectionalLaser+1","OortCloud+1","DC","OpenUniverse","MagicAbsorber","GravityBeat+1","BlazeAway","MagicAbsorber","CurseOfTheBell","WitchLeyline+1","MilkyWay","GravityBeat","AsteroidBelt","ShootingEcho+1","SprinkleStarSeal","BlazeAway+1","UnstableBomb+1","MachineGunSpark+1","Blade Dance+1","Chrysalis+1","Dark Shackles+1"],"relics":["MiniHakkero","hubris:Backtick","aspiration:DSix","Darkstone Periapt","MagicBroom","Bottled Flame","MawBank","hubris:Zylophone","Calling Bell","Bag of Marbles","hubris:MysteriousPyramids","aspiration:HatOfInfinitePower","SimpleLauncher","Girya","aspiration:Stabinomicon","Gremlin Food","Orichalcum","Incense Burner","Replay:WaspNest","aspiration:SilentSkillbook","CatCart","hubris:Towel","jedi:shrinkray","TungstenRod","hubris:GlazedTorus","Whetstone","Du-Vu Doll","paleoftheancients:Timepiece","paleoftheancients:KeyRelic","Sozu","Bronze Scales","paleoftheancients:SoulOfTheBard","InkBottle","Strawberry"],"acts_visited":["Gensokyo:Gensokyo","TheCity","TheBeyond","paleoftheancients:PaleOfTheAncients"],"potions_floor_usage":[7,23,60,60],"damage_taken":[{"damage":7,"enemies":"Gensokyo:2_Kodama","floor":1,"turns":4},{"damage":2,"enemies":"Gensokyo:3_Fairies","floor":4,"turns":3},{"damage":2,"enemies":"Gensokyo:Python","floor":5,"turns":3},{"damage":1,"enemies":"Gensokyo:Cirno","floor":7,"turns":6},{"damage":8,"enemies":"Gensokyo:Gryphon_and_Rabbit","floor":8,"turns":4},{"damage":8,"enemies":"Gensokyo:Mamizou","floor":10,"turns":6},{"damage":7,"enemies":"Gensokyo:2_Rabbits","floor":11,"turns":3},{"damage":11,"enemies":"Gensokyo:Cirno","floor":12,"turns":7},{"damage":0,"enemies":"Gensokyo:Python_and_Kodama","floor":14,"turns":4},{"damage":14,"enemies":"Gensokyo:Kokoro","floor":16,"turns":11},{"damage":11,"enemies":"3 Byrds","floor":18,"turns":5},{"damage":12,"enemies":"Chosen","floor":21,"turns":3},{"damage":0,"enemies":"Book of Stabbing","floor":23,"turns":1},{"damage":14,"enemies":"Replay:Snechameleon","floor":25,"turns":4},{"damage":0,"enemies":"Gremlin Leader","floor":28,"turns":2},{"damage":0,"enemies":"Snake Plant","floor":29,"turns":1},{"damage":12,"enemies":"Shelled Parasite and Fungi","floor":30,"turns":2},{"damage":12,"enemies":"bossMod:newCollector","floor":33,"turns":6},{"damage":0,"enemies":"3 Darklings","floor":35,"turns":3},{"damage":35,"enemies":"Orin","floor":36,"turns":7},{"damage":3,"enemies":"3 Shapes","floor":39,"turns":3},{"damage":6,"enemies":"Nemesis","floor":41,"turns":3},{"damage":0,"enemies":"Spire Growth","floor":42,"turns":1},{"damage":15,"enemies":"Transient","floor":43,"turns":5},{"damage":0,"enemies":"Transient","floor":44,"turns":5},{"damage":4,"enemies":"bossMod:newAwakened","floor":50,"turns":6},{"damage":9,"enemies":"bossMod:newAwakened","floor":51,"turns":4},{"damage":0,"enemies":"bossMod:newAwakened","floor":52,"turns":2},{"damage":626,"enemies":"bossMod:newAwakened","floor":56,"turns":6},{"damage":202,"enemies":"paleoftheancients:N","floor":60,"turns":6}],"seed_played":"6479651084911765862","potions_obtained":[{"floor":2,"key":"Swift Potion"},{"floor":4,"key":"LiquidMemories"},{"floor":12,"key":"PowerPotion"},{"floor":14,"key":"Explosive Potion"},{"floor":16,"key":"EntropicBrew"},{"floor":18,"key":"DuplicationPotion"},{"floor":25,"key":"Fire Potion"},{"floor":33,"key":"Adrenaline Potion"}],"is_trial":false,"path_per_floor":["M","?","$","M","M","R","E","M","T","E","M","E","R","M","R","B",null,"M","$","?","M","$","E","R","E","T","R","E","M","M","?","R","B",null,"M","?","?","?","M","R","E","M","MIM","M","R","$","R","$","R","B","M","M","?","T","R","M","R","T","?","B"],"character_chosen":"MARISA","items_purchased":["OortCloud","SimpleLauncher","Girya","WitchLeyline+1","GravityBeat","Whetstone","Du-Vu Doll"],"campfire_rested":3,"item_purchase_floors":[3,19,19,19,22,46,46],"current_hp_per_floor":[68,50,50,48,46,46,45,37,37,29,22,11,11,11,33,19,81,70,70,54,42,42,42,42,28,28,28,28,28,16,16,40,28,81,81,46,46,54,51,51,45,45,30,30,30,30,30,30,54,81,77,79,79,79,79,81,81,88,88,0,0],"gold":72,"neow_bonus":"CURSED_BOSS_RELIC","is_daily":false,"chose_seed":false,"campfire_upgraded":6,"win_rate":0.0,"timestamp":1607694466,"path_taken":["M","?","$","?","M","R","E","M","T","E","M","E","R","M","R","BOSS","M","?","?","M","$","E","R","E","T","R","E","M","?","?","R","BOSS","M","?","?","?","M","R","E","M","MIM","M","R","?","R","$","R","BOSS","M","M","?","T","R","M","R","T","?","BOSS"],"items_purchased_type":["Card","Relic","Relic","Undefined","Card","Relic","Relic"],"build_version":"2020-11-30","purchased_purges":1,"victory":false,"max_hp_per_floor":[75,75,75,75,75,75,75,75,75,75,75,75,75,75,75,75,81,81,81,81,81,81,81,81,81,81,81,81,81,81,81,81,81,81,81,81,81,81,81,81,81,81,81,81,81,81,81,81,81,81,81,81,81,81,81,81,81,88,88,88,88],"card_choices":[{"not_picked":["StarBarrage","GalacticHalo"],"picked":"MysteriousBeam","floor":1},{"not_picked":["UnstableBomb","LuminesStrike"],"picked":"NonDirectionalLaser","floor":2},{"not_picked":["AlicesGift","Acceleration"],"picked":"DC","floor":4},{"not_picked":["Orbital","RefractionSpark","OrrerysSun"],"picked":"SKIP","floor":5},{"not_picked":["NonDirectionalLaser","WitchOfGreed"],"picked":"OpenUniverse","floor":7},{"not_picked":["StarBarrage","EnergyFlow"],"picked":"MagicAbsorber","floor":8},{"not_picked":["OneTimeOff","LuminesStrike"],"picked":"GravityBeat","floor":10},{"not_picked":["ChargingUp","GasGiant","MagicChant"],"picked":"SKIP","floor":11},{"not_picked":["DC","NonDirectionalLaser"],"picked":"BlazeAway","floor":12},{"not_picked":["ShootTheMoon","MagicChant"],"picked":"MagicAbsorber","floor":14},{"not_picked":["NonDirectionalLaser+1","DC","PulseMagic"],"picked":"SKIP","floor":18},{"not_picked":["NonDirectionalLaser","DarkSpark+1"],"picked":"MilkyWay","floor":21},{"not_picked":["BigCrunch","MysteriousBeam","WitchOfGreed"],"picked":"SKIP","floor":23},{"not_picked":["SuperPerseids","GasGiant"],"picked":"AsteroidBelt","floor":25},{"not_picked":["DarkSpark","GasGiant","BlazeAway"],"picked":"SKIP","floor":28},{"not_picked":["WitchLeyline","WitchOfGreed"],"picked":"ShootingEcho+1","floor":29},{"not_picked":["SporeBomb","StarlightTyphoon","ShootingEcho"],"picked":"SKIP","floor":30},{"not_picked":["PulseMagic","ReplayTheSpireMod:Exploit Weakness","Dagger Throw"],"picked":"SprinkleStarSeal","floor":35},{"not_picked":["MilkyWay","IllusionStar","SporeBomb+1"],"picked":"BlazeAway+1","floor":39},{"not_picked":["Predator+1","jedi:studyshivs","Sucker Punch+1"],"picked":"UnstableBomb+1","floor":41},{"not_picked":["Flying Knee","SuperPerseids","WitchLeyline+1"],"picked":"MachineGunSpark","floor":42},{"not_picked":["Dagger Throw+1","SatelliteIllusion","ReplayTheSpireMod:The Works"],"picked":"Blade Dance","floor":43},{"not_picked":["6A","EnergyRecoil+1","hubris:TrickCloak","Well Laid Plans+1"],"picked":"SKIP","floor":44},{"not_picked":["ReplayTheSpireMod:Exploit Weakness","jedi:pocketpoison","WitchOfGreed+1","LuminesStrike"],"picked":"SKIP","floor":51},{"not_picked":["GrandCross+1","Acrobatics","Terror","Orbital"],"picked":"SKIP","floor":52},{"not_picked":["jedi:forcepush","ReplayTheSpireMod:Trickstab","Replay:Sssssssssstrike"],"picked":"Chrysalis","floor":53},{"not_picked":["Enlightenment","Replay:Parry","Replay:Sssssssssshield"],"picked":"Dark Shackles","floor":53}],"player_experience":85290,"relics_obtained":[{"floor":2,"key":"Darkstone Periapt"},{"floor":7,"key":"MagicBroom"},{"floor":9,"key":"Bottled Flame"},{"floor":10,"key":"MawBank"},{"floor":12,"key":"hubris:Zylophone"},{"floor":17,"key":"Bag of Marbles"},{"floor":17,"key":"hubris:MysteriousPyramids"},{"floor":17,"key":"aspiration:HatOfInfinitePower"},{"floor":20,"key":"aspiration:Stabinomicon"},{"floor":23,"key":"Gremlin Food"},{"floor":25,"key":"Orichalcum"},{"floor":26,"key":"Incense Burner"},{"floor":28,"key":"Replay:WaspNest"},{"floor":36,"key":"CatCart"},{"floor":41,"key":"jedi:shrinkray"},{"floor":43,"key":"TungstenRod"},{"floor":43,"key":"hubris:GlazedTorus"},{"floor":51,"key":"paleoftheancients:SoulOfTheBard"},{"floor":52,"key":"paleoftheancients:SoulOfTheShapes"},{"floor":54,"key":"InkBottle"},{"floor":58,"key":"Strawberry"}],"event_choices":[{"damage_healed":0,"gold_gain":0,"player_choice":"Obtained Book","damage_taken":16,"max_hp_gain":0,"max_hp_loss":0,"event_name":"Cursed Tome","floor":20,"gold_loss":0},{"damage_healed":0,"gold_gain":0,"player_choice":"2","damage_taken":0,"max_hp_gain":0,"max_hp_loss":0,"event_name":"betterMatch:BetterMatch","floor":31,"gold_loss":0,"cards_obtained":["betterMatch:UncommonCard"]},{"damage_healed":0,"gold_gain":0,"player_choice":"Fight","damage_taken":0,"max_hp_gain":0,"max_hp_loss":0,"event_name":"OrinTheCat","floor":36,"gold_loss":0},{"damage_healed":0,"gold_gain":4,"player_choice":"1","damage_taken":0,"max_hp_gain":0,"max_hp_loss":0,"event_name":"betterStone:BetterStone","floor":53,"gold_loss":0}],"is_beta":false,"boss_relics":[{"not_picked":["BewitchedHakkero","aspiration:RitualDagger"],"picked":"Calling Bell"},{"not_picked":["jedi:battlestandard","aspiration:DefectSkillbook"],"picked":"aspiration:SilentSkillbook"}],"items_purged_floors":[3],"is_endless":false,"potions_floor_spawned":[4,12,14,16,18,25,28,33,41,42,44,56],"killed_by":"paleoftheancients:N","ascension_level":1}}