{"host":"hc8xbdd8p6sd75vx","time":1607714490,"event":{"mods":["AchievementEnabler","AlwaysNeverKeys","BaseMod","Better Altar","Better Match","Better Sensory Stone","Better Skull","Better Third Choice","Colored Map","Hermit","Minty Spire (QoL Compilation)","Quick Restart","Shade Mod","Shop Mod","Spicy Shops","StSLib","The Servant 0.9.4"],"gold_per_floor":[110,125,144,159,159,190,190,365,365,365,365,377,44,60,60,165,165,184,134,66,84,104,134,134,134,134],"floor_reached":25,"playtime":1304,"items_purged":[],"score":245,"play_id":"815cc051-1e3d-432b-91ad-bee8d9dc2f1a","local_time":"20201211112130","is_ascension_mode":true,"campfire_choices":[{"floor":7,"key":"REST"},{"data":"Slice","floor":10,"key":"SMITH"},{"data":"Dagger Spray","floor":15,"key":"SMITH"},{"floor":24,"key":"REST"}],"circlet_count":0,"master_deck":["Strike_G","Strike_G","Strike_G","Strike_G","Strike_G","Defend_G","Defend_G","Defend_G","Defend_G","Defend_G","Survivor","Neutralize","Deadly Poison+1","Flying Knee","Slice+1","Slice","Dagger Spray+1","Slice","Dagger Spray","Envenom","Dash","Blade Dance","Sucker Punch+1"],"relics":["Ring of the Snake","NeowsBlessing","Akabeko","Toy Ornithopter","Kunai","Fusion Hammer","TungstenRod","Molten Egg 2"],"acts_visited":["Exordium","TheCity"],"potions_floor_usage":[16,16,23],"damage_taken":[{"damage":0,"enemies":"Cultist","floor":1,"turns":1},{"damage":0,"enemies":"Small Slimes","floor":2,"turns":1},{"damage":0,"enemies":"2 Louse","floor":3,"turns":1},{"damage":0,"enemies":"2 Fungi Beasts","floor":4,"turns":4},{"damage":30,"enemies":"3 Sentries","floor":6,"turns":11},{"damage":2,"enemies":"Lots of Slimes","floor":12,"turns":4},{"damage":1,"enemies":"Blue Slaver","floor":14,"turns":2},{"damage":5,"enemies":"Slime Boss","floor":16,"turns":8},{"damage":8,"enemies":"Chosen","floor":18,"turns":4},{"damage":13,"enemies":"3 Byrds","floor":21,"turns":4},{"damage":26,"enemies":"Shelled Parasite and Fungi","floor":22,"turns":4},{"damage":41,"enemies":"Gremlin Leader","floor":23,"turns":5},{"damage":43,"enemies":"Slavers","floor":25,"turns":4}],"seed_played":"8669382759608997045","potions_obtained":[{"floor":3,"key":"LiquidBronze"},{"floor":4,"key":"GhostInAJar"},{"floor":12,"key":"PowerPotion"},{"floor":14,"key":"FairyPotion"},{"floor":22,"key":"PowerPotion"}],"is_trial":false,"path_per_floor":["M","M","M","M","?","E","R","?","T","R","?","M","$","M","R","B",null,"M","?","$","M","M","E","R","E"],"character_chosen":"THE_SILENT","items_purchased":["Kunai","Dagger Spray","Slice","TungstenRod"],"campfire_rested":2,"item_purchase_floors":[13,13,13,20],"current_hp_per_floor":[70,70,70,70,70,40,61,61,61,61,61,59,59,58,58,63,70,62,62,62,49,23,10,31,0,0],"gold":134,"neow_bonus":"THREE_ENEMY_KILL","is_daily":false,"chose_seed":false,"campfire_upgraded":2,"win_rate":0.0,"timestamp":1607714490,"path_taken":["M","?","M","M","?","E","R","?","T","R","?","?","$","?","R","BOSS","M","?","$","M","?","E","R","E"],"items_purchased_type":["Relic","Card","Card","Relic"],"build_version":"2020-11-30","purchased_purges":0,"victory":false,"max_hp_per_floor":[70,70,70,70,70,70,70,70,70,70,70,70,70,70,70,70,70,70,70,70,70,70,70,70,70,70],"card_choices":[{"not_picked":["Dagger Throw","Backflip"],"picked":"Deadly Poison","floor":1},{"not_picked":["Eviscerate","Acrobatics","Dodge and Roll"],"picked":"SKIP","floor":2},{"not_picked":["Concentrate","Endless Agony"],"picked":"Flying Knee","floor":3},{"not_picked":["Underhanded Strike","Prepared","Concentrate"],"picked":"SKIP","floor":4},{"not_picked":["Flying Knee","Night Terror"],"picked":"Slice","floor":6},{"not_picked":["Acrobatics","Finisher"],"picked":"Slice","floor":12},{"not_picked":["Flying Knee","Distraction"],"picked":"Dagger Spray","floor":14},{"not_picked":["Glass Knife","Wraith Form v2"],"picked":"Envenom","floor":16},{"not_picked":["Concentrate+1","Reflex"],"picked":"Dash","floor":18},{"not_picked":["Eviscerate","Escape Plan","Underhanded Strike"],"picked":"SKIP","floor":21},{"not_picked":["PiercingWail","Leg Sweep+1"],"picked":"Blade Dance","floor":22},{"not_picked":["Concentrate+1","Dagger Throw+1"],"picked":"Sucker Punch+1","floor":23}],"player_experience":208989,"relics_obtained":[{"floor":6,"key":"Akabeko"},{"floor":9,"key":"Toy Ornithopter"},{"floor":23,"key":"Molten Egg 2"}],"event_choices":[{"damage_healed":0,"gold_gain":0,"player_choice":"Grow","damage_taken":0,"max_hp_gain":0,"max_hp_loss":0,"event_name":"Living Wall","floor":5,"gold_loss":0,"cards_upgraded":["Deadly Poison"]},{"damage_healed":0,"gold_gain":175,"player_choice":"AGREE","damage_taken":190,"max_hp_gain":0,"max_hp_loss":0,"event_name":"betterThird:BetterSerpent","floor":8,"gold_loss":0},{"cards_removed":["Doubt"],"damage_healed":0,"gold_gain":0,"player_choice":"Purged","damage_taken":0,"max_hp_gain":0,"max_hp_loss":0,"event_name":"Purifier","floor":11,"gold_loss":0},{"damage_healed":0,"gold_gain":0,"player_choice":"Bet on Murderer","damage_taken":0,"max_hp_gain":0,"max_hp_loss":0,"event_name":"The Joust","floor":19,"gold_loss":50}],"is_beta":false,"boss_relics":[{"not_picked":["Tiny House","Empty Cage"],"picked":"Fusion Hammer"}],"items_purged_floors":[],"is_endless":false,"potions_floor_spawned":[3,4,12,14,22],"killed_by":"Slavers","ascension_level":2}}