{"host":"cjhtzh7tp54jdfyv","time":1607729503,"event":{"mods":["BaseMod","Minty Spire (QoL Compilation)"],"gold_per_floor":[119,119,34,34,45,76,76,102,127,21,51,66,66,97,97,174,174,185,185,205,205,205,232,17,44,44,73,91,103,103,135,135,210,210,220,110,126,5,20,20,46,62,131,131,131],"floor_reached":44,"playtime":3616,"items_purged":[],"score":1159,"play_id":"a90d8038-c5c7-442b-a510-0f33f7dc93bb","local_time":"20201211183143","is_ascension_mode":true,"campfire_choices":[{"floor":7.0,"key":"REST"},{"floor":13.0,"key":"REST"},{"data":"Meditate","floor":15.0,"key":"SMITH"},{"data":"Omniscience","floor":32,"key":"SMITH"},{"data":"MentalFortress","floor":40,"key":"SMITH"}],"circlet_count":0,"master_deck":["AscendersBane","Strike_P+1","Strike_P+1","Strike_P+1","Defend_P+1","Defend_P+1","Defend_P+1","Defend_P+1","Eruption+1","Vigilance","Vengeance","Wallop","Consecrate","WheelKick","FearNoEvil","Tantrum+1","BowlingBash","WaveOfTheHand","Meditate+1","Omniscience+1","Ghostly","Ghostly","Ghostly","Wallop","FlurryOfBlows","FlurryOfBlows","Conclude+1","InnerPeace","Scrawl","MentalFortress+1","Wallop","Wireheading","Wireheading","CutThroughFate","Parasite"],"relics":["SacredBark","Blood Vial","Ice Cream","PreservedInsect","Centennial Puzzle","InkBottle","VioletLotus","Darkstone Periapt","OrangePellets","Akabeko","Regal Pillow","Lantern","Yang","Runic Dome","Vajra"],"acts_visited":["Exordium","TheCity","TheBeyond"],"potions_floor_usage":[25,37,41],"damage_taken":[{"damage":4.0,"enemies":"Jaw Worm","floor":1.0,"turns":5.0},{"damage":1.0,"enemies":"2 Louse","floor":5.0,"turns":3.0},{"damage":16.0,"enemies":"Gremlin Nob","floor":6.0,"turns":3.0},{"damage":2.0,"enemies":"3 Sentries","floor":8.0,"turns":3.0},{"damage":22.0,"enemies":"Lagavulin","floor":11.0,"turns":4.0},{"damage":0.0,"enemies":"Cultist","floor":12.0,"turns":2.0},{"damage":1.0,"enemies":"Gremlin Nob","floor":14.0,"turns":3.0},{"damage":25.0,"enemies":"Hexaghost","floor":16.0,"turns":4.0},{"damage":14.0,"enemies":"2 Thieves","floor":18.0,"turns":4.0},{"damage":16.0,"enemies":"Shell Parasite","floor":20.0,"turns":4.0},{"damage":2.0,"enemies":"Book of Stabbing","floor":23.0,"turns":3.0},{"damage":2,"enemies":"Slavers","floor":25,"turns":2},{"damage":0,"enemies":"Gremlin Leader","floor":27,"turns":3},{"damage":1,"enemies":"Sentry and Sphere","floor":28,"turns":3},{"damage":1,"enemies":"Cultist and Chosen","floor":29,"turns":5},{"damage":3,"enemies":"Slavers","floor":31,"turns":3},{"damage":18,"enemies":"Champ","floor":33,"turns":12},{"damage":0,"enemies":"3 Darklings","floor":35,"turns":2},{"damage":0,"enemies":"3 Shapes","floor":37,"turns":1},{"damage":3,"enemies":"Spire Growth","floor":39,"turns":5},{"damage":2,"enemies":"Nemesis","floor":41,"turns":3},{"damage":1,"enemies":"Transient","floor":42,"turns":6},{"damage":45,"enemies":"Writhing Mass","floor":44,"turns":8}],"seed_played":"1325878838757836786","potions_obtained":[{"floor":1.0,"key":"CultistPotion"},{"floor":6.0,"key":"Explosive Potion"},{"floor":11.0,"key":"Fruit Juice"},{"floor":14.0,"key":"BlessingOfTheForge"},{"floor":16.0,"key":"SkillPotion"},{"floor":23.0,"key":"ColorlessPotion"},{"floor":29,"key":"Explosive Potion"},{"floor":33,"key":"Ambrosia"},{"floor":41,"key":"SpeedPotion"}],"is_trial":false,"path_per_floor":["M","?","$","?","M","E","R","E","T","$","E","M","R","E","R","B",null,"M","?","M","?","?","E","$","E","T","E","M","M","?","E","R","B",null,"M","?","M","$","M","R","E","M","T","M"],"character_chosen":"WATCHER","items_purchased":["Wallop","Tantrum","BowlingBash","OrangePellets","FlurryOfBlows","MentalFortress","Wallop"],"campfire_rested":2,"item_purchase_floors":[3,10,10,24,24,38,38],"current_hp_per_floor":[57,37,37,37,36,20,40,40,40,40,20,22,55,56,56,33,67,55,39,23,23,23,23,23,23,23,25,26,27,27,26,26,10,32,34,34,36,36,35,35,35,36,36,0,0],"gold":131,"neow_bonus":"BOSS_RELIC","is_daily":false,"chose_seed":false,"campfire_upgraded":3,"win_rate":0.0,"timestamp":1607729503,"path_taken":["M","?","$","?","M","E","R","E","T","?","E","M","R","E","R","BOSS","M","?","M","?","?","E","?","E","T","E","M","M","?","E","R","BOSS","M","?","M","?","M","R","E","M","T","M"],"items_purchased_type":["Card","Card","Card","Relic","Card","Card","Card"],"build_version":"2020-11-30","purchased_purges":0,"victory":false,"max_hp_per_floor":[68,68,68,68,68,68,68,68,68,68,68,68,78,78,78,78,78,78,39,39,39,39,39,39,39,39,39,39,39,39,39,39,39,39,39,39,39,39,39,39,39,39,39,45,45],"card_choices":[{"not_picked":["InnerPeace","Consecrate"],"picked":"Vengeance","floor":1.0},{"not_picked":["Sanctity","Pray"],"picked":"Consecrate","floor":5.0},{"not_picked":["DeusExMachina","EmptyFist"],"picked":"WheelKick","floor":6.0},{"not_picked":["FlurryOfBlows","Worship"],"picked":"FearNoEvil","floor":8.0},{"not_picked":["Fasting2","Vengeance","BowlingBash"],"picked":"SKIP","floor":11.0},{"not_picked":["EmptyFist","Halt"],"picked":"WaveOfTheHand","floor":12.0},{"not_picked":["FlurryOfBlows","PathToVictory"],"picked":"Meditate","floor":14.0},{"not_picked":["SpiritShield","Blasphemy"],"picked":"Omniscience","floor":16.0},{"not_picked":["CarveReality","Nirvana","CrushJoints"],"picked":"SKIP","floor":18.0},{"not_picked":["Halt","ClearTheMind"],"picked":"Wallop","floor":20.0},{"not_picked":["Fasting2","Protect","Nirvana"],"picked":"SKIP","floor":23.0},{"not_picked":["Consecrate","JustLucky"],"picked":"Conclude+1","floor":25},{"not_picked":["Perseverance","BowlingBash","CarveReality+1"],"picked":"SKIP","floor":27},{"not_picked":["PathToVictory","FollowUp","Evaluate"],"picked":"SKIP","floor":28},{"not_picked":["ReachHeaven","EmptyFist","FlyingSleeves"],"picked":"SKIP","floor":29},{"not_picked":["EmptyBody","Sanctity"],"picked":"InnerPeace","floor":31},{"not_picked":["Alpha","ConjureBlade"],"picked":"Scrawl","floor":33},{"not_picked":["EmptyBody+1","Evaluate","SashWhip"],"picked":"SKIP","floor":35},{"not_picked":["BattleHymn+1","BowlingBash","ThirdEye"],"picked":"SKIP","floor":37},{"not_picked":["LikeWater","WaveOfTheHand"],"picked":"Wireheading","floor":39},{"not_picked":["DevaForm","EmptyBody"],"picked":"Wireheading","floor":41},{"not_picked":["CrushJoints","EmptyFist"],"picked":"CutThroughFate","floor":42}],"player_experience":4145779,"relics_obtained":[{"floor":6.0,"key":"Blood Vial"},{"floor":8.0,"key":"Ice Cream"},{"floor":9.0,"key":"PreservedInsect"},{"floor":11.0,"key":"Centennial Puzzle"},{"floor":14.0,"key":"InkBottle"},{"floor":23.0,"key":"Darkstone Periapt"},{"floor":25,"key":"Akabeko"},{"floor":26,"key":"Regal Pillow"},{"floor":27,"key":"Lantern"},{"floor":31,"key":"Yang"},{"floor":41,"key":"Vajra"}],"event_choices":[{"damage_healed":0.0,"max_hp_gain":0.0,"max_hp_loss":0.0,"gold_gain":0.0,"event_name":"Shining Light","player_choice":"Entered Light","floor":2.0,"gold_loss":0.0,"damage_taken":20.0,"cards_upgraded":["Strike_P","Eruption"]},{"damage_healed":0.0,"max_hp_gain":0.0,"max_hp_loss":0.0,"gold_gain":0.0,"event_name":"Liars Game","player_choice":"Ignored","floor":4.0,"gold_loss":0.0,"damage_taken":0.0},{"damage_healed":0.0,"max_hp_gain":0.0,"max_hp_loss":39.0,"gold_gain":0.0,"event_name":"Ghosts","player_choice":"Became a Ghost","floor":19.0,"gold_loss":0.0,"damage_taken":0.0,"cards_obtained":["Ghostly","Ghostly","Ghostly"]},{"damage_healed":0.0,"max_hp_gain":0.0,"max_hp_loss":0.0,"gold_gain":0.0,"event_name":"Back to Basics","player_choice":"Simplicity","floor":21.0,"gold_loss":0.0,"damage_taken":0.0,"cards_upgraded":["Strike_P","Strike_P","Strike_P","Defend_P","Defend_P","Defend_P","Defend_P"]},{"damage_healed":0.0,"max_hp_gain":0.0,"max_hp_loss":0.0,"gold_gain":0.0,"event_name":"The Library","player_choice":"Read","floor":22.0,"gold_loss":0.0,"damage_taken":0.0,"cards_obtained":["FlurryOfBlows"]},{"damage_healed":0,"gold_gain":0,"player_choice":"Ignored","damage_taken":0,"max_hp_gain":0,"max_hp_loss":0,"event_name":"The Mausoleum","floor":30,"gold_loss":0},{"cards_removed":["Strike_P"],"damage_healed":0,"gold_gain":0,"player_choice":"Upgrade and Remove","damage_taken":0,"max_hp_gain":0,"max_hp_loss":0,"event_name":"Designer","floor":36,"gold_loss":110,"cards_upgraded":["Tantrum"]}],"is_beta":false,"boss_relics":[{"not_picked":["Pandora\u0027s Box","Calling Bell"],"picked":"VioletLotus"},{"not_picked":["Coffee Dripper","Tiny House"],"picked":"Runic Dome"}],"items_purged_floors":[],"is_endless":false,"potions_floor_spawned":[1,6,11,14,16,23,29,33,41],"killed_by":"Writhing Mass","ascension_level":20}}