{"host":"6o1vh5lr98s0jjq7","time":1607702102,"event":{"mods":["2.2 Compatiblity","Act Like it!","Aspiration","BaseMod","Better Altar","Better Match","Better Note","Better Third Choice","Conspire","Downfall","Gensokyo","Hallownest","Infinite Spire","Marisa????????","Minty Spire (QoL Compilation)","Replay The Spire","StSLib","The Alterego","WarShipGirlsR/????R mod"],"gold_per_floor":[116,41,56,56,7,40,0,32,32,59,36,16,16,28,28,128,128,138,155,171,22,22,47,60,60,60,60,75,75,106,123,123,225,225,237,287,287,43,70,100,100,144,144,205,205,255,314,314,314,358,358,358,48,114,76,76],"floor_reached":55,"playtime":3795,"items_purged":["Regret","Languid"],"score":1117,"play_id":"2191edcc-9f1f-41b7-b34b-aecc2e2e5612","local_time":"20201211095502","is_ascension_mode":true,"campfire_choices":[{"floor":15,"key":"DIG"},{"floor":27,"key":"RECALL"},{"floor":29,"key":"REST"},{"data":"DC","floor":32,"key":"SMITH"},{"floor":41,"key":"REST"},{"data":"MysteriousBeam","floor":45,"key":"SMITH"},{"data":"SatelliteIllusion","floor":49,"key":"SMITH"},{"data":"MachineGunSpark","floor":52,"key":"SMITH"}],"circlet_count":0,"master_deck":["Strike_MRS","Strike_MRS","Strike_MRS","Strike_MRS","Defend_MRS","Defend_MRS","Defend_MRS","Defend_MRS","MasterSpark","UpSweep","6A","DarkMatter","AsteroidBelt","MysteriousBeam+1","Enlightenment","OpenUniverse","CasketOfStar","UnstableBomb","MachineGunSpark+1","SatelliteIllusion+1","FairyDestructionRay+1","ShootingEcho","IllusionStar+1","UnstableBomb","JA","DragonMeteor","DC+1","FinalSpark","PowerUp+1","ChargeUpSpray","MachineGunSpark+1","IllusionStar+1","6A"],"relics":["MiniHakkero","PreservedInsect","Meat on the Bone","Centennial Puzzle","Regal Pillow","Toxic Egg 2","RampagingMagicTools","Bag of Marbles","MutagenicStrength","conspire:DecoderRing","CaptainsWheel","BewitchedHakkero","Shuriken","Replay:Mystery Machine","Replay:Bronze Core","infinitespire:EvilPickle","aspiration:HatOfInfinitePower","Ring of Peace","ReplayTheSpireMod:Ring of Challenge","Vajra","Boot","Replay:Bandana","Singing Bowl","Lantern","Replay:Wax Seal","Mirror","aspiration:Nostalgia","Cracked Core","Art of War"],"acts_visited":["Exordium","TheCity","TheBeyond","TheEnding"],"potions_floor_usage":[3,3,6,6,20,28,31,33,33,35,42,50,55],"damage_taken":[{"damage":7,"enemies":"Jaw Worm","floor":1,"turns":4},{"damage":0,"enemies":"conspire:RoseBush","floor":3,"turns":1},{"damage":28,"enemies":"3 Sentries","floor":6,"turns":10},{"damage":18,"enemies":"Replay:BlueRogue","floor":8,"turns":5},{"damage":0,"enemies":"Lagavulin","floor":10,"turns":3},{"damage":0,"enemies":"2 Louse","floor":14,"turns":2},{"damage":0,"enemies":"Slime Boss","floor":16,"turns":3},{"damage":5,"enemies":"conspire:FuzzyDice","floor":18,"turns":3},{"damage":0,"enemies":"Spheric Guardian","floor":19,"turns":1},{"damage":24,"enemies":"conspire:HollyBat","floor":20,"turns":7},{"damage":28,"enemies":"Book of Stabbing","floor":23,"turns":5},{"damage":0,"enemies":"Snake Plant","floor":24,"turns":1},{"damage":0,"enemies":"3 Cultists","floor":28,"turns":2},{"damage":0,"enemies":"conspire:Head Lice","floor":30,"turns":2},{"damage":0,"enemies":"Centurion and Healer","floor":31,"turns":4},{"damage":12,"enemies":"Pondfish","floor":33,"turns":6},{"damage":12,"enemies":"3 Darklings","floor":35,"turns":3},{"damage":26,"enemies":"Mind Bloom Boss Battle","floor":36,"turns":4},{"damage":0,"enemies":"R_Hoarder","floor":40,"turns":1},{"damage":0,"enemies":"Orb Walker","floor":42,"turns":1},{"damage":0,"enemies":"Nemesis","floor":44,"turns":1},{"damage":0,"enemies":"4 Shapes","floor":46,"turns":1},{"damage":0,"enemies":"Maw","floor":47,"turns":4},{"damage":30,"enemies":"Time Eater","floor":50,"turns":8},{"damage":8,"enemies":"Shield and Spear","floor":54,"turns":3},{"damage":79,"enemies":"The Heart","floor":55,"turns":5}],"seed_played":"6333057788322620045","potions_obtained":[{"floor":1,"key":"EntropicBrew"},{"floor":14,"key":"Dexterity Potion"},{"floor":16,"key":"Strength Potion"},{"floor":19,"key":"StarNLove"},{"floor":23,"key":"DistilledChaos"},{"floor":24,"key":"LifebloodPotion"},{"floor":30,"key":"Block Potion"},{"floor":33,"key":"ColorlessPotion"},{"floor":36,"key":"ColorlessPotion"},{"floor":40,"key":"Dexterity Potion"},{"floor":44,"key":"sneckomod:MuddlingPotion"},{"floor":54,"key":"Venom Potion"}],"is_trial":false,"path_per_floor":["M","$","M","?","$","E","?","E","T","E","$","?","$","M","R","B",null,"M","M","M","$","?","E","M","AVR","T","R","M","R","E","M","R","B",null,"M","?","?","$","T","E","R","M","T","E","R","M","M","?","R","B",null,"R","$","E","B"],"character_chosen":"MARISA","items_purchased":["AsteroidBelt","UnstableBomb","Bag of Marbles","Vajra","Replay:Wax Seal","Mirror","aspiration:Nostalgia"],"campfire_rested":2,"item_purchase_floors":[5,11,21,38,53,53,53],"current_hp_per_floor":[68,68,68,68,68,40,46,40,40,52,52,52,52,52,52,52,81,76,76,52,52,52,36,48,48,48,48,48,81,81,81,81,69,81,69,43,43,43,43,43,81,81,81,83,83,85,87,87,87,57,87,87,87,79,0,0],"gold":76,"neow_bonus":"RANDOM_EVENT","is_daily":false,"chose_seed":false,"campfire_upgraded":4,"win_rate":0.0,"timestamp":1607702102,"path_taken":["M","$","M","?","$","E","?","E","T","E","$","?","?","M","R","BOSS","M","M","?","$","?","E","M","AVR","T","R","M","R","E","M","R","BOSS","M","?","?","?","?","E","R","M","T","E","R","M","M","?","R","BOSS","R","$","E","BOSS"],"items_purchased_type":["Card","Card","Relic","Relic","Relic","Relic","Relic"],"build_version":"2020-11-30","purchased_purges":2,"victory":false,"max_hp_per_floor":[75,75,75,75,75,75,81,81,81,81,81,81,81,81,81,81,81,81,81,81,81,81,81,81,81,81,81,81,81,81,81,81,81,81,81,81,81,81,81,81,81,81,81,83,83,85,87,87,87,87,87,87,87,87,87,87],"card_choices":[{"not_picked":["WitchLeyline","GrandCross"],"picked":"6A","floor":1},{"not_picked":["GrandCross","RefractionSpark"],"picked":"DarkMatter","floor":3},{"not_picked":["ManaConvection","WitchLeyline"],"picked":"MysteriousBeam","floor":6},{"not_picked":["DoubleSpark","ManaConvection"],"picked":"OpenUniverse","floor":8},{"not_picked":["RefractionSpark","DoubleSpark"],"picked":"CasketOfStar","floor":10},{"not_picked":["UnstableBomb","GrandCross"],"picked":"MachineGunSpark","floor":14},{"not_picked":["CasketOfStar","BinaryStars+1"],"picked":"SatelliteIllusion","floor":16},{"not_picked":["MysteriousBeam","DoubleSpark"],"picked":"FairyDestructionRay+1","floor":18},{"not_picked":["ManaConvection+1","WitchLeyline"],"picked":"ShootingEcho","floor":19},{"not_picked":["EnergyFlow","DoubleSpark+1"],"picked":"IllusionStar+1","floor":20},{"not_picked":["GalacticHalo+1","GravityBeat+1"],"picked":"IllusionStar+1","floor":23},{"not_picked":["EnergyFlow","DarkMatter+1"],"picked":"UnstableBomb","floor":24},{"not_picked":["WitchOfGreed","MeteoricShower"],"picked":"JA","floor":28},{"not_picked":["GravityBeat","EnergyFlow"],"picked":"DragonMeteor","floor":30},{"not_picked":["UnstableBomb","AsteroidBelt+1"],"picked":"DC","floor":31},{"not_picked":["AbsoluteMagnitude","CasketOfStar"],"picked":"FinalSpark","floor":33},{"not_picked":["Acceleration+1","ChargingUp+1"],"picked":"PowerUp+1","floor":35},{"not_picked":["Occultation+1","ShootingEcho"],"picked":"ChargeUpSpray","floor":36},{"not_picked":["GalacticHalo+1","DragonMeteor+1"],"picked":"MachineGunSpark+1","floor":40},{"not_picked":["6A","WitchOfGreed+1"],"picked":"IllusionStar+1","floor":42},{"not_picked":["OpenUniverse+1","ShootingEcho+1","BigCrunch+1"],"picked":"Singing Bowl","floor":44},{"not_picked":["SporeBomb+1","6A","FairyDestructionRay"],"picked":"Singing Bowl","floor":46},{"not_picked":["StarBarrage","OrrerysSun","MeteoricShower+1"],"picked":"Singing Bowl","floor":47},{"not_picked":["WitchOfGreed+1","DC"],"picked":"6A","floor":54}],"player_experience":183484,"relics_obtained":[{"floor":6,"key":"Meat on the Bone"},{"floor":8,"key":"Centennial Puzzle"},{"floor":10,"key":"Regal Pillow"},{"floor":15,"key":"Toxic Egg 2"},{"floor":23,"key":"conspire:DecoderRing"},{"floor":26,"key":"Shuriken"},{"floor":30,"key":"Replay:Mystery Machine"},{"floor":36,"key":"aspiration:HatOfInfinitePower"},{"floor":37,"key":"Ring of Peace"},{"floor":37,"key":"ReplayTheSpireMod:Ring of Challenge"},{"floor":39,"key":"Boot"},{"floor":40,"key":"Replay:Bandana"},{"floor":43,"key":"Singing Bowl"},{"floor":44,"key":"Lantern"},{"floor":54,"key":"Art of War"}],"event_choices":[{"damage_healed":0,"gold_gain":0,"player_choice":"Box","damage_taken":0,"relics_obtained":["PreservedInsect"],"max_hp_gain":0,"max_hp_loss":0,"event_name":"Big Fish","floor":0,"gold_loss":0,"cards_obtained":["Regret"]},{"damage_healed":0,"gold_gain":0,"player_choice":"Ignored","damage_taken":0,"max_hp_gain":0,"max_hp_loss":0,"event_name":"Golden Wing","floor":4,"gold_loss":0},{"damage_healed":0,"gold_gain":0,"player_choice":"RENOUNCE","damage_taken":40,"max_hp_gain":0,"max_hp_loss":0,"event_name":"betterThird:BetterSerpent","floor":7,"gold_loss":40,"cards_obtained":["Enlightenment"]},{"damage_healed":0,"gold_gain":0,"player_choice":"Inject Mutagens","damage_taken":0,"relics_obtained":["MutagenicStrength"],"max_hp_gain":0,"max_hp_loss":0,"event_name":"Drug Dealer","floor":22,"gold_loss":0},{"damage_healed":0,"gold_gain":0,"player_choice":"Fight","damage_taken":0,"max_hp_gain":0,"max_hp_loss":0,"event_name":"MindBloom","floor":36,"gold_loss":0},{"cards_removed":["IllusionStar"],"damage_healed":5,"gold_gain":0,"player_choice":"Offered Common","damage_taken":0,"max_hp_gain":0,"max_hp_loss":0,"event_name":"Bonfire Elementals","floor":48,"gold_loss":0},{"cards_removed":["IllusionStar"],"damage_healed":5,"gold_gain":0,"player_choice":"Offered Special","damage_taken":0,"max_hp_gain":0,"max_hp_loss":0,"event_name":"Bonfire Elementals","floor":48,"gold_loss":0}],"is_beta":false,"boss_relics":[{"not_picked":["ReplayTheSpireMod:DimensionalGlitch","Ring of Chaos"],"picked":"RampagingMagicTools"},{"not_picked":["conspire:RunicOctahedron","Honey Jar"],"picked":"Replay:Bronze Core"}],"items_purged_floors":[2,38],"is_endless":false,"potions_floor_spawned":[1,14,16,19,23,24,30,33,36,40,44,54],"killed_by":"The Heart","ascension_level":3}}