{"host":"t7kiqd0mabx5u6gq","time":1607647582,"event":{"mods":["AchievementEnabler","Aspiration","BaseMod","Conspire","GifTheSpireLib","Halation","Hubris","Infinite Spire","Minty Spire (QoL Compilation)","Quarter Circle Forward PUNCH!","Quick Restart","Replay The Spire","StSLib","Stuff the Spire","vexMod"],"gold_per_floor":[116,116,116,133,133,133,167,167,218,218,15,43,43,69,69,172,172,191,191,191,191,202,202,222,222,222,222,234,62,73,73,73,73,73],"floor_reached":33,"playtime":869,"items_purged":["hubris:Gluttony","Shame"],"score":397,"play_id":"9ce3d17c-4af1-48d3-b95a-b41721b9d633","local_time":"20201210164622","is_ascension_mode":true,"campfire_choices":[{"data":"Cloak And Dagger","floor":6.0,"key":"SMITH"},{"data":"Underhanded Strike","floor":8.0,"key":"SMITH"},{"data":"Neutralize","floor":10.0,"key":"SMITH"},{"floor":15,"key":"DIG"},{"data":"Noxious Fumes","floor":23,"key":"SMITH"},{"floor":25,"key":"REST"},{"data":"hubris:DuctTapeCard","floor":27,"key":"SMITH"},{"floor":32,"key":"REST"}],"circlet_count":0,"master_deck":["Strike_G","Strike_G","Strike_G","Strike_G","Strike_G","Defend_G","Defend_G","Defend_G","Defend_G","Defend_G","Survivor","Neutralize+1","Cloak And Dagger+1","Deflect","Underhanded Strike+1","Noxious Fumes+1","Backflip","Purity","hubris:SlightOfHand","Atom Bomb","Dash+1","PiercingWail","StuffTheSpire:DoubleShiv","hubris:DuctTapeCard+2","hubris:SlightOfHand","Prepared","StuffTheSpire:BrimstoneBlast","StuffTheSpire:DeathNote"],"relics":["Ring of the Snake","NeowsBlessing","StuffTheSpire:RedRose","halation:EternalFortune","Dead Branch","Happy Flower","BargainBundle","qcfpunch:Black_Training_Shirt","MealTicket","StuffTheSpire:WitherSkull","conspire:SeveredTorchhead","StuffTheSpire:NeowsTribute","halation:PeacePiece","hubris:DuctTape","Boot"],"acts_visited":["Exordium","TheCity"],"potions_floor_usage":[12,18,28,33,33],"damage_taken":[{"damage":0.0,"enemies":"Jaw Worm","floor":1.0,"turns":1.0},{"damage":0.0,"enemies":"Small Slimes","floor":4.0,"turns":1.0},{"damage":0.0,"enemies":"3 Sentries","floor":7.0,"turns":1.0},{"damage":10,"enemies":"Lagavulin","floor":12,"turns":7},{"damage":46,"enemies":"Slime Boss","floor":16,"turns":8},{"damage":7,"enemies":"conspire:FuzzyDice","floor":18,"turns":4},{"damage":12,"enemies":"2 Thieves","floor":22,"turns":5},{"damage":9,"enemies":"3 Cultists","floor":24,"turns":5},{"damage":20,"enemies":"Cultist and Chosen","floor":28,"turns":5},{"damage":22,"enemies":"Chosen and Byrds","floor":30,"turns":5},{"damage":42,"enemies":"conspire:MysteriousRune","floor":33,"turns":5}],"seed_played":"2864490256747046272","potions_obtained":[{"floor":1.0,"key":"Energy Potion"},{"floor":16,"key":"Explosive Potion"},{"floor":22,"key":"Milkshake"},{"floor":24,"key":"Toxic Potion"},{"floor":30,"key":"Ancient Potion"}],"is_trial":false,"path_per_floor":["M","?","?","M","?","R","E","R","T","R","$","E","$","T","R","B",null,"M","?","?","AVR","M","R","M","R","T","R","M","$","M","?","R","B"],"character_chosen":"THE_SILENT","items_purchased":["BargainBundle","Noxious Fumes","Backflip","conspire:DoublingDagger","Purity","Boot","Prepared"],"campfire_rested":2,"item_purchase_floors":[11,11,11,11,11,29,29],"current_hp_per_floor":[63,63,63,63,66,66,66,66,66,66,66,56,56,56,56,10,57,50,50,57,57,45,45,36,57,57,57,37,52,30,10,31,0,0],"gold":73,"neow_bonus":"THREE_ENEMY_KILL","is_daily":false,"chose_seed":false,"campfire_upgraded":5,"win_rate":0.0,"timestamp":1607647582,"path_taken":["M","?","?","?","?","R","E","R","T","R","$","E","?","?","R","BOSS","M","?","?","AVR","M","R","M","R","T","R","M","$","M","?","R","BOSS"],"items_purchased_type":["Relic","Card","Card","Card","Card","Relic","Card"],"build_version":"2020-11-30","purchased_purges":2,"victory":false,"max_hp_per_floor":[70,70,70,70,73,73,73,73,73,73,73,73,73,73,73,73,73,73,73,73,73,73,73,73,73,73,73,73,73,73,73,73,73,73],"card_choices":[{"not_picked":["Well Laid Plans","Slice"],"picked":"Cloak And Dagger","floor":1.0},{"not_picked":["Heel Hook","Skewer"],"picked":"Deflect","floor":4.0},{"not_picked":["Well Laid Plans","Footwork"],"picked":"Underhanded Strike","floor":7.0},{"not_picked":["Dodge and Roll","Cloak And Dagger"],"picked":"hubris:SlightOfHand","floor":12},{"not_picked":["Phantasmal Killer","Glass Knife"],"picked":"Atom Bomb","floor":16},{"not_picked":["Heel Hook","Deadly Poison+1"],"picked":"Dash+1","floor":18},{"not_picked":["hubris:SlightOfHand","StuffTheSpire:Injection"],"picked":"PiercingWail","floor":22},{"not_picked":["Deadly Poison+1","All Out Attack"],"picked":"StuffTheSpire:DoubleShiv","floor":24},{"not_picked":["Poisoned Stab","StuffTheSpire:Injection"],"picked":"hubris:SlightOfHand","floor":28},{"not_picked":["Poisoned Stab","StuffTheSpire:Fury"],"picked":"StuffTheSpire:BrimstoneBlast","floor":30}],"player_experience":559944,"relics_obtained":[{"floor":7.0,"key":"Dead Branch"},{"floor":9.0,"key":"Happy Flower"},{"floor":12,"key":"qcfpunch:Black_Training_Shirt"},{"floor":14,"key":"MealTicket"},{"floor":15,"key":"StuffTheSpire:WitherSkull"},{"floor":26,"key":"hubris:DuctTape"}],"event_choices":[{"damage_healed":0.0,"max_hp_gain":0.0,"max_hp_loss":0.0,"gold_gain":0.0,"cards_transformed":["Regret"],"event_name":"Transmorgrifier","player_choice":"Transformed","floor":3.0,"gold_loss":0.0,"damage_taken":0.0,"cards_obtained":["hubris:Gluttony"]},{"damage_healed":0,"gold_gain":0,"player_choice":"Stole Relic","damage_taken":0,"relics_obtained":["StuffTheSpire:NeowsTribute"],"max_hp_gain":0,"max_hp_loss":0,"event_name":"Addict","floor":19,"gold_loss":0,"cards_obtained":["Shame"]}],"is_beta":false,"boss_relics":[{"not_picked":["aspiration:RunicSpoon","Black Star"],"picked":"conspire:SeveredTorchhead"}],"items_purged_floors":[11,21],"is_endless":false,"potions_floor_spawned":[1,16,22,24,30],"killed_by":"conspire:MysteriousRune","ascension_level":9}}