{"host":"m1168lp3vv5pgdep","time":1607691620,"event":{"mods":["Act Like it!","Aspiration","BaseMod","Better Altar","Better Match","Better Sensory Stone","Better Skull","Better Third Choice","Block Reminder","Curses Come First","Elementarium","Gensokyo","GungeonMod","Hallownest","Hubris","Magitek Elite","Menagerie","Minty Spire (QoL Compilation)","Pale of the Ancients","Permanent Neow","Prisma Mod","Quick Restart","Small Relic Pack","Spicy Shops","StSLib","The Fake Hero","The Jungle","The Servant 0.9.4","Wandering Minibosses"],"gold_per_floor":[114,143,160,28,28,57,57,57,57,71,100,100,125,141,141,243,243,261,261,0,15,15,47,47,65,88,107,107,140,140,154,154,258,258,278,278,278,278,289,289,320,330,330,344,371,23,43,56,56,56,70,87,87,167,167,167,167,190,190,190,190],"floor_reached":60,"playtime":6961,"items_purged":["PrismaMod:MiyuCommonAttack","PrismaMod:MiyuCommonAttack","PrismaMod:MiyuCommonAttack","PrismaMod:MiyuCommonDefend","PrismaMod:MiyuCommonDefend"],"score":1169,"play_id":"d8a9f23e-92dd-418b-944b-3eeb6a7249bd","local_time":"20201211130020","is_ascension_mode":false,"campfire_choices":[{"data":"PrismaMod:MiyuCheapChannelAttack","floor":7,"key":"SMITH"},{"floor":15,"key":"RECALL"},{"data":"PrismaMod:MiyuUncommonAttack","floor":30,"key":"SMITH"},{"data":"PrismaMod:MiyuUncommonDefend","floor":32,"key":"SMITH"},{"data":"PrismaMod:MiyuUncommonAttack","floor":40,"key":"SMITH"},{"data":"PrismaMod:MiyuUncommonDexBuff","floor":49,"key":"SMITH"},{"data":"PrismaMod:MiyuUncommonDexBuff","floor":55,"key":"SMITH"},{"data":"PrismaMod:MiyuCarnivalAttack","floor":57,"key":"SMITH"}],"circlet_count":0,"master_deck":["PrismaMod:MiyuCommonDefend","PrismaMod:MiyuCommonDefend","PrismaMod:MiyuCommonDefend","PrismaMod:MiyuCheapChannelAttack+1","PrismaMod:MiyuCheapChannelDefend","PrismaMod:MiyuChannelDefendEvoke","PrismaMod:MiyuUncommonDexBuff+1","PrismaMod:MiyuUberAOEAttack","PrismaMod:MiyuUberAttack+1","PrismaMod:MiyuEvokeAllAttack","PrismaMod:MiyuUncommonDefend+1","PrismaMod:MiyuCheapStrBuff","PrismaMod:MiyuUncommonAttack+1","PrismaMod:MiyuAttackChannelAttack","PrismaMod:MiyuUncommonAttack+1","PrismaMod:MiyuEvokeCheapAttack+1","PrismaMod:MiyuUncommonDexBuff+1","PrismaMod:MiyuUncommonDexBuff+1","PrismaMod:MiyuCarnivalAttack+1","PrismaMod:MiyuCheapPlate+1"],"relics":["PrismaMod:PrismaSapphire","aspiration:FrozenJewel","DemoMod:GnawedKey","Dream Catcher","Gensokyo:NagashiBinaDoll","DemoMod:WhiteGuonStone","Empty Cage","hubris:BottledHeart","hubris:Towel","Happy Flower","DemoMod:GlassGuonStoneRelic","PreservedInsect","Bronze Scales","Golden_Hairpin","Whetstone","Ornamental Fan","Strawberry","paleoftheancients:Timepiece","paleoftheancients:KeyRelic","Ice Cream","Mercury Hourglass","paleoftheancients:SoulOfTheSilent","DemoMod:ChaffGrenade","Bag of Marbles"],"acts_visited":["Gensokyo:Gensokyo","TheCity","TheBeyond","paleoftheancients:PaleOfTheAncients"],"potions_floor_usage":[13,18,21,23,23,29,50,50,51,56,60],"damage_taken":[{"damage":0,"enemies":"Gensokyo:2_Kodama","floor":1,"turns":3},{"damage":28,"enemies":"Gensokyo:Cirno","floor":2,"turns":10},{"damage":0,"enemies":"Gensokyo:Python","floor":3,"turns":3},{"damage":0,"enemies":"Gensokyo:Cirno","floor":6,"turns":7},{"damage":0,"enemies":"Gensokyo:Gryphon","floor":10,"turns":4},{"damage":0,"enemies":"Gensokyo:Aya","floor":11,"turns":5},{"damage":0,"enemies":"Gensokyo:Mamizou","floor":13,"turns":4},{"damage":0,"enemies":"Gensokyo:2_Rabbits","floor":14,"turns":4},{"damage":29,"enemies":"Gensokyo:Yukari","floor":16,"turns":14},{"damage":12,"enemies":"Spheric Guardian","floor":18,"turns":6},{"damage":0,"enemies":"2 Thieves","floor":21,"turns":5},{"damage":0,"enemies":"Slavers","floor":23,"turns":7},{"damage":0,"enemies":"Snake Plant","floor":25,"turns":5},{"damage":0,"enemies":"Cultist and Chosen","floor":27,"turns":7},{"damage":0,"enemies":"Book of Stabbing","floor":29,"turns":6},{"damage":0,"enemies":"Centurion and Healer","floor":31,"turns":6},{"damage":0,"enemies":"Champ","floor":33,"turns":13},{"damage":0,"enemies":"Orb Walker","floor":35,"turns":4},{"damage":0,"enemies":"3 Darklings","floor":39,"turns":6},{"damage":0,"enemies":"Giant Head","floor":41,"turns":7},{"damage":0,"enemies":"Transient","floor":42,"turns":5},{"damage":0,"enemies":"Spire Growth","floor":44,"turns":5},{"damage":0,"enemies":"Nemesis","floor":45,"turns":7},{"damage":0,"enemies":"4 Shapes","floor":47,"turns":5},{"damage":0,"enemies":"Transient","floor":48,"turns":5},{"damage":0,"enemies":"hubris:GrandSnecko","floor":50,"turns":11},{"damage":0,"enemies":"hubris:GrandSnecko","floor":51,"turns":9},{"damage":0,"enemies":"hubris:GrandSnecko","floor":52,"turns":6},{"damage":14,"enemies":"hubris:GrandSnecko","floor":56,"turns":8},{"damage":5,"enemies":"paleoftheancients:N","floor":60,"turns":3}],"seed_played":"-4230582951367241662","potions_obtained":[{"floor":2,"key":"Ancient Potion"},{"floor":10,"key":"AttackPotion"},{"floor":13,"key":"SpeedPotion"},{"floor":14,"key":"EssenceOfSteel"},{"floor":18,"key":"Block Potion"},{"floor":23,"key":"BlessingOfTheForge"},{"floor":33,"key":"BlessingOfTheForge"},{"floor":42,"key":"Strength Potion"},{"floor":48,"key":"LiquidMemories"},{"floor":52,"key":"LiquidMemories"}],"is_trial":false,"path_per_floor":["M","?","M","$","?","E","R","?","T","M","E","?","E","M","R","B",null,"M","?","$","M","?","E","?","M","T","M","?","E","R","M","R","B",null,"M","?","?","?","M","R","E","M","T","M","E","$","M","M","R","B","M","M","?","T","R","M","R","T","?","B"],"character_chosen":"MIYU","items_purchased":["DemoMod:GnawedKey","PrismaMod:MiyuAttackChannelAttack","PrismaMod:MiyuCarnivalAttack"],"campfire_rested":0,"item_purchase_floors":[4,20,46],"current_hp_per_floor":[68,40,40,40,60,64,64,64,64,68,68,68,68,68,68,43,68,60,1,1,1,1,1,1,1,1,1,1,1,1,1,1,1,1,1,1,1,1,1,1,1,1,1,1,1,1,1,1,1,1,1,1,1,1,1,1,1,1,1,0,0],"gold":190,"neow_bonus":"THREE_RARE_CARDS","is_daily":false,"chose_seed":false,"campfire_upgraded":7,"win_rate":0.0,"timestamp":1607691620,"path_taken":["M","?","M","$","?","E","R","?","T","?","E","?","E","M","R","BOSS","M","?","$","M","?","E","?","M","T","M","?","E","R","M","R","BOSS","M","?","?","?","M","R","E","M","T","M","E","$","M","M","R","BOSS","M","M","?","T","R","M","R","T","?","BOSS"],"items_purchased_type":["Relic","Card","Card"],"build_version":"2020-11-30","purchased_purges":5,"victory":false,"max_hp_per_floor":[68,68,68,68,68,68,68,68,68,68,68,68,68,68,68,68,68,68,1,1,1,1,1,1,1,1,1,1,1,1,1,1,1,1,1,1,1,1,1,1,1,1,1,1,1,1,1,1,1,1,1,1,1,1,1,1,1,1,1,1,1],"card_choices":[{"not_picked":["PrismaMod:MiyuUberDefend","PrismaMod:MiyuCheapDefend2"],"picked":"PrismaMod:MiyuChannelDefendEvoke","floor":0},{"not_picked":["PrismaMod:MiyuEvokeBuffDex","PrismaMod:MiyuCommonAOEAttack"],"picked":"PrismaMod:MiyuUncommonDexBuff","floor":1},{"not_picked":["PrismaMod:MiyuCheapStrBuff","PrismaMod:MiyuCommonAOEAttack"],"picked":"PrismaMod:MiyuUberAOEAttack","floor":2},{"not_picked":["PrismaMod:MiyuCheapEvoke","PrismaMod:MiyuEvokeAll"],"picked":"PrismaMod:MiyuUberAttack","floor":3},{"not_picked":["PrismaMod:MiyuEvokeCheapDefend","PrismaMod:MiyuCheapChannelRandom","PrismaMod:MiyuCommonAOEAttack"],"picked":"SKIP","floor":6},{"not_picked":["PrismaMod:MiyuCheapAttack2","PrismaMod:MiyuCheapChannelWeak"],"picked":"PrismaMod:MiyuEvokeAllAttack","floor":10},{"not_picked":["PrismaMod:MiyuCheapEvoke","PrismaMod:MiyuCheapDefend2","PrismaMod:MiyuCommonAOEAttack"],"picked":"SKIP","floor":11},{"not_picked":["PrismaMod:MiyuMaid","PrismaMod:MiyuCheapDefend1"],"picked":"PrismaMod:MiyuUncommonDefend","floor":13},{"not_picked":["PrismaMod:MiyuUberAttack","PrismaMod:MiyuCheapChannelWeak"],"picked":"PrismaMod:MiyuCheapStrBuff","floor":14},{"not_picked":["PrismaMod:MiyuCheapStrBuff","PrismaMod:MiyuEvokeBuffStr"],"picked":"PrismaMod:MiyuUncommonAttack","floor":18},{"not_picked":["PrismaMod:MiyuCheapStrBuff","PrismaMod:MiyuEvokeBuffStr+1","PrismaMod:MiyuAttackChannelWeak"],"picked":"SKIP","floor":21},{"not_picked":["PrismaMod:MiyuCommonAOEAttack","PrismaMod:MiyuCheapAttack1"],"picked":"PrismaMod:MiyuUncommonAttack","floor":23},{"not_picked":["PrismaMod:MiyuCheapStrBuff+1","PrismaMod:MiyuEvokeBuffDex"],"picked":"PrismaMod:MiyuEvokeCheapAttack","floor":25},{"not_picked":["PrismaMod:MiyuEvokeAllDefend","PrismaMod:MiyuEvokeAll"],"picked":"PrismaMod:MiyuUncommonDexBuff","floor":27},{"not_picked":["PrismaMod:MiyuCheapDefend1+1","PrismaMod:MiyuCheapChannelWeak+1","PrismaMod:MiyuDefenseAbsorbMinor"],"picked":"SKIP","floor":29},{"not_picked":["PrismaMod:MiyuOrbIncreasePerm","PrismaMod:MiyuCommonAOEAttack+1"],"picked":"PrismaMod:MiyuCheapDexBuff","floor":31},{"not_picked":["PrismaMod:MiyuMaid","PrismaMod:MiyuUncommonDefend","PrismaMod:MiyuAttackChannelVul"],"picked":"SKIP","floor":35},{"not_picked":["PrismaMod:MiyuCheapDexBuff+1","PrismaMod:MiyuCheapChannelRandom+1","PrismaMod:MiyuCheapDefend1"],"picked":"SKIP","floor":39},{"not_picked":["PrismaMod:MiyuCheapDexBuff","PrismaMod:MiyuCheapChannelVul+1","PrismaMod:MiyuAttackChannelVul"],"picked":"SKIP","floor":41},{"not_picked":["PrismaMod:MiyuCheapEvoke","PrismaMod:MiyuCommonAOEAttack","PrismaMod:MiyuUberAOEAttack"],"picked":"SKIP","floor":42},{"not_picked":["PrismaMod:MiyuCheapDexBuff","PrismaMod:MiyuAttackChannelVul+1"],"picked":"PrismaMod:MiyuUncommonDexBuff+1","floor":44},{"not_picked":["PrismaMod:MiyuDevil","PrismaMod:MiyuUberAOEAttack","PrismaMod:MiyuAttackChannelVul+1"],"picked":"SKIP","floor":45},{"not_picked":["PrismaMod:MiyuAttackChannelWeak","PrismaMod:MiyuDefenseExplosion+1","PrismaMod:MiyuCheapAttack1"],"picked":"SKIP","floor":47},{"not_picked":["PrismaMod:MiyuCheapChannelVul","PrismaMod:MiyuCheapEvoke","PrismaMod:MiyuCheapChannelDefend+1"],"picked":"SKIP","floor":48},{"not_picked":["PrismaMod:MiyuCheapStrBuff","PrismaMod:MiyuUberAttack","PrismaMod:MiyuAttackChannelWeak"],"picked":"SKIP","floor":51},{"not_picked":["PrismaMod:MiyuEvokeBuffStr+1","PrismaMod:MiyuCheapChannelAttack+1","PrismaMod:MiyuCheapChannelWeak+1"],"picked":"SKIP","floor":52},{"not_picked":["PrismaMod:MiyuCheapChannelHeal+1","PrismaMod:MiyuCheapDefend1+1"],"picked":"PrismaMod:MiyuCheapPlate+1","floor":53}],"player_experience":249607,"relics_obtained":[{"floor":2,"key":"aspiration:FrozenJewel"},{"floor":6,"key":"Dream Catcher"},{"floor":13,"key":"DemoMod:WhiteGuonStone"},{"floor":23,"key":"Happy Flower"},{"floor":26,"key":"PreservedInsect"},{"floor":29,"key":"Bronze Scales"},{"floor":41,"key":"Whetstone"},{"floor":43,"key":"Ornamental Fan"},{"floor":45,"key":"Strawberry"},{"floor":51,"key":"paleoftheancients:SoulOfTheSilent"},{"floor":54,"key":"DemoMod:ChaffGrenade"},{"floor":58,"key":"Bag of Marbles"}],"event_choices":[{"damage_healed":0,"gold_gain":1,"player_choice":"1","damage_taken":0,"max_hp_gain":0,"max_hp_loss":0,"event_name":"betterStone:BetterStone","floor":12,"gold_loss":0},{"damage_healed":0,"gold_gain":0,"player_choice":"Ignored","damage_taken":0,"max_hp_gain":0,"max_hp_loss":0,"event_name":"Vampires","floor":28,"gold_loss":0},{"cards_removed":["PrismaMod:MiyuCheapDexBuff"],"damage_healed":0,"gold_gain":0,"player_choice":"Removed Power","damage_taken":0,"max_hp_gain":0,"max_hp_loss":0,"event_name":"Falling","floor":36,"gold_loss":0},{"damage_healed":0,"gold_gain":0,"player_choice":"Ignored","damage_taken":0,"max_hp_gain":0,"max_hp_loss":0,"event_name":"Tomb of Lord Red Mask","floor":37,"gold_loss":0},{"damage_healed":0,"gold_gain":0,"player_choice":"2","damage_taken":0,"max_hp_gain":0,"max_hp_loss":0,"event_name":"betterMatch:BetterMatch","floor":53,"gold_loss":0,"cards_obtained":["betterMatch:UncommonCard"]}],"is_beta":false,"boss_relics":[{"not_picked":["Runic Dome","hubris:RunicObelisk"],"picked":"Empty Cage"},{"not_picked":["hubris:VirtuousBlindfold","Pandora\u0027s Box"],"picked":"Golden_Hairpin"}],"items_purged_floors":[4,20,20,46,46],"is_endless":false,"potions_floor_spawned":[2,10,13,14,18,23,33,42,47,48,52],"killed_by":"paleoftheancients:N","ascension_level":0}}