{"host":"q7vkosjfkvfklbk2","time":1607680391,"event":{"mods":["Abigail Mod","AchievementEnabler","Act Like it!","Ascension Reborn","Astrologer","BaseMod","Better Third Choice","Conspire","Downfall","GungeonMod","Hallownest","Hubris","KinomotoSakuraMod(Ä¾Ö®±¾Ó£)","Koishi","KomeijiMod","Minty Spire (QoL Compilation)","Quick Restart","Replay The Spire","Shop Mod","StSLib","The Bug Knight","The Cursed","The Kombatant","The Poker Player","The Servant 0.9.4","UnlockEverythingMod","[IsaacMod]ÒÔÈö¼âËþ","vexMod"],"gold_per_floor":[116,196,206,206,206,206,240,240,240,260,260,280,290,301,301,397,397,416,512,541,572,595,636,648,852,864,890,930,942,964,431,431,531,531,542,542,93,106,116,145,156,176,176,195,212,225,240,1,1,1],"floor_reached":51,"playtime":2206,"items_purged":[],"score":1227,"play_id":"13712a28-7eb2-4413-ae53-3b2692e9d30f","local_time":"20201211175311","is_ascension_mode":true,"campfire_choices":[{"data":"TheCursedMod:CleanUpWorkshop","floor":6,"key":"SMITH"},{"data":"TheCursedMod:StunningStrike","floor":8,"key":"SMITH"},{"floor":15,"key":"DIG"},{"data":"hubris:DuctTapeCard","floor":24,"key":"SMITH"},{"data":"TheCursedMod:CursedRelics","floor":32,"key":"SMITH"},{"data":"expansioncontent:Corrupt","floor":49,"key":"SMITH"}],"circlet_count":0,"master_deck":["TheCursedMod:Strike_TheCursed","TheCursedMod:Strike_TheCursed","TheCursedMod:Strike_TheCursed","TheCursedMod:Strike_TheCursed+1","TheCursedMod:Defend_TheCursed","TheCursedMod:Defend_TheCursed","TheCursedMod:Defend_TheCursed+1","TheCursedMod:Defend_TheCursed","TheCursedMod:CursedWand+1","TheCursedMod:CleanUpWorkshop+1","TheCursedMod:Dregs","TheCursedMod:CircleOfCorruption+1","TheCursedMod:CursedShiv","TheCursedMod:StunningStrike+1","TheCursedMod:CursedBlade+1","TheCursedMod:Grudge","TheCursedMod:CursedRelics+1","TheCursedMod:CursedAmulet","hubris:DuctTapeCard+2","TheCursedMod:SurpriseAttack","TheCursedMod:FleshFromBone","expansioncontent:Corrupt+1","TheCursedMod:SpitefulPlan+1","TheCursedMod:SpreadPlague+1"],"relics":["TheCursedMod:BlackMagic101","HushsDoor","HowToJump","NeowsBlessing","hubris:MysteriousPyramids","DemoMod:PinkGuonStone","hubris:FruitBowl","Durian","vexMod:FocusSash","Garlic","Replay:Rubber Ducky","Nunchaku","BelialBook","DemoMod:RiddleOfLead","Damocles","MawBank","DemoMod:GlassGuonStoneRelic","vexMod:BarristanHead","hubris:Metronome","vexMod:ScavengeHelm","hubris:DuctTape","Strawberry","DemoMod:SuperHotWatch","Pet Ghost","Chameleon Ring","hubris:PeanutButter","DemoMod:MeltedRock","Meat on the Bone","ReplayTheSpireMod:TigerMarble","OrangePellets","ChewingGum","hubris:Towel","Bag of Marbles","Sling","Akabeko","Replay:Baseball","Whetstone","TheBible","War Paint","Juzu Bracelet","Potion Belt","hubris:SlimyHat","Bronze Scales","TheCursedMod:MagicCandle","Replay:Wax Seal","DemoMod:OrangeGuonStone"],"acts_visited":["Exordium","TheCity","TheBeyond"],"potions_floor_usage":[14,16,23,33,40,40],"damage_taken":[{"damage":0,"enemies":"Cultist","floor":1,"turns":1},{"damage":0,"enemies":"Small Slimes","floor":3,"turns":1},{"damage":0,"enemies":"Lagavulin","floor":7,"turns":1},{"damage":0,"enemies":"Jaw Worm","floor":10,"turns":2},{"damage":0,"enemies":"2 Fungi Beasts","floor":12,"turns":2},{"damage":0,"enemies":"Blue Slaver","floor":13,"turns":2},{"damage":0,"enemies":"Gremlin Gang","floor":14,"turns":3},{"damage":0,"enemies":"Fading Forest","floor":16,"turns":11},{"damage":4,"enemies":"2 Thieves","floor":18,"turns":3},{"damage":0,"enemies":"Spheric Guardian","floor":20,"turns":2},{"damage":0,"enemies":"Centurion and Healer","floor":21,"turns":3},{"damage":0,"enemies":"Cultist and Chosen","floor":22,"turns":4},{"damage":0,"enemies":"Replay:Snechameleon","floor":23,"turns":6},{"damage":0,"enemies":"Chosen and Byrds","floor":27,"turns":2},{"damage":0,"enemies":"Book of Stabbing","floor":28,"turns":2},{"damage":0,"enemies":"Shelled Parasite and Fungi","floor":30,"turns":1},{"damage":0,"enemies":"Automaton","floor":33,"turns":6},{"damage":0,"enemies":"Orb Walker","floor":35,"turns":1},{"damage":0,"enemies":"3 Darklings","floor":38,"turns":1},{"damage":0,"enemies":"4 Shapes","floor":39,"turns":1},{"damage":0,"enemies":"R_Hoarder","floor":40,"turns":5},{"damage":0,"enemies":"Jaw Worm Horde","floor":41,"turns":1},{"damage":0,"enemies":"Writhing Mass","floor":42,"turns":2},{"damage":0,"enemies":"Transient","floor":44,"turns":5},{"damage":0,"enemies":"Spire Growth","floor":45,"turns":1},{"damage":0,"enemies":"3 Darklings","floor":46,"turns":1},{"damage":0,"enemies":"Jaw Worm Horde","floor":47,"turns":1},{"damage":0,"enemies":"hubris:GrandSnecko","floor":50,"turns":4}],"seed_played":"2024678811455986799","potions_obtained":[{"floor":1,"key":"Block Potion"},{"floor":13,"key":"DistilledChaos"},{"floor":14,"key":"Weak Potion"},{"floor":16,"key":"LiquidBronze"},{"floor":23,"key":"Death Potion"},{"floor":33,"key":"Reflective Coating"},{"floor":44,"key":"LifebloodPotion"},{"floor":46,"key":"DistilledChaos"}],"is_trial":false,"path_per_floor":["M","?","M","?","?","R","E","R","T","M","$","M","M","M","R","B",null,"M","?","M","M","M","E","R","?","T","M","E","?","M","$","R","B",null,"M","?","$","M","M","E","M","M","T","M","M","M","M","$","R","B",null],"character_chosen":"THE_CURSED","items_purchased":["hubris:FruitBowl","Durian","vexMod:FocusSash","Garlic","Replay:Rubber Ducky","Nunchaku","Damocles","FairyPotion","Meat on the Bone","ReplayTheSpireMod:TigerMarble","OrangePellets","expansioncontent:Corrupt","Bag of Marbles","Sling","Akabeko","DemoMod:OrangeGuonStone"],"campfire_rested":0,"item_purchase_floors":[11,11,11,11,11,11,17,17,31,31,31,34,37,37,37,48],"current_hp_per_floor":[75,75,75,75,75,75,75,75,82,82,3,3,3,3,3,13,83,79,64,64,64,64,74,74,74,74,74,74,59,59,59,59,59,87,87,87,87,87,87,87,87,87,87,87,87,87,87,87,87,87],"gold":1,"neow_bonus":"THREE_ENEMY_KILL","is_daily":false,"chose_seed":false,"campfire_upgraded":5,"win_rate":0.0,"timestamp":1607680391,"path_taken":["M","?","M","?","?","R","E","R","T","M","?","M","?","M","R","BOSS","M","?","M","M","M","E","R","?","T","M","E","?","M","$","R","BOSS","M","?","$","?","M","E","M","M","T","M","M","M","M","$","R","BOSS"],"items_purchased_type":["Relic","Relic","Relic","Relic","Relic","Relic","Relic","Potion","Relic","Relic","Relic","Card","Relic","Relic","Relic","Relic"],"build_version":"2020-11-30","purchased_purges":0,"victory":true,"max_hp_per_floor":[75,75,75,75,75,75,75,75,82,82,89,89,89,89,89,89,83,83,83,83,83,83,93,93,93,93,93,93,93,93,93,93,93,87,87,87,87,87,87,87,87,87,87,87,87,87,87,87,87,87],"card_choices":[{"not_picked":["Bomb","TheCursedMod:StingEye"],"picked":"TheCursedMod:CircleOfCorruption","floor":1},{"not_picked":["TheCursedMod:VitalStrike","TheCursedMod:RapidMovement"],"picked":"TheCursedMod:CursedShiv","floor":3},{"not_picked":["TheCursedMod:CursedMace","TheCursedMod:ManaBullet"],"picked":"TheCursedMod:StunningStrike","floor":7},{"not_picked":["TheCursedMod:CircleOfCorruption","TheCursedMod:FuryStrike","TheCursedMod:CursedMace"],"picked":"SKIP","floor":10},{"not_picked":["TheCursedMod:Wield","TheCursedMod:CircleOfFocus"],"picked":"TheCursedMod:CursedBlade","floor":12},{"not_picked":["TheCursedMod:Stretching","TheCursedMod:StunningStrike"],"picked":"TheCursedMod:Grudge","floor":13},{"not_picked":["TheCursedMod:CircleOfAmplification","TheCursedMod:CursedShiv"],"picked":"Bomb","floor":14},{"not_picked":["TheCursedMod:ManaCirculation","TheCursedMod:StunningStrike"],"picked":"TheCursedMod:CursedRelics","floor":16},{"not_picked":["TheCursedMod:TacticalStrike","TheCursedMod:SoulCrush"],"picked":"TheCursedMod:CursedAmulet","floor":18},{"not_picked":["TheCursedMod:Obscuration","TheCursedMod:ManaBullet+1","TheCursedMod:Wield+1"],"picked":"SKIP","floor":20},{"not_picked":["TheCursedMod:CursedSpellbook","TheCursedMod:Hemoplague"],"picked":"TheCursedMod:CircleOfFlame","floor":21},{"not_picked":["TheCursedMod:CursedShiv","TheCursedMod:Wield"],"picked":"TheCursedMod:EmpowerCircles+1","floor":22},{"not_picked":["TheCursedMod:WearCloak","TheCursedMod:CursedAmulet"],"picked":"TheCursedMod:SurpriseAttack","floor":23},{"not_picked":["TheCursedMod:Stretching","TheCursedMod:Mangle","TheCursedMod:CursedStaff"],"picked":"SKIP","floor":27},{"not_picked":["TheCursedMod:LuckyCharm","TheCursedMod:HellfireBreathing"],"picked":"TheCursedMod:FleshFromBone","floor":28},{"not_picked":["TheCursedMod:CursedAmulet+1","TheCursedMod:CircleOfFocus","TheCursedMod:Torture+1"],"picked":"SKIP","floor":30},{"not_picked":["TheCursedMod:ManaBullet","TheCursedMod:RapidMovement+1"],"picked":"TheCursedMod:SpitefulPlan+1","floor":35},{"not_picked":["TheCursedMod:RapidMovement+1","TheCursedMod:RavingStaff+1","TheCursedMod:CursedShiv"],"picked":"SKIP","floor":38},{"not_picked":["TheCursedMod:VitalStrike+1","TheCursedMod:SpitefulPray+1","TheCursedMod:ManaBullet+1"],"picked":"SKIP","floor":39},{"not_picked":["TheCursedMod:CursedAmulet+1","TheCursedMod:CursedShiv","TheCursedMod:RapidMovement+1"],"picked":"SKIP","floor":40},{"not_picked":["TheCursedMod:CursedStaff+1","TheCursedMod:CursedBoomerang+1","TheCursedMod:CursedAmulet+1"],"picked":"SKIP","floor":41},{"not_picked":["TheCursedMod:Wield","TheCursedMod:CursedMace","TheCursedMod:Torture"],"picked":"SKIP","floor":42},{"not_picked":["TheCursedMod:VitalStrike+1","TheCursedMod:AbyssShockwave+1","TheCursedMod:HellsGateOpen"],"picked":"SKIP","floor":44},{"not_picked":["TheCursedMod:VitalStrike+1","TheCursedMod:CursedAmulet"],"picked":"TheCursedMod:SpreadPlague+1","floor":45},{"not_picked":["TheCursedMod:Hemoplague","TheCursedMod:Stretching","TheCursedMod:CursedStaff"],"picked":"SKIP","floor":46},{"not_picked":["TheCursedMod:CursedMace","TheCursedMod:TroublousMinions+1","TheCursedMod:Stretching+1"],"picked":"SKIP","floor":47}],"player_experience":427165,"relics_obtained":[{"floor":7,"key":"hubris:MysteriousPyramids"},{"floor":9,"key":"DemoMod:PinkGuonStone"},{"floor":15,"key":"BelialBook"},{"floor":18,"key":"MawBank"},{"floor":20,"key":"vexMod:BarristanHead"},{"floor":21,"key":"hubris:Metronome"},{"floor":22,"key":"vexMod:ScavengeHelm"},{"floor":23,"key":"hubris:DuctTape"},{"floor":23,"key":"Strawberry"},{"floor":26,"key":"DemoMod:SuperHotWatch"},{"floor":27,"key":"Pet Ghost"},{"floor":28,"key":"Chameleon Ring"},{"floor":28,"key":"hubris:PeanutButter"},{"floor":30,"key":"DemoMod:MeltedRock"},{"floor":38,"key":"Replay:Baseball"},{"floor":39,"key":"Whetstone"},{"floor":40,"key":"TheBible"},{"floor":40,"key":"War Paint"},{"floor":41,"key":"Juzu Bracelet"},{"floor":42,"key":"Potion Belt"},{"floor":44,"key":"hubris:SlimyHat"},{"floor":45,"key":"Bronze Scales"},{"floor":46,"key":"TheCursedMod:MagicCandle"},{"floor":47,"key":"Replay:Wax Seal"}],"event_choices":[{"damage_healed":0,"gold_gain":0,"player_choice":"Grow","damage_taken":0,"max_hp_gain":0,"max_hp_loss":0,"event_name":"Living Wall","floor":4,"gold_loss":0,"cards_upgraded":["TheCursedMod:CursedWand"]}],"is_beta":false,"boss_relics":[{"not_picked":["vexMod:NewClearReactor","Pandora\u0027s Box"],"picked":"DemoMod:RiddleOfLead"},{"not_picked":[]},{"not_picked":["Runic Dome","vexMod:EndlessSickness"],"picked":"ChewingGum"},{"not_picked":[]}],"items_purged_floors":[],"is_endless":false,"potions_floor_spawned":[1,13,14,16,20,22,23,27,33,35,38,44,46,47],"ascension_level":0}}