{"host":"ep8kbvo88bv3k2ot","time":1607698539,"event":{"mods":["AchievementEnabler","BaseMod","Better Note","Colored Powertips","Minty Spire (QoL Compilation)","Permanent Neow","StSLib"],"gold_per_floor":[114,114,126,51,63,63,77,106,106,6,19,94,94,118,118,222,222,234,48,48,148,161,161,161],"floor_reached":23,"playtime":1674,"items_purged":["Strike_B","Strike_B","Defend_B"],"score":248,"play_id":"658c0f3a-45e3-427e-aa88-1a133aecf085","local_time":"20201211155539","is_ascension_mode":true,"campfire_choices":[{"data":"Zap","floor":6.0,"key":"SMITH"},{"floor":13.0,"key":"REST"},{"floor":15.0,"key":"REST"}],"circlet_count":0,"master_deck":["Strike_B","Strike_B","Defend_B","Defend_B","Defend_B","Zap+1","Dualcast+1","Electrodynamics","Capacitor","Conserve Battery","Conserve Battery","Machine Learning","Melter"],"relics":["Cracked Core","CeramicFish","Bag of Preparation","SlaversCollar"],"acts_visited":["Exordium","TheCity"],"potions_floor_usage":[16,16,16,23],"damage_taken":[{"damage":0.0,"enemies":"Small Slimes","floor":1.0,"turns":2.0},{"damage":0.0,"enemies":"Cultist","floor":3.0,"turns":3.0},{"damage":0.0,"enemies":"2 Louse","floor":5.0,"turns":1.0},{"damage":9.0,"enemies":"Red Slaver","floor":7.0,"turns":3.0},{"damage":13.0,"enemies":"Lagavulin","floor":8.0,"turns":6.0},{"damage":11.0,"enemies":"Large Slime","floor":11.0,"turns":4.0},{"damage":1.0,"enemies":"Exordium Thugs","floor":14.0,"turns":3.0},{"damage":19,"enemies":"Hexaghost","floor":16,"turns":6},{"damage":24,"enemies":"Chosen","floor":18,"turns":6},{"damage":6,"enemies":"3 Byrds","floor":22,"turns":2},{"damage":44,"enemies":"Slavers","floor":23,"turns":3}],"seed_played":"602116908865164088","potions_obtained":[{"floor":1.0,"key":"EssenceOfDarkness"},{"floor":3.0,"key":"AttackPotion"},{"floor":11.0,"key":"BlessingOfTheForge"},{"floor":22,"key":"Energy Potion"}],"is_trial":false,"path_per_floor":["M","?","M","$","M","R","M","E","T","$","M","?","R","M","R","B",null,"M","$","?","?","M","E"],"character_chosen":"DEFECT","items_purchased":["Melter"],"campfire_rested":2,"item_purchase_floors":[19],"current_hp_per_floor":[68,68,68,68,68,68,59,46,46,46,35,24,46,45,67,48,68,44,44,44,44,38,0,0],"gold":161,"neow_bonus":"ONE_RANDOM_RARE_CARD","is_daily":false,"chose_seed":false,"campfire_upgraded":1,"win_rate":0.0,"timestamp":1607698539,"path_taken":["M","?","?","$","M","R","?","E","T","?","M","?","R","M","R","BOSS","M","$","?","?","?","E"],"items_purchased_type":["Card"],"build_version":"2020-11-30","purchased_purges":3,"victory":false,"max_hp_per_floor":[75,75,75,75,75,75,75,75,75,75,75,75,75,75,75,75,75,75,75,75,75,75,75,75],"card_choices":[{"not_picked":["Sweeping Beam","Go for the Eyes"],"picked":"Capacitor","floor":1.0},{"not_picked":["Skim","Compile Driver","Rebound"],"picked":"SKIP","floor":3.0},{"not_picked":["Streamline","Steam","Tempest"],"picked":"SKIP","floor":5.0},{"not_picked":["Go for the Eyes","Beam Cell"],"picked":"Conserve Battery","floor":7.0},{"not_picked":["Coolheaded","Sweeping Beam","Loop"],"picked":"SKIP","floor":8.0},{"not_picked":["Fusion","Stack","Meteor Strike"],"picked":"SKIP","floor":11.0},{"not_picked":["Compile Driver","Cold Snap"],"picked":"Conserve Battery","floor":14.0},{"not_picked":["Meteor Strike","Rainbow"],"picked":"Machine Learning","floor":16},{"not_picked":["Redo","Cold Snap+1","Beam Cell"],"picked":"SKIP","floor":18},{"not_picked":["Hologram","Coolheaded","Compile Driver"],"picked":"SKIP","floor":22}],"player_experience":447265,"relics_obtained":[{"floor":8.0,"key":"CeramicFish"},{"floor":9.0,"key":"Bag of Preparation"}],"event_choices":[{"damage_healed":0.0,"max_hp_gain":0.0,"max_hp_loss":0.0,"gold_gain":0.0,"event_name":"Upgrade Shrine","player_choice":"Upgraded","floor":2.0,"gold_loss":0.0,"damage_taken":0.0,"cards_upgraded":["Dualcast"]},{"damage_healed":0.0,"max_hp_gain":0.0,"max_hp_loss":0.0,"gold_gain":75.0,"event_name":"World of Goop","player_choice":"Gather Gold","floor":12.0,"gold_loss":0.0,"damage_taken":11.0},{"cards_removed":["Strike_B"],"damage_healed":0,"gold_gain":0,"player_choice":"Give","damage_taken":0,"max_hp_gain":0,"max_hp_loss":0,"event_name":"betterNote:BetterNote","floor":20,"gold_loss":0,"cards_obtained":["All For One"]},{"damage_healed":0,"gold_gain":100,"player_choice":"Pray","damage_taken":0,"max_hp_gain":0,"max_hp_loss":0,"event_name":"Golden Shrine","floor":21,"gold_loss":0}],"is_beta":false,"boss_relics":[{"not_picked":["Ectoplasm","Busted Crown"],"picked":"SlaversCollar"}],"items_purged_floors":[4,10,19],"is_endless":false,"potions_floor_spawned":[1,3,11,22],"killed_by":"Slavers","ascension_level":6}}