{"host":"usrgk25etjl0nf5i","time":1607660865,"event":{"mods":["2.2 Compatiblity","BaseMod","Downfall","Hermit","Hubris","Minty Spire (QoL Compilation)","StSLib","SuperFastMode","The Disciple","The Hierophant"],"gold_per_floor":[113,128,128,207,207,233,31,59,127,137,137,137,137,137],"floor_reached":13,"playtime":471,"items_purged":[],"score":109,"play_id":"70ba05ed-816f-49c7-bbd1-318ddf300d2d","local_time":"20201210202745","is_ascension_mode":true,"campfire_choices":[{"floor":12,"key":"REST"}],"circlet_count":0,"master_deck":["hermit:Strike_Hermit","hermit:Strike_Hermit","hermit:Strike_Hermit","hermit:Strike_Hermit","hermit:Defend_Hermit","hermit:Defend_Hermit","hermit:Defend_Hermit","hermit:Defend_Hermit","hermit:Snapshot","hermit:Covet","Pain","Panache","hermit:Misfire","hermit:Enervate","hermit:ShadowCloak","hermit:Determination","hermit:OverwhelmingPower","hermit:HoleUp","hermit:Quickdraw","hermit:Combo"],"relics":["hermit:Momento","hubris:Icosahedron","Orichalcum","hubris:CuriousFeather","Sundial","Nunchaku"],"acts_visited":["Exordium"],"potions_floor_usage":[8],"damage_taken":[{"damage":5,"enemies":"Cultist","floor":1,"turns":4},{"damage":3,"enemies":"2 Louse","floor":2,"turns":2},{"damage":40,"enemies":"3 Sentries","floor":6,"turns":13},{"damage":22,"enemies":"Lagavulin","floor":8,"turns":8},{"damage":3,"enemies":"Small Slimes","floor":10,"turns":3},{"damage":24,"enemies":"3 Sentries","floor":13,"turns":6}],"seed_played":"9085704843414695338","potions_obtained":[{"floor":6,"key":"hermit:Tonic"},{"floor":10,"key":"DuplicationPotion"}],"is_trial":false,"path_per_floor":["M","M","?","?","?","E","$","E","T","M","?","R","E"],"character_chosen":"HERMIT","items_purchased":["hermit:OverwhelmingPower","hermit:HoleUp"],"campfire_rested":1,"item_purchase_floors":[7,7],"current_hp_per_floor":[70,67,67,67,67,27,27,5,5,2,2,24,0,0],"gold":137,"neow_bonus":"RANDOM_COLORLESS_2","is_daily":false,"chose_seed":false,"campfire_upgraded":0,"win_rate":0.0,"timestamp":1607660865,"path_taken":["M","M","?","?","?","E","?","E","T","M","?","R","E"],"items_purchased_type":["Card","Card"],"build_version":"2020-11-30","purchased_purges":0,"victory":false,"max_hp_per_floor":[75,75,75,75,75,75,75,75,75,75,75,75,75,75],"card_choices":[{"not_picked":["Transmutation","expansioncontent:StudyTheSpire"],"picked":"Panache","floor":0},{"not_picked":["hermit:CalledShot","hermit:TakeCover"],"picked":"hermit:Misfire","floor":1},{"not_picked":["hermit:Headshot","hermit:DeadMansHand"],"picked":"hermit:Enervate","floor":2},{"not_picked":["hermit:LuckOfTheDraw","hermit:Vantage"],"picked":"hermit:Determination","floor":6},{"not_picked":["hermit:Desperado","hermit:Showdown"],"picked":"hermit:Quickdraw","floor":8},{"not_picked":["hermit:LuckOfTheDraw","hermit:Feint"],"picked":"hermit:Combo","floor":10}],"player_experience":626112,"relics_obtained":[{"floor":6,"key":"Orichalcum"},{"floor":8,"key":"hubris:CuriousFeather"},{"floor":9,"key":"Sundial"}],"event_choices":[{"damage_healed":0,"gold_gain":79,"player_choice":"Gained Gold","damage_taken":0,"max_hp_gain":0,"max_hp_loss":0,"event_name":"Golden Wing","floor":4,"gold_loss":0},{"damage_healed":0,"gold_gain":0,"player_choice":"Gave Potion","damage_taken":0,"relics_obtained":["Nunchaku"],"max_hp_gain":0,"max_hp_loss":0,"event_name":"WeMeetAgain","floor":11,"gold_loss":0}],"is_beta":false,"boss_relics":[],"items_purged_floors":[],"is_endless":false,"potions_floor_spawned":[6,10],"killed_by":"3 Sentries","ascension_level":4}}