{"host":"y76clbnovzmw9ubx","time":1607649326,"event":{"mods":["AchievementEnabler","BaseMod","Minty Spire (QoL Compilation)","Permanent Neow","Relic Stats"],"gold_per_floor":[112,126,126,150,150,150,191,191,217,233,273,287,308,332,332,423,423,442,442,442],"floor_reached":19,"playtime":2139,"items_purged":[],"score":362,"play_id":"f985f084-fd0c-4a93-9bfa-2e50a1ae9c4c","local_time":"20201210201526","is_ascension_mode":true,"campfire_choices":[{"data":"Bash","floor":6,"key":"SMITH"},{"data":"Inflame","floor":8,"key":"SMITH"},{"floor":15,"key":"REST"}],"circlet_count":0,"master_deck":["AscendersBane","Strike_R","Strike_R","Strike_R","Strike_R","Strike_R","Defend_R","Defend_R","Defend_R","Defend_R","Bash+1","CurseOfTheBell","Rampage","Inflame+1","Feel No Pain","Offering","Headbutt","Pommel Strike","Heavy Blade","Demon Form","Reaper","Armaments"],"relics":["Calling Bell","Tiny Chest","Question Card","Mango","Golden Idol","Centennial Puzzle","Anchor","Busted Crown"],"acts_visited":["Exordium","TheCity"],"potions_floor_usage":[7,10,14,16,16,16],"damage_taken":[{"damage":7,"enemies":"2 Louse","floor":1,"turns":3},{"damage":3,"enemies":"Small Slimes","floor":2,"turns":4},{"damage":1,"enemies":"Cultist","floor":4,"turns":3},{"damage":20,"enemies":"Gremlin Nob","floor":7,"turns":4},{"damage":10,"enemies":"Exordium Thugs","floor":10,"turns":4},{"damage":16,"enemies":"3 Sentries","floor":11,"turns":12},{"damage":0,"enemies":"2 Fungi Beasts","floor":12,"turns":3},{"damage":18,"enemies":"Gremlin Gang","floor":13,"turns":4},{"damage":0,"enemies":"Large Slime","floor":14,"turns":3},{"damage":29,"enemies":"Hexaghost","floor":16,"turns":7},{"damage":52,"enemies":"3 Byrds","floor":18,"turns":7},{"damage":17,"enemies":"Spheric Guardian","floor":19,"turns":3}],"seed_played":"-3651206319384829087","potions_obtained":[{"floor":1,"key":"FairyPotion"},{"floor":4,"key":"Block Potion"},{"floor":5,"key":"Fire Potion"},{"floor":12,"key":"AttackPotion"},{"floor":14,"key":"EntropicBrew"},{"floor":16,"key":"Energy Potion"},{"floor":18,"key":"LiquidBronze"}],"is_trial":false,"path_per_floor":["M","M","?","M","?","R","E","R","T","M","E","M","M","M","R","B",null,"M","M"],"character_chosen":"IRONCLAD","items_purchased":[],"campfire_rested":1,"item_purchase_floors":[],"current_hp_per_floor":[75,72,72,71,71,71,51,51,51,41,25,25,7,7,31,2,61,15,0,0],"gold":442,"neow_bonus":"BOSS_RELIC","is_daily":false,"chose_seed":false,"campfire_upgraded":2,"win_rate":0.0,"timestamp":1607649326,"path_taken":["M","M","?","M","?","R","E","R","T","M","E","M","M","?","R","BOSS","M","M"],"items_purchased_type":[],"build_version":"2020-11-30","purchased_purges":0,"victory":false,"max_hp_per_floor":[89,89,81,81,81,81,81,81,81,81,81,81,81,81,81,81,81,81,81,81],"relic_stats":{"Centennial Puzzle":[18],"Busted Crown":2,"counters":[12,57],"Golden Idol":58,"Tiny Chest":0,"Question Card":11,"obtain_stats":[{"Calling Bell":0,"Centennial Puzzle":7,"Anchor":11,"Busted Crown":17,"Golden Idol":3,"Tiny Chest":0,"Mango":0,"Question Card":0,"Burning Blood":0},{"Calling Bell":0,"Centennial Puzzle":4,"Anchor":6,"Busted Crown":10,"Golden Idol":2,"Tiny Chest":0,"Mango":0,"Question Card":0,"Burning Blood":0},{"Calling Bell":0,"Centennial Puzzle":14,"Anchor":30,"Busted Crown":47,"Golden Idol":7,"Tiny Chest":0,"Mango":0,"Question Card":0,"Burning Blood":0}]},"card_choices":[{"not_picked":["Clash","Headbutt","Pommel Strike"],"picked":"Rampage","floor":1},{"not_picked":["Havoc","Body Slam","Sentinel"],"picked":"Inflame","floor":2},{"not_picked":["Bloodletting","Iron Wave","Cleave"],"picked":"Feel No Pain","floor":4},{"not_picked":["Armaments","Iron Wave","Headbutt","Evolve"],"picked":"SKIP","floor":7},{"not_picked":["Headbutt","Dual Wield","Thunderclap"],"picked":"Offering","floor":10},{"not_picked":["Perfected Strike","Warcry","Sever Soul"],"picked":"Headbutt","floor":11},{"not_picked":["Perfected Strike","Armaments","Dark Embrace"],"picked":"Pommel Strike","floor":12},{"not_picked":["Cleave","Clash","Sentinel"],"picked":"Heavy Blade","floor":13},{"not_picked":["Second Wind","Sword Boomerang","Cleave"],"picked":"Demon Form","floor":14},{"not_picked":["Bludgeon","Feed","Immolate"],"picked":"Reaper","floor":16},{"not_picked":["Iron Wave"],"picked":"Armaments","floor":18}],"player_experience":2803273,"relics_obtained":[{"floor":0,"key":"Tiny Chest"},{"floor":0,"key":"Question Card"},{"floor":0,"key":"Mango"},{"floor":7,"key":"Centennial Puzzle"},{"floor":11,"key":"Anchor"}],"event_choices":[{"damage_healed":0,"gold_gain":0,"player_choice":"Lose Max HP","damage_taken":0,"relics_obtained":["Golden Idol"],"max_hp_gain":0,"max_hp_loss":8,"event_name":"Golden Idol","floor":3,"gold_loss":0},{"damage_healed":0,"gold_gain":0,"player_choice":"Got Potions","damage_taken":0,"max_hp_gain":0,"max_hp_loss":0,"event_name":"Lab","floor":5,"gold_loss":0}],"is_beta":false,"boss_relics":[{"not_picked":["Philosopher\u0027s Stone","Pandora\u0027s Box"],"picked":"Busted Crown"}],"items_purged_floors":[],"is_endless":false,"potions_floor_spawned":[1,4,12,14,16,18],"killed_by":"Spheric Guardian","ascension_level":20}}