{"host":"e4hse1vg61zltgzv","time":1607663053,"event":{"mods":["AchievementEnabler","BaseMod","Block Reminder","Colored Map","DeckTracker","GifTheSpireLib","Minty Spire (QoL Compilation)","Rare Cards Sparkle","StSLib","SuperFastMode","everything is the same but u backflip on backflip"],"gold_per_floor":[115,115,133,133,133,133,168,77,77,94,94,44,76,94,94,168,168,182,182,132,132,148,179,179,129,184,184,199,199,214,227,227,303,303,314,327,277,290,302,302,314,314,394,394,394,422,439,472,472,472,472,472,472,43,71,71,71],"floor_reached":56,"playtime":5316,"items_purged":["Strike_G","Defend_G","Strike_G+1","Quick Slash","Dagger Spray","Storm of Steel+1"],"score":2070,"play_id":"2c3af091-a5a1-41c6-987b-7c2630226826","local_time":"20201211140413","is_ascension_mode":true,"campfire_choices":[{"floor":6.0,"key":"REST"},{"data":"Cloak And Dagger","floor":15.0,"key":"SMITH"},{"data":"Night Terror","floor":24,"key":"SMITH"},{"data":"Blade Dance","floor":27,"key":"SMITH"},{"data":"Malaise","floor":29,"key":"SMITH"},{"floor":32,"key":"REST"},{"floor":40,"key":"RECALL"},{"data":"Neutralize","floor":42,"key":"SMITH"},{"data":"Storm of Steel","floor":44,"key":"SMITH"},{"data":"After Image","floor":49,"key":"SMITH"},{"data":"Defend_G","floor":53,"key":"SMITH"}],"circlet_count":0,"master_deck":["AscendersBane","Defend_G+1","Defend_G+1","Defend_G+1","Survivor+1","Neutralize+1","Blade Dance+1","Night Terror+1","Accuracy+1","Cloak And Dagger+1","Malaise+1","Infinite Blades+1","Blade Dance+1","After Image+1","Purity","Deflect+1"],"relics":["Ring of the Snake","Smiling Mask","Shuriken","FossilizedHelix","Cursed Key","Toy Ornithopter","Kunai","Omamori","HoveringKite","Calling Bell","War Paint","Letter Opener","Pocketwatch","Eternal Feather","PreservedInsect","Orrery","Ninja Scroll"],"acts_visited":["Exordium","TheCity","TheBeyond","TheBeyond","TheEnding"],"potions_floor_usage":[23,23,35,47,50,50,55,56],"damage_taken":[{"damage":0.0,"enemies":"Jaw Worm","floor":1.0,"turns":4.0},{"damage":0.0,"enemies":"Small Slimes","floor":3.0,"turns":3.0},{"damage":31.0,"enemies":"3 Sentries","floor":7.0,"turns":10.0},{"damage":0.0,"enemies":"2 Louse","floor":10.0,"turns":2.0},{"damage":0.0,"enemies":"Lagavulin","floor":13.0,"turns":5.0},{"damage":0.0,"enemies":"Blue Slaver","floor":14.0,"turns":2.0},{"damage":14.0,"enemies":"The Guardian","floor":16.0,"turns":8.0},{"damage":8.0,"enemies":"Spheric Guardian","floor":18.0,"turns":5.0},{"damage":0.0,"enemies":"Shell Parasite","floor":22.0,"turns":4.0},{"damage":36,"enemies":"Slavers","floor":23,"turns":4},{"damage":0,"enemies":"Snecko","floor":28,"turns":2},{"damage":10,"enemies":"Snake Plant","floor":30,"turns":3},{"damage":0,"enemies":"3 Cultists","floor":31,"turns":2},{"damage":0,"enemies":"Collector","floor":33,"turns":4},{"damage":0,"enemies":"3 Darklings","floor":35,"turns":3},{"damage":0,"enemies":"Orb Walker","floor":36,"turns":2},{"damage":4,"enemies":"Jaw Worm Horde","floor":38,"turns":3},{"damage":6,"enemies":"3 Darklings","floor":39,"turns":5},{"damage":0,"enemies":"Transient","floor":41,"turns":6},{"damage":0,"enemies":"Nemesis","floor":46,"turns":5},{"damage":20,"enemies":"4 Shapes","floor":47,"turns":4},{"damage":0,"enemies":"Reptomancer","floor":48,"turns":6},{"damage":43,"enemies":"Donu and Deca","floor":50,"turns":7},{"damage":10,"enemies":"Time Eater","floor":51,"turns":12},{"damage":22,"enemies":"Shield and Spear","floor":55,"turns":5},{"damage":75,"enemies":"The Heart","floor":56,"turns":3}],"seed_played":"-2159761588741994239","potions_obtained":[{"floor":1.0,"key":"LiquidBronze"},{"floor":16.0,"key":"PowerPotion"},{"floor":22.0,"key":"SpeedPotion"},{"floor":23,"key":"SneckoOil"},{"floor":30,"key":"Energy Potion"},{"floor":35,"key":"SkillPotion"},{"floor":46,"key":"Regen Potion"},{"floor":48,"key":"Explosive Potion"}],"is_trial":false,"path_per_floor":["M","?","M","?","?","R","E","$","T","M","?","$","E","M","R","B",null,"M","?","$","T","M","E","R","$","T","R","M","R","M","M","R","B",null,"M","M","$","M","M","R","M","R","T","R","?","E","M","E","R","B","B",null,"R","$","E","B"],"character_chosen":"THE_SILENT","items_purchased":["Accuracy","Purity","Dexterity Potion","SkillPotion","Orrery"],"campfire_rested":2,"item_purchase_floors":[8,54,54,54,54],"current_hp_per_floor":[44,37,37,37,17,36,5,5,5,5,27,27,27,27,27,13,53,45,45,45,45,45,19,19,19,19,19,19,19,9,9,28,28,64,66,66,66,62,56,56,56,56,56,56,56,56,41,41,50,31,21,55,64,64,47,0,0],"gold":71,"neow_bonus":"TRANSFORM_TWO_CARDS","is_daily":false,"chose_seed":false,"campfire_upgraded":8,"win_rate":0.0,"timestamp":1607663053,"path_taken":["M","?","M","?","?","R","E","$","T","?","?","$","E","M","R","BOSS","M","?","$","?","M","E","R","$","T","R","?","R","M","M","R","BOSS","M","M","$","?","M","R","M","R","T","R","?","E","M","E","R","BOSS","BOSS","R","$","E","BOSS"],"items_purchased_type":["Card","Card","Potion","Potion","Relic"],"build_version":"2020-11-30","purchased_purges":6,"victory":false,"max_hp_per_floor":[66,66,66,66,66,66,66,66,66,66,66,66,66,66,66,66,66,66,66,66,66,66,66,66,66,66,66,66,66,66,66,66,66,66,66,66,66,66,66,66,66,66,66,66,66,66,66,66,66,66,66,66,66,66,66,66,66],"card_choices":[{"not_picked":["Infinite Blades","Cloak And Dagger","Bane"],"picked":"SKIP","floor":1.0},{"not_picked":["Setup","Calculated Gamble"],"picked":"Blade Dance","floor":3.0},{"not_picked":["Dodge and Roll","Slice","Quick Slash"],"picked":"SKIP","floor":7.0},{"not_picked":["Dodge and Roll","Dagger Spray","Caltrops"],"picked":"SKIP","floor":10.0},{"not_picked":["Dash","Unload"],"picked":"Cloak And Dagger","floor":13.0},{"not_picked":["Reflex","Outmaneuver","Deadly Poison"],"picked":"SKIP","floor":14.0},{"not_picked":["Venomology","Night Terror"],"picked":"Malaise","floor":16.0},{"not_picked":["Dagger Spray","Prepared+1","Sucker Punch"],"picked":"SKIP","floor":18.0},{"not_picked":["Quick Slash","Deflect","Sucker Punch"],"picked":"SKIP","floor":22.0},{"not_picked":["Bouncing Flask","Cloak And Dagger"],"picked":"Storm of Steel","floor":23},{"not_picked":["Caltrops","Quick Slash+1","Accuracy"],"picked":"SKIP","floor":28},{"not_picked":["Prepared","Sucker Punch","Slice"],"picked":"SKIP","floor":30},{"not_picked":["Distraction","Cloak And Dagger","Bane"],"picked":"SKIP","floor":31},{"not_picked":["Slice","Prepared","Deflect"],"picked":"SKIP","floor":35},{"not_picked":["Footwork+1","All Out Attack","Underhanded Strike+1"],"picked":"SKIP","floor":36},{"not_picked":["Bane","Setup","Dodge and Roll+1"],"picked":"SKIP","floor":38},{"not_picked":["Expertise","Endless Agony","Poisoned Stab+1"],"picked":"SKIP","floor":39},{"not_picked":["Setup+1","Prepared"],"picked":"Infinite Blades+1","floor":41},{"not_picked":["Deadly Poison","Masterful Stab+1","Blade Dance"],"picked":"SKIP","floor":46},{"not_picked":["Slice","Bouncing Flask"],"picked":"After Image","floor":47},{"not_picked":["PiercingWail","Underhanded Strike","Outmaneuver"],"picked":"SKIP","floor":48},{"not_picked":["Bane","Acrobatics"],"picked":"Deflect+1","floor":54},{"not_picked":["Bouncing Flask","A Thousand Cuts","Calculated Gamble"],"picked":"SKIP","floor":55}],"player_experience":720601,"relics_obtained":[{"floor":7.0,"key":"Smiling Mask"},{"floor":9.0,"key":"Shuriken"},{"floor":13.0,"key":"FossilizedHelix"},{"floor":21.0,"key":"Toy Ornithopter"},{"floor":23,"key":"Kunai"},{"floor":26,"key":"Omamori"},{"floor":34,"key":"War Paint"},{"floor":34,"key":"Letter Opener"},{"floor":34,"key":"Pocketwatch"},{"floor":46,"key":"Eternal Feather"},{"floor":48,"key":"PreservedInsect"},{"floor":55,"key":"Ninja Scroll"}],"event_choices":[{"cards_removed":["Strike_G"],"damage_healed":0.0,"max_hp_gain":0.0,"max_hp_loss":0.0,"gold_gain":0.0,"event_name":"Golden Wing","player_choice":"Card Removal","floor":2.0,"gold_loss":0.0,"damage_taken":7.0},{"damage_healed":0.0,"max_hp_gain":0.0,"max_hp_loss":0.0,"gold_gain":0.0,"cards_transformed":["Strike_G"],"event_name":"Living Wall","player_choice":"Change","floor":4.0,"gold_loss":0.0,"damage_taken":0.0,"cards_obtained":["Night Terror"]},{"damage_healed":0.0,"max_hp_gain":0.0,"max_hp_loss":0.0,"gold_gain":0.0,"event_name":"Shining Light","player_choice":"Entered Light","floor":5.0,"gold_loss":0.0,"damage_taken":20.0,"cards_upgraded":["Defend_G","Strike_G"]},{"damage_healed":22.0,"max_hp_gain":0.0,"max_hp_loss":0.0,"gold_gain":0.0,"event_name":"Big Fish","player_choice":"Banana","floor":11.0,"gold_loss":0.0,"damage_taken":0.0},{"damage_healed":0.0,"max_hp_gain":0.0,"max_hp_loss":0.0,"gold_gain":0.0,"event_name":"Upgrade Shrine","player_choice":"Upgraded","floor":19.0,"gold_loss":0.0,"damage_taken":0.0,"cards_upgraded":["Accuracy"]},{"damage_healed":0,"gold_gain":0,"player_choice":"Copied","damage_taken":0,"max_hp_gain":0,"max_hp_loss":0,"event_name":"Duplicator","floor":45,"gold_loss":0,"cards_obtained":["Blade Dance"]}],"is_beta":false,"boss_relics":[{"not_picked":["Velvet Choker","Fusion Hammer"],"picked":"Cursed Key"},{"not_picked":["Pandora\u0027s Box","Calling Bell"],"picked":"HoveringKite"}],"items_purged_floors":[8,12,20,25,37,54],"is_endless":false,"potions_floor_spawned":[1,16,22,23,30,35,38,46,48],"killed_by":"The Heart","ascension_level":20}}