{"host":"wc8dlsuapnihxz7u","time":1607727453,"event":{"mods":["2.2 Compatiblity","AchievementEnabler","AlwaysNeverKeys","BaseMod","Better Altar","BetterRewards","GifTheSpireLib","Minty Spire (QoL Compilation)","Permanent Neow","Quick Restart","StSLib","SuperFastMode"],"gold_per_floor":[115,125,125,136,152,181,181,29,29,29,45,45,45,61,61,165,165,183,30,129,54,54,85,85,111,111,111,124,141,159,159,159,256,256,275,291,291,310,64,64,90,105,105,105,119,119,119],"floor_reached":46,"playtime":1324,"items_purged":["Strike_R","Decay"],"score":515,"play_id":"c88d8bfd-3b20-41f3-b3e5-559e0e7d671a","local_time":"20201211175733","is_ascension_mode":false,"campfire_choices":[{"floor":7,"key":"REST"},{"data":"Flex","floor":15,"key":"SMITH"},{"floor":24,"key":"REST"},{"floor":32,"key":"REST"},{"data":"Infernal Blade","floor":40,"key":"SMITH"}],"circlet_count":0,"master_deck":["Strike_R+1","Strike_R","Strike_R","Strike_R","Defend_R","Defend_R","Defend_R","Defend_R","Bash","Double Tap+1","Whirlwind","Flex+1","Flex+1","Heavy Blade","Heavy Blade+1","Pommel Strike","Double Tap","Infernal Blade+1","Flex+1","Shrug It Off+1","Sword Boomerang+1","Pommel Strike+1"],"relics":["Black Blood","Shuriken","HandDrill","Mercury Hourglass","Sozu","Whetstone","Nilry\u0027s Codex","Pen Nib","StoneCalendar","Dead Branch","Bronze Scales","Oddly Smooth Stone","Pantograph"],"acts_visited":["Exordium","TheCity","TheBeyond"],"potions_floor_usage":[6,16],"damage_taken":[{"damage":1,"enemies":"Jaw Worm","floor":1,"turns":6},{"damage":6,"enemies":"Cultist","floor":2,"turns":3},{"damage":3,"enemies":"Small Slimes","floor":4,"turns":2},{"damage":10,"enemies":"Looter","floor":5,"turns":3},{"damage":36,"enemies":"Lagavulin","floor":6,"turns":4},{"damage":0,"enemies":"2 Fungi Beasts","floor":11,"turns":2},{"damage":0,"enemies":"Large Slime","floor":14,"turns":4},{"damage":69,"enemies":"Hexaghost","floor":16,"turns":8},{"damage":0,"enemies":"Chosen","floor":18,"turns":3},{"damage":31,"enemies":"Gremlin Leader","floor":23,"turns":3},{"damage":36,"enemies":"Book of Stabbing","floor":25,"turns":4},{"damage":0,"enemies":"Spheric Guardian","floor":28,"turns":1},{"damage":7,"enemies":"Chosen and Byrds","floor":29,"turns":3},{"damage":0,"enemies":"Snake Plant","floor":30,"turns":1},{"damage":44,"enemies":"Automaton","floor":33,"turns":5},{"damage":14,"enemies":"3 Shapes","floor":35,"turns":4},{"damage":9,"enemies":"Orb Walker","floor":36,"turns":3},{"damage":24,"enemies":"Transient","floor":38,"turns":5},{"damage":8,"enemies":"Giant Head","floor":41,"turns":4},{"damage":21,"enemies":"3 Darklings","floor":42,"turns":4},{"damage":20,"enemies":"Spire Growth","floor":45,"turns":3},{"damage":51,"enemies":"Nemesis","floor":46,"turns":3}],"seed_played":"5583388621649562565","potions_obtained":[{"floor":1,"key":"PowerPotion"},{"floor":6,"key":"Ancient Potion"},{"floor":11,"key":"DuplicationPotion"},{"floor":14,"key":"SmokeBomb"}],"is_trial":false,"path_per_floor":["M","M","?","M","M","E","R","$","T","?","M","?","?","M","R","B",null,"M","$","?","$","?","E","R","E","T","?","M","M","M","?","R","B",null,"M","M","?","M","$","R","E","M","T","?","M","E"],"character_chosen":"IRONCLAD","items_purchased":["HandDrill","Whetstone","Bronze Scales"],"campfire_rested":3,"item_purchase_floors":[8,19,39],"current_hp_per_floor":[72,72,72,72,68,38,59,59,59,59,65,65,65,71,71,8,72,72,72,72,72,56,31,52,22,22,22,28,27,33,57,72,34,72,70,72,72,60,60,60,64,55,55,55,47,0,0],"gold":119,"neow_bonus":"THREE_RARE_CARDS","is_daily":false,"chose_seed":false,"campfire_upgraded":2,"win_rate":0.0,"timestamp":1607727453,"path_taken":["M","M","?","M","?","E","R","?","T","?","M","?","?","M","R","BOSS","M","$","?","$","?","E","R","E","T","?","M","?","M","?","R","BOSS","M","M","?","M","$","R","E","M","T","?","M","E"],"items_purchased_type":["Relic","Relic","Relic"],"build_version":"2020-11-30","purchased_purges":2,"victory":false,"max_hp_per_floor":[72,72,72,72,72,72,72,72,72,72,72,72,72,72,72,72,72,72,72,72,72,72,72,72,72,72,72,72,72,72,72,72,72,72,72,72,72,72,72,72,72,72,72,68,68,68,68],"card_choices":[{"not_picked":["Corruption","Reaper"],"picked":"Double Tap","floor":0},{"not_picked":["Headbutt","Clothesline"],"picked":"Whirlwind","floor":1},{"not_picked":["Clothesline","Iron Wave"],"picked":"Flex","floor":2},{"not_picked":["Shrug It Off","Perfected Strike"],"picked":"Flex","floor":4},{"not_picked":["Shrug It Off","Searing Blow"],"picked":"Heavy Blade","floor":5},{"not_picked":["Sword Boomerang","Barricade"],"picked":"Heavy Blade","floor":6},{"not_picked":["Perfected Strike","Feel No Pain"],"picked":"Pommel Strike","floor":11},{"not_picked":["Dark Embrace","Clash","True Grit"],"picked":"SKIP","floor":14},{"not_picked":["Bludgeon","Offering"],"picked":"Double Tap","floor":16},{"not_picked":["Rupture","Blood for Blood"],"picked":"Infernal Blade","floor":18},{"not_picked":["Dropkick","Havoc+1","Clash"],"picked":"SKIP","floor":23},{"not_picked":["Blood for Blood","Rampage"],"picked":"Flex+1","floor":25},{"not_picked":["True Grit+1","Armaments","Anger"],"picked":"SKIP","floor":28},{"not_picked":["Headbutt","Thunderclap"],"picked":"Shrug It Off+1","floor":29},{"not_picked":["Twin Strike+1","Pommel Strike"],"picked":"Sword Boomerang+1","floor":30},{"not_picked":["Iron Wave+1","Evolve","Cleave+1"],"picked":"SKIP","floor":35},{"not_picked":["Wild Strike","Thunderclap+1","Iron Wave"],"picked":"SKIP","floor":36},{"not_picked":["Thunderclap+1","Sentinel+1","Anger"],"picked":"SKIP","floor":38},{"not_picked":["Power Through","Pommel Strike","Feed"],"picked":"SKIP","floor":41},{"not_picked":["Headbutt","Dropkick"],"picked":"Pommel Strike+1","floor":42},{"not_picked":["Uppercut+1","Headbutt+1","Havoc"],"picked":"SKIP","floor":45}],"player_experience":109716,"relics_obtained":[{"floor":6,"key":"Shuriken"},{"floor":9,"key":"Mercury Hourglass"},{"floor":22,"key":"Nilry\u0027s Codex"},{"floor":23,"key":"Pen Nib"},{"floor":25,"key":"StoneCalendar"},{"floor":26,"key":"Dead Branch"},{"floor":41,"key":"Oddly Smooth Stone"},{"floor":43,"key":"Pantograph"}],"event_choices":[{"damage_healed":0,"gold_gain":0,"player_choice":"Forge","damage_taken":0,"max_hp_gain":0,"max_hp_loss":0,"event_name":"Accursed Blacksmith","floor":3,"gold_loss":0,"cards_upgraded":["Double Tap"]},{"damage_healed":0,"gold_gain":0,"player_choice":"Ignored","damage_taken":0,"max_hp_gain":0,"max_hp_loss":0,"event_name":"Golden Idol","floor":10,"gold_loss":0},{"damage_healed":0,"gold_gain":0,"player_choice":"Grow","damage_taken":0,"max_hp_gain":0,"max_hp_loss":0,"event_name":"Living Wall","floor":12,"gold_loss":0,"cards_upgraded":["Flex"]},{"damage_healed":0,"gold_gain":0,"player_choice":"Leave","damage_taken":0,"max_hp_gain":0,"max_hp_loss":0,"event_name":"The Cleric","floor":13,"gold_loss":0},{"damage_healed":0,"gold_gain":99,"player_choice":"Stole From Cult","damage_taken":0,"max_hp_gain":0,"max_hp_loss":0,"event_name":"Nest","floor":20,"gold_loss":0},{"damage_healed":0,"gold_gain":0,"player_choice":"Obtained Book","damage_taken":16,"max_hp_gain":0,"max_hp_loss":0,"event_name":"Cursed Tome","floor":22,"gold_loss":0},{"damage_healed":0,"gold_gain":0,"player_choice":"Cursed","damage_taken":0,"max_hp_gain":0,"max_hp_loss":0,"event_name":"Wheel of Change","floor":27,"gold_loss":0,"cards_obtained":["Decay"]},{"damage_healed":24,"gold_gain":0,"player_choice":"Heal","damage_taken":0,"max_hp_gain":0,"max_hp_loss":0,"event_name":"The Library","floor":31,"gold_loss":0},{"damage_healed":0,"gold_gain":0,"player_choice":"Memory 1","damage_taken":0,"max_hp_gain":0,"max_hp_loss":0,"event_name":"SensoryStone","floor":37,"gold_loss":0},{"damage_healed":0,"gold_gain":0,"player_choice":"Max HP","damage_taken":0,"max_hp_gain":0,"max_hp_loss":4,"event_name":"Winding Halls","floor":44,"gold_loss":0}],"is_beta":false,"boss_relics":[{"not_picked":["Snecko Eye","Ectoplasm"],"picked":"Sozu"},{"not_picked":["Runic Dome","Fusion Hammer"],"picked":"Black Blood"}],"items_purged_floors":[21,39],"is_endless":false,"potions_floor_spawned":[1,6,11,14,18,25,38,41],"killed_by":"Nemesis","ascension_level":0}}