{"host":"egwexuw5uvnxf11j","time":1607658287,"event":{"mods":["2.2 Compatiblity","Aspiration","BaseMod","Better Altar","Better Note","Better Sensory Stone","Better Third Choice","Displayed Cursed Tome","Downfall","Hermit","Key Reminder","Koishi","Marisa????????","Minty Spire (QoL Compilation)","Quick Restart","Shade Mod","Spicy Shops","StSLib","The Construct","The Cursed","The Hierophant","The Runesmith","The Senshi","The Servant 0.9.4","Transform Curses"],"gold_per_floor":[111,111,121,296,296,331,331,346,346,364,379,392,392,392,392,490,490,415,427,18,18,18],"floor_reached":21,"playtime":967,"items_purged":[],"score":188,"play_id":"1b958dd1-d76d-4e5c-b6e4-9c694715a326","local_time":"20201210224447","is_ascension_mode":true,"campfire_choices":[{"floor":7,"key":"REST"},{"floor":13,"key":"REST"},{"floor":15,"key":"REST"}],"circlet_count":0,"master_deck":["hermit:Strike_Hermit","hermit:Strike_Hermit","hermit:Strike_Hermit","hermit:Strike_Hermit","hermit:Defend_Hermit","hermit:Defend_Hermit","hermit:Defend_Hermit+1","hermit:Defend_Hermit","hermit:Snapshot+1","hermit:Covet","hermit:SprayPray","hermit:Feint+1","Doubt","hermit:Feint","hermit:ShadowCloak","hermit:Misfire","hermit:ItchyTrigger","hermit:Brawl","Injury","hermit:Reprieve","hermit:Desperado+1","hermit:Vantage","hermit:Brawl"],"relics":["hermit:Momento","Oddly Smooth Stone","Lantern","White Beast Statue","Molten Egg 2","Black Star","PreservedInsect","TungstenRod"],"acts_visited":["Exordium","TheCity"],"potions_floor_usage":[10,16,16,16,17,19],"damage_taken":[{"damage":5,"enemies":"Jaw Worm","floor":1,"turns":3},{"damage":0,"enemies":"2 Louse","floor":3,"turns":3},{"damage":30,"enemies":"Gremlin Nob","floor":6,"turns":4},{"damage":0,"enemies":"Small Slimes","floor":8,"turns":4},{"damage":0,"enemies":"Blue Slaver","floor":10,"turns":1},{"damage":0,"enemies":"Large Slime","floor":11,"turns":6},{"damage":12,"enemies":"2 Fungi Beasts","floor":12,"turns":5},{"damage":5,"enemies":"Slime Boss","floor":16,"turns":9},{"damage":34,"enemies":"2 Thieves","floor":18,"turns":5},{"damage":26,"enemies":"Shell Parasite","floor":19,"turns":5},{"damage":40,"enemies":"Shelled Parasite and Fungi","floor":21,"turns":4}],"seed_played":"2048954332154397016","potions_obtained":[{"floor":3,"key":"SkillPotion"},{"floor":6,"key":"hexamod:EctoCoolerPotion"},{"floor":10,"key":"Dexterity Potion"},{"floor":11,"key":"CultistPotion"},{"floor":16,"key":"Fruit Juice"},{"floor":18,"key":"Fire Potion"},{"floor":19,"key":"BlessingOfTheForge"}],"is_trial":false,"path_per_floor":["M","?","M","?","?","E","R","M","T","M","M","M","R","?","R","B",null,"M","M","$","M"],"character_chosen":"HERMIT","items_purchased":["PreservedInsect","hermit:Brawl","TungstenRod"],"campfire_rested":3,"item_purchase_floors":[20,20,20],"current_hp_per_floor":[70,70,70,70,55,25,47,47,47,47,47,35,57,57,75,70,80,46,28,28,0,0],"gold":18,"neow_bonus":"RANDOM_COMMON_RELIC","is_daily":false,"chose_seed":false,"campfire_upgraded":0,"win_rate":0.0,"timestamp":1607658287,"path_taken":["M","?","M","?","?","E","R","M","T","?","M","M","R","?","R","BOSS","M","M","$","M"],"items_purchased_type":["Relic","Card","Relic"],"build_version":"2020-11-30","purchased_purges":0,"victory":false,"max_hp_per_floor":[75,75,75,75,75,75,75,75,75,75,75,75,75,75,75,75,80,80,80,80,80,80],"card_choices":[{"not_picked":["hermit:CalledShot","hermit:Malice"],"picked":"hermit:SprayPray","floor":1},{"not_picked":["hermit:Cheat","hermit:Gestalt"],"picked":"hermit:Feint","floor":3},{"not_picked":["hermit:Gambit","hermit:Cheat"],"picked":"hermit:Feint","floor":6},{"not_picked":["hermit:Snipe","hermit:TakeAim"],"picked":"hermit:ShadowCloak","floor":8},{"not_picked":["hermit:TakeCover","hermit:Maintenance"],"picked":"hermit:Misfire","floor":10},{"not_picked":["hermit:Purgatory","hermit:Enervate"],"picked":"hermit:ItchyTrigger","floor":11},{"not_picked":["hermit:Virtue","hermit:Headshot"],"picked":"hermit:Brawl","floor":12},{"not_picked":["hermit:RoundhouseKick+1","hermit:Dissolve"],"picked":"hermit:Reprieve","floor":16},{"not_picked":["hermit:Coalescence","hermit:BodyArmor"],"picked":"hermit:Desperado+1","floor":18},{"not_picked":["hermit:ShadowCloak","hermit:WideOpen+1"],"picked":"hermit:Vantage","floor":19}],"player_experience":2072090,"relics_obtained":[{"floor":6,"key":"Lantern"},{"floor":9,"key":"White Beast Statue"}],"event_choices":[{"damage_healed":0,"gold_gain":0,"player_choice":"Grow","damage_taken":0,"max_hp_gain":0,"max_hp_loss":0,"event_name":"Living Wall","floor":2,"gold_loss":0,"cards_upgraded":["hermit:Snapshot"]},{"damage_healed":0,"gold_gain":175,"player_choice":"AGREE","damage_taken":121,"max_hp_gain":0,"max_hp_loss":0,"event_name":"betterThird:BetterSerpent","floor":4,"gold_loss":0},{"damage_healed":70,"gold_gain":0,"player_choice":"Upgrade","damage_taken":15,"max_hp_gain":0,"max_hp_loss":75,"event_name":"betterThird:BetterShining","floor":5,"gold_loss":0,"cards_upgraded":["hermit:Feint","hermit:Defend_Hermit"]}],"is_beta":false,"boss_relics":[{"not_picked":["Tiny House","Coffee Dripper"],"picked":"Black Star"}],"items_purged_floors":[],"is_endless":false,"potions_floor_spawned":[3,6,10,11,12,16,18,19],"killed_by":"Shelled Parasite and Fungi","ascension_level":1}}