{"host":"rl3s470f8onwqc1s","time":1607686695,"event":{"mods":["Act Like it!","BaseMod","Dota2Spire","Gold Saver","Minty Spire (QoL Compilation)","MostiFishMod","Shop Mod","StSLib","TestMod","篝火指南"],"gold_per_floor":[817,831,831,847,77,111,123,156,234,261,261,261,261,275,275,351,351,364,364,289,289,289,324,324,349,403,403,415,427,460,479,479,1156,-244,374,0,12,12,153,889,889,1522,1522,1563,2190,2190,2230,2230,1526,1556,1586,1586,789,38,1300,1330],"floor_reached":57,"playtime":2417,"items_purged":["Strike_B","Strike_B","Defend_B","Defend_B"],"score":3936,"play_id":"d6e634f2-5774-49cf-b31a-b415130cf0ca","local_time":"20201211193815","is_ascension_mode":true,"campfire_choices":[{"data":"testmod-Arrangement","floor":12.0,"key":"SMITH"},{"data":"WheelKick","floor":15.0,"key":"SMITH"},{"floor":24.0,"key":"RECALL"},{"data":"Collect","floor":32.0,"key":"SMITH"},{"data":"Aggregate","floor":41.0,"key":"SMITH"}],"circlet_count":0,"master_deck":["AscendersBane","Defend_B","Defend_B","Zap","Dualcast","Turbo","Sword Boomerang+1","testmod-Arrangement+1","Pommel Strike+1","Cold Snap+1","Jack Of All Trades","WheelKick+1","MostiFishMod:DeathFromBelow+1","CurseOfTheBell","Ghostly","Ghostly","Ghostly","Panacea+1","Acrobatics","Collect+1","Armaments+1","Aggregate+1","Gash","Body Slam","MostiFishMod:DeathFromBelow+1","Heatsinks","Coolheaded"],"relics":["testmod-TestBox","PatriotShield","testmod-Hope","HaiYi:Twilight","Question Card","PrismaticShard","testmod-InjuryResistance","testmod-IndustrialRevolution","Sundial","Dota2Spire:HeartOfTarrasque","Boot","Orichalcum","ImportantClient","Calling Bell","Dota2Spire:LotusOrb","Dota2Spire:MantaStyle","Dota2Spire:DivineRapier","MealTicket","Civilization","Whetstone","Nilry\u0027s Codex","Dota2Spire:MagicBottle","SynthV:MejaisSoulstealer","Red Mask","testmod-AssaultLearning","Dota2Spire:HandOfMidas","testmod-BlackFramedGlasses","Symbiotic Virus","CeramicFish","Bronze Scales","Bottled Lightning","DollysMirror","Strawberry","Dodecahedron","Ornamental Fan","Dota2Spire:OrchidMalevolence","Toolbox","Eternal Feather","SynthV:C4"],"acts_visited":["Exordium","TheCity","TheBeyond","TheEnding"],"potions_floor_usage":[56,56,56],"damage_taken":[{"damage":0.0,"enemies":"Jaw Worm","floor":1.0,"turns":2.0},{"damage":0.0,"enemies":"Cultist","floor":2.0,"turns":3.0},{"damage":0.0,"enemies":"Small Slimes","floor":4.0,"turns":1.0},{"damage":0.0,"enemies":"Gremlin Nob","floor":6.0,"turns":1.0},{"damage":0.0,"enemies":"3 Louse","floor":7.0,"turns":2.0},{"damage":0.0,"enemies":"Lagavulin","floor":8.0,"turns":4.0},{"damage":0.0,"enemies":"Gremlin Nob","floor":10.0,"turns":2.0},{"damage":0.0,"enemies":"Blue Slaver","floor":14.0,"turns":1.0},{"damage":0.0,"enemies":"Hexaghost","floor":16.0,"turns":3.0},{"damage":0.0,"enemies":"2 Thieves","floor":18.0,"turns":2.0},{"damage":0.0,"enemies":"Book of Stabbing","floor":23.0,"turns":3.0},{"damage":0.0,"enemies":"Gremlin Leader","floor":25.0,"turns":2.0},{"damage":2.0,"enemies":"Shell Parasite","floor":28.0,"turns":2.0},{"damage":0.0,"enemies":"Snecko","floor":29.0,"turns":1.0},{"damage":0.0,"enemies":"Slavers","floor":30.0,"turns":1.0},{"damage":0.0,"enemies":"Shelled Parasite and Fungi","floor":31.0,"turns":1.0},{"damage":0.0,"enemies":"Champ","floor":33.0,"turns":10.0},{"damage":0.0,"enemies":"3 Shapes","floor":35.0,"turns":7.0},{"damage":0.0,"enemies":"3 Darklings","floor":37.0,"turns":2.0},{"damage":0.0,"enemies":"Maw","floor":39.0,"turns":7.0},{"damage":0.0,"enemies":"Giant Head","floor":40.0,"turns":7.0},{"damage":0.0,"enemies":"Nemesis","floor":42.0,"turns":3.0},{"damage":0.0,"enemies":"Spire Growth","floor":44.0,"turns":4.0},{"damage":0.0,"enemies":"Reptomancer","floor":45.0,"turns":4.0},{"damage":0.0,"enemies":"4 Shapes","floor":47.0,"turns":3.0},{"damage":0.0,"enemies":"Donu and Deca","floor":50.0,"turns":4.0},{"damage":0,"enemies":"Awakened One","floor":51,"turns":5},{"damage":0,"enemies":"Shield and Spear","floor":55,"turns":6},{"damage":3,"enemies":"The Heart","floor":56,"turns":5}],"seed_played":"-6517007547980285014","potions_obtained":[{"floor":1.0,"key":"testmod-TestPotion"},{"floor":6.0,"key":"FocusPotion"},{"floor":8.0,"key":"testmod-EscapePotion"},{"floor":31.0,"key":"testmod-SpacePotion"},{"floor":35.0,"key":"FocusPotion"},{"floor":44.0,"key":"PowerPotion"}],"is_trial":false,"path_per_floor":["M","M","?","M","$","E","M","E","T","E","?","R","?","M","R","B",null,"M","?","?","?","?","E","R","E","T","?","M","M","E","M","R","B",null,"M","?","M","?","M","E","R","E","T","M","E","?","M","?","R","B","B",null,"R","$","E","B",null],"character_chosen":"DEFECT","items_purchased":["testmod-InjuryResistance","testmod-IndustrialRevolution","testmod-Arrangement","Bronze Scales","Bottled Lightning","DollysMirror","Strawberry","Dodecahedron","Ornamental Fan","Heatsinks","Dota2Spire:OrchidMalevolence","Toolbox","PowerPotion","Eternal Feather","Coolheaded"],"campfire_rested":0,"item_purchase_floors":[5,5,5,49,49,49,53,53,53,53,54,54,54,54,54],"current_hp_per_floor":[64,64,64,64,64,64,64,72,72,72,42,42,41,41,41,41,70,70,70,70,54,42,42,42,42,42,25,24,26,31,38,38,65,65,76,76,93,93,111,130,130,150,150,171,199,199,231,231,231,265,304,304,311,311,352,394],"gold":1330,"neow_bonus":"BOSS_RELIC","is_daily":false,"chose_seed":false,"campfire_upgraded":4,"win_rate":0.0,"timestamp":1607686695,"path_taken":["M","M","?","M","?","E","?","E","T","E","?","R","?","M","R","BOSS","M","?","?","?","?","E","R","E","T","?","M","M","E","M","R","BOSS","M","?","M","?","M","E","R","E","T","M","E","?","?","?","R","BOSS","BOSS","R","$","E","BOSS"],"items_purchased_type":["Relic","Relic","Card","Relic","Relic","Relic","Relic","Relic","Relic","Card","Relic","Relic","Potion","Relic","Card"],"build_version":"2020-11-30","purchased_purges":4,"victory":true,"max_hp_per_floor":[71,71,71,71,71,71,71,79,79,79,79,79,79,79,79,79,79,79,79,79,84,42,42,42,42,42,42,43,45,50,57,57,65,65,76,76,93,93,111,130,130,150,150,171,199,199,231,231,231,265,304,304,311,311,352,394],"card_choices":[{"not_picked":["Double Energy","Sweeping Beam"],"picked":"Turbo","floor":1.0},{"not_picked":["Recycle","Study","Infinite Blades"],"picked":"Sword Boomerang","floor":2.0},{"not_picked":["Hello World","Lockon","Flying Knee","ThirdEye"],"picked":"SKIP","floor":4.0},{"not_picked":["Storm","Streamline","Thunderclap"],"picked":"Pommel Strike","floor":6.0},{"not_picked":["testmod-DeathImprint","BowlingBash","EmptyFist"],"picked":"Cold Snap","floor":7.0},{"not_picked":["MostiFishMod:Awakening","Sword Boomerang","Doom and Gloom"],"picked":"Jack Of All Trades","floor":8.0},{"not_picked":["Flying Knee","Uppercut","Poisoned Stab"],"picked":"WheelKick","floor":10.0},{"not_picked":["Havoc","WaveOfTheHand","EmptyFist","MostiFishMod:LegendTransform"],"picked":"SKIP","floor":14.0},{"not_picked":["MostiFishMod:UniGreen","MostiFishMod:KamiSmash","Corpse Explosion"],"picked":"MostiFishMod:DeathFromBelow","floor":16.0},{"not_picked":["BowlingBash","Swift Strike","Turbo","FTL"],"picked":"SKIP","floor":18.0},{"not_picked":["Purity","Storm","ClearTheMind"],"picked":"Panacea+1","floor":23.0},{"not_picked":["Heavy Blade","Infinite Blades","Deflect"],"picked":"Acrobatics","floor":25.0},{"not_picked":["Whirlwind","Rage","Clash","Headbutt"],"picked":"SKIP","floor":28.0},{"not_picked":["Clash+1","CarveReality","testmod-PerfectCombo","PiercingWail"],"picked":"SKIP","floor":29.0},{"not_picked":["Twin Strike","Underhanded Strike","Anger"],"picked":"Backflip","floor":30.0},{"not_picked":["Quick Slash","Leap+1","Crescendo"],"picked":"Collect","floor":31.0},{"not_picked":["MostiFishMod:Kaleido","MostiFishMod:Distribution","testmod-BloodShelter"],"picked":"MostiFishMod:CyberBuddha","floor":33.0},{"not_picked":["Sucker Punch","JustLucky","Clash"],"picked":"Armaments+1","floor":35.0},{"not_picked":["FollowUp+1","Shrug It Off","Flash of Steel","Wild Strike"],"picked":"SKIP","floor":37.0},{"not_picked":["EmptyBody","MentalFortress","Redo+1"],"picked":"Aggregate","floor":39.0},{"not_picked":["Steam+1","FlurryOfBlows+1","Deadly Poison"],"picked":"Gash","floor":40.0},{"not_picked":["Aggregate+1","Vengeance","Armaments","MostiFishMod:SupremeArchaeology"],"picked":"SKIP","floor":42.0},{"not_picked":["Halt","Sucker Punch","Backstab","Sword Boomerang+1"],"picked":"SKIP","floor":44.0},{"not_picked":["Heavy Blade+1","MostiFishMod:Neurotoxin","Deflect","PathToVictory"],"picked":"SKIP","floor":45.0},{"not_picked":["Steam","Poisoned Stab","Pommel Strike"],"picked":"Body Slam","floor":47.0},{"not_picked":["Dagger Throw","FollowUp","Barrage","Consecrate"],"picked":"SKIP","floor":55}],"player_experience":1279881,"relics_obtained":[{"floor":1.0,"key":"Question Card"},{"floor":1.0,"key":"PrismaticShard"},{"floor":6.0,"key":"Sundial"},{"floor":8.0,"key":"Dota2Spire:HeartOfTarrasque"},{"floor":10.0,"key":"Boot"},{"floor":16.0,"key":"ImportantClient"},{"floor":17.0,"key":"Dota2Spire:LotusOrb"},{"floor":17.0,"key":"Dota2Spire:MantaStyle"},{"floor":17.0,"key":"Dota2Spire:DivineRapier"},{"floor":23.0,"key":"MealTicket"},{"floor":25.0,"key":"Civilization"},{"floor":26.0,"key":"Whetstone"},{"floor":27.0,"key":"Nilry\u0027s Codex"},{"floor":30.0,"key":"Dota2Spire:MagicBottle"},{"floor":40.0,"key":"testmod-AssaultLearning"},{"floor":42.0,"key":"Dota2Spire:HandOfMidas"},{"floor":43.0,"key":"testmod-BlackFramedGlasses"},{"floor":45.0,"key":"Symbiotic Virus"},{"floor":55,"key":"SynthV:C4"}],"event_choices":[{"damage_healed":0.0,"max_hp_gain":0.0,"max_hp_loss":0.0,"gold_gain":0.0,"event_name":"Upgrade Shrine","player_choice":"Upgraded","floor":3.0,"gold_loss":0.0,"damage_taken":0.0,"cards_upgraded":["Sword Boomerang"]},{"damage_healed":0.0,"max_hp_gain":0.0,"max_hp_loss":0.0,"gold_gain":0.0,"event_name":"Scrap Ooze","player_choice":"Success","floor":11.0,"gold_loss":0.0,"damage_taken":45.0,"relics_obtained":["Orichalcum"]},{"cards_removed":["Strike_B"],"damage_healed":0.0,"max_hp_gain":0.0,"max_hp_loss":0.0,"gold_gain":0.0,"event_name":"Golden Wing","player_choice":"Card Removal","floor":13.0,"gold_loss":0.0,"damage_taken":7.0},{"damage_healed":0.0,"max_hp_gain":0.0,"max_hp_loss":0.0,"gold_gain":0.0,"event_name":"Vampires","player_choice":"Ignored","floor":19.0,"gold_loss":0.0,"damage_taken":0.0},{"cards_removed":["Strike_B"],"damage_healed":0.0,"max_hp_gain":0.0,"max_hp_loss":0.0,"gold_gain":0.0,"event_name":"Beggar","player_choice":"Gave Gold","floor":20.0,"gold_loss":75.0,"damage_taken":0.0},{"damage_healed":0.0,"max_hp_gain":5.0,"max_hp_loss":0.0,"gold_gain":0.0,"event_name":"Forgotten Altar","player_choice":"Shed Blood","floor":21.0,"gold_loss":0.0,"damage_taken":28.0},{"damage_healed":0.0,"max_hp_gain":0.0,"max_hp_loss":42.0,"gold_gain":0.0,"event_name":"Ghosts","player_choice":"Became a Ghost","floor":22.0,"gold_loss":0.0,"damage_taken":0.0,"cards_obtained":["Ghostly","Ghostly","Ghostly"]},{"damage_healed":0.0,"max_hp_gain":0.0,"max_hp_loss":0.0,"gold_gain":0.0,"event_name":"Cursed Tome","player_choice":"Obtained Book","floor":27.0,"gold_loss":0.0,"damage_taken":21.0},{"damage_healed":0.0,"max_hp_gain":0.0,"max_hp_loss":0.0,"gold_gain":0.0,"event_name":"Tomb of Lord Red Mask","player_choice":"Paid","floor":36.0,"gold_loss":374.0,"damage_taken":0.0,"relics_obtained":["Red Mask"]},{"cards_removed":["Backflip"],"damage_healed":0.0,"max_hp_gain":0.0,"max_hp_loss":0.0,"gold_gain":0.0,"event_name":"Falling","player_choice":"Removed Skill","floor":38.0,"gold_loss":0.0,"damage_taken":0.0},{"damage_healed":0.0,"max_hp_gain":0.0,"max_hp_loss":0.0,"gold_gain":0.0,"event_name":"Upgrade Shrine","player_choice":"Upgraded","floor":46.0,"gold_loss":0.0,"damage_taken":0.0,"cards_upgraded":["MostiFishMod:DeathFromBelow"]},{"damage_healed":0.0,"max_hp_gain":0.0,"max_hp_loss":0.0,"gold_gain":0.0,"event_name":"给自己的盒子","player_choice":"Swap Relic","floor":48.0,"relics_lost":["DaveBox"],"gold_loss":0.0,"damage_taken":0.0,"relics_obtained":["CeramicFish"]}],"is_beta":false,"boss_relics":[{"not_picked":["testmod-CardMagician","Busted Crown"],"picked":"Calling Bell"},{"not_picked":["testmod-KeyOfTheVoid","testmod-SaigiyounoYou"],"picked":"SynthV:MejaisSoulstealer"}],"items_purged_floors":[5,49,53,54],"is_endless":false,"potions_floor_spawned":[1,6,8,14,16,25,28,29,31,35,44,47],"ascension_level":20}}