{"host":"kyy1kus4tsuq869y","time":1607658373,"event":{"mods":["BaseMod","Downfall","GifTheSpireLib","HololiveMod","Hubris","Jorbs\u0027s Wanderer Trilogy","Marisa£®ÏF”Í°°ƒß¿Ì…≥£©","Minty Spire (QoL Compilation)","Quick Restart","READ ME - Guardian Mod","READ ME - Snecko Mod","Reimu£®≤©¿ˆ¡È√Œ£©","Remilia£®¿Ÿ√◊¿Ú—«£©","Replay The Spire","StSLib","Td1madao Mod","The Administrix","The Animator","The Bug Knight","The Construct","The Cursed","The Hierophant","The Runesmith","The Senshi","The Servant 0.9.4","Youmu£®ªÍ∆«—˝√Œ£©"],"gold_per_floor":[116,116,132,143,5,34,34,77,103,103,122,151,151,173,173],"floor_reached":14,"playtime":322,"items_purged":[],"score":185,"play_id":"bfa28752-6686-4a3a-ace3-414c6181ee0a","local_time":"20201211114613","is_ascension_mode":true,"campfire_choices":[{"data":"hubris:DuctTapeCard","floor":10,"key":"SMITH"},{"floor":13,"key":"REST"}],"circlet_count":0,"master_deck":["AscendersBane","Strike_R","Strike_R","Strike_R","Strike_R","Strike_R","Defend_R","Defend_R","Defend_R","Defend_R","Bash","expansioncontent:StudyTheSpire","Injury","hubris:DuctTapeCard+2","Feel No Pain"],"relics":["Burning Blood","NeowsBlessing","Art of War","ReplayTheSpireMod:ShopPack","Replay:Bandana","Golden Idol","hubris:DuctTape","Runesmith:AutoHammer"],"acts_visited":["Exordium"],"potions_floor_usage":[8,12],"damage_taken":[{"damage":0,"enemies":"2 Louse","floor":1,"turns":1},{"damage":0,"enemies":"Jaw Worm","floor":3,"turns":1},{"damage":0,"enemies":"Small Slimes","floor":4,"turns":1},{"damage":23,"enemies":"Gremlin Nob","floor":6,"turns":5},{"damage":33,"enemies":"3 Sentries","floor":8,"turns":5},{"damage":20,"enemies":"3 Louse","floor":11,"turns":3},{"damage":10,"enemies":"2 Fungi Beasts","floor":12,"turns":4},{"damage":36,"enemies":"Gremlin Nob","floor":14,"turns":4}],"seed_played":"-8179026895054960456","potions_obtained":[{"floor":3,"key":"Ancient Potion"},{"floor":4,"key":"Block Potion"},{"floor":11,"key":"BlessingOfTheForge"},{"floor":12,"key":"Dexterity Potion"}],"is_trial":false,"path_per_floor":["M","?","M","M","$","E","?","E","T","R","M","M","R","E"],"character_chosen":"IRONCLAD","items_purchased":["ReplayTheSpireMod:ShopPack"],"campfire_rested":1,"item_purchase_floors":[5],"current_hp_per_floor":[74,69,75,75,75,58,58,31,31,31,17,13,35,0,0],"gold":173,"neow_bonus":"THREE_ENEMY_KILL","is_daily":false,"chose_seed":false,"campfire_upgraded":1,"win_rate":0.0,"timestamp":1607658373,"path_taken":["M","?","M","M","$","E","?","E","T","R","?","M","R","E"],"items_purchased_type":["Relic"],"build_version":"2020-11-30","purchased_purges":0,"victory":false,"max_hp_per_floor":[75,75,75,75,75,75,75,75,75,75,75,75,75,75,75],"card_choices":[{"not_picked":["Clothesline","hubris:ReadiedAction","Perfected Strike"],"picked":"SKIP","floor":1},{"not_picked":["Thunderclap","hubris:ReadiedAction","Seeing Red"],"picked":"SKIP","floor":3},{"not_picked":["Uppercut","ReplayTheSpireMod:Muscle Training"],"picked":"Fire Breathing","floor":4},{"not_picked":["The Bomb","Secret Technique"],"picked":"expansioncontent:StudyTheSpire","floor":5},{"not_picked":["Replay:SS_forest_5","Replay:BasicMightCard"],"picked":"expansioncontent:ManipulateTime","floor":5},{"not_picked":["Burning Pact","ReplayTheSpireMod:LeadingStrike","Flex"],"picked":"SKIP","floor":6},{"not_picked":["Sever Soul","Pommel Strike","hubris:ReadiedAction"],"picked":"SKIP","floor":8},{"not_picked":["True Grit","Wild Strike"],"picked":"Feel No Pain","floor":11},{"not_picked":["Dropkick","Seeing Red","ReplayTheSpireMod:Muscle Training"],"picked":"SKIP","floor":12}],"player_experience":440099,"relics_obtained":[{"floor":6,"key":"Replay:Bandana"},{"floor":8,"key":"hubris:DuctTape"},{"floor":9,"key":"Runesmith:AutoHammer"}],"event_choices":[{"damage_healed":0,"gold_gain":0,"player_choice":"Success","damage_taken":5,"relics_obtained":["Art of War"],"max_hp_gain":0,"max_hp_loss":0,"event_name":"Scrap Ooze","floor":2,"gold_loss":0},{"damage_healed":0,"gold_gain":0,"player_choice":"Take Wound","damage_taken":0,"relics_obtained":["Golden Idol"],"max_hp_gain":0,"max_hp_loss":0,"event_name":"Golden Idol","floor":7,"gold_loss":0,"cards_obtained":["Injury"]}],"is_beta":false,"boss_relics":[],"items_purged_floors":[],"is_endless":false,"potions_floor_spawned":[3,4,11,12],"killed_by":"Gremlin Nob","ascension_level":17}}