{"host":"fq9q35as5g8xdsoo","time":1607658415,"event":{"mods":["2.2 Compatiblity","AchievementEnabler","Act Like it!","Aspiration","BaseMod","Beaked The Cultist","Better Skull","Card Forge","Colored Map","Colored Powertips","Conspire","Dota2Spire","Energized Spire","Gensokyo","Halation","Hermit","Hubris","Marked Mod","Menagerie","Minty Spire (QoL Compilation)","Pale of the Ancients","Permanent Neow","Quick Restart","Relic Filter","Replay The Spire","Robot Space Explorer","Spicy Shops","Spikes Relics","StSLib","SuperFastMode","The Blue Laboratory","The Construct","The Disciple","The Factory","The Gatherer","The Jungle","The Runesmith","The Servant 0.9.4","Trackpad","WarShipGirlsR/????R mod","vexMod"],"gold_per_floor":[117,117,670,16,27,45,45,45],"floor_reached":7,"playtime":661,"items_purged":[],"score":41,"play_id":"0540bfd8-5de7-4d74-8f23-7352a1abb936","local_time":"20201210194655","is_ascension_mode":false,"campfire_choices":[],"circlet_count":0,"master_deck":["hermit:Strike_Hermit","hermit:Strike_Hermit","hermit:Strike_Hermit","hermit:Strike_Hermit","hermit:Defend_Hermit","hermit:Defend_Hermit","hermit:Defend_Hermit","hermit:Defend_Hermit","hermit:Snapshot","hermit:Covet","hermit:WideOpen","hermit:LowProfile","hermit:FlashPowder"],"relics":["hermit:Momento","Hammer of Thor","Seething Fire","Anvil of the Gods","halation:Trompette","aspiration:EmptySkull","Shovel","vexMod:ScavengeHelm","Dead Branch","Ring of Chaos"],"acts_visited":["Menagerie:Menagerie"],"potions_floor_usage":[7],"damage_taken":[{"damage":5.0,"enemies":"Menagerie:2_RABBITS","floor":1.0,"turns":3.0},{"damage":0.0,"enemies":"Menagerie:MonstrousExperiment","floor":5.0,"turns":4.0},{"damage":0.0,"enemies":"Menagerie:StygianBoar","floor":6.0,"turns":3.0},{"damage":4,"enemies":"Menagerie:VoidReaper","floor":7,"turns":4}],"seed_played":"504805801037587789","potions_obtained":[{"floor":1.0,"key":"blueLaboratory:ImpenetrablePotion"},{"floor":6.0,"key":"Energy Potion"}],"is_trial":false,"path_per_floor":["M","$","?","$","M","M","E"],"character_chosen":"HERMIT","items_purchased":["Shovel","vexMod:ScavengeHelm","Dead Branch","Ring of Chaos"],"campfire_rested":0,"item_purchase_floors":[4,4,4,4],"current_hp_per_floor":[59,59,2,2,2,2,0,0],"gold":45,"neow_bonus":"ONE_RARE_RELIC","is_daily":false,"chose_seed":false,"campfire_upgraded":0,"win_rate":0.0,"timestamp":1607658415,"path_taken":["M","$","?","$","?","M","E"],"items_purchased_type":["Relic","Relic","Relic","Relic"],"build_version":"2020-11-30","purchased_purges":0,"victory":false,"max_hp_per_floor":[75,75,75,75,75,75,75,75],"card_choices":[{"not_picked":["hermit:Spite","hermit:Vantage"],"picked":"hermit:WideOpen","floor":1.0},{"not_picked":["hermit:HighCaliber","hermit:Coalescence"],"picked":"hermit:LowProfile","floor":5.0},{"not_picked":["hermit:HoleUp","hermit:Midnight"],"picked":"hermit:FlashPowder","floor":6.0}],"player_experience":924213,"relics_obtained":[],"event_choices":[{"damage_healed":0.0,"max_hp_gain":0.0,"max_hp_loss":0.0,"gold_gain":553.0,"event_name":"betterSkull:BetterSkull","player_choice":"RE GO GO GO GO GO ","floor":3.0,"gold_loss":0.0,"damage_taken":64.0,"cards_upgraded":[],"relics_obtained":["aspiration:EmptySkull"]}],"is_beta":false,"boss_relics":[],"items_purged_floors":[],"is_endless":false,"potions_floor_spawned":[1,6],"killed_by":"Menagerie:VoidReaper","ascension_level":0}}