{"host":"j9kxs091fhjybap3","time":1607719737,"event":{"mods":["Act Like it!","BaseMod","Hallownest","Hermit","Jorbs\u0027s Wanderer Trilogy","Lobotomy","Minty Spire (QoL Compilation)","Replay The Spire","StSLib","The Bug Knight","The Cursed","The Hierophant"],"gold_per_floor":[116,129,129,144,144,144,144,144,144,69,69,69,85,96,96,191,191,176,193,213,113,131,131,131],"floor_reached":23,"playtime":26561,"items_purged":["HollowMod:FocusHealStart","Hallownest:curseDreamersLament"],"score":183,"play_id":"e8c60256-8f0c-4585-9651-209d07205a18","local_time":"20201211154857","is_ascension_mode":false,"campfire_choices":[{"data":"HollowMod:DescendingDark","floor":6,"key":"SMITH"},{"data":"HollowMod:VengefulVoid","floor":8,"key":"SMITH"},{"data":"HollowMod:WraithStrike","floor":12,"key":"SMITH"},{"data":"HollowMod:SharpenedShadows","floor":15,"key":"SMITH"}],"circlet_count":0,"master_deck":["HollowMod:NailStrikeStart","HollowMod:NailStrikeStart","HollowMod:QuickDashStart","HollowMod:QuickDashStart","HollowMod:QuickDashStart","HollowMod:QuickDashStart","HollowMod:PogoStrike","HollowMod:Hiveblood+1","HollowMod:VengefulVoid+1","HollowMod:DescendingDark+1","HollowMod:WraithStrike+1","HollowMod:SharpenedShadows+1","HollowMod:SlysStrikes","HollowMod:DescendingDark","HollowMod:SiblingsSouls"],"relics":["HollowMod:VesselMask","Hallownest:TeacherSealRelic","Hallownest:DreamNailRelic","Incense Burner","Empty Cage"],"acts_visited":["Hallownest:Greenpath","TheCity"],"potions_floor_usage":[16,16,16,20,22],"damage_taken":[{"damage":2,"enemies":"Hallownest:2_MossCreeps","floor":1,"turns":8},{"damage":13,"enemies":"Hallownest:monsterHuskWarrior","floor":2,"turns":5},{"damage":4,"enemies":"Hallownest:2_Baldur","floor":4,"turns":2},{"damage":0,"enemies":"Hallownest:monsterMossCharger","floor":13,"turns":2},{"damage":15,"enemies":"Hallownest:Wandering_and_Horned","floor":14,"turns":3},{"damage":38,"enemies":"Hallownest:BossFalseKnight","floor":16,"turns":8},{"damage":28,"enemies":"2 Thieves","floor":18,"turns":4},{"damage":15,"enemies":"Chosen","floor":19,"turns":5},{"damage":10,"enemies":"Centurion and Healer","floor":20,"turns":7},{"damage":44,"enemies":"Shelled Parasite and Fungi","floor":22,"turns":9},{"damage":6,"enemies":"Gremlin Leader","floor":23,"turns":1}],"seed_played":"-4511994579347627627","potions_obtained":[{"floor":2,"key":"Death Potion"},{"floor":13,"key":"Explosive Potion"},{"floor":14,"key":"EssenceOfSteel"},{"floor":18,"key":"Explosive Potion"},{"floor":20,"key":"Explosive Potion"}],"is_trial":false,"path_per_floor":["M","M","?","M","?","R","?","R","T","$","?","R","M","M","R","B",null,"M","M","M","$","M","E"],"character_chosen":"THE_BUGKNIGHT","items_purchased":[],"campfire_rested":0,"item_purchase_floors":[],"current_hp_per_floor":[73,72,72,68,59,59,59,59,59,59,59,59,59,57,57,57,75,47,32,47,47,3,0,0],"gold":131,"neow_bonus":"ONE_RANDOM_RARE_CARD","is_daily":false,"chose_seed":false,"campfire_upgraded":4,"win_rate":0.0,"timestamp":1607719737,"path_taken":["M","M","?","M","?","R","?","R","T","?","?","R","M","M","R","BOSS","M","M","M","$","M","E"],"items_purchased_type":[],"build_version":"2020-11-30","purchased_purges":2,"victory":false,"max_hp_per_floor":[75,75,75,75,75,75,75,75,75,75,75,75,75,75,75,75,75,75,75,75,75,75,75,75],"card_choices":[{"not_picked":["HollowMod:SiblingsSouls","HollowMod:SharpenedNail"],"picked":"HollowMod:VengefulVoid","floor":1},{"not_picked":["HollowMod:CloakDash","HollowMod:NewLittleFool"],"picked":"HollowMod:DescendingDark","floor":2},{"not_picked":["HollowMod:HuntersJournal","HollowMod:TaintedHusks"],"picked":"HollowMod:WraithStrike","floor":4},{"not_picked":["HollowMod:CloakDash","HollowMod:InfectedAttack","HollowMod:SoulStrike"],"picked":"SKIP","floor":13},{"not_picked":["HollowMod:NewLittleFool","HollowMod:LifebloodCocoon"],"picked":"HollowMod:SharpenedShadows","floor":14},{"not_picked":["HollowMod:theNailsmith","HollowMod:HerrahsAnger"],"picked":"HollowMod:SlysStrikes","floor":16},{"not_picked":["HollowMod:FastStrike","HollowMod:InfectionAssault","HollowMod:SharpenedNail"],"picked":"SKIP","floor":18},{"not_picked":["HollowMod:SoulSplash","HollowMod:DashSlash","HollowMod:LifebloodCocoon"],"picked":"SKIP","floor":19},{"not_picked":["HollowMod:SoulEater","HollowMod:SoulVessel"],"picked":"HollowMod:DescendingDark","floor":20},{"not_picked":["HollowMod:CycloneSlash+1","HollowMod:CrystalDash"],"picked":"HollowMod:SiblingsSouls","floor":22}],"player_experience":860751,"relics_obtained":[{"floor":9,"key":"Incense Burner"}],"event_choices":[],"is_beta":false,"boss_relics":[{"not_picked":["Replay:Drink Me","ChewingGum"],"picked":"Empty Cage"}],"items_purged_floors":[10,21],"is_endless":false,"potions_floor_spawned":[2,13,14,18,20],"killed_by":"Gremlin Leader","ascension_level":0}}