{"host":"fmlos4kykh1e3uqe","time":1607708071,"event":{"mods":["AchievementEnabler","Aspiration","Bard","BaseMod","Beaked The Cultist","Better Altar","Better Match","Better Note","Better Sensory Stone","Better Skull","Better Third Choice","BetterRewards","CCEM","Colored Map","Conspire","GifTheSpireLib","Googly Eyes","Halation","Hermit","Highlight Path","HornydragonMod","Hubris","Hunter ??","Infinite Spire","Jorbs\u0027s Wanderer Trilogy","Mad Scientist","Marisa????????","Mimic Mod","Minty Spire (QoL Compilation)","Permanent Neow","Replay The Spire","Shade Mod","Shop Mod","Spicy Shops","StSLib","Stuff the Spire","The Administrix","The Blackbeard","The Bug Knight","The Construct","The Cursed","The Disciple","The Gatherer","The Hierophant","The IronCluck","The Jungle","The Mystic","The Necromancer","The Problem Sleuth","The Runesmith","The Servant 0.9.4","The Spell Scribe","The Valiant","The Witch","Unceasing Turn Reminder","everything is the same but u backflip on backflip","slay the spire mod where everything is the same but ironclad has a cowboy hat"],"gold_per_floor":[115,39,39,72,91,119,61,75,112,130,130,144,176,193,193,296,296,310,270,345,357,375,375,375,388,411,431,445,460,460,495,495,596,596,614,625,625,625,79,96,116,149,149,168,182,193,193,211,211,211],"floor_reached":51,"playtime":2731,"items_purged":[],"score":732,"play_id":"857d29c1-a464-4d98-adc5-82f5341fc579","local_time":"20201211123431","is_ascension_mode":false,"campfire_choices":[{"floor":11,"key":"REST"},{"floor":15,"key":"REST"},{"data":"Turbo","floor":23,"key":"SMITH"},{"floor":32,"key":"REST"},{"floor":47,"key":"REST"},{"floor":49,"key":"REST"}],"circlet_count":0,"master_deck":["Strike_B","Strike_B","Defend_B","Defend_B","Defend_B","Zap","Dualcast+1","Loop","Turbo+1","Coolheaded","hubris:PowerSurge","Coolheaded","Echo Form","Sweeping Beam","Cold Snap","Sunder","Tempest","Creative AI+1","ReplayTheSpireMod:Calculation Training","Lockon","Ball Lightning+1","Consume","Hello World","ReplayTheSpireMod:GoodbyeWorld","Beam Cell","ReplayTheSpireMod:Calculation Training+1","hubris:SpecializedCircuitry","ReplayTheSpireMod:Calculation Training+1","Capacitor","Capacitor","ReplayRNGCard","StuffTheSpire:Synthwave"],"relics":["Cracked Core","CCEMRelics:ShortCircuitBoard","Bag of Marbles","Archangels Feather","CCEMRelics:SpiritsEdge","ReplayFunnel","hubris:Backtick","CCEMRelics:HistoryBook","infinitespire:Freezer","Nuclear Battery","Incense Burner","Happy Flower","Replay:Antivirus Software","halation:Thesaurus","SlaversCollar","CCEMRelics:GrindingGear","Garlic"],"acts_visited":["Exordium","TheCity","TheBeyond"],"potions_floor_usage":[6,13,16,29,33,50,50],"damage_taken":[{"damage":0,"enemies":"conspire:RoseBush","floor":1,"turns":2},{"damage":16,"enemies":"Jaw Worm","floor":4,"turns":5},{"damage":6,"enemies":"Jaw Worm","floor":5,"turns":3},{"damage":47,"enemies":"3 Sentries","floor":6,"turns":10},{"damage":0,"enemies":"Cultist","floor":8,"turns":2},{"damage":11,"enemies":"3 Louse","floor":9,"turns":6},{"damage":3,"enemies":"3 Louse","floor":10,"turns":2},{"damage":9,"enemies":"Lots of Slimes","floor":12,"turns":3},{"damage":2,"enemies":"Exordium Thugs","floor":13,"turns":4},{"damage":0,"enemies":"Exordium Thugs","floor":14,"turns":1},{"damage":55,"enemies":"The Guardian","floor":16,"turns":9},{"damage":22,"enemies":"Shell Parasite","floor":18,"turns":3},{"damage":12,"enemies":"Spheric Guardian","floor":21,"turns":4},{"damage":4,"enemies":"conspire:HollyBat","floor":22,"turns":9},{"damage":17,"enemies":"Snake Plant","floor":25,"turns":2},{"damage":6,"enemies":"3 Cultists","floor":27,"turns":5},{"damage":18,"enemies":"Centurion and Healer","floor":28,"turns":3},{"damage":0,"enemies":"Sentry and Sphere","floor":29,"turns":2},{"damage":0,"enemies":"Gremlin Leader","floor":31,"turns":2},{"damage":29,"enemies":"Automaton","floor":33,"turns":8},{"damage":0,"enemies":"3 Darklings","floor":35,"turns":2},{"damage":1,"enemies":"3 Shapes","floor":36,"turns":2},{"damage":0,"enemies":"Transient","floor":40,"turns":5},{"damage":30,"enemies":"Sphere and 2 Shapes","floor":41,"turns":3},{"damage":0,"enemies":"Nemesis","floor":42,"turns":3},{"damage":33,"enemies":"Jaw Worm Horde","floor":44,"turns":4},{"damage":9,"enemies":"3 Darklings","floor":45,"turns":4},{"damage":26,"enemies":"Jaw Worm Horde","floor":46,"turns":4},{"damage":0,"enemies":"Maw","floor":48,"turns":5},{"damage":35,"enemies":"Time Eater","floor":50,"turns":8}],"seed_played":"6488784002270724951","potions_obtained":[{"floor":1,"key":"Block Potion"},{"floor":6,"key":"AttackPotion"},{"floor":8,"key":"Adrenaline Potion"},{"floor":16,"key":"BlessingOfTheForge"},{"floor":18,"key":"DuplicationPotion"},{"floor":21,"key":"Elixir"},{"floor":27,"key":"Explosive Potion"},{"floor":31,"key":"Block Potion"},{"floor":33,"key":"SpeedPotion"},{"floor":36,"key":"PowerPotion"}],"is_trial":false,"path_per_floor":["M","$","?","MIM","M","E","$","M","MIM","M","R","M","MIM","M","R","B",null,"M","?","?","M","M","R","?","M","T","M","M","M","AVR","E","R","B",null,"M","M","?","?","$","M","M","E","T","M","M","M","R","M","R","B",null],"character_chosen":"DEFECT","items_purchased":["CCEMRelics:ShortCircuitBoard","Coolheaded","Replay:Antivirus Software","Capacitor","halation:Thesaurus"],"campfire_rested":5,"item_purchase_floors":[2,7,39,39,39],"current_hp_per_floor":[75,75,75,59,53,6,6,12,5,10,32,31,33,37,59,10,75,53,53,46,40,40,40,40,29,29,31,19,27,27,35,57,36,75,75,74,74,74,74,75,45,55,55,32,33,15,37,47,69,40],"gold":211,"neow_bonus":"UPGRADE_CARD","is_daily":false,"chose_seed":false,"campfire_upgraded":1,"win_rate":0.0,"timestamp":1607708071,"path_taken":["M","$","?","?","?","E","?","M","MIM","M","R","M","?","M","R","BOSS","M","?","?","M","?","R","?","M","T","M","M","M","AVR","E","R","BOSS","M","M","?","?","$","M","M","E","T","?","M","M","R","M","R","BOSS"],"items_purchased_type":["Relic","Card","Relic","Card","Relic"],"build_version":"2020-11-30","purchased_purges":0,"victory":true,"max_hp_per_floor":[75,75,75,75,75,75,75,75,75,75,75,75,75,75,75,75,75,75,75,75,75,75,75,75,75,75,75,75,75,75,75,75,75,75,75,75,75,75,75,75,75,75,75,75,75,75,75,75,75,75],"card_choices":[{"not_picked":["Hologram","Barrage"],"picked":"Loop","floor":1},{"not_picked":["StuffTheSpire:ShieldGenerator","Leap"],"picked":"Turbo","floor":4},{"not_picked":["Leap","ReplayTheSpireMod:Calculation Training"],"picked":"Coolheaded","floor":5},{"not_picked":["Recycle","Skim"],"picked":"hubris:PowerSurge","floor":6},{"not_picked":["Undo","Barrage"],"picked":"Echo Form","floor":8},{"not_picked":["StuffTheSpire:LoadUp","Panic Button"],"picked":"Sweeping Beam","floor":9},{"not_picked":["Fission","Gash","Streamline"],"picked":"SKIP","floor":10},{"not_picked":["Steam Power","Steam"],"picked":"Cold Snap","floor":12},{"not_picked":["Leap","Compile Driver"],"picked":"Sunder","floor":13},{"not_picked":["StuffTheSpire:GlassShard","Hologram"],"picked":"Tempest","floor":14},{"not_picked":["hubris:DoWhile","Hyperbeam"],"picked":"Creative AI","floor":16},{"not_picked":["aspiration:Polymerization+1","Go for the Eyes"],"picked":"ReplayTheSpireMod:Calculation Training","floor":18},{"not_picked":["Conserve Battery","Hologram+1"],"picked":"Lockon","floor":21},{"not_picked":["Storm","Redo"],"picked":"Ball Lightning+1","floor":22},{"not_picked":["Reinforced Body","BasicCrystalCard"],"picked":"Hello World","floor":25},{"not_picked":["StuffTheSpire:Plugnplay","Compile Driver+1"],"picked":"ReplayTheSpireMod:GoodbyeWorld","floor":27},{"not_picked":["StuffTheSpire:CleanHardDrive+1","Double Energy"],"picked":"Beam Cell","floor":28},{"not_picked":["Go for the Eyes","Seek","Stack"],"picked":"SKIP","floor":29},{"not_picked":["Rebound","ReplayTheSpireMod:System Scan"],"picked":"ReplayTheSpireMod:Calculation Training+1","floor":31},{"not_picked":["Mirror Shield","ReplayTheSpireMod:Fabricate Wheel"],"picked":"hubris:SpecializedCircuitry","floor":33},{"not_picked":["Coolheaded+1","StuffTheSpire:CleanHardDrive+1"],"picked":"ReplayTheSpireMod:Calculation Training+1","floor":35},{"not_picked":["StuffTheSpire:LoadUp","Consume","Stack+1"],"picked":"SKIP","floor":36},{"not_picked":["Beam Cell","Capacitor","Cold Snap+1"],"picked":"SKIP","floor":40},{"not_picked":["Go for the Eyes+1","Steam+1","StuffTheSpire:Rend+1"],"picked":"SKIP","floor":41},{"not_picked":["Scrape+1","hubris:Ukulele"],"picked":"ReplayRNGCard","floor":42},{"not_picked":["ReplayTheSpireMod:Repulse+1","Consume","Conserve Battery"],"picked":"SKIP","floor":44},{"not_picked":["Undo+1","Steam Power"],"picked":"StuffTheSpire:Synthwave","floor":45},{"not_picked":["Self Repair+1","Redo","Chill"],"picked":"SKIP","floor":46},{"not_picked":["Cold Snap","Storm+1","BasicCrystalCard"],"picked":"SKIP","floor":48}],"player_experience":194539,"relics_obtained":[{"floor":4,"key":"Bag of Marbles"},{"floor":6,"key":"Archangels Feather"},{"floor":9,"key":"CCEMRelics:SpiritsEdge"},{"floor":13,"key":"ReplayFunnel"},{"floor":26,"key":"infinitespire:Freezer"},{"floor":31,"key":"Happy Flower"},{"floor":42,"key":"CCEMRelics:GrindingGear"},{"floor":43,"key":"Garlic"}],"event_choices":[{"damage_healed":0,"gold_gain":0,"player_choice":"Upgrade","damage_taken":0,"max_hp_gain":0,"max_hp_loss":0,"event_name":"Designer","floor":19,"gold_loss":40,"cards_upgraded":["Creative AI"]},{"damage_healed":0,"gold_gain":75,"player_choice":"Touch","damage_taken":7,"max_hp_gain":0,"max_hp_loss":0,"event_name":"FaceTrader","floor":20,"gold_loss":0},{"damage_healed":0,"gold_gain":0,"cards_transformed":["Strike_B"],"player_choice":"Transformed","damage_taken":0,"max_hp_gain":0,"max_hp_loss":0,"event_name":"Transmorgrifier","floor":24,"gold_loss":0,"cards_obtained":["Consume"]},{"damage_healed":0,"gold_gain":0,"player_choice":"Leave","damage_taken":0,"max_hp_gain":0,"max_hp_loss":0,"event_name":"conspire:Investor","floor":37,"gold_loss":0},{"damage_healed":0,"gold_gain":0,"cards_transformed":["Strike_B"],"player_choice":"Transformed","damage_taken":0,"max_hp_gain":0,"max_hp_loss":0,"event_name":"Transmorgrifier","floor":38,"gold_loss":0,"cards_obtained":["Capacitor"]}],"is_beta":false,"boss_relics":[{"not_picked":["aspiration:RunicSpoon","aspiration:PoetsPen_weak"],"picked":"hubris:Backtick"},{"not_picked":["aspiration:FutureDiary","CCEMRelics:TransientCore"],"picked":"Snecko Eye"}],"items_purged_floors":[],"is_endless":false,"potions_floor_spawned":[1,6,8,16,18,21,27,31,33,35,36,44,46,48],"ascension_level":0}}