{"host":"yo9wwslrag05lh37","time":1607730591,"event":{"mods":["AchievementEnabler","BaseMod","Block Reminder","Colored Map","Colored Powertips","GifTheSpireLib","HexUI Lib","Highlight Path","Minty Spire (QoL Compilation)","Rare Cards Sparkle","Relic Stats","StSLib","everything is the same but u backflip on backflip"],"gold_per_floor":[109,120,138,213,193,193,219,219,246,246,274,57,70,86,86,163,163,177,196,212,212,22,22,55,55,123,123,147,162,262,262,262,262,262],"floor_reached":33,"playtime":2031,"items_purged":[],"score":478,"play_id":"ed00c72c-ec2a-4adf-a06e-b84ce259367d","local_time":"20201212004951","is_ascension_mode":true,"campfire_choices":[{"data":"Blade Dance","floor":6,"key":"SMITH"},{"data":"Predator","floor":8,"key":"SMITH"},{"floor":10,"key":"REST"},{"data":"Catalyst","floor":15,"key":"SMITH"},{"data":"Infinite Blades","floor":23,"key":"SMITH"},{"floor":27,"key":"REST"},{"data":"A Thousand Cuts","floor":32,"key":"SMITH"}],"circlet_count":0,"master_deck":["AscendersBane","Strike_G","Strike_G","Strike_G","Strike_G","Strike_G","Defend_G","Defend_G+1","Defend_G+1","Defend_G","Defend_G","Survivor","Neutralize","Blade Dance+1","Sucker Punch","Footwork","Predator+1","Dagger Throw","Footwork","Catalyst+1","Escape Plan","A Thousand Cuts+1","Endless Agony","Cloak And Dagger","Deadly Poison","Infinite Blades+1","Prepared+1","Decay","Prepared+1"],"relics":["Ring of the Snake","MealTicket","War Paint","TwistedFunnel","WristBlade","Sling","Thread and Needle","Shuriken","Bronze Scales","FossilizedHelix","White Beast Statue"],"acts_visited":["TheCity"],"potions_floor_usage":[5,11,16,24,29,30,33,33,33,33],"damage_taken":[{"damage":1,"enemies":"Small Slimes","floor":1,"turns":4},{"damage":3,"enemies":"2 Louse","floor":2,"turns":3},{"damage":0,"enemies":"Cultist","floor":3,"turns":3},{"damage":26,"enemies":"Lagavulin","floor":7,"turns":10},{"damage":16,"enemies":"3 Sentries","floor":11,"turns":7},{"damage":0,"enemies":"Looter","floor":13,"turns":3},{"damage":1,"enemies":"Blue Slaver","floor":14,"turns":3},{"damage":76,"enemies":"Slime Boss","floor":16,"turns":15},{"damage":8,"enemies":"Shell Parasite","floor":18,"turns":8},{"damage":14,"enemies":"Chosen","floor":19,"turns":6},{"damage":22,"enemies":"Snake Plant","floor":20,"turns":4},{"damage":10,"enemies":"Gremlin Leader","floor":24,"turns":4},{"damage":0,"enemies":"Centurion and Healer","floor":29,"turns":2},{"damage":6,"enemies":"Colosseum Slavers","floor":30,"turns":4},{"damage":7,"enemies":"Colosseum Nobs","floor":30,"turns":3},{"damage":52,"enemies":"Collector","floor":33,"turns":7}],"seed_played":"3232369664711999410","potions_obtained":[{"floor":1,"key":"Explosive Potion"},{"floor":3,"key":"Fruit Juice"},{"floor":5,"key":"FairyPotion"},{"floor":14,"key":"DuplicationPotion"},{"floor":16,"key":"ColorlessPotion"},{"floor":18,"key":"LiquidMemories"},{"floor":19,"key":"SteroidPotion"},{"floor":29,"key":"Block Potion"},{"floor":31,"key":"EntropicBrew"},{"floor":31,"key":"SkillPotion"}],"is_trial":false,"path_per_floor":["M","M","M","?","?","R","E","R","T","R","E","$","M","M","R","B",null,"M","M","M","?","$","R","E","?","T","R","T","M","?","?","R","B"],"character_chosen":"THE_SILENT","items_purchased":["TwistedFunnel","Footwork","Infinite Blades","Sling"],"campfire_rested":2,"item_purchase_floors":[12,12,22,22],"current_hp_per_floor":[64,61,61,50,55,55,29,29,29,52,36,51,51,50,50,6,59,51,37,15,15,30,30,20,20,20,43,43,43,30,30,30,0,0],"gold":262,"neow_bonus":"TEN_PERCENT_HP_BONUS","is_daily":false,"chose_seed":false,"campfire_upgraded":5,"win_rate":0.0,"timestamp":1607730591,"path_taken":["M","M","M","?","?","R","E","R","T","R","E","$","M","M","R","BOSS","M","M","?","?","$","R","E","?","T","R","?","M","?","?","R","BOSS"],"items_purchased_type":["Relic","Card","Card","Relic"],"build_version":"2020-11-30","purchased_purges":0,"victory":false,"max_hp_per_floor":[72,72,72,72,77,77,77,77,77,77,77,77,77,77,77,77,77,77,77,77,77,77,77,77,77,77,77,77,77,77,77,77,77,77],"relic_stats":{"counters":[16,86],"Shuriken":[14],"Bronze Scales":[33],"MealTicket":30,"War Paint":["Defend_G","Defend_G"],"obtain_stats":[{"TwistedFunnel":12,"WristBlade":17,"Shuriken":26,"Bronze Scales":28,"MealTicket":7,"Thread and Needle":24,"War Paint":11,"Sling":22,"FossilizedHelix":30,"White Beast Statue":30,"Ring of the Snake":0},{"TwistedFunnel":5,"WristBlade":8,"Shuriken":12,"Bronze Scales":12,"MealTicket":4,"Thread and Needle":12,"War Paint":5,"Sling":11,"FossilizedHelix":15,"White Beast Statue":15,"Ring of the Snake":0},{"TwistedFunnel":27,"WristBlade":48,"Shuriken":70,"Bronze Scales":70,"MealTicket":20,"Thread and Needle":70,"War Paint":27,"Sling":66,"FossilizedHelix":79,"White Beast Statue":79,"Ring of the Snake":0}],"Ring of the Snake":[33]},"card_choices":[{"not_picked":["Calculated Gamble","Leg Sweep"],"picked":"Blade Dance","floor":1},{"not_picked":["Bane","Underhanded Strike"],"picked":"Sucker Punch","floor":2},{"not_picked":["Underhanded Strike","All Out Attack"],"picked":"Footwork","floor":3},{"not_picked":["Underhanded Strike","Deflect"],"picked":"Predator","floor":7},{"not_picked":["Reflex","Quick Slash"],"picked":"Dagger Throw","floor":11},{"not_picked":["Slice","Poisoned Stab"],"picked":"Catalyst","floor":13},{"not_picked":["Concentrate","Finisher"],"picked":"Escape Plan","floor":14},{"not_picked":["Unload","Die Die Die"],"picked":"A Thousand Cuts","floor":16},{"not_picked":["Bane","Expertise"],"picked":"Endless Agony","floor":18},{"not_picked":["Calculated Gamble","Crippling Poison"],"picked":"Cloak And Dagger","floor":19},{"not_picked":["Sucker Punch","Eviscerate"],"picked":"Deadly Poison","floor":20},{"not_picked":["Dagger Spray","Dagger Throw"],"picked":"Prepared+1","floor":24},{"not_picked":["Slice","Bane"],"picked":"Prepared+1","floor":29}],"player_experience":1322424,"relics_obtained":[{"floor":7,"key":"MealTicket"},{"floor":11,"key":"War Paint"},{"floor":24,"key":"Thread and Needle"},{"floor":26,"key":"Shuriken"},{"floor":28,"key":"Bronze Scales"},{"floor":30,"key":"FossilizedHelix"},{"floor":30,"key":"White Beast Statue"}],"event_choices":[{"damage_healed":0,"gold_gain":75,"player_choice":"Gather Gold","damage_taken":11,"max_hp_gain":0,"max_hp_loss":0,"event_name":"World of Goop","floor":4,"gold_loss":0},{"damage_healed":0,"gold_gain":0,"player_choice":"Bought 1 Potion","damage_taken":0,"max_hp_gain":0,"max_hp_loss":0,"event_name":"The Woman in Blue","floor":5,"gold_loss":0},{"damage_healed":0,"gold_gain":0,"player_choice":"Ignored","damage_taken":0,"max_hp_gain":0,"max_hp_loss":0,"event_name":"The Mausoleum","floor":21,"gold_loss":0},{"damage_healed":0,"gold_gain":0,"player_choice":"Smashed Altar","damage_taken":0,"max_hp_gain":0,"max_hp_loss":0,"event_name":"Forgotten Altar","floor":25,"gold_loss":0,"cards_obtained":["Decay"]},{"damage_healed":0,"gold_gain":0,"player_choice":"Fight","damage_taken":0,"max_hp_gain":0,"max_hp_loss":0,"event_name":"Colosseum","floor":30,"gold_loss":0},{"damage_healed":0,"gold_gain":0,"player_choice":"Fought Nobs","damage_taken":0,"max_hp_gain":0,"max_hp_loss":0,"event_name":"Colosseum","floor":30,"gold_loss":0},{"damage_healed":0,"gold_gain":0,"player_choice":"Got Potions","damage_taken":0,"max_hp_gain":0,"max_hp_loss":0,"event_name":"Lab","floor":31,"gold_loss":0}],"is_beta":false,"boss_relics":[{"not_picked":["Ectoplasm","Philosopher\u0027s Stone"],"picked":"WristBlade"}],"items_purged_floors":[],"is_endless":false,"potions_floor_spawned":[1,3,14,16,18,19,29],"killed_by":"Collector","ascension_level":15}}