{"host":"irbs4k8g1zbsytxn","time":1607729909,"event":{"mods":["BaseMod","Better Third Choice","Colored Map","Downfall","Hermit","Highlight Path","Hubris","Koishi","Marisa????????","Minty Spire (QoL Compilation)","Replay The Spire","Robot Space Explorer","Shade Mod","StSLib","The Bug Knight","The Cursed","The Hierophant","The Jungle","The Necromancer","The Runesmith","The Servant 0.9.4","Yuyuko"],"gold_per_floor":[109,126,126,138,110,135,154,187,257,257,16,16,16,29,29,126,126,144,158,83,57,76,76,109,121,121,138,138,164,174,190,190,190,190],"floor_reached":33,"playtime":5482,"items_purged":[],"score":426,"play_id":"3ff81ca9-5994-4ecb-a27d-be71dc762a38","local_time":"20201212073829","is_ascension_mode":false,"campfire_choices":[{"data":"Apotheosis","floor":12.0,"key":"SMITH"},{"floor":15.0,"key":"REST"},{"floor":23,"key":"REST"},{"floor":28,"key":"REST"},{"floor":32,"key":"REST"}],"circlet_count":0,"master_deck":["Runesmith:Strike_RS","Runesmith:Strike_RS","Runesmith:Defend_RS","Runesmith:Defend_RS","Runesmith:Defend_RS","Runesmith:Defend_RS","Runesmith:CraftFirestone","Runesmith:Fortify","Runesmith:Firestorm","Runesmith:CraftProtectio","Runesmith:StaticCage+1","Runesmith:Repurpose","Runesmith:PerfectChisel","Runesmith:RunicBlueprint","Runesmith:HeatedChisel","Runesmith:CreatorForm","Apotheosis+1","Runesmith:Permafrost","Runesmith:Permafrost","Runesmith:HeatedChisel","Runesmith:ArcReactor","Runesmith:Grindstone","Runesmith:StaticCage+1","Runesmith:RuneHurl","Runesmith:GenerateForcefield","Runesmith:MakeshiftArmor+1","Runesmith:CraftProtectio+1","Runesmith:UnlimitedPower","Runesmith:HeatExchange","Runesmith:ChaoticBlast","Runesmith:ShiftingStrike+1"],"relics":["Runesmith:BrokenRuby","hubris:FunFungus","hubris:Zylophone","hubris:Reverence","hubris:SlimyHat","Pear","SacredBark","hubris:SphereOfDissonance","ReplayTheSpireMod:Ninjato","Replay:Bottled Snecko"],"acts_visited":["Exordium","TheCity"],"potions_floor_usage":[19,30,33,33],"damage_taken":[{"damage":0.0,"enemies":"Small Slimes","floor":1.0,"turns":5.0},{"damage":0.0,"enemies":"2 Louse","floor":2.0,"turns":4.0},{"damage":0.0,"enemies":"Jaw Worm","floor":4.0,"turns":6.0},{"damage":13.0,"enemies":"Exordium Thugs","floor":5.0,"turns":9.0},{"damage":0.0,"enemies":"HollowMod:MossKnight","floor":6.0,"turns":14.0},{"damage":3.0,"enemies":"Red Slaver","floor":7.0,"turns":6.0},{"damage":18.0,"enemies":"3 Sentries","floor":8.0,"turns":7.0},{"damage":19.0,"enemies":"Lots of Slimes","floor":14.0,"turns":4.0},{"damage":0.0,"enemies":"Fading Forest","floor":16.0,"turns":11.0},{"damage":4,"enemies":"Chosen","floor":18,"turns":8},{"damage":18,"enemies":"3 Byrds","floor":19,"turns":5},{"damage":31,"enemies":"Snake Plant","floor":22,"turns":7},{"damage":66,"enemies":"Slavers","floor":24,"turns":6},{"damage":25,"enemies":"Sentry and Sphere","floor":25,"turns":9},{"damage":10,"enemies":"Shelled Parasite and Fungi","floor":27,"turns":7},{"damage":0,"enemies":"HollowMod:Nosk","floor":29,"turns":13},{"damage":18,"enemies":"3 Cultists","floor":30,"turns":7},{"damage":7,"enemies":"Centurion and Healer","floor":31,"turns":8},{"damage":50,"enemies":"Champ","floor":33,"turns":13}],"seed_played":"-7464395406401162728","potions_obtained":[{"floor":4.0,"key":"FairyPotion"},{"floor":6.0,"key":"SkillPotion"},{"floor":7.0,"key":"SneckoOil"},{"floor":16.0,"key":"DistilledChaos"},{"floor":18,"key":"BlessingOfTheForge"},{"floor":25,"key":"PowerPotion"},{"floor":29,"key":"Strength Potion"},{"floor":30,"key":"PowerPotion"}],"is_trial":false,"path_per_floor":["M","M","?","M","M","E","M","E","T","?","$","R","$","M","R","B",null,"M","M","?","$","M","R","E","M","T","M","R","E","M","M","R","B"],"character_chosen":"RUNESMITH_CLASS","items_purchased":["Apotheosis","Runesmith:Permafrost","Runesmith:RuneHurl"],"campfire_rested":4,"item_purchase_floors":[11,11,21],"current_hp_per_floor":[77,77,77,77,64,64,62,46,46,50,50,50,50,32,58,61,87,87,69,69,69,38,64,50,25,25,16,42,44,26,19,45,0,0],"gold":190,"neow_bonus":"TEN_PERCENT_HP_BONUS","is_daily":false,"chose_seed":false,"campfire_upgraded":1,"win_rate":0.0,"timestamp":1607729909,"path_taken":["M","M","?","M","M","E","M","E","T","?","$","R","$","M","R","BOSS","M","M","?","$","M","R","E","M","T","M","R","E","M","M","R","BOSS"],"items_purchased_type":["Card","Card","Card"],"build_version":"2020-11-30","purchased_purges":0,"victory":false,"max_hp_per_floor":[77,77,77,77,77,77,77,77,77,87,87,87,87,87,87,87,87,87,87,87,87,87,87,87,87,87,87,87,87,87,87,87,87,87],"card_choices":[{"not_picked":["Runesmith:UnstableHammer","Runesmith:Repurpose"],"picked":"Runesmith:Firestorm","floor":1.0},{"not_picked":["Runesmith:HeatExchange","Runesmith:HammerThrow"],"picked":"Runesmith:CraftProtectio","floor":2.0},{"not_picked":["Runesmith:UnstableHammer","Runesmith:EnergizedChisel"],"picked":"Runesmith:Repurpose","floor":4.0},{"not_picked":["Runesmith:HeatedChisel","Runesmith:Electrocute"],"picked":"Runesmith:PerfectChisel","floor":5.0},{"not_picked":["Runesmith:Firewall","Runesmith:StaticCage"],"picked":"Runesmith:RunicBlueprint","floor":6.0},{"not_picked":["Runesmith:StaticCage","Runesmith:Overpower"],"picked":"Runesmith:HeatedChisel","floor":7.0},{"not_picked":["Runesmith:CraftSpiculum","Runesmith:UnstableHammer"],"picked":"Runesmith:CreatorForm","floor":8.0},{"not_picked":["Runesmith:StaticCage","Runesmith:Repurpose"],"picked":"Runesmith:HeatedChisel","floor":14.0},{"not_picked":["Runesmith:GrandSlam","Runesmith:CreatorForm"],"picked":"Runesmith:ArcReactor","floor":16.0},{"not_picked":["Runesmith:CraftVitae+1","Runesmith:HeatedChisel"],"picked":"Runesmith:Grindstone","floor":18},{"not_picked":["Runesmith:EarthShield","Runesmith:HeatExchange"],"picked":"Runesmith:StaticCage+1","floor":19},{"not_picked":["Runesmith:NanitesCloud+1","Runesmith:UnstableHammer"],"picked":"Runesmith:GenerateForcefield","floor":22},{"not_picked":["Runesmith:CraftReservo","Runesmith:Terraform"],"picked":"Runesmith:MakeshiftArmor+1","floor":24},{"not_picked":["Runesmith:BackupBattery+1","Runesmith:Grindstone"],"picked":"Runesmith:CraftProtectio+1","floor":25},{"not_picked":["Runesmith:NanitesCloud","Runesmith:MakeshiftArmor"],"picked":"Runesmith:UnlimitedPower","floor":27},{"not_picked":["Runesmith:StaticCage","Runesmith:Grindstone"],"picked":"Runesmith:HeatExchange","floor":29},{"not_picked":["Runesmith:Overpower","Runesmith:Attraction+1"],"picked":"Runesmith:ChaoticBlast","floor":30},{"not_picked":["Runesmith:StaticCage","Runesmith:Prism"],"picked":"Runesmith:ShiftingStrike+1","floor":31}],"player_experience":249846,"relics_obtained":[{"floor":6.0,"key":"hubris:FunFungus"},{"floor":8.0,"key":"hubris:Zylophone"},{"floor":9.0,"key":"hubris:Reverence"},{"floor":24,"key":"hubris:SphereOfDissonance"},{"floor":26,"key":"ReplayTheSpireMod:Ninjato"},{"floor":29,"key":"Replay:Bottled Snecko"}],"event_choices":[{"damage_healed":0.0,"max_hp_gain":0.0,"max_hp_loss":0.0,"gold_gain":1.0,"event_name":"betterThird:BetterScrap","player_choice":"Relic Relic ","floor":10.0,"gold_loss":0.0,"damage_taken":6.0,"cards_obtained":["hubris:Sniper"]},{"cards_removed":["Runesmith:Strike_RS"],"damage_healed":0,"gold_gain":0,"player_choice":"Gave Gold","damage_taken":0,"max_hp_gain":0,"max_hp_loss":0,"event_name":"Beggar","floor":20,"gold_loss":75}],"is_beta":false,"boss_relics":[{"not_picked":["hubris:CrackedHourglass","hubris:BlackHole"],"picked":"SacredBark"}],"items_purged_floors":[],"is_endless":false,"potions_floor_spawned":[4,6,7,16,18,25,29,30],"killed_by":"Champ","ascension_level":0}}