{"host":"gx04ak8ofzo346nl","time":1607694180,"event":{"mods":["BaseMod","Colored Map","Duelist Mod","Friendly Minions","Googly Eyes","Minty Spire (QoL Compilation)","Replay The Spire","StSLib","The Animator","The Construct","The Cursed","The Disciple","The Necromancer","The Servant 0.9.4"],"gold_per_floor":[119,139,149,163,163,195,195,209,263,282,301,315,350,350,350,469,469,483,483,83,83,97,115,115,139,139,139,162,122,138,78,78,198,198,216,216,241,241,259,295,295,329,329,254,274,274,16,16,16,16,16,16,16,57,57,57],"floor_reached":55,"playtime":5594,"items_purged":["Strike_S"],"score":816,"play_id":"00dc6b35-267b-429b-a8ee-a7e5669aed4f","local_time":"20201211054300","is_ascension_mode":false,"campfire_choices":[{"floor":15,"key":"REST"},{"floor":24,"key":"RECALL"},{"data":"GearUp","floor":27,"key":"SMITH"},{"data":"InstantArmor","floor":32,"key":"SMITH"},{"floor":41,"key":"DIG"},{"floor":46,"key":"DIG"},{"floor":49,"key":"DIG"},{"floor":52,"key":"DIG"}],"circlet_count":0,"master_deck":["Strike_S","Strike_S","Defend_S","KidneyShot","Exchange","Defy+1","Ricochet","Ricochet","Potential+1","Alleviate","InstantArmor+1","BestPractice+1","Luminosity","GearUp+1","Rewind","SoulSculpture","Alleviate","Potential+1","BottledTime","Potential+1","Moonlight","Barrier","TheWorld+1","Barrier+1","Duplication+1","LightFlow+1","Reset+1","Finesse","TimeWarp","GearUp+1","InstantArmor+1","Replace+1","Revamp+1","Rewind+1"],"relics":["Uniform","Mummified Hand","Gremlin Horn","Golden Idol","Runic Pyramid","Strange Spoon","Onion Ring","Bottled Lightning","Astrolabe","Replay:Multitool","Darkstone Periapt","Ancient Tea Set","Replay:Bottled Flurry","Shovel","Replay:Bottled Eggs","Replay:Baseball","Shuriken","Quantum Egg"],"acts_visited":["Exordium","TheCity","TheBeyond","TheEnding"],"potions_floor_usage":[10,13,13,23,23,25,33,35,55],"damage_taken":[{"damage":0,"enemies":"Cultist","floor":1,"turns":4},{"damage":0,"enemies":"2 Louse","floor":2,"turns":2},{"damage":0,"enemies":"Jaw Worm","floor":3,"turns":5},{"damage":0,"enemies":"Exordium Wildlife","floor":4,"turns":1},{"damage":29,"enemies":"Replay:BlueRogue","floor":6,"turns":8},{"damage":9,"enemies":"Large Slime","floor":8,"turns":7},{"damage":0,"enemies":"Exordium Thugs","floor":10,"turns":2},{"damage":0,"enemies":"Looter","floor":11,"turns":3},{"damage":0,"enemies":"Gremlin Gang","floor":12,"turns":3},{"damage":10,"enemies":"Lagavulin","floor":13,"turns":8},{"damage":0,"enemies":"Slime Boss","floor":16,"turns":13},{"damage":0,"enemies":"Spheric Guardian","floor":18,"turns":4},{"damage":0,"enemies":"3 Byrds","floor":22,"turns":4},{"damage":3,"enemies":"Centurion and Healer","floor":23,"turns":4},{"damage":0,"enemies":"Shelled Parasite and Fungi","floor":25,"turns":3},{"damage":0,"enemies":"Cultist and Chosen","floor":28,"turns":4},{"damage":2,"enemies":"Centurion and Healer","floor":30,"turns":5},{"damage":22,"enemies":"Collector","floor":33,"turns":12},{"damage":0,"enemies":"3 Darklings","floor":35,"turns":6},{"damage":0,"enemies":"Orb Walker","floor":37,"turns":3},{"damage":0,"enemies":"Jaw Worm Horde","floor":39,"turns":2},{"damage":0,"enemies":"Nemesis","floor":40,"turns":7},{"damage":0,"enemies":"Reptomancer","floor":42,"turns":7},{"damage":1,"enemies":"Spire Growth","floor":45,"turns":6},{"damage":13,"enemies":"Donu and Deca","floor":50,"turns":10},{"damage":16,"enemies":"Shield and Spear","floor":54,"turns":6},{"damage":72,"enemies":"The Heart","floor":55,"turns":11}],"seed_played":"6767652300218263197","potions_obtained":[{"floor":2,"key":"Explosive Potion"},{"floor":6,"key":"EssenceOfSteel"},{"floor":8,"key":"Swift Potion"},{"floor":12,"key":"EntropicBrew"},{"floor":18,"key":"Adrenaline Potion"},{"floor":22,"key":"Adrenaline Potion"},{"floor":23,"key":"LiquidMemories"},{"floor":30,"key":"GamblersBrew"},{"floor":37,"key":"Venom Potion"}],"is_trial":false,"path_per_floor":["M","M","M","M","$","E","?","M","T","M","M","M","E","?","R","B",null,"M","?","$","$","M","M","R","M","T","R","M","?","M","?","R","B",null,"M","?","M","?","M","E","R","E","T","$","M","R","$","?","R","B",null,"R","$","E","B"],"character_chosen":"THE_SERVANT","items_purchased":["Strange Spoon","Onion Ring","Replay:Bottled Eggs"],"campfire_rested":1,"item_purchase_floors":[20,20,47],"current_hp_per_floor":[71,71,71,71,71,42,42,33,33,33,33,33,23,23,42,42,66,66,66,66,66,66,63,63,63,63,63,63,63,61,61,61,39,66,66,66,66,66,66,66,66,66,66,66,65,65,65,65,65,52,66,66,66,50,0,0],"gold":57,"neow_bonus":"TEN_PERCENT_HP_BONUS","is_daily":false,"chose_seed":false,"campfire_upgraded":2,"win_rate":0.0,"timestamp":1607694180,"path_taken":["M","M","M","M","?","E","?","M","T","?","M","M","E","?","R","BOSS","M","?","?","$","M","M","R","M","T","R","M","?","?","?","R","BOSS","M","?","M","?","M","E","R","E","T","$","?","R","?","?","R","BOSS","R","$","E","BOSS"],"items_purchased_type":["Relic","Relic","Relic"],"build_version":"2020-11-30","purchased_purges":1,"victory":false,"max_hp_per_floor":[71,71,71,71,71,71,71,71,71,71,71,71,71,66,66,66,66,66,66,66,66,66,66,66,66,66,66,66,66,66,66,66,66,66,66,66,66,66,66,66,66,66,66,66,66,66,66,66,66,66,66,66,66,66,66,66],"card_choices":[{"not_picked":["Spin","DualDimension"],"picked":"Defy","floor":1},{"not_picked":["Rewind","BottledTime"],"picked":"Ricochet","floor":2},{"not_picked":["Alleviate","Deny"],"picked":"Ricochet","floor":3},{"not_picked":["Unruled","Gouge"],"picked":"Potential","floor":4},{"not_picked":["FastForward","Potential"],"picked":"Alleviate","floor":6},{"not_picked":["Advance","Starlight"],"picked":"InstantArmor","floor":8},{"not_picked":["Desolation","Read"],"picked":"BestPractice","floor":10},{"not_picked":["MoonPhase","Replace"],"picked":"Luminosity","floor":11},{"not_picked":["Unruled","Luminosity"],"picked":"GearUp","floor":12},{"not_picked":["Spin","Starlight"],"picked":"Rewind","floor":13},{"not_picked":["Duplication","ForgedInTime"],"picked":"SoulSculpture","floor":16},{"not_picked":["MoonPhase+1","Reset+1"],"picked":"Alleviate","floor":18},{"not_picked":["Revamp","BottledTime"],"picked":"Potential","floor":22},{"not_picked":["Unruled","Spin"],"picked":"BottledTime","floor":23},{"not_picked":["Spin","FastForward"],"picked":"Potential","floor":25},{"not_picked":["Gouge","LightFlow"],"picked":"Moonlight","floor":28},{"not_picked":["Defy","DoubleEdge"],"picked":"Barrier","floor":30},{"not_picked":["Sunlight","FloweringNight"],"picked":"TheWorld","floor":33},{"not_picked":["Defy","Rewind+1"],"picked":"Reset+1","floor":35},{"not_picked":["Dramatic Entrance","Replay:Sssssssssshield"],"picked":"Finesse","floor":36},{"not_picked":["Rearm+1","Unruled"],"picked":"TimeWarp","floor":37},{"not_picked":["DoubleEdge","SoulSculpture"],"picked":"GearUp+1","floor":39},{"not_picked":["Collapse+1","Shuttle+1"],"picked":"InstantArmor+1","floor":40},{"not_picked":["Defy+1","TimeWarp+1"],"picked":"Replace+1","floor":42},{"not_picked":["DoubleEdge","Spin+1"],"picked":"Revamp+1","floor":45},{"not_picked":["FanOfKnives+1","FastForward"],"picked":"Rewind+1","floor":54}],"player_experience":153159,"relics_obtained":[{"floor":6,"key":"Mummified Hand"},{"floor":13,"key":"Gremlin Horn"},{"floor":26,"key":"Bottled Lightning"},{"floor":40,"key":"Replay:Multitool"},{"floor":41,"key":"Darkstone Periapt"},{"floor":42,"key":"Ancient Tea Set"},{"floor":43,"key":"Replay:Bottled Flurry"},{"floor":46,"key":"Shovel"},{"floor":49,"key":"Replay:Baseball"},{"floor":52,"key":"Shuriken"},{"floor":54,"key":"Quantum Egg"}],"event_choices":[{"damage_healed":0,"gold_gain":0,"player_choice":"Grow","damage_taken":0,"max_hp_gain":0,"max_hp_loss":0,"event_name":"Living Wall","floor":7,"gold_loss":0,"cards_upgraded":["Defy"]},{"damage_healed":0,"gold_gain":0,"player_choice":"Lose Max HP","damage_taken":0,"relics_obtained":["Golden Idol"],"max_hp_gain":0,"max_hp_loss":5,"event_name":"Golden Idol","floor":14,"gold_loss":0},{"damage_healed":0,"gold_gain":0,"player_choice":"Ignored","damage_taken":0,"max_hp_gain":0,"max_hp_loss":0,"event_name":"NoteForYourself","floor":19,"gold_loss":0},{"damage_healed":0,"gold_gain":0,"player_choice":"Upgrade","damage_taken":0,"max_hp_gain":0,"max_hp_loss":0,"event_name":"Designer","floor":29,"gold_loss":40,"cards_upgraded":["BestPractice"]},{"damage_healed":0,"gold_gain":0,"player_choice":"Memory 1","damage_taken":0,"max_hp_gain":0,"max_hp_loss":0,"event_name":"SensoryStone","floor":36,"gold_loss":0},{"cards_removed":["Strike_S"],"damage_healed":0,"gold_gain":0,"player_choice":"Purged","damage_taken":0,"max_hp_gain":0,"max_hp_loss":0,"event_name":"Purifier","floor":38,"gold_loss":0},{"damage_healed":0,"gold_gain":0,"player_choice":"Upgraded","damage_taken":0,"max_hp_gain":0,"max_hp_loss":0,"event_name":"Upgrade Shrine","floor":48,"gold_loss":0,"cards_upgraded":["TheWorld"]}],"is_beta":false,"boss_relics":[{"not_picked":["Busted Crown","Replay:Drink Me"],"picked":"Runic Pyramid"},{"not_picked":["Kintsugi","ReplayTheSpireMod:Onyx Gauntlets"],"picked":"Astrolabe"}],"items_purged_floors":[44],"is_endless":false,"potions_floor_spawned":[2,6,8,12,18,22,23,30,37],"killed_by":"The Heart","ascension_level":0}}