{"host":"9anmc1688xy4jiyg","time":1607709933,"event":{"mods":["AchievementEnabler","BaseMod","Highlight Path","Minty Spire (QoL Compilation)","Relic Stats","StSLib","ojb\u0027s Info Mod"],"gold_per_floor":[212,212,224,234,8,8,40,56,56,82,96,126,126,152,152,228,228,240,340,350,370,370,370],"floor_reached":22,"playtime":1284,"items_purged":[],"score":340,"play_id":"63af59d0-e984-4017-920e-7dfec03b1ed9","local_time":"20201211190533","is_ascension_mode":true,"campfire_choices":[{"data":"Streamline","floor":6,"key":"SMITH"},{"floor":13,"key":"REST"},{"floor":15,"key":"REST"}],"circlet_count":0,"master_deck":["AscendersBane","Zap","Dualcast","Coolheaded","Sunder","Streamline+1","FTL","Capacitor","Doom and Gloom","Glacier","Barrage","All For One","Melter","Cold Snap","Stack","Turbo","Darkness","Darkness","Coolheaded","Barrage","Genetic Algorithm","BootSequence+1"],"relics":["Cracked Core","Omamori","Singing Bowl","White Beast Statue","Vajra","Juzu Bracelet","Art of War","Pandora\u0027s Box"],"acts_visited":["Exordium","TheCity"],"potions_floor_usage":[7,11,12,14,16,16,20,21,21,22],"damage_taken":[{"damage":2,"enemies":"Jaw Worm","floor":1,"turns":3},{"damage":0,"enemies":"Cultist","floor":3,"turns":3},{"damage":0,"enemies":"2 Louse","floor":4,"turns":3},{"damage":16,"enemies":"Gremlin Nob","floor":7,"turns":4},{"damage":18,"enemies":"Large Slime","floor":8,"turns":4},{"damage":0,"enemies":"Blue Slaver","floor":11,"turns":1},{"damage":29,"enemies":"Lagavulin","floor":12,"turns":6},{"damage":10,"enemies":"3 Sentries","floor":14,"turns":3},{"damage":28,"enemies":"Hexaghost","floor":16,"turns":9},{"damage":0,"enemies":"Spheric Guardian","floor":18,"turns":3},{"damage":24,"enemies":"2 Thieves","floor":20,"turns":3},{"damage":8,"enemies":"3 Cultists","floor":21,"turns":3},{"damage":40,"enemies":"Shelled Parasite and Fungi","floor":22,"turns":3}],"seed_played":"-916724725184620350","potions_obtained":[{"floor":2,"key":"DuplicationPotion"},{"floor":2,"key":"FocusPotion"},{"floor":8,"key":"Energy Potion"},{"floor":11,"key":"Fire Potion"},{"floor":12,"key":"Explosive Potion"},{"floor":14,"key":"GamblersBrew"},{"floor":16,"key":"Regen Potion"},{"floor":18,"key":"DistilledChaos"},{"floor":20,"key":"DuplicationPotion"},{"floor":21,"key":"ColorlessPotion"}],"is_trial":false,"path_per_floor":["M","?","M","M","$","R","E","M","T","T","M","E","R","E","R","B",null,"M","?","M","M","M"],"character_chosen":"DEFECT","items_purchased":["Omamori","FTL"],"campfire_rested":2,"item_purchase_floors":[5,5],"current_hp_per_floor":[66,66,66,66,66,66,50,32,32,32,32,3,25,15,37,9,59,61,61,37,38,0,0],"gold":370,"neow_bonus":"HUNDRED_GOLD","is_daily":false,"chose_seed":false,"campfire_upgraded":1,"win_rate":0.0,"timestamp":1607709933,"path_taken":["M","?","M","M","?","R","E","M","T","?","M","E","R","E","R","BOSS","M","?","M","M","M"],"items_purchased_type":["Relic","Card"],"build_version":"2020-11-30","purchased_purges":0,"victory":false,"max_hp_per_floor":[75,75,75,75,75,75,75,75,75,75,75,75,75,75,75,75,75,77,77,77,77,77,77],"relic_stats":{"Singing Bowl":2,"counters":[13,48],"Pandora\u0027s Box":["Melter","Cold Snap","Stack","Turbo","Darkness","Darkness","Coolheaded","Barrage"],"Juzu Bracelet":0,"Art of War":[2],"obtain_stats":[{"Singing Bowl":7,"Vajra":10,"Pandora\u0027s Box":17,"Omamori":5,"Juzu Bracelet":12,"Art of War":14,"Cracked Core":0,"White Beast Statue":9},{"Singing Bowl":4,"Vajra":5,"Pandora\u0027s Box":9,"Omamori":3,"Juzu Bracelet":7,"Art of War":8,"Cracked Core":0,"White Beast Statue":5},{"Singing Bowl":13,"Vajra":17,"Pandora\u0027s Box":36,"Omamori":9,"Juzu Bracelet":24,"Art of War":27,"Cracked Core":0,"White Beast Statue":17}]},"card_choices":[{"not_picked":["Barrage","Compile Driver"],"picked":"Coolheaded","floor":1},{"not_picked":["Conserve Battery","Sweeping Beam"],"picked":"Sunder","floor":3},{"not_picked":["Barrage","Consume"],"picked":"Streamline","floor":4},{"not_picked":["Turbo","Reinforced Body"],"picked":"Capacitor","floor":7},{"not_picked":["Undo","FTL"],"picked":"Doom and Gloom","floor":11},{"not_picked":["Lockon","Compile Driver"],"picked":"Glacier","floor":12},{"not_picked":["Redo","Meteor Strike"],"picked":"Barrage","floor":14},{"not_picked":["Thunder Strike","Buffer"],"picked":"All For One","floor":16},{"not_picked":["Ball Lightning","Compile Driver","Darkness"],"picked":"Singing Bowl","floor":18},{"not_picked":["Chaos","Conserve Battery"],"picked":"Genetic Algorithm","floor":20},{"not_picked":["Turbo","Sweeping Beam"],"picked":"BootSequence+1","floor":21}],"player_experience":429707,"relics_obtained":[{"floor":7,"key":"Singing Bowl"},{"floor":9,"key":"White Beast Statue"},{"floor":10,"key":"Vajra"},{"floor":12,"key":"Juzu Bracelet"},{"floor":14,"key":"Art of War"}],"event_choices":[{"damage_healed":0,"gold_gain":0,"player_choice":"Got Potions","damage_taken":0,"max_hp_gain":0,"max_hp_loss":0,"event_name":"Lab","floor":2,"gold_loss":0},{"damage_healed":0,"gold_gain":100,"player_choice":"Pray","damage_taken":0,"max_hp_gain":0,"max_hp_loss":0,"event_name":"Golden Shrine","floor":19,"gold_loss":0}],"is_beta":false,"boss_relics":[{"not_picked":["Sozu","Tiny House"],"picked":"Pandora\u0027s Box"}],"items_purged_floors":[],"is_endless":false,"potions_floor_spawned":[8,11,12,14,16,18,20,21],"killed_by":"Shelled Parasite and Fungi","ascension_level":13}}