{"host":"07ljfmttuzqopd7f","time":1607724235,"event":{"mods":["2.2 Compatiblity","BaseMod","Bestiary","Block Reminder","Colored Map","Colored Powertips","Curses Come First","Hermit","Minty Spire (QoL Compilation)","Quick Restart","Random Character Button","Rare Cards Sparkle","Relic Stats","StSLib","The Cursed","UnlockEverythingMod"],"gold_per_floor":[110,90,102,102,117,143,143,173,197,209,221,250,287,319,331,446,458,489,526,134,134,134],"floor_reached":21,"playtime":1049,"items_purged":[],"score":266,"play_id":"341e048e-e15d-44f3-8075-22319b02a976","local_time":"20201211170355","is_ascension_mode":true,"campfire_choices":[{"data":"Sunder","floor":7,"key":"SMITH"},{"data":"Glacier","floor":11,"key":"SMITH"},{"data":"Rip and Tear","floor":15,"key":"SMITH"}],"circlet_count":0,"master_deck":["Zap","Dualcast","Glacier+1","Rip and Tear+1","Sunder+1","Leap","Loop+1","Cold Snap","Coolheaded","Chaos","Echo Form","Recycle","Streamline","Loop","Chill","Skim","Chaos","Go for the Eyes","Glacier","Sweeping Beam"],"relics":["Cracked Core","Anchor","Regal Pillow","MealTicket","MawBank","Pantograph","Pandora\u0027s Box","Red Mask","OrangePellets","Question Card"],"acts_visited":["Exordium","TheCity"],"potions_floor_usage":[6,13,13,13,13],"damage_taken":[{"damage":2,"enemies":"Small Slimes","floor":1,"turns":3},{"damage":5,"enemies":"Cultist","floor":3,"turns":4},{"damage":0,"enemies":"Jaw Worm","floor":5,"turns":3},{"damage":10,"enemies":"Lagavulin","floor":6,"turns":7},{"damage":2,"enemies":"3 Sentries","floor":8,"turns":7},{"damage":0,"enemies":"Large Slime","floor":12,"turns":5},{"damage":5,"enemies":"Lagavulin","floor":13,"turns":5},{"damage":0,"enemies":"Exordium Thugs","floor":14,"turns":4},{"damage":8,"enemies":"Slime Boss","floor":16,"turns":7},{"damage":0,"enemies":"Shell Parasite","floor":18,"turns":6},{"damage":66,"enemies":"Masked Bandits","floor":19,"turns":7},{"damage":17,"enemies":"Chosen","floor":21,"turns":4}],"seed_played":"-3508120273402720428","potions_obtained":[{"floor":2,"key":"EssenceOfDarkness"},{"floor":3,"key":"Energy Potion"},{"floor":5,"key":"SkillPotion"},{"floor":8,"key":"SkillPotion"},{"floor":12,"key":"EntropicBrew"},{"floor":13,"key":"FearPotion"},{"floor":19,"key":"Explosive Potion"}],"is_trial":false,"path_per_floor":["M","?","M","?","M","E","R","E","T","?","R","M","E","M","R","B",null,"M","?","$","M"],"character_chosen":"DEFECT","items_purchased":["OrangePellets","Question Card"],"campfire_rested":0,"item_purchase_floors":[20,20],"current_hp_per_floor":[66,66,61,61,61,51,51,49,49,34,34,34,29,29,29,46,68,68,2,17,0,0],"gold":134,"neow_bonus":"RANDOM_COMMON_RELIC","is_daily":false,"chose_seed":false,"campfire_upgraded":3,"win_rate":0.0,"timestamp":1607724235,"path_taken":["M","?","?","?","M","E","R","E","T","?","R","?","E","M","R","BOSS","M","?","$","M"],"items_purchased_type":["Relic","Relic"],"build_version":"2020-11-30","purchased_purges":0,"victory":false,"max_hp_per_floor":[75,75,75,75,75,75,75,75,75,75,75,75,75,75,75,75,75,75,75,75,75,75],"relic_stats":{"OrangePellets":[0],"Regal Pillow":0,"counters":[12,62],"Pantograph":25,"MealTicket":15,"Pandora\u0027s Box":["Recycle","Streamline","Loop","Chill","Skim","Chaos","Go for the Eyes","Glacier"],"MawBank":132,"Question Card":0,"obtain_stats":[{"OrangePellets":20,"Anchor":0,"Regal Pillow":6,"Pantograph":13,"MealTicket":8,"Pandora\u0027s Box":17,"Red Mask":19,"Cracked Core":0,"MawBank":9,"Question Card":20},{"OrangePellets":11,"Anchor":0,"Regal Pillow":4,"Pantograph":7,"MealTicket":5,"Pandora\u0027s Box":9,"Red Mask":11,"Cracked Core":0,"MawBank":5,"Question Card":11},{"OrangePellets":58,"Anchor":0,"Regal Pillow":17,"Pantograph":34,"MealTicket":24,"Pandora\u0027s Box":45,"Red Mask":58,"Cracked Core":0,"MawBank":24,"Question Card":58}]},"card_choices":[{"not_picked":["Leap","Darkness"],"picked":"Glacier","floor":1},{"not_picked":["Streamline","Blizzard"],"picked":"Rip and Tear","floor":3},{"not_picked":["Rip and Tear","Barrage"],"picked":"Sunder","floor":5},{"not_picked":["Consume","Gash"],"picked":"Leap","floor":6},{"not_picked":["Redo","All For One"],"picked":"Loop","floor":8},{"not_picked":["Coolheaded","Leap"],"picked":"Cold Snap","floor":12},{"not_picked":["Heatsinks","Beam Cell"],"picked":"Coolheaded","floor":13},{"not_picked":["Redo","Steam"],"picked":"Chaos","floor":14},{"not_picked":["Thunder Strike","Biased Cognition"],"picked":"Echo Form","floor":16},{"not_picked":["Coolheaded","Steam","Conserve Battery"],"picked":"SKIP","floor":18},{"not_picked":["Auto Shields","Rebound"],"picked":"Sweeping Beam","floor":19}],"player_experience":377998,"relics_obtained":[{"floor":6,"key":"Regal Pillow"},{"floor":8,"key":"MealTicket"},{"floor":9,"key":"MawBank"},{"floor":13,"key":"Pantograph"},{"floor":19,"key":"Red Mask"}],"event_choices":[{"damage_healed":0,"gold_gain":0,"player_choice":"Bought 1 Potion","damage_taken":0,"max_hp_gain":0,"max_hp_loss":0,"event_name":"The Woman in Blue","floor":2,"gold_loss":0},{"damage_healed":0,"gold_gain":0,"player_choice":"Ignored","damage_taken":0,"max_hp_gain":0,"max_hp_loss":0,"event_name":"Liars Game","floor":4,"gold_loss":0},{"damage_healed":0,"gold_gain":0,"player_choice":"Entered Light","damage_taken":15,"max_hp_gain":0,"max_hp_loss":0,"event_name":"Shining Light","floor":10,"gold_loss":0,"cards_upgraded":["Defend_B","Loop"]},{"damage_healed":0,"gold_gain":0,"player_choice":"Fought Bandits","damage_taken":0,"max_hp_gain":0,"max_hp_loss":0,"event_name":"Masked Bandits","floor":19,"gold_loss":0}],"is_beta":false,"boss_relics":[{"not_picked":["Black Star","Astrolabe"],"picked":"Pandora\u0027s Box"}],"items_purged_floors":[],"is_endless":false,"potions_floor_spawned":[3,5,8,12,13,19],"killed_by":"Chosen","ascension_level":7}}