{"host":"tzya3289ktexk32d","time":1607707147,"event":{"mods":["BaseMod","Better Third Choice","Colored Map","Defuse TimeMaze Blight","Minty Spire (QoL Compilation)","Quick Restart","Rare Cards Sparkle","Relic Stats","StSLib","UnlockEverythingMod"],"gold_per_floor":[110,128,278,278,30,30,86,86,166,178,178,178,193,222,222,299,299,310,310,17,37,37,37,37,37],"floor_reached":24,"playtime":1687,"items_purged":["Doubt","Grand Finale"],"score":384,"play_id":"b13cb2e8-c11f-4d55-a24f-2a7547e61b2c","local_time":"20201211121907","is_ascension_mode":true,"campfire_choices":[{"floor":8.0,"key":"REST"},{"data":"Dash","floor":12.0,"key":"SMITH"},{"floor":15.0,"key":"REST"},{"floor":23,"key":"REST"}],"circlet_count":0,"master_deck":["AscendersBane","Survivor","Neutralize","CurseOfTheBell","Backflip","Cloak And Dagger","Footwork","Dash+1","After Image","Adrenaline","Terror","Predator","Dagger Throw","PiercingWail","Die Die Die","Underhanded Strike","Bane","Concentrate","Finisher","Blade Dance","Flechettes","Leg Sweep","Skewer","Crippling Poison","Well Laid Plans","Masterful Stab","Dash","RitualDagger","PiercingWail"],"relics":["Calling Bell","Happy Flower","Eternal Feather","Lizard Tail","Singing Bowl","Ninja Scroll","Dream Catcher","Pandora\u0027s Box","Enchiridion"],"acts_visited":["Exordium","TheCity"],"potions_floor_usage":[24,24],"damage_taken":[{"damage":0.0,"enemies":"2 Louse","floor":1.0,"turns":4.0},{"damage":6.0,"enemies":"Jaw Worm","floor":2.0,"turns":7.0},{"damage":57.0,"enemies":"3 Sentries","floor":7.0,"turns":16.0},{"damage":0.0,"enemies":"Small Slimes","floor":10.0,"turns":3.0},{"damage":0.0,"enemies":"2 Fungi Beasts","floor":13.0,"turns":3.0},{"damage":31.0,"enemies":"Gremlin Nob","floor":14.0,"turns":5.0},{"damage":37.0,"enemies":"Slime Boss","floor":16.0,"turns":11.0},{"damage":0.0,"enemies":"Spheric Guardian","floor":18.0,"turns":3.0},{"damage":9,"enemies":"2 Thieves","floor":21,"turns":3},{"damage":64,"enemies":"Gremlin Leader","floor":24,"turns":9}],"seed_played":"2779079213979562394","potions_obtained":[{"floor":7.0,"key":"Explosive Potion"},{"floor":14.0,"key":"CunningPotion"},{"floor":16.0,"key":"SpeedPotion"},{"floor":21,"key":"Poison Potion"}],"is_trial":false,"path_per_floor":["M","M","?","?","$","?","?","R","T","M","?","R","M","E","R","B",null,"M","?","$","M","?","R","E"],"character_chosen":"THE_SILENT","items_purchased":["Footwork","Dash","Well Laid Plans","Masterful Stab","Dash"],"campfire_rested":3,"item_purchase_floors":[5,5,20,20,20],"current_hp_per_floor":[59,53,53,53,53,46,23,51,51,53,53,65,65,34,66,29,58,58,37,37,30,24,60,0,0],"gold":37,"neow_bonus":"BOSS_RELIC","is_daily":false,"chose_seed":false,"campfire_upgraded":1,"win_rate":0.0,"timestamp":1607707147,"path_taken":["M","M","?","?","$","?","?","R","T","M","?","R","?","E","R","BOSS","M","?","$","M","?","R","E"],"items_purchased_type":["Card","Card","Card","Card","Card"],"build_version":"2020-11-30","purchased_purges":2,"victory":false,"max_hp_per_floor":[66,66,66,66,66,66,66,66,66,68,68,68,68,68,68,68,68,68,68,68,70,70,70,70,70],"relic_stats":{"Lizard Tail":33,"Dream Catcher":2,"Happy Flower":[21],"Singing Bowl":4,"counters":[10,64],"Eternal Feather":48,"Pandora\u0027s Box":["Underhanded Strike","Bane","Concentrate","Grand Finale","Finisher","Blade Dance","Flechettes","Leg Sweep","Skewer"],"obtain_stats":[{"Calling Bell":0,"Lizard Tail":0,"Dream Catcher":14,"Happy Flower":0,"Singing Bowl":7,"Ninja Scroll":9,"Enchiridion":19,"Eternal Feather":0,"Pandora\u0027s Box":17,"Ring of the Snake":0},{"Calling Bell":0,"Lizard Tail":0,"Dream Catcher":6,"Happy Flower":0,"Singing Bowl":3,"Ninja Scroll":3,"Enchiridion":8,"Eternal Feather":0,"Pandora\u0027s Box":7,"Ring of the Snake":0},{"Calling Bell":0,"Lizard Tail":0,"Dream Catcher":38,"Happy Flower":0,"Singing Bowl":27,"Ninja Scroll":27,"Enchiridion":52,"Eternal Feather":0,"Pandora\u0027s Box":49,"Ring of the Snake":0}]},"card_choices":[{"not_picked":["Deflect","Acrobatics"],"picked":"Backflip","floor":1.0},{"not_picked":["Deflect","Underhanded Strike"],"picked":"Cloak And Dagger","floor":2.0},{"not_picked":["Backflip","Quick Slash"],"picked":"After Image","floor":7.0},{"not_picked":["Outmaneuver","Quick Slash","Slice"],"picked":"Singing Bowl","floor":10.0},{"not_picked":["Backflip","Deadly Poison"],"picked":"Predator","floor":13.0},{"not_picked":["Deflect","Heel Hook"],"picked":"Dagger Throw","floor":14.0},{"not_picked":["Footwork","Deflect"],"picked":"PiercingWail","floor":15.0},{"not_picked":["After Image","A Thousand Cuts"],"picked":"Die Die Die","floor":16.0},{"not_picked":["Deflect","Terror"],"picked":"Crippling Poison","floor":18.0},{"not_picked":["Well Laid Plans","Poisoned Stab","Tactician"],"picked":"Singing Bowl","floor":21},{"not_picked":["Underhanded Strike","Quick Slash"],"picked":"PiercingWail","floor":23}],"player_experience":52253,"relics_obtained":[{"floor":0.0,"key":"Happy Flower"},{"floor":0.0,"key":"Eternal Feather"},{"floor":0.0,"key":"Lizard Tail"},{"floor":7.0,"key":"Singing Bowl"},{"floor":9.0,"key":"Ninja Scroll"},{"floor":14.0,"key":"Dream Catcher"},{"floor":19.0,"key":"Enchiridion"}],"event_choices":[{"damage_healed":0.0,"max_hp_gain":0.0,"max_hp_loss":0.0,"gold_gain":150.0,"event_name":"betterThird:BetterSerpent","player_choice":"AGREE","floor":3.0,"gold_loss":0.0,"damage_taken":128.0},{"damage_healed":0.0,"max_hp_gain":0.0,"max_hp_loss":0.0,"gold_gain":0.0,"event_name":"Golden Idol","player_choice":"Ignored","floor":4.0,"gold_loss":0.0,"damage_taken":0.0},{"cards_removed":["Defend_G"],"damage_healed":0.0,"max_hp_gain":0.0,"max_hp_loss":0.0,"gold_gain":0.0,"event_name":"Golden Wing","player_choice":"Card Removal","floor":6.0,"gold_loss":0.0,"damage_taken":7.0},{"damage_healed":0.0,"max_hp_gain":0.0,"max_hp_loss":0.0,"gold_gain":0.0,"event_name":"Dead Adventurer","player_choice":"Searched \u00271\u0027 times","floor":7.0,"gold_loss":0.0,"damage_taken":0.0},{"damage_healed":0.0,"max_hp_gain":0.0,"max_hp_loss":0.0,"gold_gain":0.0,"event_name":"Match and Keep!","player_choice":"2 cards matched","floor":11.0,"gold_loss":0.0,"damage_taken":0.0,"cards_obtained":["Adrenaline","Terror"]},{"damage_healed":0.0,"max_hp_gain":0.0,"max_hp_loss":0.0,"gold_gain":0.0,"event_name":"Cursed Tome","player_choice":"Obtained Book","floor":19.0,"gold_loss":0.0,"damage_taken":21.0},{"damage_healed":0,"gold_gain":0,"player_choice":"Dagger","damage_taken":6,"max_hp_gain":0,"max_hp_loss":0,"event_name":"betterThird:BetterNest","floor":22,"gold_loss":0,"cards_obtained":["RitualDagger"]}],"is_beta":false,"boss_relics":[{"not_picked":["Busted Crown","Velvet Choker"],"picked":"Pandora\u0027s Box"}],"items_purged_floors":[5,20],"is_endless":false,"potions_floor_spawned":[7,14,16,21],"killed_by":"Gremlin Leader","ascension_level":20}}