{"host":"o7j6aatxjwpw1421","time":1607711686,"event":{"mods":["2.2 Compatiblity","BaseMod","Colored Map","DeckTracker","Highlight Path","Keyboard Shortcuts","Minty Spire (QoL Compilation)","Permanent Neow","Quick Restart","StSLib","SuperFastMode","everything is the same but u backflip on backflip"],"gold_per_floor":[116,116,41,61,73,73,88,156,228,228,228,257,269,310,322,435,447,470,482,508,537,564,576,90,104,130,160,175,175,175,185,185,282,282,299,318,338,338,350,350,350,375,375,387,387,716,729,7,7,7],"floor_reached":51,"playtime":3999,"items_purged":["Strike_G","Defend_G","Bite"],"score":1364,"play_id":"7e45bc95-7332-4af1-ae86-132c9fc777d3","local_time":"20201212033446","is_ascension_mode":true,"campfire_choices":[{"data":"Apotheosis","floor":6.0,"key":"SMITH"},{"data":"Underhanded Strike","floor":10.0,"key":"SMITH"},{"data":"Neutralize","floor":15.0,"key":"SMITH"},{"data":"Adrenaline","floor":23.0,"key":"SMITH"},{"floor":32.0,"key":"REST"},{"data":"Bite","floor":40,"key":"PURGE"},{"floor":45,"key":"REST"},{"data":"Defend_G","floor":49,"key":"PURGE"}],"circlet_count":0,"master_deck":["AscendersBane","Defend_G","Defend_G","Defend_G","Survivor","Neutralize+1","Apotheosis+1","Dodge and Roll","Dagger Throw","Escape Plan","Underhanded Strike+1","Blade Dance","Reflex","Adrenaline+1","Dagger Spray+1","Concentrate+1","Backflip","Accuracy","Tactician","Setup+1","Bite","Bite","Bite","Backstab+1","Burst+1","Acrobatics+1","Prepared+1","Deep Breath+1","Well Laid Plans","Infinite Blades+1","Cloak And Dagger+1"],"relics":["Ring of the Snake","Letter Opener","Pear","MawBank","Thread and Needle","SlaversCollar","Toxic Egg 2","Anchor","Peace Pipe","InkBottle","Fusion Hammer","Vajra","Ninja Scroll","Old Coin","Ice Cream","Strange Spoon","Bronze Scales"],"acts_visited":["Exordium","TheCity","TheBeyond"],"potions_floor_usage":[50],"damage_taken":[{"damage":0.0,"enemies":"2 Louse","floor":1.0,"turns":3.0},{"damage":0.0,"enemies":"Cultist","floor":4.0,"turns":5.0},{"damage":0.0,"enemies":"Small Slimes","floor":5.0,"turns":2.0},{"damage":0.0,"enemies":"Gremlin Gang","floor":7.0,"turns":5.0},{"damage":0.0,"enemies":"Lagavulin","floor":12.0,"turns":6.0},{"damage":0.0,"enemies":"Gremlin Nob","floor":14.0,"turns":3.0},{"damage":13.0,"enemies":"Slime Boss","floor":16.0,"turns":9.0},{"damage":7.0,"enemies":"Shell Parasite","floor":18.0,"turns":7.0},{"damage":0.0,"enemies":"Chosen","floor":20.0,"turns":5.0},{"damage":20.0,"enemies":"Sentry and Sphere","floor":21.0,"turns":6.0},{"damage":11.0,"enemies":"Snake Plant","floor":22.0,"turns":6.0},{"damage":3.0,"enemies":"Chosen and Byrds","floor":25.0,"turns":5.0},{"damage":0.0,"enemies":"Gremlin Leader","floor":27.0,"turns":6.0},{"damage":2.0,"enemies":"3 Cultists","floor":28.0,"turns":5.0},{"damage":23.0,"enemies":"Snake Plant","floor":31.0,"turns":5.0},{"damage":50.0,"enemies":"Automaton","floor":33.0,"turns":12.0},{"damage":20.0,"enemies":"3 Shapes","floor":35.0,"turns":5.0},{"damage":8.0,"enemies":"3 Darklings","floor":36.0,"turns":3.0},{"damage":28.0,"enemies":"4 Shapes","floor":37.0,"turns":5.0},{"damage":40,"enemies":"Transient","floor":39,"turns":5},{"damage":9,"enemies":"Nemesis","floor":42,"turns":5},{"damage":0,"enemies":"3 Darklings","floor":44,"turns":3},{"damage":0,"enemies":"Reptomancer","floor":46,"turns":4},{"damage":19,"enemies":"Maw","floor":47,"turns":5},{"damage":0,"enemies":"Donu and Deca","floor":50,"turns":5}],"seed_played":"3008358109025098756","potions_obtained":[{"floor":4.0,"key":"Fire Potion"},{"floor":5.0,"key":"SkillPotion"},{"floor":12.0,"key":"SteroidPotion"},{"floor":19.0,"key":"Swift Potion"},{"floor":19.0,"key":"GhostInAJar"},{"floor":20.0,"key":"BlessingOfTheForge"},{"floor":21.0,"key":"LiquidMemories"},{"floor":27.0,"key":"FairyPotion"},{"floor":35.0,"key":"ColorlessPotion"},{"floor":39,"key":"LiquidBronze"},{"floor":42,"key":"BlessingOfTheForge"},{"floor":46,"key":"DuplicationPotion"}],"is_trial":false,"path_per_floor":["M","?","$","M","M","R","M","T","T","R","?","E","?","E","R","B",null,"M","?","M","M","M","R","$","M","T","E","M","T","?","M","R","B",null,"M","M","M","?","M","R","?","E","T","M","R","E","M","$","R","B",null],"character_chosen":"THE_SILENT","items_purchased":["Accuracy","Tactician","Toxic Egg 2","Ice Cream","Strange Spoon","Bronze Scales"],"campfire_rested":2,"item_purchase_floors":[24,24,24,48,48,48],"current_hp_per_floor":[63,63,63,63,63,63,63,63,73,73,73,73,73,73,73,60,75,68,68,68,48,37,37,37,34,34,34,32,32,32,29,45,39,52,48,48,34,34,16,16,16,24,24,27,42,51,46,46,46,53],"gold":7,"neow_bonus":"RANDOM_COLORLESS_2","is_daily":false,"chose_seed":false,"campfire_upgraded":4,"win_rate":0.0,"timestamp":1607711686,"path_taken":["M","?","$","M","M","R","?","?","T","R","?","E","?","E","R","BOSS","M","?","?","?","?","R","$","M","T","E","M","?","?","M","R","BOSS","M","M","M","?","M","R","?","E","T","M","R","E","M","$","R","BOSS"],"items_purchased_type":["Card","Card","Relic","Relic","Relic","Relic"],"build_version":"2020-11-30","purchased_purges":3,"victory":true,"max_hp_per_floor":[70,70,70,70,70,70,70,70,80,80,80,80,80,80,80,80,80,80,80,80,80,80,80,80,80,80,80,80,80,56,56,56,56,56,56,56,56,53,53,53,53,53,53,53,53,53,53,53,53,53],"card_choices":[{"not_picked":["Transmutation","Violence"],"picked":"Apotheosis","floor":0.0},{"not_picked":["Acrobatics","Eviscerate"],"picked":"Dodge and Roll","floor":1.0},{"not_picked":["Catalyst","Expertise"],"picked":"Dagger Throw","floor":4.0},{"not_picked":["Sucker Punch","Choke"],"picked":"Escape Plan","floor":5.0},{"not_picked":["Dagger Throw","Caltrops"],"picked":"Underhanded Strike","floor":7.0},{"not_picked":["Malaise","Slice"],"picked":"Blade Dance","floor":12.0},{"not_picked":["Terror","Underhanded Strike"],"picked":"Reflex","floor":14.0},{"not_picked":["Envenom","Unload"],"picked":"Adrenaline","floor":16.0},{"not_picked":["Sucker Punch+1","Reflex"],"picked":"Dagger Spray+1","floor":18.0},{"not_picked":["Bane","Riddle With Holes"],"picked":"Concentrate+1","floor":20.0},{"not_picked":["Masterful Stab","Bane+1","Quick Slash+1"],"picked":"SKIP","floor":21.0},{"not_picked":["Dodge and Roll","Flying Knee"],"picked":"Backflip","floor":22.0},{"not_picked":["Dodge and Roll+1","Underhanded Strike","Skewer"],"picked":"SKIP","floor":25.0},{"not_picked":["Catalyst+1","All Out Attack","Eviscerate+1"],"picked":"SKIP","floor":27.0},{"not_picked":["Expertise+1","Dagger Throw"],"picked":"Setup+1","floor":28.0},{"not_picked":["Deflect+1","Riddle With Holes"],"picked":"Backstab+1","floor":31.0},{"not_picked":["Storm of Steel+1","Adrenaline+1"],"picked":"Burst+1","floor":33.0},{"not_picked":["Dagger Throw","Caltrops+1"],"picked":"Acrobatics+1","floor":35.0},{"not_picked":["Blur+1","Flying Knee"],"picked":"Prepared+1","floor":36.0},{"not_picked":["Dagger Spray","All Out Attack+1","Outmaneuver+1"],"picked":"SKIP","floor":37.0},{"not_picked":["Bane+1","Quick Slash","Distraction+1"],"picked":"SKIP","floor":39},{"not_picked":["Enlightenment+1","Magnetism"],"picked":"Deep Breath+1","floor":41},{"not_picked":["Eviscerate+1","Riddle With Holes"],"picked":"Well Laid Plans","floor":42},{"not_picked":["Deflect+1","Outmaneuver+1"],"picked":"Infinite Blades+1","floor":44},{"not_picked":["Underhanded Strike","Catalyst+1"],"picked":"Cloak And Dagger+1","floor":46},{"not_picked":["Outmaneuver+1","Flechettes+1","Catalyst+1"],"picked":"SKIP","floor":47}],"player_experience":201408,"relics_obtained":[{"floor":8.0,"key":"Letter Opener"},{"floor":9.0,"key":"Pear"},{"floor":12.0,"key":"MawBank"},{"floor":14.0,"key":"Thread and Needle"},{"floor":26.0,"key":"Anchor"},{"floor":27.0,"key":"Peace Pipe"},{"floor":29.0,"key":"InkBottle"},{"floor":42,"key":"Vajra"},{"floor":43,"key":"Ninja Scroll"},{"floor":46,"key":"Old Coin"}],"event_choices":[{"cards_removed":["Writhe"],"damage_healed":0.0,"max_hp_gain":0.0,"max_hp_loss":0.0,"gold_gain":0.0,"event_name":"Fountain of Cleansing","player_choice":"Removed Curses","floor":2.0,"gold_loss":0.0,"damage_taken":0.0},{"cards_removed":["Strike_G"],"damage_healed":0.0,"max_hp_gain":0.0,"max_hp_loss":0.0,"gold_gain":0.0,"event_name":"Living Wall","player_choice":"Forget","floor":11.0,"gold_loss":0.0,"damage_taken":0.0},{"damage_healed":0.0,"max_hp_gain":0.0,"max_hp_loss":0.0,"gold_gain":0.0,"event_name":"Liars Game","player_choice":"Ignored","floor":13.0,"gold_loss":0.0,"damage_taken":0.0},{"damage_healed":0.0,"max_hp_gain":0.0,"max_hp_loss":0.0,"gold_gain":0.0,"event_name":"Lab","player_choice":"Got Potions","floor":19.0,"gold_loss":0.0,"damage_taken":0.0},{"damage_healed":0.0,"max_hp_gain":0.0,"max_hp_loss":24.0,"gold_gain":0.0,"event_name":"Vampires","player_choice":"Became a vampire","floor":30.0,"gold_loss":0.0,"damage_taken":0.0,"cards_obtained":["Bite","Bite","Bite","Bite","Bite"]},{"damage_healed":0.0,"max_hp_gain":0.0,"max_hp_loss":3.0,"gold_gain":0.0,"event_name":"Winding Halls","player_choice":"Max HP","floor":38.0,"gold_loss":0.0,"damage_taken":0.0},{"damage_healed":0,"gold_gain":0,"player_choice":"Memory 1","damage_taken":0,"max_hp_gain":0,"max_hp_loss":0,"event_name":"SensoryStone","floor":41,"gold_loss":0}],"is_beta":false,"boss_relics":[{"not_picked":["Calling Bell","Ectoplasm"],"picked":"SlaversCollar"},{"not_picked":["Astrolabe","Runic Dome"],"picked":"Fusion Hammer"}],"items_purged_floors":[3,24,48],"is_endless":false,"potions_floor_spawned":[4,5,12,20,21,27,28,35,39,42,46,47],"ascension_level":11}}