{"host":"be5hvki5gkosi5aw","time":1607664234,"event":{"mods":["AchievementEnabler","BaseMod","Colored Map","Hermit","Hubris","Infinite Spire","Koishi","Minty Spire (QoL Compilation)","Replay The Spire","StSLib","The Administrix","The Alterego","The Vixen"],"gold_per_floor":[115,125,53,63,76,101,101,111,137,156,182,182,182,182,182],"floor_reached":14,"playtime":626,"items_purged":["alterego_mod:Defend"],"score":102,"play_id":"65ca9fed-4501-4b6b-97ae-36409e04d01e","local_time":"20201211002354","is_ascension_mode":false,"campfire_choices":[{"data":"alterego_mod:Vow","floor":7,"key":"SMITH"}],"circlet_count":0,"master_deck":["alterego_mod:Strike","alterego_mod:Strike","alterego_mod:Strike","alterego_mod:Strike","alterego_mod:Defend","alterego_mod:Defend","alterego_mod:Defend","alterego_mod:Impale","alterego_mod:BigMeatyClaws","alterego_mod:BrynhildrsRune","alterego_mod:Mirror","alterego_mod:1TonWallop","alterego_mod:SakuraFive","alterego_mod:Schoolgirl","alterego_mod:Mirror","alterego_mod:Vow+1","alterego_mod:Nekomimi","alterego_mod:MaintainEyeContact","alterego_mod:Mirror"],"relics":["alterego_mod:MasochisticConstitution","NeowsBlessing","Akabeko","Replay:Mystery Machine","Golden Egg","hubris:Icosahedron"],"acts_visited":["Exordium"],"potions_floor_usage":[11,14,14],"damage_taken":[{"damage":0,"enemies":"Cultist","floor":1,"turns":1},{"damage":0,"enemies":"infinitespire:Voidling","floor":2,"turns":1},{"damage":0,"enemies":"Small Slimes","floor":4,"turns":1},{"damage":17,"enemies":"Looter","floor":5,"turns":4},{"damage":22,"enemies":"Replay:BlueRogue","floor":6,"turns":7},{"damage":0,"enemies":"2 Fungi Beasts","floor":8,"turns":2},{"damage":0,"enemies":"Blue Slaver","floor":10,"turns":1},{"damage":15,"enemies":"Lagavulin","floor":11,"turns":5},{"damage":18,"enemies":"3 Sentries","floor":14,"turns":2}],"seed_played":"4572309493192254397","potions_obtained":[{"floor":1,"key":"PowerPotion"},{"floor":2,"key":"DuplicationPotion"},{"floor":5,"key":"Weak Potion"},{"floor":10,"key":"Explosive Potion"},{"floor":11,"key":"Ancient Potion"}],"is_trial":false,"path_per_floor":["M","M","$","M","M","E","R","M","T","M","E","$","?","E"],"character_chosen":"The_Alterego","items_purchased":["alterego_mod:SakuraFive"],"campfire_rested":0,"item_purchase_floors":[3],"current_hp_per_floor":[70,70,70,70,54,33,33,33,33,33,19,14,14,0,0],"gold":182,"neow_bonus":"THREE_ENEMY_KILL","is_daily":false,"chose_seed":false,"campfire_upgraded":1,"win_rate":0.0,"timestamp":1607664234,"path_taken":["M","M","$","M","M","E","R","M","T","M","E","?","?","E"],"items_purchased_type":["Card"],"build_version":"2020-11-30","purchased_purges":1,"victory":false,"max_hp_per_floor":[70,70,70,70,71,72,72,72,72,72,73,73,73,73,73],"card_choices":[{"not_picked":["alterego_mod:Exercise","alterego_mod:Punishment"],"picked":"alterego_mod:Mirror","floor":1},{"not_picked":["alterego_mod:Bunnysuit","alterego_mod:Skirt"],"picked":"alterego_mod:1TonWallop","floor":2},{"not_picked":["alterego_mod:1TonWallop","alterego_mod:Undulate"],"picked":"alterego_mod:Schoolgirl","floor":4},{"not_picked":["alterego_mod:PerceptionDisorder","alterego_mod:Pet"],"picked":"alterego_mod:Mirror","floor":5},{"not_picked":["alterego_mod:Schoolgirl","alterego_mod:Bunnysuit"],"picked":"alterego_mod:Vow","floor":6},{"not_picked":["alterego_mod:Stockings","alterego_mod:SakuraPetals"],"picked":"alterego_mod:Nekomimi","floor":8},{"not_picked":["alterego_mod:DustData","alterego_mod:Maid"],"picked":"alterego_mod:MaintainEyeContact","floor":10},{"not_picked":["alterego_mod:Jiggle","alterego_mod:BusterCard"],"picked":"alterego_mod:Mirror","floor":11}],"player_experience":125687,"relics_obtained":[{"floor":6,"key":"Akabeko"},{"floor":9,"key":"Replay:Mystery Machine"},{"floor":11,"key":"Golden Egg"}],"event_choices":[],"is_beta":false,"boss_relics":[],"items_purged_floors":[12],"is_endless":false,"potions_floor_spawned":[1,2,5,10,11],"killed_by":"3 Sentries","ascension_level":0}}