{"host":"ueef25wtkg2eer3h","time":1607686271,"event":{"mods":["AchievementEnabler","BaseMod","Colored Map","Colored Powertips","DeckTracker","Displayed Cursed Tome","Googly Eyes","Highlight Path","Minty Spire (QoL Compilation)","Slay the Relics Exporter","StSLib"],"gold_per_floor":[109,59,134,44,61,61,72,102,102,129,129,129,154,164,164,267,267,285,298,298,298,298],"floor_reached":21,"playtime":681,"items_purged":[],"score":271,"play_id":"76515b33-bc79-4cbc-9e4d-1ccd30287bb1","local_time":"20201211123111","is_ascension_mode":true,"campfire_choices":[{"data":"Doom and Gloom","floor":6,"key":"SMITH"},{"floor":12,"key":"REST"},{"floor":15,"key":"REST"}],"circlet_count":0,"master_deck":["Strike_B","Strike_B","Strike_B","Strike_B","Defend_B","Defend_B","Defend_B","Zap","Dualcast","Cold Snap","Doom and Gloom+1","Turbo","Leap","Beam Cell","Self Repair","Streamline","Cold Snap","Seek","Conserve Battery","Hologram+1","Defragment"],"relics":["Cracked Core","NeowsBlessing","Gambling Chip","The Courier","Cables","Regal Pillow","Inserter"],"acts_visited":["Exordium","TheCity"],"potions_floor_usage":[10,16,16],"damage_taken":[{"damage":0,"enemies":"Jaw Worm","floor":1,"turns":1},{"damage":0,"enemies":"2 Louse","floor":5,"turns":1},{"damage":0,"enemies":"Small Slimes","floor":7,"turns":1},{"damage":32,"enemies":"Gremlin Nob","floor":8,"turns":4},{"damage":24,"enemies":"3 Sentries","floor":10,"turns":6},{"damage":0,"enemies":"Blue Slaver","floor":14,"turns":2},{"damage":56,"enemies":"Hexaghost","floor":16,"turns":11},{"damage":15,"enemies":"3 Byrds","floor":18,"turns":3},{"damage":17,"enemies":"Chosen","floor":19,"turns":5},{"damage":43,"enemies":"Sentry and Sphere","floor":21,"turns":7}],"seed_played":"3396912481103447949","potions_obtained":[{"floor":5,"key":"Strength Potion"},{"floor":8,"key":"Ancient Potion"},{"floor":14,"key":"Block Potion"},{"floor":16,"key":"Fruit Juice"},{"floor":18,"key":"Swift Potion"}],"is_trial":false,"path_per_floor":["M","?","?","$","M","R","M","E","T","E","?","R","T","M","R","B",null,"M","M","?","M"],"character_chosen":"DEFECT","items_purchased":["Doom and Gloom","Turbo"],"campfire_rested":2,"item_purchase_floors":[4,4],"current_hp_per_floor":[68,68,57,57,57,57,57,25,25,8,8,30,30,30,67,23,66,51,41,41,0,0],"gold":298,"neow_bonus":"THREE_ENEMY_KILL","is_daily":false,"chose_seed":false,"campfire_upgraded":1,"win_rate":0.0,"timestamp":1607686271,"path_taken":["M","?","?","$","M","R","?","E","T","E","?","R","?","M","R","BOSS","M","M","?","M"],"items_purchased_type":["Card","Card"],"build_version":"2020-11-30","purchased_purges":0,"victory":false,"max_hp_per_floor":[75,75,75,75,75,75,75,75,75,75,75,75,75,75,75,80,80,80,80,80,80,80],"card_choices":[{"not_picked":["Rebound","Skim"],"picked":"Cold Snap","floor":1},{"not_picked":["Steam","Fission"],"picked":"Leap","floor":5},{"not_picked":["Coolheaded","Steam"],"picked":"Beam Cell","floor":7},{"not_picked":["Conserve Battery","Ball Lightning"],"picked":"Self Repair","floor":8},{"not_picked":["Storm","Compile Driver"],"picked":"Streamline","floor":10},{"not_picked":["Go for the Eyes","Thunder Strike"],"picked":"Cold Snap","floor":14},{"not_picked":["Core Surge","Hyperbeam"],"picked":"Seek","floor":16},{"not_picked":["Streamline","Cold Snap"],"picked":"Conserve Battery","floor":18},{"not_picked":["Steam","Ball Lightning"],"picked":"Hologram+1","floor":19}],"player_experience":239385,"relics_obtained":[{"floor":8,"key":"Gambling Chip"},{"floor":9,"key":"The Courier"},{"floor":10,"key":"Cables"},{"floor":13,"key":"Regal Pillow"}],"event_choices":[{"cards_removed":["Defend_B"],"damage_healed":0,"gold_gain":0,"player_choice":"Card Removal","damage_taken":0,"max_hp_gain":0,"max_hp_loss":0,"event_name":"The Cleric","floor":2,"gold_loss":50},{"damage_healed":0,"gold_gain":75,"player_choice":"Gather Gold","damage_taken":11,"max_hp_gain":0,"max_hp_loss":0,"event_name":"World of Goop","floor":3,"gold_loss":0},{"damage_healed":0,"gold_gain":0,"player_choice":"Fled","damage_taken":0,"max_hp_gain":0,"max_hp_loss":0,"event_name":"Scrap Ooze","floor":11,"gold_loss":0},{"damage_healed":0,"gold_gain":0,"player_choice":"Read","damage_taken":0,"max_hp_gain":0,"max_hp_loss":0,"event_name":"The Library","floor":20,"gold_loss":0,"cards_obtained":["Defragment"]}],"is_beta":false,"boss_relics":[{"not_picked":["Sozu","Philosopher\u0027s Stone"],"picked":"Inserter"}],"items_purged_floors":[],"is_endless":false,"potions_floor_spawned":[5,8,14,16,18],"killed_by":"Sentry and Sphere","ascension_level":9}}