{"host":"J","time":1607683823,"event":{"mods":["AchievementEnabler","BaseMod","Block Reminder","Highlight Path","Minty Spire (QoL Compilation)","Permanent Neow","Quick Restart","Relic Stats","UnlockEverythingMod"],"gold_per_floor":[112,127,143,143,153,183,183,214,214,214,46,46,80,98,98,173,223,235,235,72,82,95,129,147,147,147,147,72,106,106,132,132,203,203,221,221,221],"floor_reached":36,"playtime":4815,"items_purged":["Strike_B"],"score":1030,"play_id":"6ad3e9ad-1f50-4dbf-9593-70deb59f5321","local_time":"20201211115023","is_ascension_mode":true,"campfire_choices":[{"data":"Zap","floor":7.0,"key":"SMITH"},{"floor":10.0,"key":"REST"},{"data":"Defragment","floor":15.0,"key":"SMITH"},{"data":"Multi-Cast","floor":25.0,"key":"SMITH"},{"data":"Hologram","floor":27.0,"key":"SMITH"},{"data":"Fusion","floor":32.0,"key":"SMITH"}],"circlet_count":0,"master_deck":["AscendersBane","Strike_B","Strike_B","Strike_B","Defend_B","Defend_B","Defend_B","Defend_B+1","Zap+1","Dualcast","Glacier","Rip and Tear","Compile Driver","Sweeping Beam","Stack","Loop","Defragment+1","Machine Learning","Hologram+1","Loop+1","Fusion+1","Multi-Cast+1","Hologram+1","Compile Driver","Stack","Cold Snap","Seek","Chaos+1"],"relics":["Philosopher\u0027s Stone","StrikeDummy","Vajra","Shuriken","Letter Opener","DataDisk","Lantern","Tiny House","Toolbox","Eternal Feather","Darkstone Periapt","Strawberry","Bronze Scales","Inserter"],"acts_visited":["Exordium","TheCity","TheBeyond"],"potions_floor_usage":[36,36],"damage_taken":[{"damage":9.0,"enemies":"Cultist","floor":1.0,"turns":4.0},{"damage":10.0,"enemies":"Small Slimes","floor":2.0,"turns":5.0},{"damage":1.0,"enemies":"Jaw Worm","floor":3.0,"turns":4.0},{"damage":7.0,"enemies":"Looter","floor":5.0,"turns":3.0},{"damage":4.0,"enemies":"Lagavulin","floor":6.0,"turns":7.0},{"damage":0.0,"enemies":"3 Sentries","floor":8.0,"turns":5.0},{"damage":0.0,"enemies":"Lagavulin","floor":13.0,"turns":7.0},{"damage":0.0,"enemies":"Exordium Thugs","floor":14.0,"turns":5.0},{"damage":35.0,"enemies":"Hexaghost","floor":16.0,"turns":8.0},{"damage":0.0,"enemies":"Spheric Guardian","floor":18.0,"turns":3.0},{"damage":0.0,"enemies":"Chosen","floor":21.0,"turns":4.0},{"damage":2.0,"enemies":"Snake Plant","floor":22.0,"turns":7.0},{"damage":50.0,"enemies":"Book of Stabbing","floor":23.0,"turns":6.0},{"damage":11.0,"enemies":"Snecko","floor":24.0,"turns":7.0},{"damage":36.0,"enemies":"Slavers","floor":29.0,"turns":9.0},{"damage":0.0,"enemies":"Gremlin Leader","floor":31.0,"turns":8.0},{"damage":10.0,"enemies":"Champ","floor":33.0,"turns":11.0},{"damage":0.0,"enemies":"3 Shapes","floor":35.0,"turns":4.0},{"damage":88,"enemies":"2 Orb Walkers","floor":36,"turns":6}],"seed_played":"-1312402926387838758","potions_obtained":[{"floor":2.0,"key":"FearPotion"},{"floor":6.0,"key":"DistilledChaos"},{"floor":13.0,"key":"FearPotion"},{"floor":16.0,"key":"LiquidBronze"},{"floor":17.0,"key":"Swift Potion"},{"floor":22.0,"key":"Regen Potion"},{"floor":23.0,"key":"EssenceOfSteel"},{"floor":29.0,"key":"DistilledChaos"},{"floor":35.0,"key":"EssenceOfSteel"}],"is_trial":false,"path_per_floor":["M","M","M","?","M","E","R","E","T","R","$","?","E","M","R","B",null,"M","?","$","M","M","E","M","R","T","R","$","E","?","E","R","B",null,"M","?"],"character_chosen":"DEFECT","items_purchased":["DataDisk","Toolbox"],"campfire_rested":1,"item_purchase_floors":[11,20],"current_hp_per_floor":[55,45,44,26,19,15,15,15,15,36,36,36,36,36,36,1,59,59,59,59,59,57,22,11,26,26,41,41,12,12,12,27,17,67,67,0,0],"gold":221,"neow_bonus":"BOSS_RELIC","is_daily":false,"chose_seed":false,"campfire_upgraded":5,"win_rate":0.0,"timestamp":1607683823,"path_taken":["M","M","M","?","M","E","R","E","T","R","$","?","E","?","R","BOSS","M","?","?","M","?","E","M","R","T","R","$","E","?","E","R","BOSS","M","?"],"items_purchased_type":["Relic","Relic"],"build_version":"2020-12-07","purchased_purges":1,"victory":false,"max_hp_per_floor":[71,71,71,71,71,71,71,71,71,71,71,71,71,71,71,71,76,76,76,76,76,76,76,76,76,76,76,76,83,83,83,83,83,83,83,83,83],"relic_stats":{"Darkstone Periapt":0,"Inserter":[5],"counters":[19,111],"Shuriken":[17],"Bronze Scales":[61],"Eternal Feather":45,"Letter Opener":[190],"obtain_stats":[{"Darkstone Periapt":26,"Lantern":13,"Tiny House":17,"Inserter":34,"Vajra":6,"Eternal Feather":23,"Letter Opener":9,"DataDisk":11,"Shuriken":8,"Strawberry":29,"Bronze Scales":31,"Toolbox":20,"Philosopher\u0027s Stone":0,"Cracked Core":0,"StrikeDummy":4},{"Darkstone Periapt":14,"Lantern":7,"Tiny House":9,"Inserter":17,"Vajra":5,"Eternal Feather":13,"Letter Opener":6,"DataDisk":6,"Shuriken":6,"Strawberry":15,"Bronze Scales":16,"Toolbox":10,"Philosopher\u0027s Stone":0,"Cracked Core":0,"StrikeDummy":3},{"Darkstone Periapt":74,"Lantern":35,"Tiny House":48,"Inserter":101,"Vajra":23,"Eternal Feather":68,"Letter Opener":28,"DataDisk":28,"Shuriken":28,"Strawberry":82,"Bronze Scales":90,"Toolbox":51,"Philosopher\u0027s Stone":0,"Cracked Core":0,"StrikeDummy":13}]},"card_choices":[{"not_picked":["Leap","Beam Cell"],"picked":"Glacier","floor":1.0},{"not_picked":["Turbo","Gash"],"picked":"Rip and Tear","floor":2.0},{"not_picked":["Cold Snap","Reinforced Body"],"picked":"Compile Driver","floor":3.0},{"not_picked":["Melter","Stack"],"picked":"Sweeping Beam","floor":5.0},{"not_picked":["Steam","Sweeping Beam"],"picked":"Stack","floor":6.0},{"not_picked":["Thunder Strike","Sweeping Beam"],"picked":"Loop","floor":8.0},{"not_picked":["Reinforced Body","Compile Driver"],"picked":"Defragment","floor":13.0},{"not_picked":["Rebound","Steam","Beam Cell"],"picked":"SKIP","floor":14.0},{"not_picked":["Hyperbeam","Thunder Strike"],"picked":"Machine Learning","floor":16.0},{"not_picked":["Leap","Steam"],"picked":"Hologram","floor":17.0},{"not_picked":["Rebound","Rip and Tear+1"],"picked":"Loop+1","floor":18.0},{"not_picked":["Lockon","Compile Driver"],"picked":"Fusion","floor":21.0},{"not_picked":["Recycle","Darkness"],"picked":"Multi-Cast","floor":22.0},{"not_picked":["Undo","Redo"],"picked":"Hologram+1","floor":23.0},{"not_picked":["Barrage","Steam"],"picked":"Compile Driver","floor":24.0},{"not_picked":["Hologram","Go for the Eyes"],"picked":"Stack","floor":29.0},{"not_picked":["Blizzard","Gash"],"picked":"Cold Snap","floor":31.0},{"not_picked":["Biased Cognition","Amplify"],"picked":"Seek","floor":33.0},{"not_picked":["Gash","Rebound"],"picked":"Chaos+1","floor":35.0}],"player_experience":145724,"relics_obtained":[{"floor":6.0,"key":"Vajra"},{"floor":8.0,"key":"Shuriken"},{"floor":9.0,"key":"Letter Opener"},{"floor":13.0,"key":"Lantern"},{"floor":23.0,"key":"Eternal Feather"},{"floor":26.0,"key":"Darkstone Periapt"},{"floor":29.0,"key":"Strawberry"},{"floor":31.0,"key":"Bronze Scales"}],"event_choices":[{"damage_healed":0.0,"max_hp_gain":0.0,"max_hp_loss":0.0,"gold_gain":0.0,"event_name":"Scrap Ooze","player_choice":"Success","floor":4.0,"gold_loss":0.0,"damage_taken":18.0,"relics_obtained":["StrikeDummy"]},{"damage_healed":0.0,"max_hp_gain":0.0,"max_hp_loss":0.0,"gold_gain":0.0,"event_name":"Shining Light","player_choice":"Ignored","floor":12.0,"gold_loss":0.0,"damage_taken":0.0},{"damage_healed":0.0,"max_hp_gain":0.0,"max_hp_loss":0.0,"gold_gain":0.0,"event_name":"Match and Keep!","player_choice":"0 cards matched","floor":19.0,"gold_loss":0.0,"damage_taken":0.0,"cards_obtained":[]},{"damage_healed":0.0,"max_hp_gain":0.0,"max_hp_loss":0.0,"gold_gain":0.0,"event_name":"Cursed Tome","player_choice":"Ignored","floor":30.0,"gold_loss":0.0,"damage_taken":0.0},{"damage_healed":0,"gold_gain":0,"player_choice":"Fight","damage_taken":0,"max_hp_gain":0,"max_hp_loss":0,"event_name":"Mysterious Sphere","floor":36,"gold_loss":0}],"is_beta":true,"boss_relics":[{"not_picked":["Busted Crown","Cursed Key"],"picked":"Tiny House"},{"not_picked":["Snecko Eye","Coffee Dripper"],"picked":"Inserter"}],"items_purged_floors":[28],"is_endless":false,"potions_floor_spawned":[2,6,13,16,22,23,24,29,35],"killed_by":"2 Orb Walkers","ascension_level":20}}