{"host":"wc8dlsuapnihxz7u","time":1607722574,"event":{"mods":["2.2 Compatiblity","AchievementEnabler","AlwaysNeverKeys","BaseMod","Better Altar","BetterRewards","GifTheSpireLib","Minty Spire (QoL Compilation)","Permanent Neow","Quick Restart","StSLib","SuperFastMode"],"gold_per_floor":[110,121,121,121,136,136,168,182,182,129,146,181,181,200,200,303,353,373,1,20,20,32,59,59,89,144,144,162,162,162,162],"floor_reached":30,"playtime":2178,"items_purged":["Regret"],"score":280,"play_id":"4c5c5487-cdaa-48ba-a25c-f5b18c1460f3","local_time":"20201211163614","is_ascension_mode":false,"campfire_choices":[{"data":"PathToVictory","floor":6,"key":"SMITH"},{"data":"FollowUp","floor":13,"key":"SMITH"},{"floor":15,"key":"REST"},{"data":"1","floor":24,"key":"LIFT"},{"data":"2","floor":27,"key":"LIFT"},{"floor":29,"key":"REST"}],"circlet_count":0,"master_deck":["Strike_P","Strike_P","Strike_P","Strike_P","Defend_P","Defend_P","Defend_P+1","Eruption","Vigilance","CrushJoints","InnerPeace","LikeWater","PathToVictory+1","WindmillStrike","Vengeance","FollowUp+1","ThirdEye","Collect","EmptyBody","ConjureBlade","PathToVictory","FearNoEvil","DeceiveReality+1","BowlingBash","BattleHymn","Adaptation+1"],"relics":["PureWater","Bronze Scales","Letter Opener","Ginger","PreservedInsect","Ornamental Fan","Tiny Chest","Orichalcum","Bottled Lightning","Tiny House","Sling","Toy Ornithopter","Girya","Art of War","Oddly Smooth Stone"],"acts_visited":["Exordium","TheCity"],"potions_floor_usage":[18,22,22],"damage_taken":[{"damage":0,"enemies":"2 Louse","floor":1,"turns":3},{"damage":5,"enemies":"Jaw Worm","floor":2,"turns":4},{"damage":2,"enemies":"Cultist","floor":5,"turns":2},{"damage":12,"enemies":"3 Sentries","floor":7,"turns":6},{"damage":0,"enemies":"3 Louse","floor":8,"turns":2},{"damage":3,"enemies":"Lots of Slimes","floor":11,"turns":4},{"damage":10,"enemies":"Gremlin Nob","floor":12,"turns":3},{"damage":4,"enemies":"2 Fungi Beasts","floor":14,"turns":3},{"damage":20,"enemies":"The Guardian","floor":16,"turns":8},{"damage":7,"enemies":"3 Byrds","floor":18,"turns":3},{"damage":14,"enemies":"2 Thieves","floor":20,"turns":3},{"damage":0,"enemies":"Snake Plant","floor":22,"turns":1},{"damage":32,"enemies":"Book of Stabbing","floor":23,"turns":4},{"damage":15,"enemies":"Gremlin Leader","floor":25,"turns":3},{"damage":15,"enemies":"Centurion and Healer","floor":28,"turns":7},{"damage":34,"enemies":"3 Cultists","floor":30,"turns":5}],"seed_played":"6965701199478704340","potions_obtained":[{"floor":1,"key":"CultistPotion"},{"floor":5,"key":"StancePotion"},{"floor":7,"key":"Fire Potion"},{"floor":18,"key":"Fruit Juice"},{"floor":20,"key":"DistilledChaos"},{"floor":22,"key":"GamblersBrew"}],"is_trial":false,"path_per_floor":["M","M","?","?","M","R","E","M","T","$","M","E","R","M","R","B",null,"M","$","M","?","M","E","R","E","T","R","M","R","M"],"character_chosen":"WATCHER","items_purchased":["Bronze Scales","Letter Opener","FollowUp","Sling","Toy Ornithopter"],"campfire_rested":2,"item_purchase_floors":[0,0,10,19,19],"current_hp_per_floor":[72,67,67,67,65,65,53,53,53,53,50,40,40,36,57,37,77,75,75,61,61,71,39,39,24,24,24,9,33,0,0],"gold":162,"neow_bonus":"","is_daily":false,"chose_seed":false,"campfire_upgraded":2,"win_rate":0.0,"timestamp":1607722574,"path_taken":["M","M","?","?","M","R","E","M","T","?","M","E","R","M","R","BOSS","M","$","M","?","M","E","R","E","T","R","M","R","?"],"items_purchased_type":["Relic","Relic","Card","Relic","Relic"],"build_version":"2020-11-30","purchased_purges":1,"victory":false,"max_hp_per_floor":[72,72,72,72,72,72,72,72,72,72,72,72,72,72,72,72,77,82,82,82,82,82,82,82,82,82,82,82,82,82,82],"card_choices":[{"not_picked":["FollowUp","CutThroughFate"],"picked":"LikeWater","floor":1},{"not_picked":["Wallop","InnerPeace"],"picked":"PathToVictory","floor":2},{"not_picked":["Pray","Fasting2"],"picked":"WindmillStrike","floor":5},{"not_picked":["Scrawl","Fasting2"],"picked":"Vengeance","floor":7},{"not_picked":["FlurryOfBlows","CarveReality"],"picked":"Halt","floor":8},{"not_picked":["CrushJoints","Vengeance"],"picked":"ThirdEye","floor":11},{"not_picked":["Evaluate","CutThroughFate"],"picked":"Collect","floor":12},{"not_picked":["Study","CrushJoints"],"picked":"EmptyBody","floor":14},{"not_picked":["Omniscience","MasterReality"],"picked":"ConjureBlade","floor":16},{"not_picked":["Protect","Tantrum"],"picked":"PathToVictory","floor":17},{"not_picked":["EmptyFist","FlyingSleeves"],"picked":"FearNoEvil","floor":18},{"not_picked":["WheelKick","Fasting2"],"picked":"DeceiveReality+1","floor":20},{"not_picked":["Crescendo","EmptyFist"],"picked":"BowlingBash","floor":22},{"not_picked":["EmptyBody","Protect"],"picked":"BattleHymn","floor":23},{"not_picked":["EmptyMind","Tantrum","WheelKick+1"],"picked":"SKIP","floor":25},{"not_picked":["WreathOfFlame","EmptyFist"],"picked":"Adaptation+1","floor":28}],"player_experience":104070,"relics_obtained":[{"floor":7,"key":"Tiny Chest"},{"floor":9,"key":"Orichalcum"},{"floor":12,"key":"Bottled Lightning"},{"floor":23,"key":"Girya"},{"floor":25,"key":"Art of War"},{"floor":26,"key":"Oddly Smooth Stone"}],"event_choices":[{"damage_healed":0,"gold_gain":0,"player_choice":"Box","damage_taken":0,"relics_obtained":["Ornamental Fan"],"max_hp_gain":0,"max_hp_loss":0,"event_name":"Big Fish","floor":3,"gold_loss":0,"cards_obtained":["Regret"]},{"damage_healed":0,"gold_gain":0,"player_choice":"Ignored","damage_taken":0,"max_hp_gain":0,"max_hp_loss":0,"event_name":"Golden Idol","floor":4,"gold_loss":0},{"cards_removed":["Halt"],"damage_healed":0,"gold_gain":0,"player_choice":"Purged","damage_taken":0,"max_hp_gain":0,"max_hp_loss":0,"event_name":"Purifier","floor":21,"gold_loss":0}],"is_beta":false,"boss_relics":[{"not_picked":["SacredBark","Runic Dome"],"picked":"Tiny House"}],"items_purged_floors":[19],"is_endless":false,"potions_floor_spawned":[1,5,7,8,18,20,22],"killed_by":"3 Cultists","ascension_level":0}}