{"host":"ih7ofq2zpufcoifs","time":1607656615,"event":{"mods":["BaseMod","Colored Map","Minty Spire (QoL Compilation)"],"gold_per_floor":[119,132,152,6,6,41,41,75,75,89,39,78,102,126,126,246,246,265,304,131,156,32,73,93,93,93,127,127,161,175,200,200,200,200],"floor_reached":33,"playtime":2342,"items_purged":[],"score":507,"play_id":"de3ee301-e037-4321-ac56-08442cb60337","local_time":"20201211131655","is_ascension_mode":true,"campfire_choices":[{"floor":7.0,"key":"REST"},{"data":"Crippling Poison","floor":15.0,"key":"SMITH"},{"floor":25,"key":"REST"},{"floor":28,"key":"REST"},{"data":"Tools of the Trade","floor":32,"key":"SMITH"}],"circlet_count":0,"master_deck":["AscendersBane","Strike_G","Strike_G","Strike_G","Defend_G","Defend_G","Defend_G","Defend_G","Survivor","Neutralize","Sucker Punch","Deadly Poison","Poisoned Stab","Crippling Poison+1","Bane","Bouncing Flask","Predator","Die Die Die","Terror","Tools of the Trade+1","Noxious Fumes","PiercingWail","Sadistic Nature","Deflect+1","Glass Knife","Dagger Throw+1","PiercingWail+1","Infinite Blades"],"relics":["Empty Cage","Golden Idol","Centennial Puzzle","Ornamental Fan","Meat on the Bone","Peace Pipe","HoveringKite","Red Mask","Smiling Mask","Thread and Needle","Toy Ornithopter","Boot"],"acts_visited":["Exordium","TheCity"],"potions_floor_usage":[23,27,27,33],"damage_taken":[{"damage":1.0,"enemies":"Small Slimes","floor":1.0,"turns":5.0},{"damage":0.0,"enemies":"2 Louse","floor":2.0,"turns":6.0},{"damage":4.0,"enemies":"Jaw Worm","floor":3.0,"turns":5.0},{"damage":20.0,"enemies":"3 Sentries","floor":6.0,"turns":11.0},{"damage":2.0,"enemies":"Gremlin Nob","floor":8.0,"turns":4.0},{"damage":3.0,"enemies":"Exordium Wildlife","floor":10.0,"turns":4.0},{"damage":27.0,"enemies":"Lagavulin","floor":12.0,"turns":5.0},{"damage":7.0,"enemies":"Looter","floor":13.0,"turns":2.0},{"damage":9.0,"enemies":"2 Fungi Beasts","floor":14.0,"turns":3.0},{"damage":20.0,"enemies":"Slime Boss","floor":16.0,"turns":10.0},{"damage":19.0,"enemies":"2 Thieves","floor":18.0,"turns":3.0},{"damage":29.0,"enemies":"Masked Bandits","floor":19.0,"turns":4.0},{"damage":12.0,"enemies":"Shell Parasite","floor":21.0,"turns":4.0},{"damage":4,"enemies":"Gremlin Leader","floor":23,"turns":5},{"damage":16,"enemies":"Centurion and Healer","floor":24,"turns":5},{"damage":9,"enemies":"Slavers","floor":27,"turns":7},{"damage":10,"enemies":"Gremlin Leader","floor":29,"turns":5},{"damage":14,"enemies":"Shelled Parasite and Fungi","floor":30,"turns":4},{"damage":15,"enemies":"Snecko","floor":31,"turns":4},{"damage":56,"enemies":"Automaton","floor":33,"turns":6}],"seed_played":"4217512110234257897","potions_obtained":[{"floor":2.0,"key":"PowerPotion"},{"floor":10.0,"key":"SpeedPotion"},{"floor":13.0,"key":"ColorlessPotion"},{"floor":14.0,"key":"PowerPotion"},{"floor":21.0,"key":"FearPotion"},{"floor":23,"key":"PowerPotion"},{"floor":24,"key":"Fire Potion"},{"floor":29,"key":"Fire Potion"}],"is_trial":false,"path_per_floor":["M","M","M","$","?","E","R","E","T","M","?","E","M","M","R","B",null,"M","?","$","M","$","E","M","R","T","E","R","E","M","M","R","B"],"character_chosen":"THE_SILENT","items_purchased":["Crippling Poison","Bane","PowerPotion","Sadistic Nature","Glass Knife","Block Potion"],"campfire_rested":3,"item_purchase_floors":[4,4,4,20,22,22],"current_hp_per_floor":[62,62,58,58,58,38,57,55,55,52,52,37,42,33,33,25,55,36,19,19,19,19,27,23,42,42,33,52,42,40,37,37,0,0],"gold":200,"neow_bonus":"BOSS_RELIC","is_daily":false,"chose_seed":false,"campfire_upgraded":2,"win_rate":0.0,"timestamp":1607656615,"path_taken":["M","M","M","$","?","E","R","E","T","M","?","E","M","?","R","BOSS","M","?","$","M","$","E","M","R","T","E","R","E","M","M","R","BOSS"],"items_purchased_type":["Card","Card","Potion","Card","Card","Potion"],"build_version":"2020-11-30","purchased_purges":0,"victory":false,"max_hp_per_floor":[70,70,70,70,65,65,65,65,65,65,65,65,65,65,65,65,65,65,65,65,65,65,65,65,65,65,65,65,65,65,65,65,65,65],"card_choices":[{"not_picked":["Deflect","Finisher"],"picked":"Sucker Punch","floor":1.0},{"not_picked":["All Out Attack","Dagger Spray"],"picked":"Deadly Poison","floor":2.0},{"not_picked":["Leg Sweep","Cloak And Dagger"],"picked":"Poisoned Stab","floor":3.0},{"not_picked":["Finisher","Tactician","Backflip"],"picked":"SKIP","floor":6.0},{"not_picked":["Prepared","Calculated Gamble"],"picked":"Bouncing Flask","floor":8.0},{"not_picked":["Concentrate","Cloak And Dagger"],"picked":"Predator","floor":10.0},{"not_picked":["Skewer","Deflect","Underhanded Strike"],"picked":"SKIP","floor":12.0},{"not_picked":["Backstab","Blade Dance"],"picked":"Die Die Die","floor":13.0},{"not_picked":["Dodge and Roll","Predator"],"picked":"Terror","floor":14.0},{"not_picked":["Doppelganger","Bullet Time"],"picked":"Tools of the Trade","floor":16.0},{"not_picked":["Choke","Outmaneuver"],"picked":"Noxious Fumes","floor":18.0},{"not_picked":["Dash","Eviscerate"],"picked":"PiercingWail","floor":19.0},{"not_picked":["Underhanded Strike","Distraction"],"picked":"Deflect+1","floor":21.0},{"not_picked":["Deflect","Dodge and Roll","Poisoned Stab"],"picked":"SKIP","floor":23},{"not_picked":["Bouncing Flask","Dodge and Roll"],"picked":"Dagger Throw+1","floor":24},{"not_picked":["Dash","Riddle With Holes","Cloak And Dagger"],"picked":"SKIP","floor":27},{"not_picked":["Backflip","Flechettes","Poisoned Stab"],"picked":"SKIP","floor":29},{"not_picked":["Underhanded Strike","Riddle With Holes"],"picked":"PiercingWail+1","floor":30},{"not_picked":["Bouncing Flask","Poisoned Stab"],"picked":"Infinite Blades","floor":31}],"player_experience":274017,"relics_obtained":[{"floor":6.0,"key":"Centennial Puzzle"},{"floor":8.0,"key":"Ornamental Fan"},{"floor":9.0,"key":"Meat on the Bone"},{"floor":12.0,"key":"Peace Pipe"},{"floor":19.0,"key":"Red Mask"},{"floor":23,"key":"Smiling Mask"},{"floor":26,"key":"Thread and Needle"},{"floor":27,"key":"Toy Ornithopter"},{"floor":29,"key":"Boot"}],"event_choices":[{"damage_healed":0.0,"max_hp_gain":0.0,"max_hp_loss":5.0,"gold_gain":0.0,"event_name":"Golden Idol","player_choice":"Lose Max HP","floor":5.0,"gold_loss":0.0,"damage_taken":0.0,"relics_obtained":["Golden Idol"]},{"cards_removed":["Defend_G"],"damage_healed":0.0,"max_hp_gain":0.0,"max_hp_loss":0.0,"gold_gain":0.0,"event_name":"The Cleric","player_choice":"Card Removal","floor":11.0,"gold_loss":50.0,"damage_taken":0.0},{"damage_healed":0.0,"max_hp_gain":0.0,"max_hp_loss":0.0,"gold_gain":0.0,"event_name":"Masked Bandits","player_choice":"Fought Bandits","floor":19.0,"gold_loss":0.0,"damage_taken":0.0}],"is_beta":false,"boss_relics":[{"not_picked":["SlaversCollar","Runic Dome"],"picked":"HoveringKite"}],"items_purged_floors":[],"is_endless":false,"potions_floor_spawned":[2,10,13,14,21,23,24,29],"killed_by":"Automaton","ascension_level":11}}