{"host":"5pvsezzv96u4cz40","time":1607728847,"event":{"mods":["Act Like it!","BaseMod","BetterRewards","CapriCore","Colored Map","Colored Powertips","GifTheSpireLib","Hubris","Menagerie","Minty Spire (QoL Compilation)","Replay The Spire","Shop Mod","StSLib","The Necromancer"],"gold_per_floor":[117,131,149,149,21,21,21,34,112,124,124,124,138,49,49,145,145,157,170,24,40,40,40,40,59,106,106,106],"floor_reached":27,"playtime":2466,"items_purged":[],"score":230,"play_id":"df67b156-727b-4ea4-b583-4660bdf494d2","local_time":"20201212002047","is_ascension_mode":false,"campfire_choices":[{"data":"Summon_Lich","floor":6,"key":"SMITH"},{"floor":11,"key":"REST"},{"data":"Slay_Living","floor":15,"key":"SMITH"},{"floor":23,"key":"REST"}],"circlet_count":0,"master_deck":["Strike_W","Strike_W","Strike_W","Strike_W","Defend_W","Defend_W","Defend_W","Defend_W","Negative_Energy_Arrows","Bone_Wall","Bone_Shift","Bones_to_Steel","Bone_Armor","Summon_Lich+1","Bone_Spikes","Vampiric_Strike","Necrotic_Claws","Slay_Living+1","Vampiric_Strike","Summon_Lich","Cloudkill","Bone_Bullets","Toxic_Smoke_Screen+1","Negative_Energy_Mist","Flame Barrier"],"relics":["Vampire_Amulet","Menagerie:ShiftingBlessing","Kunai","Ring of Chaos","PrismaticShard","Juzu Bracelet"],"acts_visited":["Menagerie:Menagerie","TheCity"],"potions_floor_usage":[8,16,18,19,21,25],"damage_taken":[{"damage":6,"enemies":"Menagerie:MonstrousExperiment","floor":1,"turns":7},{"damage":1,"enemies":"Menagerie:WhisperingWraith","floor":2,"turns":6},{"damage":5,"enemies":"Menagerie:StygianBoar","floor":3,"turns":5},{"damage":5,"enemies":"Menagerie:KEEPER_AND_YOUNG_SUNEATER","floor":8,"turns":7},{"damage":4,"enemies":"Menagerie:Hexasnake","floor":10,"turns":4},{"damage":6,"enemies":"Menagerie:MeltingSalamander","floor":13,"turns":5},{"damage":17,"enemies":"Menagerie:Suneater","floor":16,"turns":7},{"damage":21,"enemies":"Shell Parasite","floor":18,"turns":3},{"damage":14,"enemies":"3 Byrds","floor":19,"turns":3},{"damage":24,"enemies":"Centurion and Healer","floor":21,"turns":8},{"damage":43,"enemies":"3 Cultists","floor":25,"turns":6}],"seed_played":"5639617147651277487","potions_obtained":[{"floor":1,"key":"Toxic Potion"},{"floor":3,"key":"ColorlessPotion"},{"floor":8,"key":"Death Potion"},{"floor":18,"key":"Toxic Potion"},{"floor":21,"key":"Explosive Potion"},{"floor":25,"key":"Block Potion"}],"is_trial":false,"path_per_floor":["M","M","M","?","$","R","?","M","T","M","R","?","M","$","R_BF","B",null,"M","M","$","M","?","R","$","M","T","?"],"character_chosen":"NECROMANCER","items_purchased":["Summon_Lich","Bone_Spikes","Summon_Lich","BlessingOfTheForge","PrismaticShard"],"campfire_rested":2,"item_purchase_floors":[5,5,14,14,20],"current_hp_per_floor":[78,79,76,67,67,67,67,66,66,64,82,87,83,83,83,69,87,68,61,61,45,45,71,71,34,34,0,0],"gold":106,"neow_bonus":"TEN_PERCENT_HP_BONUS","is_daily":false,"chose_seed":false,"campfire_upgraded":2,"win_rate":0.0,"timestamp":1607728847,"path_taken":["M","M","M","?","$","R","?","M","T","M","R","?","M","$","R_BF","BOSS","M","M","$","M","?","R","$","M","T","?"],"items_purchased_type":["Card","Card","Card","Potion","Relic"],"build_version":"2020-11-30","purchased_purges":0,"victory":false,"max_hp_per_floor":[82,82,82,82,82,82,82,82,82,82,82,87,87,87,87,87,87,87,87,87,87,87,87,87,87,87,87,87],"card_choices":[{"not_picked":["Necromantic_Selection","Scare"],"picked":"Bone_Shift","floor":1},{"not_picked":["Blood_Curse","Consume_Illness"],"picked":"Bones_to_Steel","floor":2},{"not_picked":["Consume_Illness","Vampiric_Strike"],"picked":"Bone_Armor","floor":3},{"not_picked":["Chill_Blood","Siphon_Strength"],"picked":"Necrotic_Claws","floor":8},{"not_picked":["Negative_Energy_Shield","Negative_Energy_Mist"],"picked":"Slay_Living","floor":10},{"not_picked":["Blood_Magic","Consume_Illness"],"picked":"Vampiric_Strike","floor":13},{"not_picked":["Requiem","Summon_Vampire_Lady"],"picked":"Cloudkill","floor":16},{"not_picked":["Consume_Illness+1","Bone_Armory"],"picked":"Bone_Bullets","floor":18},{"not_picked":["Death_Coil","Consume_Illness"],"picked":"Toxic_Smoke_Screen+1","floor":19},{"not_picked":["Shockwave+1","Prepared"],"picked":"Negative_Energy_Mist","floor":21},{"not_picked":["Enlightenment+1","Deep Breath"],"picked":"Flame Barrier","floor":25}],"player_experience":26311,"relics_obtained":[{"floor":9,"key":"Kunai"},{"floor":26,"key":"Juzu Bracelet"}],"event_choices":[{"damage_healed":0,"gold_gain":0,"player_choice":"Touch","damage_taken":9,"relics_obtained":["Menagerie:ShiftingBlessing"],"max_hp_gain":0,"max_hp_loss":0,"event_name":"Menagerie:LunarGift","floor":4,"gold_loss":0},{"damage_healed":0,"gold_gain":0,"player_choice":"Shield","damage_taken":0,"max_hp_gain":5,"max_hp_loss":0,"event_name":"Menagerie:HarrowingRitual","floor":12,"gold_loss":0},{"damage_healed":0,"gold_gain":0,"player_choice":"Ignored","damage_taken":0,"max_hp_gain":0,"max_hp_loss":0,"event_name":"Ghosts","floor":22,"gold_loss":0}],"is_beta":false,"boss_relics":[{"not_picked":["hubris:VirtuousBlindfold","Honey Jar"],"picked":"Ring of Chaos"}],"items_purged_floors":[],"is_endless":false,"potions_floor_spawned":[1,3,8,18,21,25],"ascension_level":0}}