{"host":"08sn1703g14rasc1","time":1607670879,"event":{"mods":["AchievementEnabler","BaseMod","Colored Map","Colored Powertips","Hermit","Minty Spire (QoL Compilation)","StSLib"],"gold_per_floor":[113,113,188,5,5,32,207,207,280,280,313,331,331,362,362,458,458,475,70,87,87,106,21,21,37,37,37,37],"floor_reached":27,"playtime":631,"items_purged":["Regret"],"score":306,"play_id":"680906f4-d4ea-40ec-a2ba-3531c81a6308","local_time":"20201210231439","is_ascension_mode":true,"campfire_choices":[{"floor":8,"key":"REST"},{"floor":10,"key":"REST"},{"floor":13,"key":"REST"},{"floor":15,"key":"REST"},{"floor":24,"key":"REST"}],"circlet_count":0,"master_deck":["Strike_R","Strike_R","Strike_R","Strike_R","Strike_R","Defend_R","Defend_R","Defend_R","Defend_R","Bash","Twin Strike","Rampage","Perfected Strike+1","Doubt","Hemokinesis+1","Fire Breathing","Pommel Strike+1","Juggernaut","Evolve","Rupture","Cleave+1","Disarm","Ghostly Armor+1","Pain","Pommel Strike+1","Rage"],"relics":["Burning Blood","Art of War","Chemical X","Molten Egg 2","Happy Flower","Matryoshka","Boot","PreservedInsect","WarpedTongs","Bag of Marbles","Centennial Puzzle","Bag of Preparation"],"acts_visited":["Exordium","TheCity"],"potions_floor_usage":[14,14,18,20,25,25,25,25],"damage_taken":[{"damage":0,"enemies":"2 Louse","floor":1,"turns":3},{"damage":53,"enemies":"3 Sentries","floor":6,"turns":10},{"damage":32,"enemies":"Gremlin Nob","floor":11,"turns":4},{"damage":6,"enemies":"Small Slimes","floor":12,"turns":2},{"damage":24,"enemies":"3 Sentries","floor":14,"turns":4},{"damage":44,"enemies":"Slime Boss","floor":16,"turns":6},{"damage":21,"enemies":"2 Thieves","floor":18,"turns":3},{"damage":35,"enemies":"Shell Parasite","floor":20,"turns":5},{"damage":82,"enemies":"Centurion and Healer","floor":22,"turns":6},{"damage":31,"enemies":"Shelled Parasite and Fungi","floor":25,"turns":6},{"damage":10,"enemies":"Book of Stabbing","floor":27,"turns":2}],"seed_played":"5676177684819947294","potions_obtained":[{"floor":6,"key":"PowerPotion"},{"floor":11,"key":"Energy Potion"},{"floor":16,"key":"SneckoOil"},{"floor":22,"key":"EntropicBrew"}],"is_trial":false,"path_per_floor":["M","?","?","$","?","E","?","R","T","R","E","M","R","E","R","B",null,"M","$","M","?","M","?","R","M","T","E"],"character_chosen":"IRONCLAD","items_purchased":["Chemical X","Rampage","Rupture","Cleave+1","Disarm","FairyPotion","BloodPotion"],"campfire_rested":5,"item_purchase_floors":[4,4,19,19,19,19,19],"current_hp_per_floor":[86,83,72,72,72,25,25,51,51,77,51,51,77,59,85,47,78,63,63,51,51,7,7,33,8,8,0,0],"gold":37,"neow_bonus":"TEN_PERCENT_HP_BONUS","is_daily":false,"chose_seed":false,"campfire_upgraded":0,"win_rate":0.0,"timestamp":1607670879,"path_taken":["M","?","?","$","?","E","?","R","T","R","E","?","R","E","R","BOSS","M","$","M","?","?","?","R","M","T","E"],"items_purchased_type":["Relic","Card","Card","Undefined","Card","Potion","Potion"],"build_version":"2020-11-30","purchased_purges":1,"victory":false,"max_hp_per_floor":[88,88,88,88,88,88,88,88,88,88,88,88,88,88,88,88,88,88,88,88,88,88,88,88,88,88,88,88],"card_choices":[{"not_picked":["Body Slam","Armaments"],"picked":"Twin Strike","floor":1},{"not_picked":["Warcry","Headbutt+1"],"picked":"Perfected Strike+1","floor":6},{"not_picked":["Anger+1","Clash+1"],"picked":"Hemokinesis+1","floor":11},{"not_picked":["Anger+1","Power Through"],"picked":"Fire Breathing","floor":12},{"not_picked":["Infernal Blade","Seeing Red"],"picked":"Pommel Strike+1","floor":14},{"not_picked":["Barricade","Double Tap"],"picked":"Juggernaut","floor":16},{"not_picked":["True Grit","Second Wind"],"picked":"Evolve","floor":18},{"not_picked":["Clothesline+1","Anger+1"],"picked":"Ghostly Armor+1","floor":20},{"not_picked":["Armaments","Clash+1"],"picked":"Pommel Strike+1","floor":22},{"not_picked":["Perfected Strike+1","Pummel+1"],"picked":"Rage","floor":25}],"player_experience":388795,"relics_obtained":[{"floor":6,"key":"Happy Flower"},{"floor":9,"key":"Matryoshka"},{"floor":11,"key":"Boot"},{"floor":14,"key":"PreservedInsect"},{"floor":26,"key":"Centennial Puzzle"},{"floor":26,"key":"Bag of Preparation"}],"event_choices":[{"damage_healed":0,"gold_gain":0,"player_choice":"Success","damage_taken":3,"relics_obtained":["Art of War"],"max_hp_gain":0,"max_hp_loss":0,"event_name":"Scrap Ooze","floor":2,"gold_loss":0},{"damage_healed":0,"gold_gain":75,"player_choice":"Gather Gold","damage_taken":11,"max_hp_gain":0,"max_hp_loss":0,"event_name":"World of Goop","floor":3,"gold_loss":0},{"damage_healed":0,"gold_gain":0,"player_choice":"Box","damage_taken":0,"relics_obtained":["Molten Egg 2"],"max_hp_gain":0,"max_hp_loss":0,"event_name":"Big Fish","floor":5,"gold_loss":0,"cards_obtained":["Regret"]},{"damage_healed":0,"gold_gain":175,"player_choice":"AGREE","damage_taken":0,"max_hp_gain":0,"max_hp_loss":0,"event_name":"Liars Game","floor":7,"gold_loss":0,"cards_obtained":["Doubt"]},{"damage_healed":0,"gold_gain":0,"player_choice":"Rummage","damage_taken":0,"relics_obtained":["WarpedTongs"],"max_hp_gain":0,"max_hp_loss":0,"event_name":"Accursed Blacksmith","floor":21,"gold_loss":0,"cards_obtained":["Pain"]},{"damage_healed":0,"gold_gain":0,"player_choice":"Obtained Relic","damage_taken":0,"relics_obtained":["Bag of Marbles"],"max_hp_gain":0,"max_hp_loss":0,"event_name":"Addict","floor":23,"gold_loss":85}],"is_beta":false,"boss_relics":[{"not_picked":["Sozu","Snecko Eye","Busted Crown"]}],"items_purged_floors":[19],"is_endless":false,"potions_floor_spawned":[6,11,16,22],"killed_by":"Book of Stabbing","ascension_level":7}}