{"host":"nmjik3bzoelmmajy","time":1607648738,"event":{"mods":["BaseMod","Better Third Choice","Colored Map","DeckTracker","Minty Spire (QoL Compilation)","Quick Restart","Say the Spire","StSLib","SuperFastMode"],"gold_per_floor":[116,38,38,61,81,116,116,137,137,137,177,177,194,237,237,318,408,433,38,60,60,60,60,102,111,111,46,46,67,67,29,29,112,112,125,125,149,149,20,20,20,20,74,105,105,126,145,145,145,145],"floor_reached":51,"playtime":1956,"items_purged":["Riddle With Holes","Caltrops"],"score":1269,"play_id":"e9c530df-7174-421a-b823-4b98ca5972ce","local_time":"20201211100538","is_ascension_mode":true,"campfire_choices":[{"data":"Apotheosis","floor":7.0,"key":"SMITH"},{"data":"Footwork","floor":10.0,"key":"SMITH"},{"data":"Adrenaline","floor":15.0,"key":"SMITH"},{"floor":23,"key":"REST"},{"data":"Mayhem","floor":28,"key":"SMITH"},{"data":"Envenom","floor":30,"key":"SMITH"},{"floor":32,"key":"REST"},{"data":"Footwork","floor":40,"key":"SMITH"},{"data":"Well Laid Plans","floor":42,"key":"SMITH"},{"floor":45,"key":"REST"},{"floor":49,"key":"REST"}],"circlet_count":0,"master_deck":["AscendersBane","Survivor","Neutralize","Footwork+1","Noxious Fumes","Apotheosis+1","Dagger Spray","Well Laid Plans+1","PiercingWail","Adrenaline+1","Tactician","Envenom+1","Venomology","Footwork","Bane","A Thousand Cuts","Bouncing Flask","All Out Attack","A Thousand Cuts","Dagger Spray","Leg Sweep","Mayhem+1","Dodge and Roll+1","Acrobatics","Cloak And Dagger","Footwork","Dodge and Roll+1","Blade Dance","After Image","Footwork+1","Blur+1"],"relics":["Ring of the Snake","NeowsBlessing","Regal Pillow","CeramicFish","Question Card","Paper Crane","Ninja Scroll","Shuriken","Pandora\u0027s Box","Blood Vial","Juzu Bracelet","StrikeDummy","Busted Crown","Nunchaku","Anchor","Happy Flower","Ornamental Fan"],"acts_visited":["Exordium","TheCity","TheBeyond"],"potions_floor_usage":[20,33,33,35,36,44,47,47,47,50],"damage_taken":[{"damage":0.0,"enemies":"Jaw Worm","floor":1.0,"turns":1.0},{"damage":0.0,"enemies":"Cultist","floor":5.0,"turns":1.0},{"damage":0.0,"enemies":"3 Sentries","floor":6.0,"turns":1.0},{"damage":2.0,"enemies":"2 Louse","floor":8.0,"turns":4.0},{"damage":25.0,"enemies":"Gremlin Nob","floor":11.0,"turns":5.0},{"damage":0.0,"enemies":"Blue Slaver","floor":13.0,"turns":5.0},{"damage":5.0,"enemies":"3 Sentries","floor":14.0,"turns":6.0},{"damage":1.0,"enemies":"Hexaghost","floor":16.0,"turns":12.0},{"damage":26.0,"enemies":"Shell Parasite","floor":18.0,"turns":4.0},{"damage":28,"enemies":"2 Thieves","floor":20,"turns":3},{"damage":21,"enemies":"Gremlin Leader","floor":24,"turns":8},{"damage":0,"enemies":"Centurion and Healer","floor":29,"turns":6},{"damage":41,"enemies":"Automaton","floor":33,"turns":7},{"damage":6,"enemies":"3 Shapes","floor":35,"turns":5},{"damage":0,"enemies":"3 Darklings","floor":36,"turns":1},{"damage":19,"enemies":"Nemesis","floor":44,"turns":7},{"damage":26,"enemies":"Maw","floor":46,"turns":6},{"damage":0,"enemies":"Transient","floor":47,"turns":5},{"damage":15,"enemies":"Time Eater","floor":50,"turns":11}],"seed_played":"-1940088438438919286","potions_obtained":[{"floor":6.0,"key":"SpeedPotion"},{"floor":8.0,"key":"Swift Potion"},{"floor":11.0,"key":"Explosive Potion"},{"floor":13.0,"key":"LiquidBronze"},{"floor":16.0,"key":"ColorlessPotion"},{"floor":18.0,"key":"ColorlessPotion"},{"floor":24,"key":"ColorlessPotion"},{"floor":47,"key":"Explosive Potion"}],"is_trial":false,"path_per_floor":["M","$","?","T","M","E","R","M","T","R","E","?","M","E","R","B",null,"M","$","M","$","?","R","E","?","T","$","R","M","R","$","R","B",null,"M","M","T","?","$","R","$","R","T","E","R","M","M","?","R","B",null],"character_chosen":"THE_SILENT","items_purchased":["Noxious Fumes","Mayhem","Blood Vial","Footwork","Blade Dance","Footwork"],"campfire_rested":4,"item_purchase_floors":[2,19,19,27,31,39],"current_hp_per_floor":[59,59,59,59,59,59,59,57,57,57,32,32,32,27,27,26,56,30,30,4,4,4,38,19,19,19,19,19,21,21,21,55,16,54,50,52,52,52,52,52,52,52,52,35,63,37,39,39,63,48],"gold":145,"neow_bonus":"THREE_ENEMY_KILL","is_daily":false,"chose_seed":false,"campfire_upgraded":7,"win_rate":0.0,"timestamp":1607648738,"path_taken":["M","$","?","?","M","E","R","M","T","R","E","?","M","E","R","BOSS","M","$","M","?","?","R","E","?","T","?","R","M","R","$","R","BOSS","M","M","?","?","$","R","$","R","T","E","R","M","M","?","R","BOSS"],"items_purchased_type":["Card","Card","Relic","Card","Card","Card"],"build_version":"2020-11-30","purchased_purges":2,"victory":true,"max_hp_per_floor":[66,66,66,66,66,66,66,66,66,66,66,66,66,66,66,66,66,66,66,66,66,66,66,66,66,66,66,66,66,66,66,66,66,66,66,66,66,63,63,63,63,63,63,63,63,63,63,63,63,63],"card_choices":[{"not_picked":["Poisoned Stab","Blade Dance"],"picked":"Footwork","floor":1.0},{"not_picked":["Underhanded Strike","Caltrops"],"picked":"Dagger Spray","floor":5.0},{"not_picked":["Choke","Sucker Punch"],"picked":"Well Laid Plans","floor":6.0},{"not_picked":["Finisher","Choke"],"picked":"PiercingWail","floor":8.0},{"not_picked":["Prepared","Venomology","Sucker Punch"],"picked":"Adrenaline","floor":11.0},{"not_picked":["Dodge and Roll","All Out Attack","Deadly Poison","Flechettes"],"picked":"SKIP","floor":13.0},{"not_picked":["Quick Slash","Skewer","Malaise"],"picked":"Tactician","floor":14.0},{"not_picked":["Malaise","Night Terror","Doppelganger"],"picked":"Envenom","floor":16.0},{"not_picked":["Dodge and Roll","Deadly Poison","Prepared"],"picked":"Leg Sweep","floor":18.0},{"not_picked":["Acrobatics","Flying Knee","Deflect"],"picked":"Dodge and Roll+1","floor":20},{"not_picked":["Quick Slash","Dagger Throw","Bouncing Flask"],"picked":"Acrobatics","floor":24},{"not_picked":["Burst","Poisoned Stab","Slice"],"picked":"Dodge and Roll+1","floor":29},{"not_picked":["Envenom","Grand Finale","A Thousand Cuts"],"picked":"After Image","floor":33},{"not_picked":["Crippling Poison","PiercingWail"],"picked":"SKIP","floor":35},{"not_picked":["PiercingWail","Bane"],"picked":"SKIP","floor":44},{"not_picked":["Leg Sweep"],"picked":"Blur+1","floor":46},{"not_picked":["Underhanded Strike","Poisoned Stab"],"picked":"SKIP","floor":47}],"player_experience":798901,"relics_obtained":[{"floor":4.0,"key":"Regal Pillow"},{"floor":6.0,"key":"CeramicFish"},{"floor":9.0,"key":"Question Card"},{"floor":11.0,"key":"Paper Crane"},{"floor":14.0,"key":"Shuriken"},{"floor":24,"key":"Juzu Bracelet"},{"floor":26,"key":"StrikeDummy"},{"floor":37,"key":"Nunchaku"},{"floor":43,"key":"Anchor"},{"floor":44,"key":"Happy Flower"},{"floor":48,"key":"Ornamental Fan"}],"event_choices":[{"damage_healed":59.0,"max_hp_gain":0.0,"max_hp_loss":66.0,"gold_gain":0.0,"event_name":"betterThird:BetterShining","player_choice":"Embrace","floor":3.0,"gold_loss":0.0,"damage_taken":0.0},{"damage_healed":0.0,"max_hp_gain":0.0,"max_hp_loss":0.0,"gold_gain":0.0,"event_name":"WeMeetAgain","player_choice":"Gave Potion","floor":12.0,"gold_loss":0.0,"damage_taken":0.0,"relics_obtained":["Ninja Scroll"]},{"damage_healed":0,"gold_gain":0,"player_choice":"Ignored","damage_taken":0,"max_hp_gain":0,"max_hp_loss":0,"event_name":"Cursed Tome","floor":22,"gold_loss":0},{"damage_healed":0,"gold_gain":0,"player_choice":"Read","damage_taken":0,"max_hp_gain":0,"max_hp_loss":0,"event_name":"The Library","floor":25,"gold_loss":0,"cards_obtained":["Cloak And Dagger"]},{"damage_healed":0,"gold_gain":0,"player_choice":"Max HP","damage_taken":0,"max_hp_gain":0,"max_hp_loss":3,"event_name":"Winding Halls","floor":38,"gold_loss":0},{"damage_healed":0,"gold_gain":0,"player_choice":"Relic","damage_taken":0,"max_hp_gain":0,"max_hp_loss":0,"event_name":"Wheel of Change","floor":48,"gold_loss":0}],"is_beta":false,"boss_relics":[{"not_picked":["Ectoplasm","Runic Dome"],"picked":"Pandora\u0027s Box"},{"not_picked":["Coffee Dripper","Astrolabe"],"picked":"Busted Crown"}],"items_purged_floors":[19,39],"is_endless":false,"potions_floor_spawned":[6,8,11,13,16,18,24,36,47],"ascension_level":15}}