{"host":"87qycazfqg3dn1g9","time":1607646554,"event":{"mods":["AchievementEnabler","BaseMod","BetterRewards","Minty Spire (QoL Compilation)","Shop Mod","StSLib"],"gold_per_floor":[113,132,207,382,332,360,360,376,376,376,396,396,396,420,420,540,540,565,351,331,355,454,489,183,204,204,222,222,237,237,131,131,262,262,283,283,146,146,11,11,30,30,57,57,78,78,78,23,23,23,23,23,12,46,46,46],"floor_reached":55,"playtime":1940,"items_purged":["Defend_B","Defend_B","Strike_B"],"score":1053,"play_id":"0211b8ef-6b61-4d80-ae4a-4c16391c664d","local_time":"20201210192913","is_ascension_mode":true,"campfire_choices":[{"floor":7,"key":"REST"},{"floor":10,"key":"REST"},{"data":"Zap","floor":13,"key":"SMITH"},{"data":"Storm","floor":15,"key":"SMITH"},{"floor":28,"key":"REST"},{"floor":30,"key":"REST"},{"data":"Biased Cognition","floor":32,"key":"SMITH"},{"floor":40,"key":"REST"},{"data":"Biased Cognition","floor":42,"key":"SMITH"},{"floor":44,"key":"RECALL"},{"data":"Capacitor","floor":46,"key":"SMITH"},{"data":"Static Discharge","floor":49,"key":"SMITH"},{"floor":52,"key":"REST"}],"circlet_count":0,"master_deck":["AscendersBane","Strike_B","Defend_B","Zap+1","Dualcast","Capacitor","Ball Lightning","Go for the Eyes","Ball Lightning","BootSequence+1","Storm+1","Biased Cognition+1","Storm","Good Instincts+1","Capacitor+1","Seek+1","Defragment","Finesse+1","Biased Cognition+1","Leap+1","White Noise+1","Seek+1","CurseOfTheBell","Conserve Battery+1","Storm","Beam Cell+1","Static Discharge+1","Good Instincts+1","Static Discharge","Loop"],"relics":["Cracked Core","Membership Card","MerchantsRug","Incense Burner","Art of War","Mercury Hourglass","Bag of Preparation","Orichalcum","Akabeko","Bottled Tornado","Torii","Lee\u0027s Waffle","DataDisk"],"acts_visited":["Exordium","TheCity","TheBeyond","TheEnding"],"potions_floor_usage":[6,16,16,19,23,23,25,29,33,33,50,50,54],"damage_taken":[{"damage":6,"enemies":"Small Slimes","floor":1,"turns":3},{"damage":12,"enemies":"Jaw Worm","floor":2,"turns":3},{"damage":35,"enemies":"3 Sentries","floor":6,"turns":6},{"damage":0,"enemies":"Cultist","floor":8,"turns":3},{"damage":0,"enemies":"2 Fungi Beasts","floor":11,"turns":2},{"damage":0,"enemies":"Exordium Thugs","floor":14,"turns":3},{"damage":10,"enemies":"The Guardian","floor":16,"turns":8},{"damage":6,"enemies":"Shell Parasite","floor":18,"turns":4},{"damage":11,"enemies":"2 Thieves","floor":21,"turns":3},{"damage":47,"enemies":"Book of Stabbing","floor":23,"turns":4},{"damage":0,"enemies":"Centurion and Healer","floor":25,"turns":2},{"damage":13,"enemies":"Shelled Parasite and Fungi","floor":27,"turns":3},{"damage":0,"enemies":"Cultist and Chosen","floor":29,"turns":3},{"damage":10,"enemies":"Collector","floor":33,"turns":4},{"damage":19,"enemies":"3 Darklings","floor":35,"turns":3},{"damage":2,"enemies":"Orb Walker","floor":41,"turns":3},{"damage":5,"enemies":"4 Shapes","floor":45,"turns":3},{"damage":39,"enemies":"Time Eater","floor":50,"turns":4},{"damage":50,"enemies":"Shield and Spear","floor":54,"turns":4},{"damage":47,"enemies":"The Heart","floor":55,"turns":2}],"seed_played":"-4391232981110725065","potions_obtained":[{"floor":2,"key":"LiquidMemories"},{"floor":8,"key":"BlessingOfTheForge"},{"floor":11,"key":"AttackPotion"},{"floor":18,"key":"LiquidBronze"},{"floor":20,"key":"EssenceOfSteel"},{"floor":27,"key":"ColorlessPotion"}],"is_trial":false,"path_per_floor":["M","M","?","?","?","E","R","M","T","R","M","?","R","M","R","B",null,"M","$","?","M","?","E","$","M","T","M","R","M","R","$","R","B",null,"M","?","?","?","$","R","M","R","T","R","M","R","?","$","R","B",null,"R","$","E","B"],"character_chosen":"DEFECT","items_purchased":["Membership Card","MerchantsRug","Capacitor","Regal Pillow","Art of War","Fruit Juice","Good Instincts+1","Capacitor","Bag of Preparation","FocusPotion","DuplicationPotion","Defragment","Finesse+1","DollysMirror","Orichalcum","Fire Potion","Fire Potion","SmokeBomb","Bottled Tornado","Storm","FocusPotion","Static Discharge","FocusPotion","Good Instincts+1","Torii","Lee\u0027s Waffle","Static Discharge","ColorlessPotion"],"campfire_rested":6,"item_purchase_floors":[0,0,0,0,0,19,19,19,19,19,24,24,24,24,24,31,31,39,39,39,39,48,48,48,53,53,53,53],"current_hp_per_floor":[62,50,39,39,39,4,41,41,41,75,75,57,57,57,57,47,68,62,67,67,56,56,19,19,19,19,6,48,48,90,90,90,80,88,69,69,69,69,69,90,88,88,88,88,83,83,83,83,83,44,75,85,92,42,0,0],"gold":46,"neow_bonus":"","is_daily":false,"chose_seed":false,"campfire_upgraded":6,"win_rate":0.0,"timestamp":1607646553,"path_taken":["M","M","?","?","?","E","R","?","T","R","M","?","R","M","R","BOSS","M","$","?","?","?","E","?","M","T","M","R","?","R","$","R","BOSS","M","?","?","?","$","R","M","R","T","R","M","R","?","?","R","BOSS","R","$","E","BOSS"],"items_purchased_type":["Relic","Relic","Card","Relic","Relic","Potion","Undefined","Card","Relic","Potion","Potion","Card","Undefined","Relic","Relic","Potion","Potion","Potion","Relic","Card","Potion","Card","Potion","Undefined","Relic","Relic","Card","Potion"],"build_version":"2020-11-30","purchased_purges":3,"victory":false,"max_hp_per_floor":[75,75,75,75,75,75,75,75,75,75,75,75,75,75,75,75,75,75,80,80,80,80,90,90,90,90,90,90,90,90,90,90,90,90,90,90,90,90,90,90,90,90,90,90,90,90,85,85,85,85,85,85,92,92,92,92],"card_choices":[{"not_picked":["Recycle","Darkness"],"picked":"Ball Lightning","floor":1},{"not_picked":["Gash","Stack"],"picked":"Go for the Eyes","floor":2},{"not_picked":["Reprogram","Lockon"],"picked":"Ball Lightning","floor":6},{"not_picked":["Gash","Beam Cell","Reinforced Body"],"picked":"SKIP","floor":8},{"not_picked":["Turbo+1","Scrape"],"picked":"BootSequence+1","floor":11},{"not_picked":["Skim+1","BootSequence+1"],"picked":"Storm","floor":14},{"not_picked":["Meteor Strike","Core Surge"],"picked":"Biased Cognition","floor":16},{"not_picked":["Streamline","Compile Driver"],"picked":"Storm","floor":18},{"not_picked":["Stack+1","Streamline+1","Recycle+1"],"picked":"SKIP","floor":21},{"not_picked":["Ball Lightning+1","Lockon"],"picked":"Seek+1","floor":23},{"not_picked":["Turbo+1","Beam Cell"],"picked":"Leap+1","floor":25},{"not_picked":["Stack+1","Sunder","Redo+1"],"picked":"SKIP","floor":27},{"not_picked":["Sweeping Beam","Rebound"],"picked":"White Noise+1","floor":29},{"not_picked":["Rainbow+1","Reboot+1"],"picked":"Seek+1","floor":33},{"not_picked":["Ball Lightning","Glacier+1","Coolheaded+1"],"picked":"Conserve Battery+1","floor":35},{"not_picked":["Compile Driver+1","Barrage","Turbo+1"],"picked":"Beam Cell+1","floor":40},{"not_picked":["Beam Cell","Scrape","Aggregate+1","Heatsinks"],"picked":"SKIP","floor":41},{"not_picked":["Machine Learning","Stack+1","Go for the Eyes","Barrage"],"picked":"SKIP","floor":45},{"not_picked":["Aggregate","FTL"],"picked":"Loop","floor":54}],"player_experience":205864,"relics_obtained":[{"floor":6,"key":"Mercury Hourglass"},{"floor":9,"key":"Toxic Egg 2"},{"floor":23,"key":"Pear"},{"floor":26,"key":"Akabeko"},{"floor":34,"key":"Juzu Bracelet"},{"floor":34,"key":"Question Card"},{"floor":34,"key":"Girya"},{"floor":54,"key":"DataDisk"}],"event_choices":[{"damage_healed":0,"gold_gain":75,"player_choice":"Gather Gold","damage_taken":11,"max_hp_gain":0,"max_hp_loss":0,"event_name":"World of Goop","floor":3,"gold_loss":0},{"damage_healed":0,"gold_gain":175,"player_choice":"AGREE","damage_taken":0,"max_hp_gain":0,"max_hp_loss":0,"event_name":"Liars Game","floor":4,"gold_loss":0,"cards_obtained":["Doubt"]},{"cards_removed":["Doubt"],"damage_healed":0,"gold_gain":0,"player_choice":"Card Removal","damage_taken":0,"max_hp_gain":0,"max_hp_loss":0,"event_name":"The Cleric","floor":5,"gold_loss":50},{"damage_healed":0,"gold_gain":0,"player_choice":"Take Damage","damage_taken":18,"relics_obtained":["Golden Idol"],"max_hp_gain":0,"max_hp_loss":0,"event_name":"Golden Idol","floor":12,"gold_loss":0},{"damage_healed":0,"gold_gain":0,"player_choice":"Bought 1 Potion","damage_taken":0,"max_hp_gain":0,"max_hp_loss":0,"event_name":"The Woman in Blue","floor":20,"gold_loss":0},{"damage_healed":0,"gold_gain":99,"player_choice":"Stole From Cult","damage_taken":0,"max_hp_gain":0,"max_hp_loss":0,"event_name":"Nest","floor":22,"gold_loss":0},{"cards_removed":["Strike_B"],"damage_healed":0,"gold_gain":0,"player_choice":"Removed Attack","damage_taken":0,"max_hp_gain":0,"max_hp_loss":0,"event_name":"Falling","floor":36,"gold_loss":0},{"damage_healed":0,"gold_gain":0,"player_choice":"Paid Gold","damage_taken":0,"relics_obtained":["Dream Catcher"],"max_hp_gain":0,"max_hp_loss":0,"event_name":"WeMeetAgain","floor":37,"gold_loss":137},{"damage_healed":0,"gold_gain":0,"player_choice":"Ignored","damage_taken":0,"max_hp_gain":0,"max_hp_loss":0,"event_name":"Mysterious Sphere","floor":38,"gold_loss":0},{"damage_healed":0,"gold_gain":0,"player_choice":"Max HP","damage_taken":0,"max_hp_gain":0,"max_hp_loss":5,"event_name":"Winding Halls","floor":47,"gold_loss":0}],"is_beta":false,"boss_relics":[{"not_picked":["Velvet Choker","Fusion Hammer"],"picked":"Empty Cage"},{"not_picked":["Runic Dome","Tiny House"],"picked":"Calling Bell"}],"items_purged_floors":[19,24,31],"is_endless":false,"potions_floor_spawned":[2,8,11,18,21,27],"killed_by":"The Heart","ascension_level":11}}