{"host":"e4hse1vg61zltgzv","time":1607673224,"event":{"mods":["AchievementEnabler","BaseMod","Block Reminder","Colored Map","DeckTracker","GifTheSpireLib","Minty Spire (QoL Compilation)","Rare Cards Sparkle","StSLib","SuperFastMode","everything is the same but u backflip on backflip"],"gold_per_floor":[156,189,243,282,321,402,501,606,631,706,757,790,868,958,958,1195,1195,1237,481,526,577,610,694,736,826,881,977,1010,1061,1100,1205,1205,1436,1436,1478,1511,1023,214,244,340,376,766,766,310,406,490,490,565,565,565,565,565,565,94,196,196],"floor_reached":57,"playtime":980,"items_purged":["Evolve"],"score":4601,"play_id":"7ebfa0d4-b94c-4b4f-8dd5-fdf141ed0910","local_time":"20201211165344","daily_mods":["Flight","DeadlyEvents","Binary","Elite Swarm","Lethality","Midas","Night Terrors"],"is_ascension_mode":true,"campfire_choices":[{"floor":15,"key":"RECALL"},{"floor":32,"key":"DIG"},{"floor":47,"key":"DIG"},{"floor":49,"key":"DIG"},{"floor":53,"key":"DIG"}],"circlet_count":0,"master_deck":["Entrench+1","Shrug It Off+1","Body Slam+1","Battle Trance+1","Evolve+1"],"relics":["Burning Blood","Prayer Wheel","Calipers","Singing Bowl","Black Star","Shovel","Orichalcum","Whetstone","Blood Vial","Boot","Art of War","War Paint","Pantograph","Nunchaku","The Courier","Turnip","Darkstone Periapt","Anchor","Runic Dome","Bag of Preparation","PreservedInsect","Lantern","PrismaticShard","Centennial Puzzle","Happy Flower","Gambling Chip","Dream Catcher","Bag of Marbles","Bird Faced Urn","Toy Ornithopter","Frozen Egg 2","Shuriken","Vajra","Bottled Flame","Letter Opener","Philosopher\u0027s Stone","Gremlin Horn","Frozen Eye","Oddly Smooth Stone","TheAbacus","Strawberry","Omamori","Sundial","Paper Frog","Blue Candle","Du-Vu Doll","Old Coin","Ancient Tea Set","Bronze Scales","Pear","Potion Belt","Mercury Hourglass","HornCleat","Charon\u0027s Ashes","Singing Bowl","Unceasing Top","Ornamental Fan","Thread and Needle","Mummified Hand","Bottled Lightning","ClockworkSouvenir","InkBottle","White Beast Statue","Self Forming Clay"],"acts_visited":["Exordium","TheCity","TheBeyond","TheEnding"],"potions_floor_usage":[56,56],"damage_taken":[{"damage":0,"enemies":"Jaw Worm","floor":1,"turns":1},{"damage":0,"enemies":"Cultist","floor":2,"turns":1},{"damage":0,"enemies":"2 Louse","floor":3,"turns":1},{"damage":0,"enemies":"2 Fungi Beasts","floor":4,"turns":1},{"damage":0,"enemies":"Gremlin Gang","floor":5,"turns":2},{"damage":0,"enemies":"3 Sentries","floor":6,"turns":3},{"damage":0,"enemies":"Gremlin Nob","floor":7,"turns":2},{"damage":0,"enemies":"Lagavulin","floor":8,"turns":2},{"damage":0,"enemies":"3 Sentries","floor":10,"turns":2},{"damage":0,"enemies":"Exordium Thugs","floor":11,"turns":2},{"damage":0,"enemies":"3 Louse","floor":12,"turns":2},{"damage":0,"enemies":"Gremlin Nob","floor":13,"turns":2},{"damage":0,"enemies":"Lagavulin","floor":14,"turns":2},{"damage":0,"enemies":"The Guardian","floor":16,"turns":2},{"damage":0,"enemies":"Chosen","floor":18,"turns":1},{"damage":0,"enemies":"3 Byrds","floor":20,"turns":2},{"damage":0,"enemies":"Snecko","floor":21,"turns":1},{"damage":0,"enemies":"Snake Plant","floor":22,"turns":1},{"damage":0,"enemies":"Book of Stabbing","floor":23,"turns":1},{"damage":0,"enemies":"Centurion and Healer","floor":24,"turns":1},{"damage":0,"enemies":"Slavers","floor":25,"turns":2},{"damage":0,"enemies":"Book of Stabbing","floor":27,"turns":1},{"damage":0,"enemies":"3 Cultists","floor":28,"turns":2},{"damage":0,"enemies":"Sentry and Sphere","floor":29,"turns":1},{"damage":0,"enemies":"Snake Plant","floor":30,"turns":1},{"damage":0,"enemies":"Slavers","floor":31,"turns":2},{"damage":0,"enemies":"Automaton","floor":33,"turns":2},{"damage":0,"enemies":"3 Darklings","floor":35,"turns":2},{"damage":0,"enemies":"3 Shapes","floor":36,"turns":2},{"damage":0,"enemies":"Maw","floor":39,"turns":1},{"damage":0,"enemies":"Reptomancer","floor":40,"turns":1},{"damage":0,"enemies":"Spire Growth","floor":41,"turns":1},{"damage":0,"enemies":"Giant Head","floor":42,"turns":1},{"damage":0,"enemies":"Reptomancer","floor":45,"turns":1},{"damage":0,"enemies":"Nemesis","floor":46,"turns":1},{"damage":0,"enemies":"Giant Head","floor":48,"turns":1},{"damage":0,"enemies":"Donu and Deca","floor":50,"turns":2},{"damage":0,"enemies":"Awakened One","floor":51,"turns":2},{"damage":0,"enemies":"Shield and Spear","floor":55,"turns":1},{"damage":0,"enemies":"The Heart","floor":56,"turns":4}],"seed_played":"2176295174853815782","potions_obtained":[{"floor":3,"key":"Regen Potion"},{"floor":4,"key":"BloodPotion"},{"floor":8,"key":"ElixirPotion"},{"floor":18,"key":"Energy Potion"},{"floor":36,"key":"DuplicationPotion"},{"floor":42,"key":"Swift Potion"},{"floor":46,"key":"GamblersBrew"}],"is_trial":true,"path_per_floor":["M","M","M","M","M","E","E","E","T","E","M","M","E","E","R","B",null,"M","$","M","M","M","E","M","E","T","E","M","M","M","E","R","B",null,"M","M","$","$","M","E","M","E","T","$","E","E","R","E","R","B","B",null,"R","$","E","B",null],"character_chosen":"IRONCLAD","items_purchased":["Bag of Preparation","PreservedInsect","Lantern","PrismaticShard","Centennial Puzzle","Happy Flower","Gremlin Horn","Frozen Eye","Oddly Smooth Stone","TheAbacus","Strawberry","Omamori","Sundial","Paper Frog","Pear","Potion Belt","Weak Potion","PowerPotion","Evolve+1","ClockworkSouvenir","InkBottle"],"campfire_rested":0,"item_purchase_floors":[19,19,19,19,19,19,37,37,37,38,38,38,38,38,44,44,44,44,54,54,54],"current_hp_per_floor":[5,9,13,15,19,21,23,25,25,27,31,35,37,39,39,41,41,45,45,49,53,57,59,63,65,65,67,71,75,79,81,81,83,83,87,91,91,98,102,104,108,110,110,120,122,124,124,126,126,126,126,126,126,126,128,128],"gold":196,"neow_bonus":"","is_daily":false,"chose_seed":false,"campfire_upgraded":0,"win_rate":0.0,"timestamp":1607673224,"path_taken":["M","M","M","M","M","E","E","E","T","E","M","M","E","E","R","BOSS","M","$","M","M","M","E","M","E","T","E","M","M","M","E","R","BOSS","M","M","$","$","M","E","M","E","T","$","E","E","R","E","R","BOSS","BOSS","R","$","E","BOSS"],"items_purchased_type":["Relic","Relic","Relic","Relic","Relic","Relic","Relic","Relic","Relic","Relic","Relic","Relic","Relic","Relic","Relic","Relic","Potion","Potion","Undefined","Relic","Relic"],"build_version":"2020-11-30","purchased_purges":1,"victory":true,"max_hp_per_floor":[5,9,13,15,19,21,23,25,25,27,31,35,37,39,39,41,41,45,45,49,53,57,59,63,65,65,67,71,75,79,81,81,83,83,87,91,91,98,102,104,108,110,110,120,122,124,124,126,126,126,126,126,126,126,128,128],"card_choices":[{"not_picked":["Perfected Strike","Iron Wave"],"picked":"Singing Bowl","floor":1},{"not_picked":["Uppercut","Clash"],"picked":"Singing Bowl","floor":1},{"not_picked":["Metallicize","Warcry"],"picked":"Singing Bowl","floor":2},{"not_picked":["Battle Trance","Cleave"],"picked":"Singing Bowl","floor":2},{"not_picked":["Ghostly Armor","Anger"],"picked":"Singing Bowl","floor":3},{"not_picked":["Twin Strike","Cleave"],"picked":"Singing Bowl","floor":3},{"not_picked":["Clash","Perfected Strike"],"picked":"Singing Bowl","floor":4},{"not_picked":["Inflame"],"picked":"Evolve","floor":4},{"not_picked":["Dark Embrace","Power Through"],"picked":"Singing Bowl","floor":5},{"not_picked":["Heavy Blade","Twin Strike"],"picked":"Singing Bowl","floor":5},{"not_picked":["Berserk","Bludgeon"],"picked":"Singing Bowl","floor":6},{"not_picked":["Impervious","Bludgeon"],"picked":"Singing Bowl","floor":7},{"not_picked":["Barricade","Fiend Fire"],"picked":"Singing Bowl","floor":8},{"not_picked":["Immolate","Juggernaut"],"picked":"Singing Bowl","floor":10},{"not_picked":["Seeing Red","Bloodletting"],"picked":"Singing Bowl","floor":11},{"not_picked":["Body Slam","Sword Boomerang"],"picked":"Singing Bowl","floor":11},{"not_picked":["Shrug It Off","True Grit"],"picked":"Singing Bowl","floor":12},{"not_picked":["Anger","Dropkick"],"picked":"Singing Bowl","floor":12},{"not_picked":["Feed","Corruption"],"picked":"Singing Bowl","floor":13},{"not_picked":["Exhume","Offering"],"picked":"Singing Bowl","floor":14},{"not_picked":["Corruption","Impervious"],"picked":"Singing Bowl","floor":16},{"not_picked":["Clothesline","Dual Wield"],"picked":"Singing Bowl","floor":18},{"not_picked":["Body Slam","Whirlwind"],"picked":"Singing Bowl","floor":18},{"not_picked":["Steam","Crescendo"],"picked":"Singing Bowl","floor":20},{"not_picked":["Blade Dance","Masterful Stab+1"],"picked":"Singing Bowl","floor":20},{"not_picked":["Ghostly Armor","The Bomb"],"picked":"Singing Bowl","floor":21},{"not_picked":["Warcry","PathToVictory"],"picked":"Singing Bowl","floor":21},{"not_picked":["Stack","Flying Knee"],"picked":"Singing Bowl","floor":22},{"not_picked":["Shrug It Off","Dagger Spray"],"picked":"Singing Bowl","floor":22},{"not_picked":["Seek","Corruption"],"picked":"Singing Bowl","floor":23},{"not_picked":["FlyingSleeves","Steam"],"picked":"Singing Bowl","floor":24},{"not_picked":["Dodge and Roll","TalkToTheHand"],"picked":"Singing Bowl","floor":24},{"not_picked":["Ragnarok","Seek"],"picked":"Singing Bowl","floor":25},{"not_picked":["Chrysalis","Wish"],"picked":"Singing Bowl","floor":27},{"not_picked":["Prostrate","Dagger Throw"],"picked":"Singing Bowl","floor":28},{"not_picked":["Go for the Eyes","Escape Plan+1"],"picked":"Singing Bowl","floor":28},{"not_picked":["Iron Wave","Backflip"],"picked":"Singing Bowl","floor":29},{"not_picked":["Pommel Strike","Havoc"],"picked":"Singing Bowl","floor":29},{"not_picked":["Chaos","PanicButton"],"picked":"Singing Bowl","floor":30},{"not_picked":["Redo","Gash+1"],"picked":"Singing Bowl","floor":30},{"not_picked":["Juggernaut+1","Metamorphosis"],"picked":"Singing Bowl","floor":31},{"not_picked":["Mayhem+1","Amplify"],"picked":"Singing Bowl","floor":33},{"not_picked":["DeceiveReality","Heavy Blade"],"picked":"Singing Bowl","floor":35},{"not_picked":["Swivel","Anger"],"picked":"Singing Bowl","floor":35},{"not_picked":["Discovery+1","Prepared"],"picked":"Singing Bowl","floor":36},{"not_picked":["Fire Breathing+1","Sweeping Beam"],"picked":"Singing Bowl","floor":36},{"not_picked":["Thunderclap","Perseverance"],"picked":"Singing Bowl","floor":39},{"not_picked":["Havoc","Heavy Blade"],"picked":"Singing Bowl","floor":39},{"not_picked":["Burst","Multi-Cast"],"picked":"Singing Bowl","floor":40},{"not_picked":["Quick Slash","Tantrum"],"picked":"Singing Bowl","floor":41},{"not_picked":["Adaptation+1","Go for the Eyes+1"],"picked":"Singing Bowl","floor":41},{"not_picked":["All For One","DeusExMachina"],"picked":"Singing Bowl","floor":42},{"not_picked":["Offering","LessonLearned"],"picked":"Singing Bowl","floor":45},{"not_picked":["Exhume","Transmutation"],"picked":"Singing Bowl","floor":46},{"not_picked":["Blasphemy","Seek"],"picked":"Singing Bowl","floor":48},{"not_picked":["Fiend Fire","Thunder Strike"],"picked":"Singing Bowl","floor":55}],"player_experience":727037,"relics_obtained":[{"floor":6,"key":"Orichalcum"},{"floor":6,"key":"Whetstone"},{"floor":7,"key":"Blood Vial"},{"floor":7,"key":"Boot"},{"floor":8,"key":"Art of War"},{"floor":8,"key":"War Paint"},{"floor":10,"key":"Pantograph"},{"floor":10,"key":"Nunchaku"},{"floor":13,"key":"The Courier"},{"floor":13,"key":"Turnip"},{"floor":14,"key":"Darkstone Periapt"},{"floor":14,"key":"Anchor"},{"floor":23,"key":"Gambling Chip"},{"floor":23,"key":"Dream Catcher"},{"floor":25,"key":"Bag of Marbles"},{"floor":25,"key":"Bird Faced Urn"},{"floor":26,"key":"Toy Ornithopter"},{"floor":27,"key":"Frozen Egg 2"},{"floor":27,"key":"Shuriken"},{"floor":31,"key":"Vajra"},{"floor":31,"key":"Bottled Flame"},{"floor":32,"key":"Letter Opener"},{"floor":40,"key":"Blue Candle"},{"floor":40,"key":"Du-Vu Doll"},{"floor":42,"key":"Old Coin"},{"floor":42,"key":"Ancient Tea Set"},{"floor":43,"key":"Bronze Scales"},{"floor":45,"key":"Mercury Hourglass"},{"floor":45,"key":"HornCleat"},{"floor":46,"key":"Charon\u0027s Ashes"},{"floor":46,"key":"Singing Bowl"},{"floor":47,"key":"Unceasing Top"},{"floor":48,"key":"Ornamental Fan"},{"floor":48,"key":"Thread and Needle"},{"floor":49,"key":"Mummified Hand"},{"floor":53,"key":"Bottled Lightning"},{"floor":55,"key":"White Beast Statue"},{"floor":55,"key":"Self Forming Clay"}],"event_choices":[],"is_beta":false,"boss_relics":[{"not_picked":["Tiny House","Astrolabe"],"picked":"Runic Dome"},{"not_picked":["Busted Crown","Fusion Hammer"],"picked":"Philosopher\u0027s Stone"}],"items_purged_floors":[54],"is_endless":false,"potions_floor_spawned":[3,4,5,7,8,11,12,14,18,24,25,27,31,33,35,36,42,46,48],"ascension_level":20}}