{"host":"oy4pyvr762z5n0bb","time":1607659904,"event":{"mods":["AchievementEnabler","BaseMod","Colored Map","Colored Powertips","Googly Eyes","Key Reminder","Minty Spire (QoL Compilation)","Quick Restart","Relic Sorter","StSLib","SuperFastMode","Unceasing Turn Reminder","slay the spire mod where everything is the same but ironclad has a cowboy hat"],"gold_per_floor":[114,129,129,84,94,94,126,142,196,48,61,61,74,100,100,195,195,215,227,79,98,98,98,98],"floor_reached":23,"playtime":463,"items_purged":[],"score":244,"play_id":"63ee0828-d9eb-4694-b28b-0ecd75b00083","local_time":"20201210201144","is_ascension_mode":true,"campfire_choices":[{"data":"Inflame","floor":6,"key":"SMITH"},{"data":"Heavy Blade","floor":12,"key":"SMITH"},{"floor":15,"key":"REST"}],"circlet_count":0,"master_deck":["Strike_R","Strike_R","Strike_R","Strike_R","Strike_R","Defend_R","Defend_R","Defend_R","Defend_R","Bash","Inflame+1","Heavy Blade","Decay","Headbutt","Shrug It Off","Flex","Heavy Blade+1","Battle Trance","Inflame","Warcry","Immolate","Infernal Blade+1","Infernal Blade","Cleave"],"relics":["Burning Blood","NeowsBlessing","Pantograph","Omamori","Strawberry","Centennial Puzzle","Black Star","Brimstone","PreservedInsect"],"acts_visited":["Exordium","TheCity"],"potions_floor_usage":[7,14,16],"damage_taken":[{"damage":0,"enemies":"Jaw Worm","floor":1,"turns":1},{"damage":0,"enemies":"Cultist","floor":2,"turns":1},{"damage":0,"enemies":"2 Louse","floor":5,"turns":1},{"damage":26,"enemies":"Gremlin Nob","floor":7,"turns":4},{"damage":17,"enemies":"Red Slaver","floor":8,"turns":3},{"damage":7,"enemies":"Looter","floor":11,"turns":3},{"damage":10,"enemies":"Blue Slaver","floor":13,"turns":3},{"damage":51,"enemies":"3 Sentries","floor":14,"turns":9},{"damage":32,"enemies":"Slime Boss","floor":16,"turns":6},{"damage":26,"enemies":"Chosen","floor":18,"turns":4},{"damage":33,"enemies":"Spheric Guardian","floor":19,"turns":5},{"damage":23,"enemies":"3 Cultists","floor":21,"turns":4},{"damage":26,"enemies":"Chosen and Byrds","floor":23,"turns":1}],"seed_played":"7072719551202456712","potions_obtained":[{"floor":2,"key":"Fire Potion"},{"floor":5,"key":"Regen Potion"},{"floor":7,"key":"PowerPotion"},{"floor":11,"key":"ElixirPotion"}],"is_trial":false,"path_per_floor":["M","M","?","$","M","R","E","M","T","$","M","R","M","E","R","B",null,"M","M","$","M","?","M"],"character_chosen":"IRONCLAD","items_purchased":["Headbutt","Strawberry","Brimstone"],"campfire_rested":1,"item_purchase_floors":[4,10,20],"current_hp_per_floor":[80,80,80,80,80,80,60,49,49,56,55,55,51,21,47,46,87,67,40,40,23,23,0,0],"gold":98,"neow_bonus":"THREE_ENEMY_KILL","is_daily":false,"chose_seed":false,"campfire_upgraded":2,"win_rate":0.0,"timestamp":1607659904,"path_taken":["M","M","?","$","M","R","E","?","T","$","M","R","M","E","R","BOSS","M","M","$","M","?","M"],"items_purchased_type":["Card","Relic","Relic"],"build_version":"2020-11-30","purchased_purges":0,"victory":false,"max_hp_per_floor":[80,80,80,80,80,80,80,80,80,87,87,87,87,87,87,87,87,87,87,87,87,87,87,87],"card_choices":[{"not_picked":["True Grit","Battle Trance"],"picked":"Inflame","floor":1},{"not_picked":["Infernal Blade","Dark Embrace"],"picked":"Heavy Blade","floor":2},{"not_picked":["Intimidate","Warcry"],"picked":"Shrug It Off","floor":5},{"not_picked":["Clash","Havoc"],"picked":"Flex","floor":7},{"not_picked":["Body Slam","Headbutt"],"picked":"Heavy Blade","floor":8},{"not_picked":["Pummel","Dropkick"],"picked":"Battle Trance","floor":11},{"not_picked":["Iron Wave","Demon Form"],"picked":"Inflame","floor":13},{"not_picked":["Feel No Pain","Clash"],"picked":"Warcry","floor":14},{"not_picked":["Feed","Brutality"],"picked":"Immolate","floor":16},{"not_picked":["Iron Wave+1","Clothesline+1"],"picked":"Infernal Blade+1","floor":18},{"not_picked":["Shrug It Off","Uppercut"],"picked":"Infernal Blade","floor":19},{"not_picked":["Clash","Perfected Strike+1"],"picked":"Cleave","floor":21}],"player_experience":539377,"relics_obtained":[{"floor":7,"key":"Pantograph"},{"floor":9,"key":"Omamori"},{"floor":14,"key":"Centennial Puzzle"}],"event_choices":[{"damage_healed":0,"gold_gain":0,"player_choice":"Cursed","damage_taken":0,"max_hp_gain":0,"max_hp_loss":0,"event_name":"Wheel of Change","floor":3,"gold_loss":0,"cards_obtained":["Decay"]},{"damage_healed":0,"gold_gain":0,"player_choice":"Gave Potion","damage_taken":0,"relics_obtained":["PreservedInsect"],"max_hp_gain":0,"max_hp_loss":0,"event_name":"WeMeetAgain","floor":22,"gold_loss":0}],"is_beta":false,"boss_relics":[{"not_picked":["Empty Cage","Pandora\u0027s Box"],"picked":"Black Star"}],"items_purged_floors":[],"is_endless":false,"potions_floor_spawned":[2,5,7,11],"killed_by":"Chosen and Byrds","ascension_level":4}}