{"host":"sabve5zmqufxyc5o","time":1607648729,"event":{"mods":["2.2 Compatiblity","AchievementEnabler","Act Like it!","BaseMod","Block Reminder","Colored Map","Colored Powertips","DeckTracker","KOR Keyword Fix","Keyboard Shortcuts","Minty Spire (QoL Compilation)","Quick Restart","Rare Cards Sparkle","Relic Stats","StSLib","SuperFastMode"],"gold_per_floor":[118,118,43,43,56,56,69,98,124,138,138,138,167,182,182,257,257,273,323,335,368,293,293,293,293],"floor_reached":24,"playtime":380,"items_purged":["Strike_B"],"score":388,"play_id":"cebe7b04-18af-41bd-bd5c-393bedca17a8","local_time":"20201211100529","is_ascension_mode":true,"campfire_choices":[{"data":"Zap","floor":6,"key":"SMITH"},{"floor":12,"key":"REST"},{"floor":15,"key":"REST"},{"floor":23,"key":"REST"}],"circlet_count":0,"master_deck":["AscendersBane","Strike_B+1","Defend_B","Defend_B","Defend_B","Zap+1","Dualcast","Gash","Defragment","Sweeping Beam","Cold Snap","Loop","Beam Cell","Beam Cell","Ball Lightning","Go for the Eyes","Seek","White Noise","Glacier","Gash"],"relics":["Cracked Core","Whetstone","Bronze Scales","Dream Catcher","Bag of Marbles","Nuclear Battery","Red Mask"],"acts_visited":["Exordium","TheCity"],"potions_floor_usage":[8,10,13,16,21,21],"damage_taken":[{"damage":4,"enemies":"2 Louse","floor":1,"turns":3},{"damage":5,"enemies":"Small Slimes","floor":5,"turns":2},{"damage":0,"enemies":"Cultist","floor":7,"turns":3},{"damage":22,"enemies":"3 Sentries","floor":8,"turns":5},{"damage":8,"enemies":"Blue Slaver","floor":10,"turns":3},{"damage":29,"enemies":"Gremlin Nob","floor":13,"turns":4},{"damage":12,"enemies":"Looter","floor":14,"turns":3},{"damage":17,"enemies":"The Guardian","floor":16,"turns":9},{"damage":18,"enemies":"2 Thieves","floor":18,"turns":4},{"damage":16,"enemies":"Chosen","floor":20,"turns":4},{"damage":27,"enemies":"Masked Bandits","floor":21,"turns":4},{"damage":35,"enemies":"Snake Plant","floor":24,"turns":2}],"seed_played":"-6179562405946023991","potions_obtained":[{"floor":7,"key":"SkillPotion"},{"floor":8,"key":"FearPotion"},{"floor":10,"key":"Fruit Juice"},{"floor":14,"key":"PowerPotion"},{"floor":18,"key":"Strength Potion"},{"floor":20,"key":"EssenceOfDarkness"}],"is_trial":false,"path_per_floor":["M","?","$","?","M","R","M","E","T","M","?","R","E","M","R","B",null,"M","?","M","?","?","R","M"],"character_chosen":"DEFECT","items_purchased":[],"campfire_rested":3,"item_purchase_floors":[],"current_hp_per_floor":[60,65,65,58,53,53,53,31,31,28,28,52,23,11,35,18,65,47,47,31,4,4,28,0,0],"gold":293,"neow_bonus":"RANDOM_COMMON_RELIC","is_daily":false,"chose_seed":false,"campfire_upgraded":1,"win_rate":0.0,"timestamp":1607648729,"path_taken":["M","?","$","?","M","R","M","E","T","M","?","R","E","M","R","BOSS","M","?","M","?","?","R","M"],"items_purchased_type":[],"build_version":"2020-11-30","purchased_purges":1,"victory":false,"max_hp_per_floor":[71,76,76,76,76,76,76,76,76,81,81,81,81,81,81,81,81,81,81,81,81,81,81,81,81],"relic_stats":{"Dream Catcher":3,"counters":[12,46],"Bronze Scales":[98],"Whetstone":["Strike_B","Strike_B"],"obtain_stats":[{"Dream Catcher":9,"Bronze Scales":8,"Bag of Marbles":13,"Red Mask":21,"Whetstone":0,"Cracked Core":0,"Nuclear Battery":17},{"Dream Catcher":4,"Bronze Scales":4,"Bag of Marbles":6,"Red Mask":11,"Whetstone":0,"Cracked Core":0,"Nuclear Battery":8},{"Dream Catcher":13,"Bronze Scales":13,"Bag of Marbles":20,"Red Mask":44,"Whetstone":0,"Cracked Core":0,"Nuclear Battery":32}]},"card_choices":[{"not_picked":["Leap","Go for the Eyes"],"picked":"Gash","floor":1},{"not_picked":["Redo","Fusion"],"picked":"Defragment","floor":5},{"not_picked":["Consume","Ball Lightning"],"picked":"Sweeping Beam","floor":7},{"not_picked":["Chaos","Sweeping Beam"],"picked":"Cold Snap","floor":8},{"not_picked":["Reprogram","Hello World"],"picked":"Loop","floor":10},{"not_picked":["Melter","Rebound"],"picked":"Beam Cell","floor":12},{"not_picked":["Biased Cognition","Lockon"],"picked":"Beam Cell","floor":13},{"not_picked":["Melter","Fusion"],"picked":"Ball Lightning","floor":14},{"not_picked":["Blizzard","Turbo"],"picked":"Go for the Eyes","floor":15},{"not_picked":["Meteor Strike","Machine Learning"],"picked":"Seek","floor":16},{"not_picked":["Reinforced Body","Go for the Eyes"],"picked":"White Noise","floor":18},{"not_picked":["Conserve Battery","Go for the Eyes"],"picked":"Glacier","floor":20},{"not_picked":["Skim","Static Discharge"],"picked":"Gash","floor":23}],"player_experience":750821,"relics_obtained":[{"floor":8,"key":"Bronze Scales"},{"floor":9,"key":"Dream Catcher"},{"floor":13,"key":"Bag of Marbles"},{"floor":21,"key":"Red Mask"}],"event_choices":[{"damage_healed":0,"gold_gain":0,"player_choice":"Donut","damage_taken":0,"max_hp_gain":5,"max_hp_loss":0,"event_name":"Big Fish","floor":2,"gold_loss":0},{"cards_removed":["Strike_B"],"damage_healed":0,"gold_gain":0,"player_choice":"Card Removal","damage_taken":7,"max_hp_gain":0,"max_hp_loss":0,"event_name":"Golden Wing","floor":4,"gold_loss":0},{"cards_removed":["Defend_B"],"damage_healed":0,"gold_gain":0,"player_choice":"Offered Basic","damage_taken":0,"max_hp_gain":0,"max_hp_loss":0,"event_name":"Bonfire Elementals","floor":11,"gold_loss":0},{"damage_healed":0,"gold_gain":50,"player_choice":"Stole From Cult","damage_taken":0,"max_hp_gain":0,"max_hp_loss":0,"event_name":"Nest","floor":19,"gold_loss":0},{"damage_healed":0,"gold_gain":0,"player_choice":"Fought Bandits","damage_taken":0,"max_hp_gain":0,"max_hp_loss":0,"event_name":"Masked Bandits","floor":21,"gold_loss":0},{"cards_removed":["Strike_B"],"damage_healed":0,"gold_gain":0,"player_choice":"Gave Gold","damage_taken":0,"max_hp_gain":0,"max_hp_loss":0,"event_name":"Beggar","floor":22,"gold_loss":75}],"is_beta":false,"boss_relics":[{"not_picked":["Pandora\u0027s Box","Philosopher\u0027s Stone"],"picked":"Nuclear Battery"}],"items_purged_floors":[3],"is_endless":false,"potions_floor_spawned":[7,8,10,14,18,20],"killed_by":"Snake Plant","ascension_level":18}}