{"host":"wfuprrvhjp4xs686","time":1607671369,"event":{"mods":["BaseMod","Better Match","Better Skull","Better Third Choice","Minty Spire (QoL Compilation)","Quick Restart","Replay The Spire","Spicy Shops","StSLib","Uncapped","Unceasing Turn Reminder"],"gold_per_floor":[114,128,128,152,152,152,169,169,169],"floor_reached":8,"playtime":2289,"items_purged":[],"score":92,"play_id":"12e2f32a-9ddc-4414-a799-4cb038c72f49","local_time":"20201211022249","daily_mods":["SealedDeck","DeadlyEvents","Elite Swarm","Uncertain Future"],"is_ascension_mode":true,"campfire_choices":[{"data":"True Grit","floor":6,"key":"SMITH"}],"circlet_count":0,"master_deck":["AscendersBane","Inflame","Shrug It Off","Shrug It Off","Defy Death","True Grit+1","Dark Embrace","Evolve","ReplayTheSpireMod:Strike From Hell","ReplayTheSpireMod:Strike From Hell","Defy Death"],"relics":["Burning Blood","Blood Vial","Torii"],"acts_visited":["Exordium"],"potions_floor_usage":[],"damage_taken":[{"damage":47,"enemies":"Cultist","floor":1,"turns":9},{"damage":8,"enemies":"Jaw Worm","floor":2,"turns":5},{"damage":1,"enemies":"Small Slimes","floor":7,"turns":5},{"damage":53,"enemies":"Gremlin Nob","floor":8,"turns":4}],"seed_played":"2987565021446655989","potions_obtained":[{"floor":2,"key":"Swift Potion"},{"floor":7,"key":"Milkshake"}],"is_trial":true,"path_per_floor":["M","M","?","T","?","R","M","E"],"character_chosen":"IRONCLAD","items_purchased":[],"campfire_rested":0,"item_purchase_floors":[],"current_hp_per_floor":[27,25,25,25,25,25,32,0,0],"gold":169,"neow_bonus":"","is_daily":false,"chose_seed":false,"campfire_upgraded":1,"win_rate":0.0,"timestamp":1607671369,"path_taken":["M","M","?","?","?","R","M","E"],"items_purchased_type":[],"build_version":"2020-11-30","purchased_purges":0,"victory":false,"max_hp_per_floor":[75,75,75,75,75,75,75,75,75],"card_choices":[{"not_picked":["Headbutt","Sentinel","Blood for Blood"],"picked":"SKIP","floor":1},{"not_picked":["Run Through","Flex","Hemokinesis"],"picked":"SKIP","floor":2},{"not_picked":["Iron Wave","Impervious","Cleave"],"picked":"SKIP","floor":7}],"player_experience":2284811,"relics_obtained":[{"floor":4,"key":"Blood Vial"}],"event_choices":[{"damage_healed":25,"gold_gain":0,"player_choice":"Leave","damage_taken":0,"max_hp_gain":0,"max_hp_loss":75,"event_name":"betterThird:BetterShining","floor":3,"gold_loss":0},{"damage_healed":0,"gold_gain":0,"player_choice":"Gave Potion","damage_taken":0,"relics_obtained":["Torii"],"max_hp_gain":0,"max_hp_loss":0,"event_name":"WeMeetAgain","floor":5,"gold_loss":0}],"is_beta":false,"boss_relics":[],"items_purged_floors":[],"is_endless":true,"potions_floor_spawned":[2,7],"killed_by":"Gremlin Nob","ascension_level":20}}