{"host":"uua02xqorlefedoe","time":1607696800,"event":{"mods":["AchievementEnabler","BaseMod","Bestiary","Colored Map","DeckTracker","Googly Eyes","Minty Spire (QoL Compilation)","Quick Restart","StSLib"],"gold_per_floor":[112,112,124,136,136,136,169,184,238,255,265,296,296,312,312,408,408,426,426,426,436,90,125,125,157,157,176,176,208,222,239,239,334,334,354,404,404,422,123,154,154,154,180,212,232,264,277,277,277,277,277,277,25,56,56],"floor_reached":56,"playtime":4977,"items_purged":["Judgement"],"score":1815,"play_id":"21ec0763-44bd-42fa-bef4-b8cac293f621","local_time":"20201211142640","is_ascension_mode":true,"campfire_choices":[{"data":"Eruption","floor":6.0,"key":"SMITH"},{"data":"SashWhip","floor":13.0,"key":"SMITH"},{"data":"Crescendo","floor":15.0,"key":"SMITH"},{"data":"Blasphemy","floor":28.0,"key":"SMITH"},{"data":"TalkToTheHand","floor":32.0,"key":"SMITH"},{"data":"Apotheosis","floor":42.0,"key":"SMITH"},{"floor":49.0,"key":"RECALL"},{"data":"Regret","floor":52,"key":"PURGE"}],"circlet_count":0,"master_deck":["Strike_P+1","Strike_P+1","Defend_P+1","Defend_P+1","Defend_P+1","Defend_P+1","Eruption+1","Vigilance","DeusExMachina","CrushJoints","FlyingSleeves","SignatureMove","CutThroughFate","SashWhip+1","JustLucky","FearNoEvil","DeceiveReality","Crescendo+1","Blasphemy+1","TalkToTheHand+1","Wallop","Consecrate","Master of Strategy","Dark Shackles","Wallop+1","Fasting2+1","Dagger Spray+1","FlurryOfBlows+1","Die Die Die+1","Perseverance","Flash of Steel+1","Ragnarok+1","Apotheosis+1","Prostrate+1","Fusion+1","Scrawl","Wireheading"],"relics":["PureWater","Sundial","Strawberry","Bronze Scales","Kunai","Coffee Dripper","PrismaticShard","Damaru","Torii","Bottled Flame","Molten Egg 2","Cursed Key","Peace Pipe","Medical Kit","Juzu Bracelet","Anchor","Bottled Tornado","Akabeko"],"acts_visited":["Exordium","TheCity","TheBeyond","TheEnding"],"potions_floor_usage":[54,55,55,55,55,55],"damage_taken":[{"damage":5.0,"enemies":"Small Slimes","floor":1.0,"turns":4.0},{"damage":0.0,"enemies":"Cultist","floor":3.0,"turns":4.0},{"damage":0.0,"enemies":"Jaw Worm","floor":4.0,"turns":3.0},{"damage":0.0,"enemies":"Lagavulin","floor":7.0,"turns":2.0},{"damage":0.0,"enemies":"Blue Slaver","floor":8.0,"turns":2.0},{"damage":0.0,"enemies":"2 Fungi Beasts","floor":10.0,"turns":2.0},{"damage":11.0,"enemies":"3 Louse","floor":11.0,"turns":3.0},{"damage":6.0,"enemies":"Gremlin Nob","floor":12.0,"turns":3.0},{"damage":0.0,"enemies":"Exordium Thugs","floor":14.0,"turns":2.0},{"damage":0.0,"enemies":"Slime Boss","floor":16.0,"turns":1.0},{"damage":6.0,"enemies":"Shell Parasite","floor":18.0,"turns":4.0},{"damage":0.0,"enemies":"Spheric Guardian","floor":21.0,"turns":1.0},{"damage":27.0,"enemies":"Gremlin Leader","floor":23.0,"turns":5.0},{"damage":15.0,"enemies":"Slavers","floor":25.0,"turns":5.0},{"damage":0.0,"enemies":"Snecko","floor":27.0,"turns":2.0},{"damage":6.0,"enemies":"Gremlin Leader","floor":29.0,"turns":3.0},{"damage":0.0,"enemies":"Centurion and Healer","floor":30.0,"turns":2.0},{"damage":0.0,"enemies":"3 Cultists","floor":31.0,"turns":3.0},{"damage":24.0,"enemies":"Automaton","floor":33.0,"turns":8.0},{"damage":1.0,"enemies":"3 Darklings","floor":35.0,"turns":3.0},{"damage":0.0,"enemies":"Mind Bloom Boss Battle","floor":36.0,"turns":4.0},{"damage":1.0,"enemies":"Orb Walker","floor":38.0,"turns":3.0},{"damage":0.0,"enemies":"Nemesis","floor":40.0,"turns":3.0},{"damage":5.0,"enemies":"Giant Head","floor":44.0,"turns":7.0},{"damage":10.0,"enemies":"Maw","floor":45.0,"turns":6.0},{"damage":24.0,"enemies":"Reptomancer","floor":46.0,"turns":5.0},{"damage":0.0,"enemies":"3 Darklings","floor":47.0,"turns":4.0},{"damage":11,"enemies":"Time Eater","floor":50,"turns":9},{"damage":2,"enemies":"Shield and Spear","floor":54,"turns":3},{"damage":48,"enemies":"The Heart","floor":55,"turns":7}],"seed_played":"-5253673663251954599","potions_obtained":[{"floor":1.0,"key":"FairyPotion"},{"floor":7.0,"key":"GamblersBrew"},{"floor":10.0,"key":"BottledMiracle"},{"floor":23.0,"key":"Block Potion"},{"floor":25.0,"key":"Fruit Juice"},{"floor":29.0,"key":"Block Potion"},{"floor":33.0,"key":"ColorlessPotion"},{"floor":35.0,"key":"AttackPotion"},{"floor":47.0,"key":"EntropicBrew"}],"is_trial":false,"path_per_floor":["M","?","M","M","?","R","E","M","T","M","M","E","R","M","R","B",null,"M","?","?","M","$","E","?","E","T","M","R","E","M","M","R","B",null,"M","?","?","M","$","E","?","R","T","E","M","E","M","T","R","B",null,"R","$","E","B",null],"character_chosen":"WATCHER","items_purchased":["PrismaticShard","Master of Strategy","Medical Kit","Ragnarok+1","Scrawl","Wireheading"],"campfire_rested":0,"item_purchase_floors":[22,22,39,39,53,53],"current_hp_per_floor":[60,60,60,60,53,53,60,60,60,60,49,43,43,43,43,43,70,64,64,64,64,64,37,22,12,12,12,12,6,6,6,6,26,73,72,72,72,71,71,71,71,71,71,66,56,32,32,32,32,21,72,72,72,70,22],"gold":56,"neow_bonus":"ONE_RANDOM_RARE_CARD","is_daily":false,"chose_seed":false,"campfire_upgraded":6,"win_rate":0.0,"timestamp":1607696800,"path_taken":["M","?","?","M","?","R","E","M","T","M","M","E","R","M","R","BOSS","M","?","?","M","?","E","?","E","T","M","R","E","M","M","R","BOSS","M","?","?","M","$","E","?","R","T","E","M","E","M","?","R","BOSS","R","$","E","BOSS"],"items_purchased_type":["Relic","Card","Relic","Undefined","Card","Card"],"build_version":"2020-11-30","purchased_purges":1,"victory":true,"max_hp_per_floor":[72,72,72,72,72,72,79,79,79,79,79,79,79,79,79,79,79,79,79,79,79,79,79,84,89,89,89,89,89,89,89,89,89,89,89,89,89,89,89,89,89,89,89,89,89,89,89,89,89,89,89,89,89,89,89],"card_choices":[{"not_picked":["InnerPeace","Consecrate"],"picked":"CrushJoints","floor":1.0},{"not_picked":["Halt","Evaluate"],"picked":"FlyingSleeves","floor":3.0},{"not_picked":["Prostrate","Crescendo"],"picked":"SignatureMove","floor":4.0},{"not_picked":["EmptyFist","DeusExMachina"],"picked":"CutThroughFate","floor":7.0},{"not_picked":["FlyingSleeves","Crescendo"],"picked":"SashWhip","floor":8.0},{"not_picked":["Prostrate","FlyingSleeves"],"picked":"JustLucky","floor":10.0},{"not_picked":["MasterReality","FlurryOfBlows"],"picked":"FearNoEvil","floor":11.0},{"not_picked":["FlyingSleeves","Protect"],"picked":"DeceiveReality","floor":12.0},{"not_picked":["Study","EmptyBody"],"picked":"Crescendo","floor":14.0},{"not_picked":["Scrawl","Vault"],"picked":"Blasphemy","floor":16.0},{"not_picked":["ClearTheMind","Pray"],"picked":"TalkToTheHand","floor":18.0},{"not_picked":["Collect+1","Evaluate"],"picked":"Consecrate","floor":21.0},{"not_picked":["Body Slam","Power Through"],"picked":"Dark Shackles","floor":23.0},{"not_picked":["Ball Lightning","BattleHymn"],"picked":"Wallop+1","floor":25.0},{"not_picked":["Crippling Poison+1","Poisoned Stab","Heavy Blade"],"picked":"SKIP","floor":27.0},{"not_picked":["Hologram","Corpse Explosion"],"picked":"Fasting2+1","floor":29.0},{"not_picked":["ThirdEye","Dash+1"],"picked":"Dagger Spray+1","floor":30.0},{"not_picked":["Discovery","Terror"],"picked":"FlurryOfBlows+1","floor":31.0},{"not_picked":["Unload+1","Grand Finale+1"],"picked":"Die Die Die+1","floor":33.0},{"not_picked":["Ball Lightning+1","Anger+1"],"picked":"Perseverance","floor":35.0},{"not_picked":["Dagger Spray+1","Flying Knee+1"],"picked":"Flash of Steel+1","floor":38.0},{"not_picked":["Riddle With Holes+1","FlyingSleeves+1","Coolheaded"],"picked":"SKIP","floor":40.0},{"not_picked":["Jack Of All Trades","Magnetism"],"picked":"Apotheosis","floor":41.0},{"not_picked":["Poisoned Stab+1","Prostrate+1","Stack+1"],"picked":"SKIP","floor":44.0},{"not_picked":["Poisoned Stab+1","Stack+1"],"picked":"Prostrate+1","floor":44.0},{"not_picked":["Evaluate","Flying Knee+1","ThirdEye"],"picked":"SKIP","floor":45.0},{"not_picked":["Warcry+1","EmptyMind","Deflect+1"],"picked":"SKIP","floor":46.0},{"not_picked":["Gash+1","Madness"],"picked":"Fusion+1","floor":47.0},{"not_picked":["Quick Slash+1","Doppelganger","Stack"],"picked":"SKIP","floor":54}],"player_experience":458029,"relics_obtained":[{"floor":7.0,"key":"Strawberry"},{"floor":9.0,"key":"Bronze Scales"},{"floor":12.0,"key":"Kunai"},{"floor":23.0,"key":"Damaru"},{"floor":25.0,"key":"Torii"},{"floor":26.0,"key":"Bottled Flame"},{"floor":29.0,"key":"Molten Egg 2"},{"floor":36.0,"key":"Peace Pipe"},{"floor":40.0,"key":"Juzu Bracelet"},{"floor":44.0,"key":"Anchor"},{"floor":46.0,"key":"Bottled Tornado"},{"floor":54,"key":"Akabeko"}],"event_choices":[{"cards_removed":["Strike_P"],"damage_healed":0.0,"max_hp_gain":0.0,"max_hp_loss":0.0,"gold_gain":0.0,"event_name":"Bonfire Elementals","player_choice":"Offered Basic","floor":2.0,"gold_loss":0.0,"damage_taken":0.0},{"damage_healed":0.0,"max_hp_gain":0.0,"max_hp_loss":0.0,"gold_gain":0.0,"event_name":"Scrap Ooze","player_choice":"Success","floor":5.0,"gold_loss":0.0,"damage_taken":7.0,"relics_obtained":["Sundial"]},{"damage_healed":0.0,"max_hp_gain":0.0,"max_hp_loss":0.0,"gold_gain":0.0,"event_name":"Back to Basics","player_choice":"Simplicity","floor":19.0,"gold_loss":0.0,"damage_taken":0.0,"cards_upgraded":["Strike_P","Strike_P","Strike_P","Defend_P","Defend_P","Defend_P","Defend_P"]},{"damage_healed":0.0,"max_hp_gain":0.0,"max_hp_loss":0.0,"gold_gain":0.0,"event_name":"The Library","player_choice":"Read","floor":20.0,"gold_loss":0.0,"damage_taken":0.0,"cards_obtained":["Wallop"]},{"damage_healed":0.0,"max_hp_gain":5.0,"max_hp_loss":0.0,"gold_gain":0.0,"event_name":"Forgotten Altar","player_choice":"Shed Blood","floor":24.0,"gold_loss":0.0,"damage_taken":20.0},{"damage_healed":0.0,"max_hp_gain":0.0,"max_hp_loss":0.0,"gold_gain":0.0,"event_name":"MindBloom","player_choice":"Fight","floor":36.0,"gold_loss":0.0,"damage_taken":0.0},{"damage_healed":0.0,"max_hp_gain":0.0,"max_hp_loss":0.0,"gold_gain":0.0,"cards_transformed":["Strike_P"],"event_name":"Transmorgrifier","player_choice":"Transformed","floor":37.0,"gold_loss":0.0,"damage_taken":0.0,"cards_obtained":["Judgement"]},{"damage_healed":0.0,"max_hp_gain":0.0,"max_hp_loss":0.0,"gold_gain":0.0,"event_name":"SensoryStone","player_choice":"Memory 1","floor":41.0,"gold_loss":0.0,"damage_taken":0.0}],"is_beta":false,"boss_relics":[{"not_picked":["Calling Bell","Tiny House"],"picked":"Coffee Dripper"},{"not_picked":["Fusion Hammer","VioletLotus"],"picked":"Cursed Key"}],"items_purged_floors":[53],"is_endless":false,"potions_floor_spawned":[1,7,10,11,23,25,29,30,33,35,45,46,47],"ascension_level":8}}