{"host":"2qv44oxt58ptq59r","time":1607723186,"event":{"mods":["AchievementEnabler","BaseMod","Colored Powertips","Highlight Path","Minty Spire (QoL Compilation)","Permanent Neow","StSLib"],"gold_per_floor":[111,121,132,5,15,15,34,49,97,97,117,147,24,36,36,132,132,144,168,178,1,12,12,12,39,39,39,39],"floor_reached":27,"playtime":2385,"items_purged":[],"score":237,"play_id":"e33c0b14-f194-4cd6-89d0-215a66ae005d","local_time":"20201211214626","is_ascension_mode":false,"campfire_choices":[{"data":"Inflame","floor":6,"key":"SMITH"},{"floor":15,"key":"REST"},{"floor":23,"key":"REST"}],"circlet_count":0,"master_deck":["Strike_R","Strike_R","Strike_R","Strike_R","Strike_R","Defend_R","Defend_R","Defend_R","Defend_R","Bash+1","Battle Trance","Inflame+1","Heavy Blade","Shrug It Off","Pommel Strike","Flex","Clothesline","Thunderclap","Flex","Armaments","Shockwave","Limit Break","Shrug It Off","Heavy Blade","True Grit","Headbutt","Cleave+1"],"relics":["Burning Blood","Red Skull","Blood Vial","Lantern","Eternal Feather","Ornamental Fan"],"acts_visited":["Exordium","TheCity"],"potions_floor_usage":[7,11,12,16,16,27],"damage_taken":[{"damage":0,"enemies":"Small Slimes","floor":1,"turns":4},{"damage":5,"enemies":"Cultist","floor":2,"turns":4},{"damage":8,"enemies":"Jaw Worm","floor":3,"turns":3},{"damage":7,"enemies":"Exordium Wildlife","floor":5,"turns":4},{"damage":9,"enemies":"Blue Slaver","floor":7,"turns":3},{"damage":2,"enemies":"Looter","floor":8,"turns":3},{"damage":0,"enemies":"Large Slime","floor":11,"turns":4},{"damage":20,"enemies":"Gremlin Nob","floor":12,"turns":4},{"damage":7,"enemies":"Red Slaver","floor":14,"turns":5},{"damage":35,"enemies":"Hexaghost","floor":16,"turns":8},{"damage":40,"enemies":"Spheric Guardian","floor":18,"turns":6},{"damage":19,"enemies":"3 Byrds","floor":20,"turns":9},{"damage":11,"enemies":"Snecko","floor":22,"turns":3},{"damage":46,"enemies":"Book of Stabbing","floor":25,"turns":6},{"damage":26,"enemies":"Centurion and Healer","floor":27,"turns":4}],"seed_played":"4668154429184404795","potions_obtained":[{"floor":2,"key":"FearPotion"},{"floor":3,"key":"SpeedPotion"},{"floor":5,"key":"CultistPotion"},{"floor":14,"key":"ColorlessPotion"},{"floor":25,"key":"Weak Potion"}],"is_trial":false,"path_per_floor":["M","M","M","$","M","R","M","M","T","?","M","E","$","M","R","B",null,"M","T","M","$","M","R","?","E","T","M"],"character_chosen":"IRONCLAD","items_purchased":["Heavy Blade","Shrug It Off","Pommel Strike","LiquidMemories","Armaments","Lantern","True Grit"],"campfire_rested":2,"item_purchase_floors":[4,4,4,13,13,21,21],"current_hp_per_floor":[80,80,78,78,77,77,74,78,78,78,80,66,66,65,80,51,80,46,46,35,35,32,56,56,18,18,0,0],"gold":39,"neow_bonus":"UPGRADE_CARD","is_daily":false,"chose_seed":false,"campfire_upgraded":1,"win_rate":0.0,"timestamp":1607723186,"path_taken":["M","M","M","$","M","R","M","M","T","?","M","E","?","M","R","BOSS","M","?","M","$","M","R","?","E","T","M"],"items_purchased_type":["Card","Card","Card","Potion","Card","Relic","Card"],"build_version":"2020-11-30","purchased_purges":0,"victory":false,"max_hp_per_floor":[80,80,80,80,80,80,80,80,80,80,80,80,80,80,80,80,80,80,80,80,80,80,80,80,80,80,80,80],"card_choices":[{"not_picked":["Havoc","Rampage","Second Wind"],"picked":"SKIP","floor":1},{"not_picked":["Perfected Strike","Reckless Charge"],"picked":"Battle Trance","floor":2},{"not_picked":["Flex","Twin Strike"],"picked":"Inflame","floor":3},{"not_picked":["Feel No Pain","Twin Strike"],"picked":"Flex","floor":5},{"not_picked":["Perfected Strike","Fire Breathing"],"picked":"Clothesline","floor":7},{"not_picked":["Havoc","Iron Wave"],"picked":"Thunderclap","floor":8},{"not_picked":["Ghostly Armor","Clothesline"],"picked":"Flex","floor":11},{"not_picked":["Combust","Reckless Charge","Fiend Fire"],"picked":"SKIP","floor":12},{"not_picked":["Intimidate","Evolve"],"picked":"Shockwave","floor":14},{"not_picked":["Berserk","Double Tap"],"picked":"Limit Break","floor":16},{"not_picked":["Entrench","Feel No Pain"],"picked":"Shrug It Off","floor":18},{"not_picked":["Headbutt","Clash+1"],"picked":"Heavy Blade","floor":20},{"not_picked":["Pommel Strike","Clothesline"],"picked":"Headbutt","floor":22},{"not_picked":["Limit Break","Fire Breathing"],"picked":"Cleave+1","floor":25}],"player_experience":4897746,"relics_obtained":[{"floor":12,"key":"Red Skull"},{"floor":19,"key":"Blood Vial"},{"floor":25,"key":"Eternal Feather"},{"floor":26,"key":"Ornamental Fan"}],"event_choices":[{"damage_healed":0,"gold_gain":0,"player_choice":"Ignored","damage_taken":0,"max_hp_gain":0,"max_hp_loss":0,"event_name":"NoteForYourself","floor":10,"gold_loss":0},{"damage_healed":0,"gold_gain":0,"player_choice":"Ignored","damage_taken":0,"max_hp_gain":0,"max_hp_loss":0,"event_name":"Ghosts","floor":24,"gold_loss":0}],"is_beta":false,"boss_relics":[{"not_picked":["Mark of Pain","Snecko Eye","Fusion Hammer"]}],"items_purged_floors":[],"is_endless":false,"potions_floor_spawned":[2,3,5,14,25],"killed_by":"Centurion and Healer","ascension_level":0}}