{"host":"59ckh7bj2z84pzgo","time":1607655304,"event":{"mods":["BaseMod","Better Vampires","Marked Mod","Minty Spire (QoL Compilation)","Replay The Spire","Spicy Shops","StSLib","TestMod","¡¾ÒÅÎï¿¨ÅÆ¡¿REMEMod"],"gold_per_floor":[112,112,126,126,126,126,156,179,179,199,219,219,251,14,14,14,14],"floor_reached":16,"playtime":1043,"items_purged":["Strike_R"],"score":266,"play_id":"89b91b0e-57bc-43fc-8ffb-9052b13571a2","local_time":"20201211105504","is_ascension_mode":true,"campfire_choices":[{"data":"REME_Fury","floor":6.0,"key":"SMITH"},{"data":"Entrench","floor":12.0,"key":"SMITH"},{"data":"ReplayReversal","floor":15.0,"key":"SMITH"}],"circlet_count":0,"master_deck":["AscendersBane","Strike_R","Strike_R","Strike_R","Defend_R","Defend_R","Defend_R","Bash","REME_Fury+1","Iron Wave","ReplayTheSpireMod:Strike From Hell","Ghostly Armor","Twin Strike+1","True Grit","Entrench+1","ReplayReversal+1"],"relics":["Burning Blood","REME_ComplimentaryCards","testmod-TestBox","testmod-BalancedPeriapt","NeowsBlessing","testmod-OneHitWonder","Orichalcum","MealTicket","PrismaticShard"],"acts_visited":["Exordium"],"potions_floor_usage":[16],"damage_taken":[{"damage":0.0,"enemies":"Small Slimes","floor":1.0,"turns":1.0},{"damage":0.0,"enemies":"Jaw Worm","floor":3.0,"turns":1.0},{"damage":0.0,"enemies":"3 Sentries","floor":7.0,"turns":2.0},{"damage":0.0,"enemies":"Cultist","floor":10.0,"turns":3.0},{"damage":23.0,"enemies":"Red Slaver","floor":11.0,"turns":4.0},{"damage":21.0,"enemies":"Gremlin Nob","floor":13.0,"turns":4.0},{"damage":64,"enemies":"Fading Forest","floor":16,"turns":10}],"seed_played":"177494301501769521","potions_obtained":[{"floor":1.0,"key":"Regen Potion"},{"floor":7.0,"key":"PowerPotion"},{"floor":13.0,"key":"FearPotion"}],"is_trial":false,"path_per_floor":["M","?","M","?","?","R","E","T","T","M","M","R","E","$","R","B"],"character_chosen":"IRONCLAD","items_purchased":["PrismaticShard"],"campfire_rested":0,"item_purchase_floors":[14],"current_hp_per_floor":[74,74,75,75,75,75,75,75,75,75,58,58,43,58,58,17,17],"gold":14,"neow_bonus":"THREE_ENEMY_KILL","is_daily":false,"chose_seed":false,"campfire_upgraded":3,"win_rate":0.0,"timestamp":1607655304,"path_taken":["M","?","M","?","?","R","E","?","T","M","?","R","E","?","R","BOSS"],"items_purchased_type":["Relic"],"build_version":"2020-11-30","purchased_purges":1,"victory":false,"max_hp_per_floor":[75,75,75,75,75,75,75,75,75,75,75,75,75,75,75,75,75],"card_choices":[{"not_picked":["Sentinel","Havoc"],"picked":"Iron Wave","floor":1.0},{"not_picked":["Replay:Undeath\u0027s Touch","Sword Boomerang"],"picked":"ReplayTheSpireMod:Strike From Hell","floor":3.0},{"not_picked":["Cleave","Anger"],"picked":"True Grit","floor":7.0},{"not_picked":["Dropkick","Heavy Blade"],"picked":"Entrench","floor":10.0},{"not_picked":["Hemokinesis","True Grit","Feed"],"picked":"SKIP","floor":11.0},{"not_picked":["Blood for Blood","Metallicize"],"picked":"ReplayReversal","floor":13.0}],"player_experience":113723,"relics_obtained":[{"floor":7.0,"key":"testmod-OneHitWonder"},{"floor":8.0,"key":"Orichalcum"},{"floor":13.0,"key":"MealTicket"}],"event_choices":[{"damage_healed":0.0,"max_hp_gain":0.0,"max_hp_loss":0.0,"gold_gain":0.0,"event_name":"Liars Game","player_choice":"Ignored","floor":2.0,"gold_loss":0.0,"damage_taken":0.0},{"damage_healed":0.0,"max_hp_gain":0.0,"max_hp_loss":0.0,"gold_gain":0.0,"cards_transformed":["Defend_R"],"event_name":"Living Wall","player_choice":"Change","floor":4.0,"gold_loss":0.0,"damage_taken":0.0,"cards_obtained":["Ghostly Armor"]}],"is_beta":false,"boss_relics":[],"items_purged_floors":[14],"is_endless":false,"potions_floor_spawned":[1,7,11,13],"killed_by":"Fading Forest","ascension_level":20}}