{"host":"j0xplkvqphkjqyt2","time":1607682166,"event":{"mods":["Act Like it!","BaseMod","Library of Ruina","Library of Ruina Extra","Minty Spire (QoL Compilation)","MostiFishMod","Replay The Spire","RumiaBox-露米娅的神秘盒子","Spicy Shops","StSLib","TestMod","Waifu the Spire","【遗物卡牌】REMEMod"],"gold_per_floor":[115,333,345,365,365,365,381,397,397,414,443,478,505,517,517,618,618,635,647,566,566,575,575,608,608,608,625,625,656,666,700,700,805,805,823,558,613,631,149,182,182,182,182,209,228,241,261,18,18,18,18,18,18,18,48,48],"floor_reached":57,"playtime":1355,"items_purged":["Clumsy","DimensionalRift+1"],"score":2227,"play_id":"2e41d69e-c440-4f37-8fb7-1f0ae8690809","local_time":"20201211182246","is_ascension_mode":true,"campfire_choices":[{"data":"Devotion","floor":6,"key":"SMITH"},{"data":"DegradedShockwave","floor":15,"key":"SMITH"},{"data":"DegradedPillar","floor":23,"key":"SMITH"},{"data":"DegradedPillar","floor":25,"key":"SMITH"},{"data":"DegradedLock","floor":32,"key":"SMITH"},{"floor":41,"key":"RECALL"},{"data":"DegradedChain","floor":49,"key":"SMITH"},{"data":"DegradedChain","floor":53,"key":"SMITH"}],"circlet_count":0,"master_deck":["DegradedFairy","DegradedFairy+1","DegradedFairy+1","DegradedChain+1","DegradedChain+1","DegradedLock+1","DegradedPillar+1","DegradedPillar+1","DegradedShockwave+1","testmod-PocketStoneCalender","Devotion+1","DegradedChain+1","DimensionalRift","DimensionalRift+1"],"relics":["PageOfLibrarian","testmod-TestBox","DaveBox","REME_ComplimentaryCards","ShadowXiaoBlade","testmod-Register","Question Card","PageOfTodaysShyLook","MoreBug","HornCleat","ImportantClient","Replay:Grab Bag","Philosopher\u0027s Stone","Busted Crown","SacredBark","testmod-Nine","BargainBundle","PageOfGreed","PageOfTheQueenOfHatred","PageOfTheKnightOfDespair","PageOfWrath","PageOfNihil","MutagenicStrength","Akabeko","Baka2","Art of War","BirthdayGift-Icosahedron","Ancient Tea Set","GodSword7","CombinedTypeHook","GodSword1","Membership Card","GodSword3","Pen Nib","Blood Vial","PageOfSingingMachine","PageOfSnowWhitesApple","PageOfMercenary","Whetstone","Nunchaku"],"acts_visited":["Exordium","TheCity","TheBeyond","TheEnding"],"potions_floor_usage":[16,16,16,27,27,27,27,56,56],"damage_taken":[{"damage":0,"enemies":"Cultist","floor":1,"turns":2},{"damage":0,"enemies":"Jaw Worm","floor":2,"turns":1},{"damage":0,"enemies":"Small Slimes","floor":3,"turns":1},{"damage":0,"enemies":"2 Fungi Beasts","floor":4,"turns":1},{"damage":0,"enemies":"Red Slaver","floor":7,"turns":1},{"damage":6,"enemies":"Lots of Slimes","floor":8,"turns":2},{"damage":0,"enemies":"Blue Slaver","floor":10,"turns":1},{"damage":0,"enemies":"Replay:BlueRogue","floor":11,"turns":2},{"damage":0,"enemies":"Large Slime","floor":12,"turns":2},{"damage":0,"enemies":"3 Sentries","floor":13,"turns":3},{"damage":0,"enemies":"Lots of Slimes","floor":14,"turns":1},{"damage":0,"enemies":"Fading Forest","floor":16,"turns":5},{"damage":0,"enemies":"Spheric Guardian","floor":18,"turns":1},{"damage":0,"enemies":"Shell Parasite","floor":19,"turns":1},{"damage":0,"enemies":"Snake Plant","floor":22,"turns":1},{"damage":2,"enemies":"Gremlin Leader","floor":24,"turns":3},{"damage":21,"enemies":"Book of Stabbing","floor":27,"turns":3},{"damage":0,"enemies":"Book of Stabbing","floor":29,"turns":1},{"damage":0,"enemies":"Snecko","floor":30,"turns":1},{"damage":0,"enemies":"Gremlin Leader","floor":31,"turns":1},{"damage":0,"enemies":"Pondfish","floor":33,"turns":3},{"damage":0,"enemies":"3 Darklings","floor":35,"turns":1},{"damage":0,"enemies":"2 Orb Walkers","floor":37,"turns":1},{"damage":0,"enemies":"3 Shapes","floor":38,"turns":1},{"damage":0,"enemies":"R_Hoarder","floor":40,"turns":2},{"damage":0,"enemies":"Reptomancer","floor":44,"turns":1},{"damage":0,"enemies":"Maw","floor":45,"turns":1},{"damage":0,"enemies":"4 Shapes","floor":46,"turns":1},{"damage":0,"enemies":"Spire Growth","floor":47,"turns":1},{"damage":0,"enemies":"Donu and Deca","floor":50,"turns":2},{"damage":0,"enemies":"Shield and Spear","floor":55,"turns":1},{"damage":0,"enemies":"The Heart","floor":56,"turns":2}],"seed_played":"-1266807842412293937","potions_obtained":[{"floor":3,"key":"PowerPotion"},{"floor":7,"key":"Energy Potion"},{"floor":11,"key":"PowerPotion"},{"floor":16,"key":"Weak Potion"},{"floor":27,"key":"AttackPotion"},{"floor":29,"key":"SkillPotion"},{"floor":31,"key":"testmod-EscapePotion"},{"floor":37,"key":"Reflective Coating"}],"is_trial":false,"path_per_floor":["M","M","M","M","$","R","M","M","T","M","E","M","E","M","R","B",null,"M","M","$","T","M","R","E","R","T","E","?","E","M","E","R","B",null,"M","$","?","M","$","E","R","?","T","E","M","M","M","$","R","B",null,null,"R","$","E","B",null],"character_chosen":"Librarian","items_purchased":["BargainBundle","PageOfGreed","Ancient Tea Set","GodSword7","GodSword1","Membership Card","GodSword3","Pen Nib","PageOfMercenary","Whetstone"],"campfire_rested":0,"item_purchase_floors":[20,20,36,36,39,39,39,39,48,48],"current_hp_per_floor":[60,60,60,60,60,60,60,54,54,54,54,56,56,56,56,66,90,90,90,90,90,90,90,90,90,90,71,71,71,71,71,71,57,100,100,100,100,109,109,109,109,109,109,109,109,109,109,109,109,109,109,109,109,109,109,109],"gold":48,"neow_bonus":"COLORLESS_CARD","is_daily":false,"chose_seed":false,"campfire_upgraded":7,"win_rate":0.0,"timestamp":1607682166,"path_taken":["M","M","?","M","?","R","M","M","T","M","E","M","E","M","R","BOSS","M","M","$","?","M","R","E","R","T","E","?","E","M","E","R","BOSS","M","$","?","M","$","E","R","?","T","E","M","M","?","$","R","BOSS","R","$","E","BOSS"],"items_purchased_type":["Relic","Relic","Relic","Relic","Relic","Relic","Relic","Relic","Relic","Relic"],"build_version":"2020-11-30","purchased_purges":2,"victory":true,"max_hp_per_floor":[90,90,90,90,90,90,90,90,90,90,90,90,90,90,90,90,90,90,90,90,90,90,90,90,90,90,90,90,90,90,90,90,100,100,100,100,100,109,109,109,109,109,109,109,109,109,109,109,109,109,109,109,109,109,109,109],"card_choices":[{"not_picked":["FrontalAssault","LossOfSenses","Bvapour","HandleRequest","SuppressingShot","EndlessBattle","EnergyCycle","SpearedSweep","Pound"],"picked":"SKIP","floor":1},{"not_picked":["ShockingBlow","WaitUp","FlyingSword","Quickness","Thirst","StructuralAnalysis","PreemptiveStrike","ScratchThat","NightInTheBackstreets","DefenseOrder"],"picked":"SKIP","floor":2},{"not_picked":["GuidanceOfTheGears","EnergyCycle","AsThePrescriptOrders","TheArtOfRapidSteps","Quickness","StrongStrike","SharpenedBlade","Multislash","PuppetBlockade","SunsetBlade"],"picked":"SKIP","floor":3},{"not_picked":["Observe","TheRedNotes","HighKick","TheArtOfRapidSteps","Mutilate","HeavyPeaks","DarkCloud","Crush","ShockingBlow","DesperateStruggle"],"picked":"SKIP","floor":4},{"not_picked":["Quickness","AsThePrescriptOrders","DefenseOrder","Standoff","DesperateStruggle","EnergyShield","SharpSwipe","Leap_lor","SunsetBlade","AutomatedMovement"],"picked":"SKIP","floor":7},{"not_picked":["Struggle","Parry","Transpierce","UnavoidableGaze","Diversion","EnergyShield","Slice_lor","NightInTheBackstreets","FendThisOffIfYouCan","CombatPreparation"],"picked":"SKIP","floor":8},{"not_picked":["BackAttack","Parry","AsThePrescriptOrders","WillOfThePrescript","Wallop_lor","Endure","NightInTheBackstreets","TendonChords","EnergyShield","SmokingPipe"],"picked":"SKIP","floor":10},{"not_picked":["Diversion","BindingChains","LawAndOrder","SkyClearingCut","Wallop_lor","FlashOfSunup","Tttonst","FleetFootsteps","SunsetBlade","StrongStrike"],"picked":"SKIP","floor":11},{"not_picked":["PuppetBlockade","UnavoidableGaze","SpearedSweep","GuidanceOfTheGears","SharpNails","FlashingStrike","HiddenBlade","Punishment","Outburst","ChopItOff"],"picked":"SKIP","floor":12},{"not_picked":["SuppressingShot","BackAttack","GuidanceOfTheGears","FlashingStrike","Faith","Execute_lor","Multislash","Reload","EndlessBattle","FleetFootsteps"],"picked":"SKIP","floor":13},{"not_picked":["HandleRequest","Faith","Leap_lor","SunsetBlade","Outburst","DaringDecision","Preparation","DefenseOrder","Standoff","SetFire"],"picked":"SKIP","floor":14},{"not_picked":["EnergyConversion+1","Retaliate","HardRehearsal","Collision","SharpSwipe","UpbeatPerformance","TasteMyFlamingBat","Thrust"],"picked":"SKIP","floor":18},{"not_picked":["NightInTheBackstreets+1","FlashOfSunup","DefenseOrder","UnavoidableGaze","DarkCloud+1","ClassAndRespect","Rewind","GaleKick"],"picked":"SKIP","floor":19},{"not_picked":["Standoff","SpearedSweep+1","Unlock1","ShrineToMusic","ICanCookAnything+1","MultiBlock+1","EnergyConversion+1","SunsetBlade+1"],"picked":"SKIP","floor":22},{"not_picked":["TimeForALittleTest","RipSpace","Crush","MultiHit","Zzzzzap","ClassAndRespect","StructuralAnalysis","PreemptiveStrike"],"picked":"SKIP","floor":24},{"not_picked":["GaleKick","HandleRequest+1","ReadyUp+1","UpbeatPerformance+1","Marionette","DarkCloud","SuppressingShot","Quickness"],"picked":"SKIP","floor":27},{"not_picked":["SkitterAway","SuppressingShot","LeRegole","Multislash","LawAndOrder","SmokingPipe+1","Marionette","RatsGuideToSurvival"],"picked":"SKIP","floor":29},{"not_picked":["Slice_lor","Juggling","Guardian_lor","UncannyStrike+1","DriedUp+1","EnergyCycle+1","FierceCharge","Thrust"],"picked":"SKIP","floor":30},{"not_picked":["ForcefulGesture","HardRehearsal","MindPrepared","Faith","GuardingStance","Eject","Decapitation","TendonChords"],"picked":"SKIP","floor":31},{"not_picked":["Unlock1+1","Diversion","Outburst","AssaultOrder","MultiHit+1","EnergyCycle+1","SearingSword","HiddenBlade"],"picked":"SKIP","floor":35},{"not_picked":["FleetEdge","ShockRound+1","FierceOnslaught+1","GatherIntel","EnergyShield","ICanCookAnything+1","FormingStorm","Unlock1"],"picked":"SKIP","floor":38},{"not_picked":["AsThePrescriptOrders+1","QuickAttack","TendonChords","Creak","InkOver","FleetEdge","HandleRequest","StructuralAnalysis"],"picked":"SKIP","floor":40},{"not_picked":["WillBeTasty+1","CumulusWall","RulesOfTheBackstreets+1","UnavoidableGaze","Brawl+1","LawAndOrder","ChopItOff+1"],"picked":"DimensionalRift","floor":44},{"not_picked":["NightInTheBackstreets+1","Retaliate+1","FleetEdge","Feast","UnavoidableGaze","Mutilate","Faith","Leap_lor"],"picked":"SKIP","floor":45},{"not_picked":["ButterflySlash+1","MultiHit","TrimTheIngredients","NightInTheBackstreets+1","CrackOfDawn","DesperateStruggle+1","ClassAndRespect+1","DarkCloud"],"picked":"SKIP","floor":46},{"not_picked":["RulesOfTheBackstreets","Parry","Pound+1","GuidanceOfTheGears+1","DefenseOrder+1","ReadyUp+1","Outburst+1","FrontalAssault"],"picked":"SKIP","floor":47},{"not_picked":["Leap_lor","Decapitation","AsThePrescriptOrders+1","WillOfThePrescript+1","Marionette+1","Punishment","SharpSwipe","SpearedSweep"],"picked":"SKIP","floor":55}],"player_experience":97767,"relics_obtained":[{"floor":1,"key":"Question Card"},{"floor":1,"key":"Baka"},{"floor":11,"key":"PageOfTodaysShyLook"},{"floor":13,"key":"MoreBug"},{"floor":13,"key":"HornCleat"},{"floor":16,"key":"ImportantClient"},{"floor":21,"key":"PageOfTheQueenOfHatred"},{"floor":24,"key":"PageOfTheKnightOfDespair"},{"floor":26,"key":"PageOfWrath"},{"floor":27,"key":"PageOfNihil"},{"floor":29,"key":"Akabeko"},{"floor":30,"key":"Baka2"},{"floor":31,"key":"Art of War"},{"floor":37,"key":"CombinedTypeHook"},{"floor":40,"key":"Blood Vial"},{"floor":43,"key":"PageOfSingingMachine"},{"floor":44,"key":"PageOfSnowWhitesApple"},{"floor":55,"key":"Nunchaku"}],"event_choices":[{"damage_healed":0,"gold_gain":0,"player_choice":"Inject Mutagens","damage_taken":0,"relics_obtained":["MutagenicStrength"],"max_hp_gain":0,"max_hp_loss":0,"event_name":"Drug Dealer","floor":28,"gold_loss":0},{"damage_healed":0,"gold_gain":0,"player_choice":"Fight","damage_taken":0,"max_hp_gain":0,"max_hp_loss":0,"event_name":"Mysterious Sphere","floor":37,"gold_loss":0},{"damage_healed":0,"gold_gain":0,"player_choice":"Upgraded","damage_taken":0,"max_hp_gain":0,"max_hp_loss":0,"event_name":"Upgrade Shrine","floor":42,"gold_loss":0,"cards_upgraded":["DegradedChain"]}],"is_beta":false,"boss_relics":[{"not_picked":["testmod-IncinerationGenerator","RhineFirstAidKit"],"picked":"Replay:Grab Bag"},{"not_picked":["ChewingGum","Cursed Key"],"picked":"Philosopher\u0027s Stone"},{"not_picked":["Coffee Dripper","Velvet Choker"],"picked":"Busted Crown"},{"not_picked":["testmod-Recursion","AddBug"],"picked":"SacredBark"},{"not_picked":["testmod-KeyOfTheVoid","Astrolabe"],"picked":"testmod-Nine"},{"not_picked":["Transparent","Abe\u0027s Treasure"],"picked":"BirthdayGift-Icosahedron"}],"items_purged_floors":[20,48],"is_endless":false,"potions_floor_spawned":[3,7,11,12,16,22,27,29,31,37,44,46,55],"ascension_level":2}}