{"host":"o7j6aatxjwpw1421","time":1607703669,"event":{"mods":["2.2 Compatiblity","BaseMod","Colored Map","DeckTracker","Highlight Path","Keyboard Shortcuts","Minty Spire (QoL Compilation)","Permanent Neow","Quick Restart","StSLib","SuperFastMode","everything is the same but u backflip on backflip"],"gold_per_floor":[115,115,133,133,143,143,172,172,172,191,210,93,103,155,155,253,253,268,268,284,234,12,12,12],"floor_reached":23,"playtime":1457,"items_purged":["Strike_G","Defend_G"],"score":296,"play_id":"9b4df582-f647-406c-a510-474483fd69fa","local_time":"20201212012109","is_ascension_mode":true,"campfire_choices":[{"data":"Poisoned Stab","floor":6.0,"key":"SMITH"},{"floor":15.0,"key":"REST"}],"circlet_count":0,"master_deck":["AscendersBane","Strike_G","Strike_G","Defend_G","Defend_G","Defend_G","Survivor","Neutralize","Crippling Poison","Tactician","Slice","Poisoned Stab+1","Predator","Deflect","Well Laid Plans","Accuracy+1","Blade Dance","Footwork+1","PiercingWail","Tools of the Trade+1","Noxious Fumes+1","Sadistic Nature+1"],"relics":["Ring of the Serpent","Smiling Mask","Gremlin Horn","Frozen Egg 2","Omamori","Shovel"],"acts_visited":["Exordium","TheCity"],"potions_floor_usage":[20],"damage_taken":[{"damage":0.0,"enemies":"2 Louse","floor":1.0,"turns":3.0},{"damage":7.0,"enemies":"Cultist","floor":3.0,"turns":4.0},{"damage":2.0,"enemies":"Jaw Worm","floor":5.0,"turns":3.0},{"damage":10.0,"enemies":"3 Sentries","floor":7.0,"turns":10.0},{"damage":0.0,"enemies":"Gremlin Gang","floor":10.0,"turns":3.0},{"damage":3.0,"enemies":"Red Slaver","floor":11.0,"turns":4.0},{"damage":13.0,"enemies":"Exordium Wildlife","floor":13.0,"turns":4.0},{"damage":12.0,"enemies":"Hexaghost","floor":16.0,"turns":13.0},{"damage":0.0,"enemies":"Spheric Guardian","floor":18.0,"turns":6.0},{"damage":10,"enemies":"3 Byrds","floor":20,"turns":4},{"damage":27,"enemies":"Book of Stabbing","floor":23,"turns":4}],"seed_played":"5692650457449017970","potions_obtained":[{"floor":1.0,"key":"FearPotion"},{"floor":7.0,"key":"CunningPotion"},{"floor":11.0,"key":"LiquidMemories"},{"floor":16.0,"key":"SkillPotion"},{"floor":18.0,"key":"PowerPotion"}],"is_trial":false,"path_per_floor":["M","?","M","?","M","R","E","?","T","M","M","$","M","T","R","B",null,"M","?","M","?","$","E"],"character_chosen":"THE_SILENT","items_purchased":["Footwork+1","Sadistic Nature+1"],"campfire_rested":1,"item_purchase_floors":[12,22],"current_hp_per_floor":[45,45,38,38,36,36,26,26,26,26,23,23,10,10,31,19,57,57,57,47,47,47,20,20],"gold":12,"neow_bonus":"TRANSFORM_TWO_CARDS","is_daily":false,"chose_seed":false,"campfire_upgraded":1,"win_rate":0.0,"timestamp":1607703669,"path_taken":["M","?","M","?","?","R","E","?","T","M","?","?","M","?","R","BOSS","M","?","M","?","$","E"],"items_purchased_type":["Undefined","Undefined"],"build_version":"2020-11-30","purchased_purges":2,"victory":false,"max_hp_per_floor":[70,70,70,70,70,70,70,70,70,70,70,70,70,70,70,70,70,70,70,70,70,70,70,70],"card_choices":[{"not_picked":["Distraction","Backflip"],"picked":"Slice","floor":1.0},{"not_picked":["Acrobatics","Quick Slash"],"picked":"Poisoned Stab","floor":3.0},{"not_picked":["Sucker Punch","Outmaneuver"],"picked":"Deflect","floor":5.0},{"not_picked":["Terror","Finisher"],"picked":"Well Laid Plans","floor":7.0},{"not_picked":["Finisher","Catalyst"],"picked":"Accuracy+1","floor":10.0},{"not_picked":["Caltrops+1","Underhanded Strike"],"picked":"Blade Dance","floor":11.0},{"not_picked":["Deflect","Bane"],"picked":"PiercingWail","floor":13.0},{"not_picked":["Phantasmal Killer","Night Terror"],"picked":"Tools of the Trade+1","floor":16.0},{"not_picked":["Backflip+1","Calculated Gamble"],"picked":"Noxious Fumes+1","floor":18.0},{"not_picked":["Endless Agony+1","Expertise","Well Laid Plans+1"],"picked":"SKIP","floor":20}],"player_experience":197322,"relics_obtained":[{"floor":7.0,"key":"Smiling Mask"},{"floor":9.0,"key":"Frozen Egg 2"},{"floor":14.0,"key":"Omamori"}],"event_choices":[{"damage_healed":0.0,"max_hp_gain":0.0,"max_hp_loss":0.0,"gold_gain":0.0,"event_name":"Liars Game","player_choice":"Ignored","floor":2.0,"gold_loss":0.0,"damage_taken":0.0},{"damage_healed":0.0,"max_hp_gain":0.0,"max_hp_loss":0.0,"gold_gain":0.0,"cards_transformed":["Strike_G"],"event_name":"Transmorgrifier","player_choice":"Transformed","floor":4.0,"gold_loss":0.0,"damage_taken":0.0,"cards_obtained":["Predator"]},{"damage_healed":0.0,"max_hp_gain":0.0,"max_hp_loss":0.0,"gold_gain":0.0,"event_name":"WeMeetAgain","player_choice":"Gave Potion","floor":8.0,"gold_loss":0.0,"damage_taken":0.0,"relics_obtained":["Gremlin Horn"]},{"damage_healed":0.0,"max_hp_gain":0.0,"max_hp_loss":0.0,"gold_gain":0.0,"event_name":"Addict","player_choice":"Stole Relic","floor":19.0,"gold_loss":0.0,"damage_taken":0.0,"relics_obtained":["Shovel"],"cards_obtained":["Shame"]},{"damage_healed":0,"gold_gain":0,"player_choice":"Bet on Owner","damage_taken":0,"max_hp_gain":0,"max_hp_loss":0,"event_name":"The Joust","floor":21,"gold_loss":50}],"is_beta":false,"boss_relics":[{"not_picked":["SlaversCollar","Tiny House"],"picked":"Ring of the Serpent"}],"items_purged_floors":[12,22],"is_endless":false,"potions_floor_spawned":[1,7,11,16,18],"killed_by":"Book of Stabbing","ascension_level":11}}