{"host":"qwttrqaysb380yri","time":1607723328,"event":{"mods":["BaseMod","Custom Start","Minty Spire (QoL Compilation)","Puzzle Mod","Relic Stats","StSLib","The Cursed","The Hierophant"],"gold_per_floor":[115,115,127,139,155,155,182,182,206,238,45,58,78,89,89,151,151,217,281,347,417,417,437,437],"floor_reached":23,"playtime":795,"items_purged":[],"score":275,"play_id":"6375e20c-f255-4f92-b50a-222a8e9cfcb9","local_time":"20201211224848","is_ascension_mode":true,"campfire_choices":[{"data":"hierophant:ChurchCoffers","floor":6.0,"key":"SMITH"},{"floor":8.0,"key":"REST"},{"data":"hierophant:Punish","floor":15,"key":"SMITH"}],"circlet_count":0,"master_deck":["AscendersBane","hierophant:Strike_Hierophant","hierophant:Strike_Hierophant","hierophant:Punish+1","hierophant:Defend_Hierophant","hierophant:Defend_Hierophant","hierophant:Defend_Hierophant","hierophant:Defend_Hierophant","hierophant:ChurchCoffers+1","hierophant:SealAway","hierophant:Smite","hierophant:RepressedViolence","hierophant:MorningPrayer","hierophant:Smite","hierophant:Shelter","hierophant:Smite","hierophant:BulkyChest","hierophant:ThreeLashes","hierophant:Shelter","hierophant:Embezzle","hierophant:Invocation"],"relics":["hierophant:PropheticMaskRelic","GremlinMask","MealTicket","Anchor","Bag of Preparation","HandDrill","Runic Pyramid"],"acts_visited":["Exordium","TheCity"],"potions_floor_usage":[16,20,23],"damage_taken":[{"damage":0.0,"enemies":"Small Slimes","floor":1.0,"turns":3.0},{"damage":6.0,"enemies":"Cultist","floor":3.0,"turns":4.0},{"damage":2.0,"enemies":"Jaw Worm","floor":4.0,"turns":2.0},{"damage":10.0,"enemies":"3 Louse","floor":5.0,"turns":2.0},{"damage":32.0,"enemies":"Gremlin Nob","floor":7.0,"turns":4.0},{"damage":8.0,"enemies":"Lagavulin","floor":10.0,"turns":4.0},{"damage":0,"enemies":"Lots of Slimes","floor":12,"turns":2},{"damage":0,"enemies":"2 Fungi Beasts","floor":13,"turns":2},{"damage":0,"enemies":"Exordium Wildlife","floor":14,"turns":2},{"damage":15,"enemies":"Slime Boss","floor":16,"turns":7},{"damage":0,"enemies":"Spheric Guardian","floor":18,"turns":2},{"damage":24,"enemies":"Shell Parasite","floor":19,"turns":4},{"damage":6,"enemies":"Snake Plant","floor":20,"turns":3},{"damage":19,"enemies":"Shelled Parasite and Fungi","floor":21,"turns":6},{"damage":17,"enemies":"Slavers","floor":23,"turns":3}],"seed_played":"-768953741610995006","potions_obtained":[{"floor":4.0,"key":"Swift Potion"},{"floor":5.0,"key":"PowerPotion"},{"floor":7.0,"key":"BlessingOfTheForge"},{"floor":10.0,"key":"Dexterity Potion"},{"floor":13,"key":"Weak Potion"},{"floor":16,"key":"SmokeBomb"},{"floor":19,"key":"Strength Potion"}],"is_trial":false,"path_per_floor":["M","?","M","M","M","R","E","R","T","E","$","M","M","M","R","B",null,"M","M","M","M","?","E"],"character_chosen":"HIEROPHANT","items_purchased":["HandDrill","hierophant:Shelter"],"campfire_rested":1,"item_purchase_floors":[11,11],"current_hp_per_floor":[75,75,69,67,57,57,25,49,49,41,56,56,56,56,56,41,72,72,48,42,23,23,6,6],"gold":437,"neow_bonus":"TEN_PERCENT_HP_BONUS","is_daily":false,"chose_seed":false,"campfire_upgraded":2,"win_rate":0.0,"timestamp":1607723328,"path_taken":["M","?","M","M","M","R","E","R","T","E","$","?","M","M","R","BOSS","M","M","M","M","?","E"],"items_purchased_type":["Relic","Card"],"build_version":"2020-11-30","purchased_purges":0,"victory":false,"max_hp_per_floor":[82,82,82,82,82,82,82,82,82,82,82,82,82,82,82,82,82,82,82,82,82,82,82,82],"relic_stats":{"counters":[15,50],"MealTicket":15,"Bag of Preparation":[18],"HandDrill":[16],"obtain_stats":[{"Anchor":9,"hierophant:PropheticMaskRelic":0,"GremlinMask":2,"MealTicket":7,"Bag of Preparation":10,"HandDrill":11,"Runic Pyramid":17},{"Anchor":5,"hierophant:PropheticMaskRelic":0,"GremlinMask":1,"MealTicket":5,"Bag of Preparation":6,"HandDrill":6,"Runic Pyramid":10},{"Anchor":15,"hierophant:PropheticMaskRelic":0,"GremlinMask":3,"MealTicket":15,"Bag of Preparation":19,"HandDrill":19,"Runic Pyramid":32}]},"card_choices":[{"not_picked":["hierophant:HolyVerse","hierophant:Blessing"],"picked":"hierophant:SealAway","floor":1.0},{"not_picked":["hierophant:Doomsaying","hierophant:SecretStash"],"picked":"hierophant:Smite","floor":3.0},{"not_picked":["hierophant:RustyCrate","hierophant:Glossolalia"],"picked":"hierophant:RepressedViolence","floor":4.0},{"not_picked":["hierophant:Sermon","hierophant:AuricBeam","hierophant:RecallFunds"],"picked":"SKIP","floor":5.0},{"not_picked":["hierophant:RustyCrate","hierophant:Doubloon"],"picked":"hierophant:MorningPrayer","floor":7.0},{"not_picked":["hierophant:Determination","hierophant:PassingBell"],"picked":"hierophant:Smite","floor":10.0},{"not_picked":["hierophant:Encroach","hierophant:Shelter"],"picked":"hierophant:Smite","floor":12},{"not_picked":["hierophant:OrnateBuckler","hierophant:CoinFling","hierophant:OrnateJavelin"],"picked":"SKIP","floor":13},{"not_picked":["hierophant:Refuge","hierophant:Remorse","hierophant:Doubloon"],"picked":"SKIP","floor":14},{"not_picked":["hierophant:Anathema","hierophant:Cornucopia"],"picked":"hierophant:BulkyChest","floor":16},{"not_picked":["hierophant:Glossolalia","hierophant:Charity"],"picked":"hierophant:ThreeLashes","floor":18},{"not_picked":["hierophant:RepressedViolence","hierophant:ArchangelShield","hierophant:AuricShield+1"],"picked":"SKIP","floor":19},{"not_picked":["hierophant:Anathema","hierophant:Sermon","hierophant:Dazzle"],"picked":"SKIP","floor":20},{"not_picked":["hierophant:Flagellation","hierophant:Purify"],"picked":"hierophant:Shelter","floor":21}],"player_experience":1812702,"relics_obtained":[{"floor":7.0,"key":"MealTicket"},{"floor":9.0,"key":"Anchor"},{"floor":10.0,"key":"Bag of Preparation"}],"event_choices":[{"damage_healed":0.0,"max_hp_gain":0.0,"max_hp_loss":0.0,"gold_gain":0.0,"event_name":"FaceTrader","player_choice":"Trade","floor":2.0,"gold_loss":0.0,"damage_taken":0.0,"relics_obtained":["GremlinMask"]},{"damage_healed":0,"gold_gain":0,"cards_transformed":["hierophant:Strike_Hierophant","hierophant:Strike_Hierophant"],"player_choice":"Became Test Subject","damage_taken":0,"max_hp_gain":0,"max_hp_loss":0,"event_name":"Drug Dealer","floor":22,"gold_loss":0,"cards_obtained":["hierophant:Embezzle","hierophant:Invocation"]}],"is_beta":false,"boss_relics":[{"not_picked":["SacredBark","Busted Crown"],"picked":"Runic Pyramid"}],"items_purged_floors":[],"is_endless":false,"potions_floor_spawned":[4,5,7,10,13,16,19],"killed_by":"Slavers","ascension_level":15}}