{"host":"87w2793jpavfbt1o","time":1607659496,"event":{"mods":["AchievementEnabler","Aspiration","BaseMod","Better Altar","Better Match","Better Note","Better Sensory Stone","Better Skull","Better Third Choice","Better Vampires","BetterRewards","Conspire","Displayed Cursed Tome","Downfall","Energized Spire","Filter the Spire","Halation","Highlight Path","Hubris","Infinite Spire","Marked Mod","Minty Spire (QoL Compilation)","Practice Mode","Prisma Mod","Relic Filter","Relic Sorter","Replay The Spire","SIMod","Shop Mod","StSLib","TestMod","??????REMEMod"],"gold_per_floor":[113,131,55,55,72,100,100,100,100,134,149,149,168,182,182,281,281,294,294,294,304,321,321,321,321],"floor_reached":24,"playtime":4038,"items_purged":[],"score":354,"play_id":"69a77ab0-d4f7-4eb3-80ea-07603a4fad5e","local_time":"20201210200456","is_ascension_mode":true,"campfire_choices":[{"floor":8,"key":"REST"},{"floor":12,"key":"REST"},{"floor":15,"key":"RECALL"},{"data":"hubris:Rewind","floor":23,"key":"SMITH"}],"circlet_count":0,"master_deck":["Strike_B","Strike_B","Strike_B","Strike_B","Defend_B","Defend_B","Defend_B","Defend_B","Zap","Dualcast","Toxin Wave","expansioncontent:DarkVoid","FIFO Queue","Streamline","ReplayTheSpireMod:Calculation Training+1","Gash","Loop","Ball Lightning","Turbo","ReplayGash","Ball Lightning","hubris:SpecializedCircuitry","Ball Lightning","hubris:Rewind+1","Panic Button","Barrage"],"relics":["Cracked Core","hubris:BallOfYels","REME_ComplimentaryCards","testmod-TestBox","testmod-Recursion","infinitespire:BottledMercury","aspiration:ChemicalBlood","testmod-SaigiyounoYou","Nunchaku","aspiration:RitualStick"],"acts_visited":["Exordium","TheCity"],"potions_floor_usage":[5,16,16,16,18,21,24,24,24,24,24],"damage_taken":[{"damage":0,"enemies":"Small Slimes","floor":1,"turns":2},{"damage":1,"enemies":"Jaw Worm","floor":2,"turns":4},{"damage":0,"enemies":"2 Louse","floor":5,"turns":1},{"damage":45,"enemies":"3 Sentries","floor":6,"turns":9},{"damage":10,"enemies":"Gremlin Nob","floor":10,"turns":3},{"damage":2,"enemies":"2 Fungi Beasts","floor":11,"turns":2},{"damage":6,"enemies":"3 Louse","floor":13,"turns":2},{"damage":11,"enemies":"Looter","floor":14,"turns":2},{"damage":14,"enemies":"Hexaghost","floor":16,"turns":6},{"damage":1,"enemies":"Spheric Guardian","floor":18,"turns":3},{"damage":10,"enemies":"conspire:FuzzyDice","floor":21,"turns":4},{"damage":6,"enemies":"Sentry and Sphere","floor":22,"turns":3},{"damage":105,"enemies":"Nightmare","floor":24,"turns":5}],"seed_played":"-1510323190792368120","potions_obtained":[{"floor":2,"key":"Energy Potion"},{"floor":11,"key":"SpeedPotion"},{"floor":14,"key":"Regen Potion"},{"floor":16,"key":"Block Potion"},{"floor":18,"key":"Weak Potion"},{"floor":22,"key":"Explosive Potion"},{"floor":24,"key":"DuplicationPotion"}],"is_trial":false,"path_per_floor":["M","M","$","?","M","E","T","R","T","E","M","R","M","M","R","B",null,"M","AVR","?","M","M","R","NM"],"character_chosen":"DEFECT","items_purchased":["expansioncontent:DarkVoid","ReplayTheSpireMod:Calculation Training"],"campfire_rested":2,"item_purchase_floors":[0,3],"current_hp_per_floor":[62,61,61,61,61,16,16,38,38,28,26,48,42,31,31,32,75,75,75,60,71,72,72,0,0],"gold":321,"neow_bonus":"","is_daily":false,"chose_seed":false,"campfire_upgraded":1,"win_rate":0.0,"timestamp":1607659496,"path_taken":["M","M","$","?","M","E","?","R","T","E","M","R","M","M","R","BOSS","M","AVR","?","M","M","R","NM"],"items_purchased_type":["Card","Card"],"build_version":"2020-11-30","purchased_purges":0,"victory":false,"max_hp_per_floor":[75,75,75,75,75,75,75,75,75,75,75,75,75,75,75,75,75,75,75,75,75,75,75,75,75],"card_choices":[{"not_picked":["Turbo","Reinforced Body"],"picked":"FIFO Queue","floor":1},{"not_picked":["Steam","Ball Lightning"],"picked":"Streamline","floor":2},{"not_picked":["Redo","Rebound"],"picked":"Gash","floor":5},{"not_picked":["Seek","Compile Driver"],"picked":"Loop","floor":6},{"not_picked":["Loop","BasicCrystalCard"],"picked":"Ball Lightning","floor":10},{"not_picked":["FIFO Queue","Ball Lightning"],"picked":"Turbo","floor":11},{"not_picked":["Cold Snap","ReplaySolidLightProjector"],"picked":"ReplayGash","floor":13},{"not_picked":["Hello World","ReplayTheSpireMod:System Scan"],"picked":"Ball Lightning","floor":14},{"not_picked":["Machine Learning","Meteor Strike"],"picked":"hubris:SpecializedCircuitry","floor":16},{"not_picked":["Skim","Rebound"],"picked":"Ball Lightning","floor":18},{"not_picked":["hubris:PowerSurge","Self Repair"],"picked":"Panic Button","floor":21},{"not_picked":["Beam Cell","Steam"],"picked":"Barrage","floor":22}],"player_experience":605176,"relics_obtained":[{"floor":6,"key":"infinitespire:BottledMercury"},{"floor":9,"key":"aspiration:ChemicalBlood"},{"floor":10,"key":"hubris:BallOfYels"}],"event_choices":[{"damage_healed":0,"gold_gain":0,"player_choice":"Grow","damage_taken":0,"max_hp_gain":0,"max_hp_loss":0,"event_name":"Living Wall","floor":4,"gold_loss":0,"cards_upgraded":["ReplayTheSpireMod:Calculation Training"]}],"is_beta":false,"boss_relics":[{"not_picked":["ReplayTheSpireMod:DimensionalGlitch","aspiration:BursterCore"],"picked":"testmod-SaigiyounoYou"}],"items_purged_floors":[],"is_endless":false,"potions_floor_spawned":[2,11,14,16,18,22],"killed_by":"Nightmare","ascension_level":3}}