{"host":"kyy1kus4tsuq869y","time":1607650578,"event":{"mods":["BaseMod","Downfall","GifTheSpireLib","HololiveMod","Hubris","Jorbs\u0027s Wanderer Trilogy","Marisa£®ÏF”Í°°ƒß¿Ì…≥£©","Minty Spire (QoL Compilation)","Quick Restart","READ ME - Guardian Mod","READ ME - Snecko Mod","Reimu£®≤©¿ˆ¡È√Œ£©","Remilia£®¿Ÿ√◊¿Ú—«£©","Replay The Spire","StSLib","Td1madao Mod","The Administrix","The Animator","The Bug Knight","The Construct","The Cursed","The Hierophant","The Runesmith","The Senshi","The Servant 0.9.4","Youmu£®ªÍ∆«—˝√Œ£©"],"gold_per_floor":[118,193,243,13,23,23,53,65,147,147,112,25,25,41,41,114,114,128,45,58,2,2,2],"floor_reached":22,"playtime":401,"items_purged":[],"score":383,"play_id":"45226141-f7ef-492b-adab-f6e5cb57ee09","local_time":"20201211093618","is_ascension_mode":true,"campfire_choices":[{"data":"Evolve","floor":6.0,"key":"SMITH"},{"data":"Combust","floor":10,"key":"SMITH"},{"data":"Metallicize","floor":13,"key":"SMITH"},{"floor":15,"key":"RECALL"}],"circlet_count":0,"master_deck":["AscendersBane","Strike_R","Strike_R","Strike_R","Defend_R","Defend_R","Defend_R","Defend_R","Combust+1","Combust+1","Evolve+1","Combust+1","Metallicize+1","Shrug It Off","Juggernaut","Perfected Strike+1","Feel No Pain+1","Second Wind+1","Fire Breathing","Fire Breathing","Fire Breathing"],"relics":["Burning Blood","NeowsBlessing","DollysMirror","hubris:MysteriousPyramids","Shuriken","Astrolabe"],"acts_visited":["Exordium","TheCity"],"potions_floor_usage":[20,20],"damage_taken":[{"damage":0.0,"enemies":"Small Slimes","floor":1.0,"turns":1.0},{"damage":0.0,"enemies":"Cultist","floor":5.0,"turns":1.0},{"damage":0.0,"enemies":"Gremlin Nob","floor":7.0,"turns":1.0},{"damage":14,"enemies":"Jaw Worm","floor":8,"turns":3},{"damage":11,"enemies":"2 Fungi Beasts","floor":14,"turns":2},{"damage":26,"enemies":"Slime Boss","floor":16,"turns":6},{"damage":22,"enemies":"Chosen","floor":18,"turns":4},{"damage":35,"enemies":"Shell Parasite","floor":20,"turns":6},{"damage":13,"enemies":"3 Cultists","floor":22,"turns":3}],"seed_played":"-330863086808815883","potions_obtained":[{"floor":1.0,"key":"Slimebound:ThreeZeroPotion"},{"floor":7,"key":"Adrenaline Potion"}],"is_trial":false,"path_per_floor":["M","?","?","$","M","R","E","M","T","R","?","$","R","M","R","B",null,"M","$","M","$","M"],"character_chosen":"IRONCLAD","items_purchased":["Combust+1","DollysMirror","Metallicize","Shrug It Off","Fire Breathing","Fire Breathing"],"campfire_rested":0,"item_purchase_floors":[4,4,12,12,19,21],"current_hp_per_floor":[74,63,56,56,62,62,68,60,60,60,75,75,75,70,70,50,69,53,53,24,24,11,11],"gold":2,"neow_bonus":"THREE_ENEMY_KILL","is_daily":false,"chose_seed":false,"campfire_upgraded":3,"win_rate":0.0,"timestamp":1607650578,"path_taken":["M","?","?","$","M","R","E","?","T","R","?","$","R","M","R","BOSS","M","$","M","$","M"],"items_purchased_type":["Undefined","Relic","Card","Card","Card","Card"],"build_version":"2020-11-30","purchased_purges":0,"victory":false,"max_hp_per_floor":[75,75,75,75,75,75,75,75,75,75,75,75,75,75,75,75,75,75,75,75,75,75,75],"card_choices":[{"not_picked":["hubris:CleavingFinish","ReplayTheSpireMod:Strike From Hell","hubris:ReadiedAction"],"picked":"SKIP","floor":1.0},{"not_picked":["Dual Wield","Clash"],"picked":"Evolve","floor":5.0},{"not_picked":["Pommel Strike","Second Wind"],"picked":"Combust","floor":7},{"not_picked":["Clash","Anger","Flex"],"picked":"SKIP","floor":8},{"not_picked":["Replay:Undeath\u0027s Touch","Life Link","Thunderclap"],"picked":"SKIP","floor":14},{"not_picked":["Demon Form","Fiend Fire"],"picked":"Juggernaut","floor":16},{"not_picked":["Body Slam","Seeing Red","hubris:CleavingFinish"],"picked":"SKIP","floor":18},{"not_picked":["Pummel+1","Armaments","Dual Wield"],"picked":"SKIP","floor":20}],"player_experience":436829,"relics_obtained":[{"floor":7,"key":"hubris:MysteriousPyramids"},{"floor":9,"key":"Shuriken"}],"event_choices":[{"damage_healed":0.0,"max_hp_gain":0.0,"max_hp_loss":0.0,"gold_gain":75.0,"event_name":"World of Goop","player_choice":"Gather Gold","floor":2.0,"gold_loss":0.0,"damage_taken":11.0},{"damage_healed":0.0,"max_hp_gain":0.0,"max_hp_loss":0.0,"gold_gain":50.0,"event_name":"FaceTrader","player_choice":"Touch","floor":3.0,"gold_loss":0.0,"damage_taken":7.0},{"damage_healed":18,"gold_gain":0,"player_choice":"Healed","damage_taken":0,"max_hp_gain":0,"max_hp_loss":0,"event_name":"The Cleric","floor":11,"gold_loss":35}],"is_beta":false,"boss_relics":[{"not_picked":["SacredBark","Velvet Choker"],"picked":"Astrolabe"}],"items_purged_floors":[],"is_endless":false,"potions_floor_spawned":[1,7,14,16],"killed_by":"3 Cultists","ascension_level":17}}