{"host":"fqid566djxhwi0rl","time":1607708362,"event":{"mods":["2.2 Compatiblity","AchievementEnabler","Aspiration","BaseMod","Downfall","Energized Spire","Faster Ascension Climbing","GifTheSpireLib","Minty Spire (QoL Compilation)","Replay The Spire","Robot Space Explorer","StSLib","The Blackbeard","The Gatherer","Trackpad","Yuri Mod"],"gold_per_floor":[115,115,125,12,30,30,58,58,58,77,77,110,110,125,125,222,222,241,260,103,115,135,135,152,152,152,169,202,202,233,246,246,344,344,360,235,235,235,248,248,276,276,303,303,319,347,0,19,19,19],"floor_reached":51,"playtime":3914,"items_purged":["Gatherer:Strike_Gatherer","Gatherer:Strike_Gatherer","Gatherer:Strike_Gatherer"],"score":1018,"play_id":"e08e1ceb-05cc-4e34-9de4-e9c986432a89","local_time":"20201211193922","is_ascension_mode":true,"metric_token":1041,"campfire_choices":[{"data":"Gatherer:Liquidism","floor":6,"key":"SMITH"},{"data":"Gatherer:BalancedGrowth","floor":8,"key":"SMITH"},{"data":"Gatherer:Liquidism","floor":11,"key":"SMITH"},{"data":"Gatherer:Centralize","floor":15,"key":"SMITH"},{"data":"Gatherer:MiningStrike","floor":23,"key":"SMITH"},{"data":"Gatherer:MindSearch","floor":25,"key":"SMITH"},{"floor":29,"key":"REST"},{"floor":32,"key":"REST"},{"data":"Gatherer:SpareBottle","floor":40,"key":"SMITH"},{"data":"Gatherer:FlowerPower","floor":42,"key":"SMITH"},{"data":"Gatherer:FlowerPower+1","floor":44,"key":"SMITH"},{"data":"Secret Technique","floor":49,"key":"SMITH"}],"circlet_count":0,"master_deck":["AscendersBane","Gatherer:Strike_Gatherer","Gatherer:Strike_Gatherer","Gatherer:Defend_Gatherer","Gatherer:Defend_Gatherer","Gatherer:Defend_Gatherer","Gatherer:Defend_Gatherer","Gatherer:Defend_Gatherer","Gatherer:Centralize+1","Gatherer:FlowerWhip","ReplayTheSpireMod:Brewmster+1","Gatherer:GlowingPlant","Gatherer:Shadow","Gatherer:Light","Gatherer:Liquidism+1","Gatherer:Liquidism+1","Gatherer:BalancedGrowth+1","Gatherer:WitheringStrike","Gatherer:MindSearch+1","Gatherer:ScentOfRosmari","Gatherer:MiningStrike+1","Gatherer:GlowingPlant+1","Gatherer:Shadow","Gatherer:Light","Gatherer:Snatch+1","Gatherer:FlowerPower+2","Gatherer:WitheringStrike","Gatherer:Overflowing","Gatherer:QuickSynthesis+1","expansioncontent:SuperHexaguard","Secret Technique+1","Sadistic Nature","Gatherer:SpareBottle+1","Gatherer:GrowBook"],"relics":["Gatherer:AlchemyBag","trackpad:CultistFigurine","Pet Ghost","ReplayTheSpireMod:Shallot","Runic Dome","Eternal Feather","Replay:Multitool","aspiration:DSix","Coffee Dripper","ReplayFunnel","Bottled Lightning","trackpad:BottledTsunami","Red Mask"],"acts_visited":["Exordium","TheCity","TheBeyond"],"potions_floor_usage":[1,3,3,3,5,5,5,7,7,7,7,7,7,7,10,12,12,14,14,16,16,16,16,16,16,18,18,19,19,21,22,22,24,24,24,24,27,27,27,28,28,28,30,30,31,31,33,33,33,33,35,35,35,35,39,39,41,41,41,41,41,45,45,45,46,46,46,46,48,50,50,50,50,50,50,50,50],"damage_taken":[{"damage":7,"enemies":"Small Slimes","floor":1,"turns":5},{"damage":1,"enemies":"Jaw Worm","floor":3,"turns":6},{"damage":0,"enemies":"Cultist","floor":5,"turns":4},{"damage":0,"enemies":"Replay:BlueRogue","floor":7,"turns":7},{"damage":0,"enemies":"Exordium Wildlife","floor":10,"turns":7},{"damage":0,"enemies":"Lagavulin","floor":12,"turns":5},{"damage":0,"enemies":"Large Slime","floor":14,"turns":6},{"damage":0,"enemies":"The Guardian","floor":16,"turns":6},{"damage":7,"enemies":"Shell Parasite","floor":18,"turns":5},{"damage":0,"enemies":"Chosen","floor":19,"turns":6},{"damage":1,"enemies":"Snake Plant","floor":21,"turns":6},{"damage":9,"enemies":"Centurion and Healer","floor":22,"turns":4},{"damage":4,"enemies":"Chosen and Byrds","floor":24,"turns":5},{"damage":0,"enemies":"3 Cultists","floor":27,"turns":7},{"damage":46,"enemies":"Slavers","floor":28,"turns":5},{"damage":3,"enemies":"Replay:Snechameleon","floor":30,"turns":6},{"damage":4,"enemies":"Snake Plant","floor":31,"turns":5},{"damage":33,"enemies":"Champ","floor":33,"turns":8},{"damage":4,"enemies":"3 Shapes","floor":35,"turns":6},{"damage":0,"enemies":"3 Darklings","floor":39,"turns":3},{"damage":2,"enemies":"Reptomancer","floor":41,"turns":7},{"damage":0,"enemies":"Maw","floor":45,"turns":6},{"damage":8,"enemies":"Nemesis","floor":46,"turns":5},{"damage":0,"enemies":"Spire Growth","floor":48,"turns":4},{"damage":0,"enemies":"Replay:Hell Engine","floor":50,"turns":7}],"seed_played":"2166375094696831115","potions_obtained":[{"floor":3,"key":"EssenceOfSteel"},{"floor":5,"key":"DistilledChaos"},{"floor":14,"key":"Reflective Coating"},{"floor":16,"key":"SpeedPotion"},{"floor":18,"key":"Adrenaline Potion"},{"floor":22,"key":"hexamod:EctoCoolerPotion"},{"floor":24,"key":"AttackPotion"},{"floor":33,"key":"ColorlessPotion"},{"floor":39,"key":"Dexterity Potion"},{"floor":46,"key":"BloodPotion"}],"is_trial":false,"path_per_floor":["M","?","M","$","M","R","E","R","T","M","R","E","?","M","R","B",null,"M","M","$","M","M","R","M","R","T","M","E","R","E","M","R","B",null,"M","$","?","?","M","R","E","R","T","R","M","E","?","M","R","B",null],"character_chosen":"THE_GATHERER","items_purchased":["Gatherer:Liquidism","Gatherer:GlowingPlant+1"],"campfire_rested":2,"item_purchase_floors":[4,20],"current_hp_per_floor":[40,40,53,53,53,53,53,53,53,53,53,53,53,53,53,53,67,60,72,72,71,62,62,58,58,58,58,12,48,45,41,72,39,64,72,72,62,62,62,72,72,72,72,72,72,72,72,72,72,72],"gold":19,"neow_bonus":"RANDOM_COLORLESS_2","is_daily":false,"chose_seed":false,"campfire_upgraded":10,"win_rate":0.0,"timestamp":1607708362,"path_taken":["M","?","M","?","M","R","E","R","T","?","R","E","?","M","R","BOSS","M","M","$","M","M","R","M","R","T","M","E","R","E","M","R","BOSS","M","$","?","?","?","R","E","R","T","R","M","E","?","M","R","BOSS"],"items_purchased_type":["Card","Card"],"build_version":"2020-11-30","purchased_purges":3,"victory":true,"max_hp_per_floor":[72,72,72,72,72,72,72,72,72,72,72,72,72,72,72,72,72,72,72,72,72,72,72,72,72,72,72,72,72,72,72,72,72,72,72,72,72,72,72,72,72,72,72,72,72,72,72,72,72,72],"card_choices":[{"not_picked":["Thinking Ahead","Chrysalis"],"picked":"ReplayTheSpireMod:Brewmster","floor":0},{"not_picked":["Gatherer:ScherryThrow","Gatherer:CarefulStrike"],"picked":"Gatherer:GlowingPlant","floor":1},{"not_picked":["Gatherer:FragileHammer","Gatherer:RecipeChange"],"picked":"Gatherer:Liquidism","floor":3},{"not_picked":["Gatherer:Solidify","Gatherer:VenomBarrier","Gatherer:Enchant"],"picked":"SKIP","floor":5},{"not_picked":["Gatherer:CarefulStrike","Gatherer:SealedBomb"],"picked":"Gatherer:BalancedGrowth","floor":7},{"not_picked":["Gatherer:TreeGrowth","Gatherer:ScherryThrow","Gatherer:AromaProtection"],"picked":"SKIP","floor":10},{"not_picked":["Gatherer:FlowerShield","Gatherer:FinishingStrike"],"picked":"Gatherer:WitheringStrike","floor":12},{"not_picked":["Gatherer:Frenzy","Gatherer:Duplicator","Gatherer:Enchant"],"picked":"SKIP","floor":14},{"not_picked":["Gatherer:LuckyClover","Gatherer:PoisonMastery"],"picked":"Gatherer:MindSearch","floor":16},{"not_picked":["Gatherer:Transmute","Gatherer:FeelingFine"],"picked":"Gatherer:ScentOfRosmari","floor":18},{"not_picked":["Gatherer:SaveValuables+1","Gatherer:CollectorsShot+1"],"picked":"Gatherer:MiningStrike","floor":19},{"not_picked":["Gatherer:FeelingFine","Gatherer:TreeGrowth","Gatherer:Misfortune"],"picked":"SKIP","floor":21},{"not_picked":["Gatherer:PotentialSlash+1","Gatherer:Transmute"],"picked":"Gatherer:Snatch+1","floor":22},{"not_picked":["Gatherer:BambuSword+1","Gatherer:SaveValuables","Gatherer:EchoOfNature"],"picked":"SKIP","floor":24},{"not_picked":["Gatherer:BambuSword+1","Gatherer:SaveValuables","Gatherer:EchoOfNature"],"picked":"SKIP","floor":24},{"not_picked":["Gatherer:CarefulStrike","Gatherer:AromaProtection","Gatherer:Frenzy"],"picked":"SKIP","floor":27},{"not_picked":["Gatherer:SmartManeuver","Gatherer:FlowerBeam"],"picked":"Gatherer:PoisonMastery","floor":28},{"not_picked":["Gatherer:EchoOfNature","Gatherer:RecipeChange+1"],"picked":"Gatherer:FlowerPower","floor":30},{"not_picked":["Gatherer:Nutrients","Gatherer:ScentOfRosmari"],"picked":"Gatherer:WitheringStrike","floor":31},{"not_picked":["Gatherer:Bulldoze","Gatherer:BomberForm"],"picked":"Gatherer:Overflowing","floor":33},{"not_picked":["Gatherer:PotentialSlash","Gatherer:BigPouch+1"],"picked":"Gatherer:QuickSynthesis+1","floor":35},{"not_picked":["expansioncontent:ChargeUp","Dark Shackles"],"picked":"expansioncontent:SuperHexaguard","floor":37},{"not_picked":["Forethought","expansioncontent:DefensiveMode"],"picked":"Secret Technique","floor":37},{"not_picked":["expansioncontent:FaceSlap","expansioncontent:AwakenDeath"],"picked":"Sadistic Nature","floor":37},{"not_picked":["Gatherer:Nutrients","Gatherer:PotentialSlash+1","Gatherer:DrugPower+1"],"picked":"SKIP","floor":39},{"not_picked":["Gatherer:DrugPower+1","Gatherer:Duplicator"],"picked":"Gatherer:GrowBook","floor":41},{"not_picked":["Gatherer:ScherryThrow+1","Gatherer:Frenzy","Gatherer:GatherMaterial+1"],"picked":"SKIP","floor":45},{"not_picked":["Gatherer:SmartManeuver+1","Gatherer:Frenzy+1","Gatherer:CollectorsShot"],"picked":"SKIP","floor":46},{"not_picked":["Gatherer:WitheringStrike+1","Gatherer:TreeGrowth+1","Gatherer:Herbalism"],"picked":"SKIP","floor":48}],"player_experience":646139,"relics_obtained":[{"floor":7,"key":"trackpad:CultistFigurine"},{"floor":9,"key":"Pet Ghost"},{"floor":12,"key":"ReplayTheSpireMod:Shallot"},{"floor":26,"key":"Eternal Feather"},{"floor":28,"key":"Replay:Multitool"},{"floor":30,"key":"aspiration:DSix"},{"floor":41,"key":"ReplayFunnel"},{"floor":43,"key":"Bottled Lightning"},{"floor":46,"key":"trackpad:BottledTsunami"}],"event_choices":[{"damage_healed":0,"gold_gain":0,"player_choice":"Grow","damage_taken":0,"max_hp_gain":0,"max_hp_loss":0,"event_name":"Living Wall","floor":2,"gold_loss":0,"cards_upgraded":["ReplayTheSpireMod:Brewmster"]},{"damage_healed":0,"gold_gain":0,"player_choice":"Memory 3","damage_taken":10,"max_hp_gain":0,"max_hp_loss":0,"event_name":"SensoryStone","floor":37,"gold_loss":0},{"cards_removed":["Gatherer:PoisonMastery"],"damage_healed":0,"gold_gain":0,"player_choice":"Got a Spare Bottle","damage_taken":0,"max_hp_gain":0,"max_hp_loss":0,"event_name":"Gatherer:BottleCollector","floor":38,"gold_loss":0,"cards_obtained":["Gatherer:SpareBottle"]},{"damage_healed":0,"gold_gain":0,"player_choice":"Paid","damage_taken":0,"relics_obtained":["Red Mask"],"max_hp_gain":0,"max_hp_loss":0,"event_name":"Tomb of Lord Red Mask","floor":47,"gold_loss":347}],"is_beta":false,"boss_relics":[{"not_picked":["Runic Pyramid","Gatherer:ExplorersPath"],"picked":"Runic Dome"},{"not_picked":["trackpad:Trackpad","aspiration:RunicSpoon"],"picked":"Coffee Dripper"}],"items_purged_floors":[4,20,36],"is_endless":false,"potions_floor_spawned":[3,5,14,16,18,22,24,27,33,35,39,46],"ascension_level":11}}