{"host":"br8yomtd5vvxefp2","time":1607706031,"event":{"mods":["BaseMod","Beaked The Cultist","GifTheSpireLib","Hubris","Marisa????????","Minty Spire (QoL Compilation)","StSLib","The Blackbeard","The Bladedancer","The Cursed","The Disciple","The Druid","The Forsaken","The Necromancer","The Runesmith","The Servant 0.9.4","TheBandit"],"gold_per_floor":[118,134,146,163,238,273,284,284,311,311,236,267,286,296,296,400,400,416,416,434,283,296,296,330,330,330,342,342,83,95,110,110,214,214,234,234,252,272,272,272,98,109,160,191,191,236,252,271,271,271],"floor_reached":51,"playtime":2987,"items_purged":["Regret","Writhe"],"score":713,"play_id":"ba3bdd0d-7dc1-4a7e-bee1-3ff89c8dc709","local_time":"20201211140031","is_ascension_mode":false,"campfire_choices":[{"data":"theDruid:BlessedStrike","floor":10,"key":"SMITH"},{"floor":15,"key":"REST"},{"floor":23,"key":"REST"},{"floor":25,"key":"REST"},{"floor":28,"key":"REST"},{"floor":32,"key":"REST"},{"floor":40,"key":"REST"},{"floor":45,"key":"REST"},{"floor":49,"key":"REST"}],"circlet_count":0,"master_deck":["theDruid:Strike_O","theDruid:Strike_O","theDruid:Strike_O+1","theDruid:Strike_O","theDruid:Defend_O","theDruid:Defend_O","theDruid:Defend_O","theDruid:Defend_O+1","theDruid:BriarArmor","theDruid:WildSlash","theDruid:BrambleLash","theDruid:BlessedStrike+1","theDruid:Recoil","theDruid:PrimalStrength","theDruid:Starfall","theDruid:Forage","theDruid:Gore","theDruid:Scavenge+1","theDruid:CelestialSurge+1","theDruid:NaturalAgility+1","theDruid:ForestsSoul+1","theDruid:WallofRoots+1","theDruid:PrimalStrength","theDruid:BristlingDefense+1","theDruid:FaerieFire","theDruid:BagofTricks","theDruid:SurvivalInstincts","theDruid:Impale+1","theDruid:ThornStrike","theDruid:FeralPlants","theDruid:Resupply+1","theDruid:Mutilate","theDruid:Swipe+1"],"relics":["theDruid:CrownOfTheWilds","InkBottle","Pen Nib","Happy Flower","Matryoshka","Fusion Hammer","Whetstone","hubris:SlimyHat","War Paint","Kunai","theDruid:BoarsTusk","hubris:Backtick","Ninja Scroll","Bottled Tornado","Omamori","Regal Pillow","CatCart"],"acts_visited":["Exordium","TheCity","TheBeyond"],"potions_floor_usage":[16,16,46,46,46,50,50],"damage_taken":[{"damage":1,"enemies":"2 Louse","floor":1,"turns":3},{"damage":3,"enemies":"Small Slimes","floor":2,"turns":3},{"damage":3,"enemies":"Jaw Worm","floor":3,"turns":3},{"damage":0,"enemies":"2 Fungi Beasts","floor":4,"turns":3},{"damage":24,"enemies":"Lagavulin","floor":6,"turns":7},{"damage":6,"enemies":"Large Slime","floor":7,"turns":4},{"damage":23,"enemies":"3 Sentries","floor":12,"turns":6},{"damage":8,"enemies":"Red Slaver","floor":13,"turns":3},{"damage":4,"enemies":"Blue Slaver","floor":14,"turns":4},{"damage":27,"enemies":"The Guardian","floor":16,"turns":11},{"damage":0,"enemies":"Chosen","floor":18,"turns":3},{"damage":23,"enemies":"2 Thieves","floor":20,"turns":4},{"damage":12,"enemies":"Snecko","floor":22,"turns":5},{"damage":37,"enemies":"Slavers","floor":24,"turns":7},{"damage":4,"enemies":"Centurion and Healer","floor":27,"turns":5},{"damage":29,"enemies":"Cultist and Chosen","floor":30,"turns":6},{"damage":33,"enemies":"Snake Plant","floor":31,"turns":4},{"damage":44,"enemies":"Collector","floor":33,"turns":6},{"damage":2,"enemies":"Orb Walker","floor":35,"turns":3},{"damage":0,"enemies":"3 Shapes","floor":37,"turns":5},{"damage":22,"enemies":"Sphere and 2 Shapes","floor":38,"turns":5},{"damage":37,"enemies":"Spire Growth","floor":42,"turns":4},{"damage":17,"enemies":"Reptomancer","floor":44,"turns":6},{"damage":31,"enemies":"Orin","floor":46,"turns":7},{"damage":1,"enemies":"4 Shapes","floor":47,"turns":6},{"damage":2,"enemies":"Maw","floor":48,"turns":6},{"damage":33,"enemies":"Time Eater","floor":50,"turns":10}],"seed_played":"-2166484327517772714","potions_obtained":[{"floor":1,"key":"Fire Potion"},{"floor":6,"key":"PowerPotion"},{"floor":12,"key":"ColorlessPotion"},{"floor":16,"key":"Weak Potion"},{"floor":22,"key":"Energy Potion"},{"floor":42,"key":"Swift Potion"},{"floor":46,"key":"Strength Potion"},{"floor":48,"key":"Dexterity Potion"}],"is_trial":false,"path_per_floor":["M","M","M","M","?","E","M","?","T","R","$","E","M","M","R","B",null,"M","?","M","$","M","R","E","R","T","M","R","$","M","M","R","B",null,"M","?","M","M","?","R","$","M","T","E","R","?","M","M","R","B",null],"character_chosen":"DRUID","items_purchased":["Whetstone","theDruid:BoarsTusk","theDruid:FeralPlants"],"campfire_rested":8,"item_purchase_floors":[21,29,41],"current_hp_per_floor":[81,78,75,75,64,40,34,34,34,34,34,14,9,8,32,8,82,82,82,59,59,50,74,40,64,64,65,82,82,58,28,52,11,82,80,80,82,60,81,82,82,48,48,34,73,42,44,45,82,52],"gold":271,"neow_bonus":"TEN_PERCENT_HP_BONUS","is_daily":false,"chose_seed":false,"campfire_upgraded":1,"win_rate":0.0,"timestamp":1607706031,"path_taken":["M","M","M","M","?","E","M","?","T","R","?","E","M","M","R","BOSS","M","?","M","$","M","R","E","R","T","M","R","$","M","?","R","BOSS","M","?","M","M","?","R","$","M","T","E","R","?","M","M","R","BOSS"],"items_purchased_type":["Relic","Relic","Card"],"build_version":"2020-11-30","purchased_purges":2,"victory":true,"max_hp_per_floor":[82,82,82,82,82,82,82,82,82,82,82,82,82,82,82,82,82,82,82,82,82,82,82,82,82,82,82,82,82,82,82,82,82,82,82,82,82,82,82,82,82,82,82,82,82,82,82,82,82,82],"card_choices":[{"not_picked":["theDruid:WildArmor","theDruid:Forage"],"picked":"theDruid:BrambleLash","floor":1},{"not_picked":["theDruid:FelineGrace","theDruid:Swipe"],"picked":"theDruid:BlessedStrike","floor":2},{"not_picked":["theDruid:IronClaw","theDruid:BlessedStrike"],"picked":"theDruid:Recoil","floor":3},{"not_picked":["theDruid:Restoration","theDruid:Resourcefulness"],"picked":"theDruid:PrimalStrength","floor":4},{"not_picked":["theDruid:FullMoon","theDruid:SerratedFlesh"],"picked":"theDruid:Starfall","floor":6},{"not_picked":["theDruid:BrambleLash","theDruid:TakeShelter"],"picked":"theDruid:Forage","floor":7},{"not_picked":["theDruid:AstralShield","theDruid:Scavenge"],"picked":"theDruid:Gore","floor":12},{"not_picked":["theDruid:Adaptation","theDruid:ExposingSlash"],"picked":"theDruid:Scavenge","floor":13},{"not_picked":["theDruid:FullMoon","theDruid:PlagueClaw"],"picked":"theDruid:Rummage","floor":14},{"not_picked":["theDruid:SurvivalCache","theDruid:Mutilate"],"picked":"theDruid:CelestialSurge","floor":16},{"not_picked":["theDruid:BrambleLash","theDruid:PlagueClaw"],"picked":"theDruid:NaturalAgility+1","floor":18},{"not_picked":["theDruid:Resupply","theDruid:Recoil+1"],"picked":"theDruid:ForestsSoul+1","floor":20},{"not_picked":["theDruid:Slingshot","theDruid:LunarScythe+1"],"picked":"theDruid:WallofRoots+1","floor":22},{"not_picked":["theDruid:FelineGrace","theDruid:CelestialSurge"],"picked":"theDruid:PrimalStrength","floor":24},{"not_picked":["theDruid:Moonbeam+1","theDruid:Pathfinder+1"],"picked":"theDruid:BristlingDefense","floor":27},{"not_picked":["theDruid:Starfall","theDruid:BrambleLash"],"picked":"theDruid:FaerieFire","floor":30},{"not_picked":["theDruid:Recoil+1","theDruid:Slingshot"],"picked":"theDruid:BagofTricks","floor":31},{"not_picked":["theDruid:TwinStars","theDruid:IronbarkArmor"],"picked":"theDruid:SurvivalInstincts","floor":33},{"not_picked":["theDruid:Recoil","theDruid:LunarScythe+1"],"picked":"theDruid:Impale+1","floor":35},{"not_picked":["theDruid:Forage","theDruid:MysticBarrier"],"picked":"theDruid:ThornStrike","floor":37},{"not_picked":["theDruid:ThornStrike","theDruid:Gore+1","theDruid:IronClaw"],"picked":"SKIP","floor":38},{"not_picked":["theDruid:BlessedStrike","theDruid:AstralShield+1"],"picked":"theDruid:Resupply+1","floor":42},{"not_picked":["theDruid:Recoil","theDruid:BagofTricks+1"],"picked":"theDruid:Mutilate","floor":44},{"not_picked":["theDruid:AstralShield","theDruid:Resupply+1","theDruid:Gore+1"],"picked":"SKIP","floor":47},{"not_picked":["theDruid:Resupply+1","theDruid:Moonbeam"],"picked":"theDruid:Swipe+1","floor":48}],"player_experience":112996,"relics_obtained":[{"floor":6,"key":"InkBottle"},{"floor":9,"key":"Happy Flower"},{"floor":12,"key":"Matryoshka"},{"floor":24,"key":"hubris:SlimyHat"},{"floor":26,"key":"War Paint"},{"floor":26,"key":"Kunai"},{"floor":43,"key":"Bottled Tornado"},{"floor":43,"key":"Omamori"},{"floor":44,"key":"Regal Pillow"},{"floor":46,"key":"CatCart"}],"event_choices":[{"damage_healed":0,"gold_gain":75,"player_choice":"Gather Gold","damage_taken":11,"max_hp_gain":0,"max_hp_loss":0,"event_name":"World of Goop","floor":5,"gold_loss":0},{"damage_healed":0,"gold_gain":0,"player_choice":"Box","damage_taken":0,"relics_obtained":["Pen Nib"],"max_hp_gain":0,"max_hp_loss":0,"event_name":"Big Fish","floor":8,"gold_loss":0,"cards_obtained":["Regret"]},{"cards_removed":["theDruid:Rummage"],"damage_healed":0,"gold_gain":0,"player_choice":"Purged","damage_taken":0,"max_hp_gain":0,"max_hp_loss":0,"event_name":"Purifier","floor":19,"gold_loss":0},{"damage_healed":21,"gold_gain":0,"player_choice":"Writhe","damage_taken":0,"max_hp_gain":0,"max_hp_loss":0,"event_name":"Winding Halls","floor":39,"gold_loss":0,"cards_obtained":["Writhe"]},{"damage_healed":0,"gold_gain":0,"player_choice":"Fight","damage_taken":0,"max_hp_gain":0,"max_hp_loss":0,"event_name":"OrinTheCat","floor":46,"gold_loss":0}],"is_beta":false,"boss_relics":[{"not_picked":["Runic Dome","hubris:TerracottaHorce"],"picked":"Fusion Hammer"},{"not_picked":["theForsaken:PaleLantern","Black Star"],"picked":"hubris:Backtick"}],"items_purged_floors":[11,41],"is_endless":false,"potions_floor_spawned":[1,6,12,16,22,24,30,31,42,44,46,48],"ascension_level":0}}