{"host":"f5n4tidiz2n5sooh","time":1607685378,"event":{"mods":["BaseMod","Colored Map","Minty Spire (QoL Compilation)","Relic Stats","StSLib"],"gold_per_floor":[110,124,140,140,65,78,78,108,134,134,145,145,145,189,189,279,279,303,319,363,363,379,379,379,379,379],"floor_reached":25,"playtime":969,"items_purged":[],"score":422,"play_id":"5a9ff3a2-70ba-42b4-a7bc-7add4493dc55","local_time":"20201211051618","is_ascension_mode":true,"campfire_choices":[{"data":"Disarm","floor":7,"key":"SMITH"},{"data":"Inflame","floor":15,"key":"SMITH"},{"floor":23,"key":"REST"}],"circlet_count":0,"master_deck":["AscendersBane","Strike_R","Strike_R","Strike_R","Defend_R","Defend_R","Defend_R","Defend_R","Bash+1","Clothesline","Reckless Charge","Inflame+1","Disarm+1","Ghostly Armor","Pommel Strike","Impervious+1","Havoc+1","True Grit+1","Sentinel+1","Blood for Blood+1"],"relics":["Burning Blood","Red Skull","Bag of Marbles","Bloody Idol","Toxic Egg 2","Omamori","Fusion Hammer","Red Mask","MutagenicStrength"],"acts_visited":["Exordium","TheCity"],"potions_floor_usage":[8,11,20,20,25,25],"damage_taken":[{"damage":4,"enemies":"2 Louse","floor":1,"turns":4},{"damage":0,"enemies":"Cultist","floor":2,"turns":3},{"damage":10,"enemies":"Small Slimes","floor":3,"turns":3},{"damage":9,"enemies":"Blue Slaver","floor":6,"turns":6},{"damage":45,"enemies":"3 Sentries","floor":8,"turns":14},{"damage":0,"enemies":"Large Slime","floor":11,"turns":3},{"damage":14,"enemies":"Lagavulin","floor":14,"turns":7},{"damage":5,"enemies":"The Guardian","floor":16,"turns":11},{"damage":12,"enemies":"3 Byrds","floor":18,"turns":8},{"damage":4,"enemies":"Chosen","floor":19,"turns":5},{"damage":34,"enemies":"Masked Bandits","floor":20,"turns":6},{"damage":15,"enemies":"Centurion and Healer","floor":22,"turns":6},{"damage":51,"enemies":"Slavers","floor":25,"turns":7}],"seed_played":"4631163761315479051","potions_obtained":[{"floor":2,"key":"Block Potion"},{"floor":6,"key":"Energy Potion"},{"floor":16,"key":"EntropicBrew"},{"floor":22,"key":"SpeedPotion"}],"is_trial":false,"path_per_floor":["M","M","M","?","?","M","R","E","T","?","M","?","T","E","R","B",null,"M","M","?","?","M","R","?","E"],"character_chosen":"IRONCLAD","items_purchased":[],"campfire_rested":1,"item_purchase_floors":[],"current_hp_per_floor":[77,82,78,78,78,75,75,36,36,36,42,42,42,34,34,35,64,58,60,32,32,28,50,50,0,0],"gold":379,"neow_bonus":"TEN_PERCENT_HP_BONUS","is_daily":false,"chose_seed":false,"campfire_upgraded":2,"win_rate":0.0,"timestamp":1607685378,"path_taken":["M","M","M","?","?","M","R","E","T","?","?","?","?","E","R","BOSS","M","M","?","?","M","R","?","E"],"items_purchased_type":[],"build_version":"2020-11-30","purchased_purges":0,"victory":false,"max_hp_per_floor":[82,82,82,82,82,82,82,82,82,82,82,74,74,74,74,74,74,74,74,74,74,74,74,74,74,74],"relic_stats":{"counters":[13,83],"Bloody Idol":5,"obtain_stats":[{"Golden Idol":12,"Bloody Idol":21,"MutagenicStrength":24,"Fusion Hammer":17,"Bag of Marbles":9,"Omamori":14,"Red Mask":20,"Toxic Egg 2":13,"Burning Blood":0,"Red Skull":8},{"Golden Idol":6,"Bloody Idol":11,"MutagenicStrength":12,"Fusion Hammer":8,"Bag of Marbles":5,"Omamori":7,"Red Mask":11,"Toxic Egg 2":6,"Burning Blood":0,"Red Skull":5},{"Golden Idol":33,"Bloody Idol":70,"MutagenicStrength":76,"Fusion Hammer":51,"Bag of Marbles":30,"Omamori":40,"Red Mask":70,"Toxic Egg 2":33,"Burning Blood":0,"Red Skull":30}],"Burning Blood":71},"card_choices":[{"not_picked":["Heavy Blade","Clash"],"picked":"Clothesline","floor":1},{"not_picked":["Havoc","Flex"],"picked":"Reckless Charge","floor":2},{"not_picked":["Entrench","Sword Boomerang","Iron Wave"],"picked":"SKIP","floor":3},{"not_picked":["Entrench","Sword Boomerang","Iron Wave"],"picked":"SKIP","floor":3},{"not_picked":["Flame Barrier","Havoc"],"picked":"Disarm","floor":6},{"not_picked":["Burning Pact","Infernal Blade"],"picked":"Ghostly Armor","floor":8},{"not_picked":["True Grit","Dark Embrace"],"picked":"Pommel Strike","floor":11},{"not_picked":["Clash","Juggernaut","Perfected Strike"],"picked":"SKIP","floor":14},{"not_picked":["Reaper","Brutality"],"picked":"Impervious+1","floor":16},{"not_picked":["Clash","Clothesline+1"],"picked":"Havoc+1","floor":18},{"not_picked":["Body Slam","Evolve"],"picked":"True Grit+1","floor":19},{"not_picked":["Havoc+1","Bloodletting+1"],"picked":"Sentinel+1","floor":20},{"not_picked":["Twin Strike","Sword Boomerang"],"picked":"Blood for Blood+1","floor":22}],"player_experience":1869756,"relics_obtained":[{"floor":8,"key":"Red Skull"},{"floor":9,"key":"Bag of Marbles"},{"floor":13,"key":"Toxic Egg 2"},{"floor":14,"key":"Omamori"},{"floor":20,"key":"Red Mask"}],"event_choices":[{"damage_healed":0,"gold_gain":0,"cards_transformed":["Strike_R"],"player_choice":"Change","damage_taken":0,"max_hp_gain":0,"max_hp_loss":0,"event_name":"Living Wall","floor":4,"gold_loss":0,"cards_obtained":["Inflame"]},{"cards_removed":["Strike_R"],"damage_healed":0,"gold_gain":0,"player_choice":"Card Removal","damage_taken":0,"max_hp_gain":0,"max_hp_loss":0,"event_name":"The Cleric","floor":5,"gold_loss":75},{"damage_healed":0,"gold_gain":0,"player_choice":"Upgraded","damage_taken":0,"max_hp_gain":0,"max_hp_loss":0,"event_name":"Upgrade Shrine","floor":10,"gold_loss":0,"cards_upgraded":["Bash"]},{"damage_healed":0,"gold_gain":0,"player_choice":"Lose Max HP","damage_taken":0,"relics_obtained":["Golden Idol"],"max_hp_gain":0,"max_hp_loss":8,"event_name":"Golden Idol","floor":12,"gold_loss":0},{"damage_healed":0,"gold_gain":0,"player_choice":"Fought Bandits","damage_taken":0,"max_hp_gain":0,"max_hp_loss":0,"event_name":"Masked Bandits","floor":20,"gold_loss":0},{"damage_healed":0,"gold_gain":0,"player_choice":"Gave Idol","damage_taken":0,"relics_obtained":["Bloody Idol"],"max_hp_gain":0,"max_hp_loss":0,"event_name":"Forgotten Altar","floor":21,"relics_lost":["Golden Idol"],"gold_loss":0},{"damage_healed":0,"gold_gain":0,"player_choice":"Inject Mutagens","damage_taken":0,"relics_obtained":["MutagenicStrength"],"max_hp_gain":0,"max_hp_loss":0,"event_name":"Drug Dealer","floor":24,"gold_loss":0}],"is_beta":false,"boss_relics":[{"not_picked":["Calling Bell","Busted Crown"],"picked":"Fusion Hammer"}],"items_purged_floors":[],"is_endless":false,"potions_floor_spawned":[2,6,16,22],"killed_by":"Slavers","ascension_level":20}}