{"host":"iy58fyt9wsbv4cf1","time":1607644920,"event":{"mods":["BaseMod","Better Altar","Better Match","Better Skull","Better Third Choice","BetterRewards","Conspire","Custom Start","Defuse TimeMaze Blight","Hubris","Minty Spire (QoL Compilation)","Permanent Neow","Quick Restart","Spicy Shops","StSLib"],"gold_per_floor":[118,150,163,338,338,338,44,76,102,102,125,26,26,36,36,133,133,150,167,99,111,124,153,169,169,195,195,226,3,3,3,3,103,103,122,132,132,149,164,164,193,193,193,207,207,230,242,242,242,242,242,242,21,47,47,47],"floor_reached":55,"playtime":1365,"items_purged":["Strike_B"],"score":808,"play_id":"3414f40c-9ed2-43c6-8ea2-e4aa93661737","local_time":"20201210190200","is_ascension_mode":false,"campfire_choices":[{"data":"Double Energy","floor":6.0,"key":"SMITH"},{"floor":13.0,"key":"REST"},{"data":"Storm","floor":15.0,"key":"SMITH"},{"floor":27.0,"key":"REST"},{"data":"White Noise","floor":30.0,"key":"SMITH"},{"floor":32.0,"key":"RECALL"},{"data":"Storm","floor":40.0,"key":"SMITH"},{"data":"Reboot","floor":42.0,"key":"SMITH"},{"data":"Reboot+1","floor":49.0,"key":"SMITH"},{"data":"White Noise","floor":52,"key":"SMITH"}],"circlet_count":0,"master_deck":["Strike_B","Strike_B","Strike_B","Defend_B","Defend_B","Defend_B","Defend_B","Zap","Dualcast","Storm+1","Glacier","Double Energy+1","Ball Lightning","Storm+1","BootSequence","Pride","White Noise+1","Loop","Creative AI","Machine Learning","Turbo","Seek","Turbo","Electrodynamics","Defragment+1","White Noise+1","Defragment","Reboot+2","Biased Cognition","hubris:Ukulele","White Noise","Storm+1","Turbo+1","Double Energy+1","White Noise+1","Storm+1"],"relics":["Cracked Core","conspire:InfiniteJournal","Prayer Wheel","Matryoshka","Vajra","conspire:TopHat","Symbiotic Virus","Bag of Preparation","Darkstone Periapt","Art of War","Question Card","Runic Dome","Ice Cream","Anchor","Membership Card","Coffee Dripper","hubris:64BitClover","Ancient Tea Set","Regal Pillow","DataDisk","DollysMirror","Strawberry","Happy Flower"],"acts_visited":["Exordium","TheCity","TheBeyond","TheEnding"],"potions_floor_usage":[50,50,55],"damage_taken":[{"damage":8.0,"enemies":"Small Slimes","floor":1.0,"turns":3.0},{"damage":3.0,"enemies":"conspire:MimicChest","floor":2.0,"turns":6.0},{"damage":1.0,"enemies":"2 Louse","floor":3.0,"turns":2.0},{"damage":15.0,"enemies":"Gremlin Nob","floor":8.0,"turns":4.0},{"damage":1.0,"enemies":"Jaw Worm","floor":14.0,"turns":2.0},{"damage":6.0,"enemies":"Slime Boss","floor":16.0,"turns":7.0},{"damage":0.0,"enemies":"3 Byrds","floor":18.0,"turns":2.0},{"damage":10.0,"enemies":"Spheric Guardian","floor":19.0,"turns":3.0},{"damage":0.0,"enemies":"3 Cultists","floor":21.0,"turns":2.0},{"damage":11.0,"enemies":"Snake Plant","floor":22.0,"turns":2.0},{"damage":7.0,"enemies":"conspire:Head Lice","floor":23.0,"turns":6.0},{"damage":27.0,"enemies":"Chosen and Byrds","floor":24.0,"turns":5.0},{"damage":12.0,"enemies":"Book of Stabbing","floor":28.0,"turns":4.0},{"damage":20.0,"enemies":"hubris:MusketHawk","floor":33.0,"turns":5.0},{"damage":0.0,"enemies":"Orb Walker","floor":35.0,"turns":2.0},{"damage":0.0,"enemies":"3 Darklings","floor":36.0,"turns":2.0},{"damage":0.0,"enemies":"Writhing Mass","floor":38.0,"turns":3.0},{"damage":0.0,"enemies":"Transient","floor":39.0,"turns":5.0},{"damage":12.0,"enemies":"Nemesis","floor":41.0,"turns":4.0},{"damage":0.0,"enemies":"Sphere and 2 Shapes","floor":44.0,"turns":3.0},{"damage":26.0,"enemies":"Spire Growth","floor":47.0,"turns":3.0},{"damage":23,"enemies":"conspire:OrnateMirror","floor":50,"turns":3},{"damage":16,"enemies":"Shield and Spear","floor":54,"turns":3},{"damage":74,"enemies":"The Heart","floor":55,"turns":3}],"seed_played":"7173085155343327246","potions_obtained":[{"floor":1.0,"key":"Fire Potion"},{"floor":3.0,"key":"SneckoOil"},{"floor":14.0,"key":"Fire Potion"},{"floor":19.0,"key":"AttackPotion"},{"floor":33.0,"key":"Weak Potion"},{"floor":44.0,"key":"DuplicationPotion"},{"floor":54,"key":"Block Potion"}],"is_trial":false,"path_per_floor":["M","?","M","?","?","R","$","E","T","?","T","$","R","M","R","B",null,"M","M","$","M","M","E","M","?","T","R","E","$","R","?","R","B",null,"M","M","?","M","M","R","E","R","T","M","?","T","M","?","R","B",null,"R","$","E","B"],"character_chosen":"DEFECT","items_purchased":["Storm","Glacier","conspire:InfiniteJournal","Prayer Wheel","Storm","BootSequence","Vajra","Question Card","Ice Cream","Membership Card","White Noise","Defragment","DataDisk","DollysMirror","Strawberry"],"campfire_rested":2,"item_purchase_floors":[0,0,0,0,7,7,7,12,20,29,29,29,53,53,53],"current_hp_per_floor":[32,29,28,28,21,21,21,6,6,6,6,12,36,35,35,29,81,81,71,71,71,60,53,26,26,26,50,38,38,38,38,38,18,81,81,81,81,81,81,81,69,69,69,69,69,69,43,43,43,20,81,81,88,72,0,0],"gold":47,"neow_bonus":"","is_daily":false,"chose_seed":false,"campfire_upgraded":7,"win_rate":0.0,"timestamp":1607644920,"path_taken":["M","?","M","?","?","R","$","E","T","?","?","?","R","?","R","BOSS","M","M","$","M","M","E","M","?","T","R","E","$","R","?","R","BOSS","M","M","?","?","?","R","E","R","T","M","?","?","M","?","R","BOSS","R","$","E","BOSS"],"items_purchased_type":["Card","Card","Relic","Relic","Card","Card","Relic","Relic","Relic","Relic","Card","Card","Relic","Relic","Relic"],"build_version":"2020-11-30","purchased_purges":1,"victory":false,"max_hp_per_floor":[75,75,75,75,75,75,75,75,75,75,75,81,81,81,81,81,81,81,81,81,81,81,81,81,81,81,81,81,81,81,81,81,81,81,81,81,81,81,81,81,81,81,81,81,81,81,81,81,81,81,81,81,88,88,88,88],"card_choices":[{"not_picked":["Tempest","Steam"],"picked":"Double Energy","floor":1.0},{"not_picked":["Skim","Reprogram","Rebound"],"picked":"SKIP","floor":1.0},{"not_picked":["Consume","Rebound"],"picked":"Ball Lightning","floor":2.0},{"not_picked":["Recycle","Auto Shields","Doom and Gloom"],"picked":"SKIP","floor":3.0},{"not_picked":["Recycle","Consume","Steam"],"picked":"SKIP","floor":3.0},{"not_picked":["FTL","Meteor Strike","Reprogram"],"picked":"SKIP","floor":8.0},{"not_picked":["conspire:SharedLibrary","Beam Cell","Leap"],"picked":"White Noise","floor":14.0},{"not_picked":["Darkness","Blizzard","Barrage"],"picked":"Loop","floor":14.0},{"not_picked":["Fission","Buffer","hubris:DoWhile"],"picked":"Creative AI","floor":16.0},{"not_picked":["Hologram","Sweeping Beam+1","Stack","Barrage"],"picked":"SKIP","floor":18.0},{"not_picked":["Compile Driver","Gash","Conserve Battery","Undo+1"],"picked":"SKIP","floor":18.0},{"not_picked":["Streamline","Beam Cell","Rebound"],"picked":"Machine Learning","floor":19.0},{"not_picked":["hubris:PowerSurge","Beam Cell","Aggregate"],"picked":"Turbo","floor":19.0},{"not_picked":["FTL","Auto Shields","Barrage+1"],"picked":"Seek","floor":21.0},{"not_picked":["Go for the Eyes","Gash","Steam Power+1","Beam Cell"],"picked":"SKIP","floor":21.0},{"not_picked":["Auto Shields","Beam Cell","Static Discharge"],"picked":"Turbo","floor":22.0},{"not_picked":["Chaos+1","Recycle","conspire:SharedLibrary","Stack"],"picked":"SKIP","floor":22.0},{"not_picked":["Reprogram","Leap","conspire:SharedLibrary","Stack+1"],"picked":"SKIP","floor":23.0},{"not_picked":["Static Discharge+1","Steam+1","Hologram"],"picked":"Electrodynamics","floor":24.0},{"not_picked":["Coolheaded","Turbo","Barrage","Leap"],"picked":"SKIP","floor":24.0},{"not_picked":["Cold Snap+1","Steam+1","Conserve Battery"],"picked":"Defragment+1","floor":28.0},{"not_picked":["Multi-Cast","hubris:SpecializedCircuitry","Meteor Strike"],"picked":"Biased Cognition","floor":33.0},{"not_picked":["Streamline+1","Coolheaded","Rip and Tear+1"],"picked":"hubris:Ukulele","floor":35.0},{"not_picked":["conspire:Rain","FTL","Streamline","Reprogram+1"],"picked":"SKIP","floor":35.0},{"not_picked":["Steam","Cold Snap+1","Hologram+1"],"picked":"White Noise","floor":36.0},{"not_picked":["Beam Cell+1","Darkness","Fusion","Gash"],"picked":"SKIP","floor":36.0},{"not_picked":["Gash","Turbo","Buffer"],"picked":"Storm","floor":38.0},{"not_picked":["Streamline+1","Beam Cell+1","conspire:Rain"],"picked":"Turbo+1","floor":38.0},{"not_picked":["Beam Cell","Streamline","Darkness"],"picked":"Double Energy+1","floor":39.0},{"not_picked":["Steam+1","Melter","Rebound","Chill+1"],"picked":"SKIP","floor":39.0},{"not_picked":["Cold Snap","Leap+1","Hologram+1","Beam Cell"],"picked":"SKIP","floor":41.0},{"not_picked":["Meteor Strike","Ball Lightning+1","Fusion+1","Glacier+1"],"picked":"SKIP","floor":44.0},{"not_picked":["FTL","Steam","Sweeping Beam","Static Discharge"],"picked":"SKIP","floor":44.0},{"not_picked":["Coolheaded","Cold Snap","Barrage+1"],"picked":"White Noise+1","floor":47.0},{"not_picked":["Conserve Battery","Streamline","Turbo+1","Redo"],"picked":"SKIP","floor":47.0},{"not_picked":["Glacier+1","hubris:Ukulele","Go for the Eyes","Reprogram+1"],"picked":"SKIP","floor":54}],"player_experience":62491,"relics_obtained":[{"floor":2.0,"key":"Matryoshka"},{"floor":8.0,"key":"conspire:TopHat"},{"floor":9.0,"key":"Symbiotic Virus"},{"floor":9.0,"key":"Bag of Preparation"},{"floor":11.0,"key":"Darkstone Periapt"},{"floor":11.0,"key":"Art of War"},{"floor":23.0,"key":"Anchor"},{"floor":41.0,"key":"hubris:64BitClover"},{"floor":43.0,"key":"Ancient Tea Set"},{"floor":46.0,"key":"Regal Pillow"},{"floor":54,"key":"Happy Flower"}],"event_choices":[{"damage_healed":0.0,"max_hp_gain":0.0,"max_hp_loss":0.0,"gold_gain":175.0,"event_name":"betterThird:BetterSerpent","player_choice":"AGREE","floor":4.0,"gold_loss":0.0,"damage_taken":163.0},{"cards_removed":["Doubt"],"damage_healed":0.0,"max_hp_gain":0.0,"max_hp_loss":0.0,"gold_gain":0.0,"event_name":"Golden Wing","player_choice":"Card Removal","floor":5.0,"gold_loss":0.0,"damage_taken":7.0},{"damage_healed":0.0,"max_hp_gain":0.0,"max_hp_loss":0.0,"gold_gain":0.0,"event_name":"Living Wall","player_choice":"Grow","floor":10.0,"gold_loss":0.0,"damage_taken":0.0,"cards_upgraded":["Storm"]},{"damage_healed":0.0,"max_hp_gain":0.0,"max_hp_loss":0.0,"gold_gain":0.0,"event_name":"Cursed Tome","player_choice":"Ignored","floor":25.0,"gold_loss":0.0,"damage_taken":0.0},{"damage_healed":0.0,"max_hp_gain":0.0,"max_hp_loss":0.0,"gold_gain":0.0,"event_name":"The Library","player_choice":"Read","floor":31.0,"gold_loss":0.0,"damage_taken":0.0,"cards_obtained":["Reboot"]},{"damage_healed":0.0,"max_hp_gain":0.0,"max_hp_loss":0.0,"gold_gain":0.0,"event_name":"betterMatch:BetterMatch","player_choice":"2","floor":37.0,"gold_loss":0.0,"damage_taken":0.0,"cards_obtained":[]},{"damage_healed":0.0,"max_hp_gain":0.0,"max_hp_loss":0.0,"gold_gain":0.0,"event_name":"conspire:Investor","player_choice":"Leave","floor":45.0,"gold_loss":0.0,"damage_taken":0.0},{"damage_healed":0.0,"max_hp_gain":0.0,"max_hp_loss":0.0,"gold_gain":0.0,"event_name":"SensoryStone","player_choice":"Memory 1","floor":48.0,"gold_loss":0.0,"damage_taken":0.0}],"is_beta":false,"boss_relics":[{"not_picked":["hubris:GrandSneckoEye","Tiny House"],"picked":"Runic Dome"},{"not_picked":["hubris:BlackHole","Fusion Hammer"],"picked":"Coffee Dripper"}],"items_purged_floors":[7],"is_endless":false,"potions_floor_spawned":[1,3,14,19,23,33,35,36,44,47,54],"killed_by":"The Heart","ascension_level":0}}