{"host":"ctlqibkg0sskiu65","time":1607694552,"event":{"mods":["2.2 Compatiblity","AchievementEnabler","Aspiration","BaseMod","BetterRewards","Colored Map","Colored Powertips","Conspire","Fiend Mod","Minty Spire (QoL Compilation)","Quick Restart","Shop Mod","StSLib","The Bladedancer","The Cursed","The Hierophant","The Jungle","The Kombatant","The Servant 0.9.4","TheBandit"],"gold_per_floor":[115,115,128,74,74,74,74,74,74,100,115,115,129,161,161,262,262,279,378,378,59,59,59,89,89,114,128,128,228,247,274,274,378,378,388,388,438,475,489,489,41,41,41,141,174,174,194,209,209,209],"floor_reached":51,"playtime":3067,"items_purged":[],"score":864,"play_id":"f3202ac4-efd8-4037-9074-d30689146d73","local_time":"20201211074912","is_ascension_mode":true,"campfire_choices":[{"data":"Dagger Spray","floor":6,"key":"SMITH"},{"data":"Deflect","floor":8,"key":"SMITH"},{"data":"Deadly Poison","floor":12,"key":"SMITH"},{"data":"Bouncing Flask","floor":15,"key":"SMITH"},{"data":"Crippling Poison","floor":23,"key":"SMITH"},{"data":"Neutralize","floor":25,"key":"SMITH"},{"data":"Sucker Punch","floor":28,"key":"SMITH"},{"floor":32,"key":"REST"},{"data":"Terror","floor":40,"key":"SMITH"},{"data":"Poisoned Stab","floor":42,"key":"SMITH"},{"data":"Bane","floor":46,"key":"SMITH"},{"data":"Escape Plan","floor":49,"key":"SMITH"}],"circlet_count":0,"master_deck":["Strike_G","Strike_G","Strike_G","Defend_G","Defend_G","Defend_G","Defend_G","Defend_G","Survivor","Neutralize+1","Deflect+1","Dagger Spray+1","Flying Knee","Deadly Poison+1","Deadly Poison+1","Escape Plan+1","Bouncing Flask+1","Sucker Punch+1","Deflect","Crippling Poison+1","Distraction+1","Distraction+1","Bane+1","Poisoned Stab+1","Terror+1","Poisoned Stab+1","Dodge and Roll+1","Flechettes+1","Poisoned Stab+1"],"relics":["Ring of the Snake","NeowsBlessing","conspire:BottledYoYo","Eternal Feather","Paper Crane","conspire:SeveredTorchhead","InkBottle","Toy Ornithopter","Smiling Mask","Ginger","Letter Opener","MealTicket","Coffee Dripper","Incense Burner","aspiration:StickyExplosives_weak","aspiration:SneckoTail","Oddly Smooth Stone","Boot","aspiration:VileToxins"],"acts_visited":["Exordium","TheCity","TheBeyond"],"potions_floor_usage":[16,24,31,45,50],"damage_taken":[{"damage":0,"enemies":"2 Louse","floor":1,"turns":1},{"damage":0,"enemies":"Cultist","floor":3,"turns":1},{"damage":0,"enemies":"Lagavulin","floor":10,"turns":1},{"damage":6,"enemies":"Small Slimes","floor":11,"turns":3},{"damage":0,"enemies":"2 Fungi Beasts","floor":13,"turns":3},{"damage":8,"enemies":"Gremlin Nob","floor":14,"turns":3},{"damage":44,"enemies":"Slime Boss","floor":16,"turns":10},{"damage":6,"enemies":"3 Byrds","floor":18,"turns":5},{"damage":18,"enemies":"Slavers","floor":24,"turns":6},{"damage":3,"enemies":"Chosen","floor":27,"turns":3},{"damage":7,"enemies":"Colosseum Slavers","floor":29,"turns":4},{"damage":24,"enemies":"Colosseum Nobs","floor":29,"turns":5},{"damage":7,"enemies":"Snecko","floor":30,"turns":4},{"damage":0,"enemies":"Book of Stabbing","floor":31,"turns":5},{"damage":34,"enemies":"conspire:MysteriousRune","floor":33,"turns":8},{"damage":0,"enemies":"Orb Walker","floor":35,"turns":3},{"damage":9,"enemies":"Mind Bloom Boss Battle","floor":37,"turns":6},{"damage":20,"enemies":"conspire:MimicChest","floor":38,"turns":7},{"damage":6,"enemies":"3 Shapes","floor":39,"turns":3},{"damage":11,"enemies":"Reptomancer","floor":45,"turns":4},{"damage":0,"enemies":"Sphere and 2 Shapes","floor":47,"turns":5},{"damage":11,"enemies":"4 Shapes","floor":48,"turns":4},{"damage":32,"enemies":"Time Eater","floor":50,"turns":12}],"seed_played":"-2884885305492281156","potions_obtained":[{"floor":11,"key":"Energy Potion"},{"floor":14,"key":"AttackPotion"},{"floor":18,"key":"SkillPotion"},{"floor":29,"key":"FearPotion"},{"floor":35,"key":"Dexterity Potion"},{"floor":39,"key":"ColorlessPotion"},{"floor":47,"key":"SmokeBomb"},{"floor":48,"key":"EssenceOfSteel"}],"is_trial":false,"path_per_floor":["M","?","M","$","?","R","?","R","T","E","M","R","M","E","R","B",null,"M","?","?","$","?","R","E","R","T","M","R","?","M","E","R","B",null,"M","?","?","?","M","R","$","R","T","?","E","R","M","M","R","B",null],"character_chosen":"THE_SILENT","items_purchased":["Deadly Poison","Crippling Poison","InkBottle","aspiration:SneckoTail","Oddly Smooth Stone"],"campfire_rested":1,"item_purchase_floors":[4,21,21,41,41],"current_hp_per_floor":[70,70,70,70,70,70,70,70,70,70,64,70,70,62,70,26,70,64,64,64,64,64,70,52,64,64,61,70,39,32,37,70,36,70,70,70,61,41,35,50,65,70,70,70,59,70,70,59,70,38],"gold":209,"neow_bonus":"THREE_ENEMY_KILL","is_daily":false,"chose_seed":false,"campfire_upgraded":11,"win_rate":0.0,"timestamp":1607694552,"path_taken":["M","?","?","$","?","R","?","R","T","E","M","R","M","E","R","BOSS","M","?","?","$","?","R","E","R","T","?","R","?","M","E","R","BOSS","M","?","?","?","M","R","$","R","T","?","E","R","M","M","R","BOSS"],"items_purchased_type":["Card","Card","Relic","Relic","Relic"],"build_version":"2020-11-30","purchased_purges":0,"victory":true,"max_hp_per_floor":[70,70,70,70,70,70,70,70,70,70,70,70,70,70,70,70,70,70,70,70,70,70,70,70,70,70,70,70,70,70,70,70,70,70,70,70,70,70,70,70,70,70,70,70,70,70,70,70,70,70],"card_choices":[{"not_picked":["Backflip","Acrobatics"],"picked":"Deflect","floor":1},{"not_picked":["Bane","Outmaneuver"],"picked":"Flying Knee","floor":3},{"not_picked":["Finisher","Deflect"],"picked":"Deadly Poison","floor":10},{"not_picked":["Prepared","Outmaneuver"],"picked":"Escape Plan","floor":11},{"not_picked":["Blur","Flying Knee"],"picked":"Bouncing Flask","floor":13},{"not_picked":["Accuracy","Finisher"],"picked":"Sucker Punch","floor":14},{"not_picked":["Outmaneuver","Cloak And Dagger"],"picked":"Deflect","floor":18},{"not_picked":["A Thousand Cuts","Blade Dance"],"picked":"Distraction+1","floor":24},{"not_picked":["Cloak And Dagger","Quick Slash","Underhanded Strike+1"],"picked":"SKIP","floor":27},{"not_picked":["Dodge and Roll","Well Laid Plans"],"picked":"Distraction+1","floor":29},{"not_picked":["Leg Sweep","Dodge and Roll","Sucker Punch"],"picked":"SKIP","floor":30},{"not_picked":["Dagger Spray","Prepared"],"picked":"Bane","floor":31},{"not_picked":["Leg Sweep","Prepared","Blade Dance"],"picked":"SKIP","floor":35},{"not_picked":["Dash+1","Quick Slash+1"],"picked":"Poisoned Stab+1","floor":37},{"not_picked":["Expertise","Deflect"],"picked":"Terror","floor":38},{"not_picked":["Acrobatics","Skewer"],"picked":"Poisoned Stab","floor":39},{"not_picked":["Slice","Masterful Stab"],"picked":"Dodge and Roll+1","floor":45},{"not_picked":["Bane+1","Infinite Blades+1"],"picked":"Flechettes+1","floor":47},{"not_picked":["Deflect+1","Dagger Spray"],"picked":"Poisoned Stab+1","floor":48}],"player_experience":106779,"relics_obtained":[{"floor":9,"key":"conspire:BottledYoYo"},{"floor":10,"key":"Eternal Feather"},{"floor":14,"key":"Paper Crane"},{"floor":24,"key":"Toy Ornithopter"},{"floor":26,"key":"Smiling Mask"},{"floor":29,"key":"Ginger"},{"floor":29,"key":"Letter Opener"},{"floor":31,"key":"MealTicket"},{"floor":37,"key":"Incense Burner"},{"floor":38,"key":"aspiration:StickyExplosives_weak"},{"floor":43,"key":"Boot"},{"floor":45,"key":"aspiration:VileToxins"}],"event_choices":[{"damage_healed":0,"gold_gain":0,"cards_transformed":["Strike_G"],"player_choice":"Transformed","damage_taken":0,"max_hp_gain":0,"max_hp_loss":0,"event_name":"Transmorgrifier","floor":2,"gold_loss":0,"cards_obtained":["Dagger Spray"]},{"damage_healed":0,"gold_gain":0,"player_choice":"Disagree","damage_taken":0,"max_hp_gain":0,"max_hp_loss":0,"event_name":"conspire:LoneGhost","floor":5,"gold_loss":0},{"damage_healed":0,"gold_gain":0,"player_choice":"Forge","damage_taken":0,"max_hp_gain":0,"max_hp_loss":0,"event_name":"Accursed Blacksmith","floor":7,"gold_loss":0,"cards_upgraded":["Deadly Poison"]},{"damage_healed":0,"gold_gain":99,"player_choice":"Stole From Cult","damage_taken":0,"max_hp_gain":0,"max_hp_loss":0,"event_name":"Nest","floor":19,"gold_loss":0},{"cards_removed":["Strike_G"],"damage_healed":0,"gold_gain":0,"player_choice":"Elegance","damage_taken":0,"max_hp_gain":0,"max_hp_loss":0,"event_name":"Back to Basics","floor":20,"gold_loss":0},{"damage_healed":0,"gold_gain":0,"player_choice":"Leave","damage_taken":0,"max_hp_gain":0,"max_hp_loss":0,"event_name":"conspire:Investor","floor":22,"gold_loss":0},{"damage_healed":0,"gold_gain":0,"player_choice":"Fight","damage_taken":0,"max_hp_gain":0,"max_hp_loss":0,"event_name":"Colosseum","floor":29,"gold_loss":0},{"damage_healed":0,"gold_gain":0,"player_choice":"Fought Nobs","damage_taken":0,"max_hp_gain":0,"max_hp_loss":0,"event_name":"Colosseum","floor":29,"gold_loss":0},{"damage_healed":0,"gold_gain":0,"player_choice":"Ignored","damage_taken":0,"max_hp_gain":0,"max_hp_loss":0,"event_name":"Tomb of Lord Red Mask","floor":36,"gold_loss":0},{"damage_healed":0,"gold_gain":0,"player_choice":"Fight","damage_taken":0,"max_hp_gain":0,"max_hp_loss":0,"event_name":"MindBloom","floor":37,"gold_loss":0},{"damage_healed":0,"gold_gain":100,"player_choice":"Pray","damage_taken":0,"max_hp_gain":0,"max_hp_loss":0,"event_name":"Golden Shrine","floor":44,"gold_loss":0}],"is_beta":false,"boss_relics":[{"not_picked":["aspiration:PoetsPen_weak","Runic Dome"],"picked":"conspire:SeveredTorchhead"},{"not_picked":["conspire:SpecialSausage","Runic Pyramid"],"picked":"Coffee Dripper"}],"items_purged_floors":[],"is_endless":false,"potions_floor_spawned":[11,14,18,29,29,35,39,47,48],"ascension_level":2}}