{"host":"8dhn6p16jorj0i1s","time":1607730780,"event":{"mods":["BaseMod","Colored Map","Minty Spire (QoL Compilation)","Permanent Neow","Quick Restart"],"gold_per_floor":[115,128,141,216,230,230,230,256,280,310,310,320,124,139,139,241,241,260,210,226,107,118,143,143,161,161,181,196,222,222,222,222],"floor_reached":31,"playtime":2777,"items_purged":["Strike_G","Strike_G","Strike_G"],"score":348,"play_id":"677e2db4-6f06-4c6a-9ae9-7cd5ce78829b","local_time":"20201212005300","is_ascension_mode":true,"campfire_choices":[{"data":"Poisoned Stab","floor":6.0,"key":"SMITH"},{"floor":11.0,"key":"REST"},{"data":"Envenom","floor":15.0,"key":"SMITH"},{"data":"Strike_G","floor":24.0,"key":"PURGE"}],"circlet_count":0,"master_deck":["Strike_G","Defend_G+1","Defend_G","Defend_G","Defend_G","Defend_G+1","Survivor","Neutralize","Poisoned Stab+1","Poisoned Stab","Acrobatics","Envenom+1","Catalyst","Deadly Poison","Burst","Bouncing Flask","Bouncing Flask","Bouncing Flask","Deadly Poison","Calculated Gamble+1"],"relics":["Ring of the Snake","PreservedInsect","Smiling Mask","Centennial Puzzle","War Paint","Snecko Eye","Peace Pipe","Gambling Chip","Ornamental Fan"],"acts_visited":["Exordium","TheCity"],"potions_floor_usage":[30,30],"damage_taken":[{"damage":3.0,"enemies":"2 Louse","floor":1.0,"turns":3.0},{"damage":1.0,"enemies":"Jaw Worm","floor":2.0,"turns":4.0},{"damage":7.0,"enemies":"Small Slimes","floor":3.0,"turns":5.0},{"damage":24.0,"enemies":"Exordium Wildlife","floor":5.0,"turns":8.0},{"damage":16.0,"enemies":"Gremlin Nob","floor":8.0,"turns":4.0},{"damage":22.0,"enemies":"3 Sentries","floor":10.0,"turns":7.0},{"damage":0.0,"enemies":"Exordium Thugs","floor":12.0,"turns":3.0},{"damage":2.0,"enemies":"3 Louse","floor":14.0,"turns":3.0},{"damage":15.0,"enemies":"Hexaghost","floor":16.0,"turns":7.0},{"damage":17.0,"enemies":"3 Byrds","floor":18.0,"turns":6.0},{"damage":0.0,"enemies":"Spheric Guardian","floor":20.0,"turns":3.0},{"damage":13.0,"enemies":"Centurion and Healer","floor":22.0,"turns":5.0},{"damage":2.0,"enemies":"Gremlin Leader","floor":23.0,"turns":4.0},{"damage":0.0,"enemies":"Sentry and Sphere","floor":25.0,"turns":2.0},{"damage":19.0,"enemies":"Shelled Parasite and Fungi","floor":27.0,"turns":4.0},{"damage":12.0,"enemies":"Cultist and Chosen","floor":28.0,"turns":3.0},{"damage":0.0,"enemies":"Book of Stabbing","floor":29.0,"turns":2.0},{"damage":0,"enemies":"3 Cultists","floor":30,"turns":2},{"damage":0,"enemies":"Centurion and Healer","floor":31,"turns":1}],"seed_played":"8806887298809704012","potions_obtained":[{"floor":5.0,"key":"SmokeBomb"},{"floor":8.0,"key":"EntropicBrew"},{"floor":14.0,"key":"FearPotion"},{"floor":16.0,"key":"GhostInAJar"},{"floor":18.0,"key":"Fire Potion"},{"floor":23.0,"key":"Energy Potion"},{"floor":28.0,"key":"SkillPotion"}],"is_trial":false,"path_per_floor":["M","M","M","?","M","R","?","E","T","E","R","M","$","M","R","B",null,"M","$","M","$","M","E","R","M","T","M","M","E","M","M"],"character_chosen":"THE_SILENT","items_purchased":["Envenom","Catalyst","Bouncing Flask"],"campfire_rested":1,"item_purchase_floors":[13,13,21],"current_hp_per_floor":[67,66,59,48,24,24,47,31,31,9,30,30,30,28,28,13,70,53,53,53,53,40,38,38,38,38,19,7,7,7,7,7],"gold":222,"neow_bonus":"RANDOM_COMMON_RELIC","is_daily":false,"chose_seed":false,"campfire_upgraded":2,"win_rate":0.0,"timestamp":1607730780,"path_taken":["M","M","M","?","M","R","?","E","T","E","R","M","?","M","R","BOSS","M","$","M","$","M","E","R","M","T","M","M","E","M","M"],"items_purchased_type":["Card","Card","Card"],"build_version":"2020-11-30","purchased_purges":3,"victory":false,"max_hp_per_floor":[70,70,70,70,70,70,70,70,70,70,70,70,70,70,70,70,70,70,70,70,70,70,70,70,70,70,70,70,70,70,70,70],"card_choices":[{"not_picked":["PiercingWail","Bane","Quick Slash"],"picked":"SKIP","floor":1.0},{"not_picked":["Dodge and Roll","Flying Knee","Poisoned Stab"],"picked":"SKIP","floor":2.0},{"not_picked":["Cloak And Dagger","Eviscerate","Phantasmal Killer"],"picked":"SKIP","floor":3.0},{"not_picked":["Acrobatics","Distraction"],"picked":"Poisoned Stab","floor":5.0},{"not_picked":["Endless Agony","Distraction","Expertise"],"picked":"SKIP","floor":8.0},{"not_picked":["Reflex","Heel Hook"],"picked":"Poisoned Stab","floor":10.0},{"not_picked":["Dagger Spray","Riddle With Holes"],"picked":"Acrobatics","floor":12.0},{"not_picked":["Expertise","Reflex"],"picked":"Deadly Poison","floor":14.0},{"not_picked":["Phantasmal Killer","Venomology"],"picked":"Burst","floor":16.0},{"not_picked":["Bane+1","PiercingWail"],"picked":"Bouncing Flask","floor":18.0},{"not_picked":["Slice","Bane+1","Underhanded Strike"],"picked":"SKIP","floor":20.0},{"not_picked":["Dash","Skewer"],"picked":"Bouncing Flask","floor":22.0},{"not_picked":["Bane","Acrobatics+1","Dodge and Roll"],"picked":"SKIP","floor":23.0},{"not_picked":["Cloak And Dagger+1","Prepared+1","Bullet Time"],"picked":"SKIP","floor":25.0},{"not_picked":["Quick Slash","PiercingWail"],"picked":"Deadly Poison","floor":27.0},{"not_picked":["Dagger Throw","Prepared+1","Quick Slash+1"],"picked":"SKIP","floor":28.0},{"not_picked":["Sucker Punch","Poisoned Stab"],"picked":"Calculated Gamble+1","floor":29.0}],"player_experience":257804,"relics_obtained":[{"floor":8.0,"key":"Smiling Mask"},{"floor":9.0,"key":"Centennial Puzzle"},{"floor":10.0,"key":"War Paint"},{"floor":23.0,"key":"Peace Pipe"},{"floor":26.0,"key":"Gambling Chip"},{"floor":29.0,"key":"Ornamental Fan"}],"event_choices":[{"damage_healed":0.0,"max_hp_gain":0.0,"max_hp_loss":0.0,"gold_gain":75.0,"event_name":"World of Goop","player_choice":"Gather Gold","floor":4.0,"gold_loss":0.0,"damage_taken":11.0},{"damage_healed":23.0,"max_hp_gain":0.0,"max_hp_loss":0.0,"gold_gain":0.0,"event_name":"Big Fish","player_choice":"Banana","floor":7.0,"gold_loss":0.0,"damage_taken":0.0}],"is_beta":false,"boss_relics":[{"not_picked":["Runic Pyramid","SlaversCollar"],"picked":"Snecko Eye"}],"items_purged_floors":[13,19,21],"is_endless":false,"potions_floor_spawned":[5,8,14,16,18,23,28,30],"killed_by":"Centurion and Healer","ascension_level":2}}