{"host":"sum4dy402bbv9y4o","time":1607729814,"event":{"mods":["Aspiration","BaseMod","Conspire","Highlight Path","Minty Spire (QoL Compilation)","StSLib"],"gold_per_floor":[113,132,1,1,14,44,44,69,69,85,85,10,44,55,55,128,128,140,8,22,38,56,86,86,86,86,103,120,120,120,20,20,20,20],"floor_reached":33,"playtime":1452,"items_purged":["Strike_P","Defend_P"],"score":674,"play_id":"6e084238-055a-401f-b46e-ec75379e94a1","local_time":"20201212023654","is_ascension_mode":true,"campfire_choices":[{"data":"Eruption","floor":11,"key":"SMITH"},{"floor":15,"key":"REST"},{"data":"TalkToTheHand","floor":24,"key":"SMITH"},{"floor":29,"key":"REST"},{"floor":32,"key":"REST"}],"circlet_count":0,"master_deck":["AscendersBane","Strike_P","Strike_P","Defend_P","Defend_P","Defend_P","Eruption+1","Vigilance","Trip","CutThroughFate","EmptyBody","Perseverance","FlyingSleeves","EmptyBody","Weave","BowlingBash","Tantrum","CutThroughFate","Brilliance","ForeignInfluence+1","FlurryOfBlows","FollowUp","TalkToTheHand+1","Protect","Halt"],"relics":["PureWater","aspiration:ChemicalBlood","conspire:Flyswatter","Ornamental Fan","Letter Opener","Black Star","Pear","conspire:InfiniteJournal","conspire:BottledYoYo"],"acts_visited":["Exordium","TheCity"],"potions_floor_usage":[6,8,13,13,18,22,22,28,28,33,33,33,33,33,33],"damage_taken":[{"damage":0,"enemies":"Small Slimes","floor":1,"turns":2},{"damage":1,"enemies":"2 Louse","floor":2,"turns":3},{"damage":0,"enemies":"Cultist","floor":5,"turns":2},{"damage":11,"enemies":"Gremlin Nob","floor":6,"turns":3},{"damage":25,"enemies":"3 Sentries","floor":8,"turns":10},{"damage":1,"enemies":"2 Fungi Beasts","floor":10,"turns":4},{"damage":28,"enemies":"Gremlin Nob","floor":13,"turns":4},{"damage":9,"enemies":"Looter","floor":14,"turns":3},{"damage":0,"enemies":"Slime Boss","floor":16,"turns":6},{"damage":0,"enemies":"Chosen","floor":18,"turns":3},{"damage":6,"enemies":"Spheric Guardian","floor":20,"turns":3},{"damage":0,"enemies":"Centurion and Healer","floor":21,"turns":4},{"damage":17,"enemies":"Snake Plant","floor":22,"turns":5},{"damage":31,"enemies":"Gremlin Leader","floor":23,"turns":6},{"damage":0,"enemies":"Cultist and Chosen","floor":27,"turns":2},{"damage":1,"enemies":"Centurion and Healer","floor":28,"turns":4},{"damage":11,"enemies":"Colosseum Slavers","floor":30,"turns":2},{"damage":63,"enemies":"Collector","floor":33,"turns":8}],"seed_played":"8503504192048356049","potions_obtained":[{"floor":6,"key":"Explosive Potion"},{"floor":10,"key":"Explosive Potion"},{"floor":13,"key":"GamblersBrew"},{"floor":13,"key":"EssenceOfSteel"},{"floor":21,"key":"Block Potion"},{"floor":33,"key":"SkillPotion"}],"is_trial":false,"path_per_floor":["M","M","$","?","M","E","?","E","T","M","R","?","E","M","R","B",null,"M","$","M","M","M","E","R","?","T","M","M","R","?","$","R","B"],"character_chosen":"WATCHER","items_purchased":["Perseverance","BottledMiracle","FlurryOfBlows"],"campfire_rested":3,"item_purchase_floors":[3,3,19],"current_hp_per_floor":[61,60,60,56,56,45,68,43,43,42,42,42,14,5,25,25,57,57,57,51,51,34,13,13,13,13,13,12,35,24,24,47,0,0],"gold":20,"neow_bonus":"RANDOM_COLORLESS","is_daily":false,"chose_seed":false,"campfire_upgraded":2,"win_rate":0.0,"timestamp":1607729814,"path_taken":["M","M","$","?","M","E","?","E","T","?","R","?","E","M","R","BOSS","M","$","M","M","M","E","R","?","T","?","M","R","?","$","R","BOSS"],"items_purchased_type":["Card","Potion","Card"],"build_version":"2020-11-30","purchased_purges":2,"victory":false,"max_hp_per_floor":[68,68,68,68,68,68,68,68,68,68,68,68,68,68,68,68,68,68,68,68,68,68,78,78,78,78,78,78,78,78,78,78,78,78],"card_choices":[{"not_picked":["conspire:Banana","Forethought"],"picked":"Trip","floor":0},{"not_picked":["Vengeance","Prostrate"],"picked":"CutThroughFate","floor":1},{"not_picked":["CutThroughFate","PathToVictory"],"picked":"EmptyBody","floor":2},{"not_picked":["Ragnarok","Worship"],"picked":"FlyingSleeves","floor":5},{"not_picked":["Wish","Evaluate"],"picked":"EmptyBody","floor":6},{"not_picked":["PathToVictory","ForeignInfluence"],"picked":"Weave","floor":8},{"not_picked":["ThirdEye","Prostrate"],"picked":"BowlingBash","floor":10},{"not_picked":["BowlingBash","EmptyMind"],"picked":"Tantrum","floor":13},{"not_picked":["WaveOfTheHand","Meditate"],"picked":"CutThroughFate","floor":14},{"not_picked":["Blasphemy","Devotion"],"picked":"Brilliance","floor":16},{"not_picked":["InnerPeace","Fasting2"],"picked":"ForeignInfluence+1","floor":18},{"not_picked":["JustLucky","SashWhip"],"picked":"FollowUp","floor":20},{"not_picked":["SashWhip","CutThroughFate","CrushJoints"],"picked":"SKIP","floor":21},{"not_picked":["Wireheading","Crescendo","ClearTheMind"],"picked":"SKIP","floor":22},{"not_picked":["ClearTheMind+1","BowlingBash"],"picked":"TalkToTheHand","floor":23},{"not_picked":["Blasphemy","WindmillStrike"],"picked":"Protect","floor":27},{"not_picked":["JustLucky","PathToVictory"],"picked":"Halt","floor":28}],"player_experience":2781476,"relics_obtained":[{"floor":6,"key":"aspiration:ChemicalBlood"},{"floor":8,"key":"conspire:Flyswatter"},{"floor":9,"key":"Ornamental Fan"},{"floor":13,"key":"Letter Opener"},{"floor":23,"key":"Pear"},{"floor":23,"key":"conspire:InfiniteJournal"},{"floor":26,"key":"conspire:BottledYoYo"}],"event_choices":[{"damage_healed":0,"gold_gain":0,"player_choice":"Leave","damage_taken":0,"max_hp_gain":0,"max_hp_loss":0,"event_name":"conspire:Investor","floor":4,"gold_loss":0},{"damage_healed":23,"gold_gain":0,"player_choice":"Full Heal","damage_taken":0,"max_hp_gain":0,"max_hp_loss":0,"event_name":"Wheel of Change","floor":7,"gold_loss":0},{"cards_removed":["Strike_P"],"damage_healed":0,"gold_gain":0,"player_choice":"Card Removal","damage_taken":0,"max_hp_gain":0,"max_hp_loss":0,"event_name":"The Cleric","floor":12,"gold_loss":75},{"damage_healed":0,"gold_gain":0,"player_choice":"0 cards matched","damage_taken":0,"max_hp_gain":0,"max_hp_loss":0,"event_name":"Match and Keep!","floor":25,"gold_loss":0,"cards_obtained":[]},{"damage_healed":0,"gold_gain":0,"player_choice":"Fight","damage_taken":0,"max_hp_gain":0,"max_hp_loss":0,"event_name":"Colosseum","floor":30,"gold_loss":0},{"damage_healed":0,"gold_gain":0,"player_choice":"Fled From Nobs","damage_taken":0,"max_hp_gain":0,"max_hp_loss":0,"event_name":"Colosseum","floor":30,"gold_loss":0}],"is_beta":false,"boss_relics":[{"not_picked":["Busted Crown","Cursed Key"],"picked":"Black Star"}],"items_purged_floors":[19,31],"is_endless":false,"potions_floor_spawned":[6,10,13,21,23],"killed_by":"Collector","ascension_level":20}}