{"host":"vzugls1u57eppbds","time":1607715446,"event":{"mods":["AchievementEnabler","BaseMod","Better Third Choice","Minty Spire (QoL Compilation)","Relic Stats","Shop Mod","StSLib","The IronCluck"],"gold_per_floor":[114,114,132,132,155,196,196,215,242,242,242,260,3,21,21,140,140,154,43,43,57,57,77,117,137,137,175,175,25,25,25,25,148,148,171,184,29,0,0,0,40,63,90,105,105,136,152,177,177,177],"floor_reached":51,"playtime":1442,"items_purged":[],"score":1016,"play_id":"ca26c960-4c5e-4cf8-a0e3-a112f793b688","local_time":"20201211203726","is_ascension_mode":true,"campfire_choices":[{"floor":7,"key":"REST"},{"floor":11,"key":"REST"},{"data":"Infernal Blade","floor":15,"key":"SMITH"},{"data":"Bloodletting","floor":28,"key":"SMITH"},{"floor":30,"key":"REST"},{"data":"Limit Break","floor":32,"key":"SMITH"},{"data":"J.A.X.","floor":40,"key":"SMITH"},{"data":"Reaper","floor":45,"key":"SMITH"},{"data":"Second Wind","floor":49,"key":"SMITH"}],"circlet_count":0,"master_deck":["Defend_R","Defend_R","Limit Break+1","Feed","Bloodletting+1","Carnage","Injury","Hemokinesis","Battle Trance","Infernal Blade+1","Offering","Rampage","Pommel Strike","Immolate","Blood for Blood","Combust","Pummel","Bite","Bite","Bite","Bite+1","Bite","Ghostly Armor+1","Impervious","Thunderclap","J.A.X.+1","Reaper+1","Iron Wave+1","Second Wind+1","Metallicize","True Grit+1"],"relics":["Burning Blood","Golden Idol","Centennial Puzzle","Vajra","SlaversCollar","Bag of Marbles","Magic Flower","Champion Belt","Blood Vial","Philosopher\u0027s Stone","Orichalcum","Red Mask","Oddly Smooth Stone","Juzu Bracelet","Mummified Hand"],"acts_visited":["Exordium","TheCity","TheBeyond"],"potions_floor_usage":[16,16,16,23,24,24,50],"damage_taken":[{"damage":0,"enemies":"2 Louse","floor":1,"turns":3},{"damage":7,"enemies":"Jaw Worm","floor":3,"turns":3},{"damage":9,"enemies":"Small Slimes","floor":5,"turns":4},{"damage":59,"enemies":"Lagavulin","floor":6,"turns":6},{"damage":13,"enemies":"Looter","floor":8,"turns":2},{"damage":5,"enemies":"Exordium Thugs","floor":12,"turns":1},{"damage":7,"enemies":"2 Fungi Beasts","floor":14,"turns":2},{"damage":44,"enemies":"Hexaghost","floor":16,"turns":9},{"damage":24,"enemies":"Shell Parasite","floor":18,"turns":3},{"damage":18,"enemies":"3 Byrds","floor":21,"turns":4},{"damage":15,"enemies":"Cultist and Chosen","floor":23,"turns":3},{"damage":20,"enemies":"Gremlin Leader","floor":24,"turns":4},{"damage":8,"enemies":"Snecko","floor":25,"turns":2},{"damage":31,"enemies":"Slavers","floor":27,"turns":3},{"damage":90,"enemies":"Champ","floor":33,"turns":8},{"damage":7,"enemies":"3 Shapes","floor":35,"turns":2},{"damage":14,"enemies":"Orb Walker","floor":36,"turns":1},{"damage":61,"enemies":"Reptomancer","floor":41,"turns":6},{"damage":9,"enemies":"Spire Growth","floor":42,"turns":3},{"damage":23,"enemies":"3 Darklings","floor":44,"turns":4},{"damage":57,"enemies":"Giant Head","floor":46,"turns":6},{"damage":55,"enemies":"4 Shapes","floor":47,"turns":4},{"damage":18,"enemies":"Transient","floor":48,"turns":5},{"damage":58,"enemies":"Time Eater","floor":50,"turns":8}],"seed_played":"578539372488014200","potions_obtained":[{"floor":5,"key":"SteroidPotion"},{"floor":6,"key":"Dexterity Potion"},{"floor":14,"key":"Weak Potion"},{"floor":16,"key":"Block Potion"},{"floor":18,"key":"PowerPotion"},{"floor":21,"key":"ColorlessPotion"},{"floor":23,"key":"Energy Potion"},{"floor":33,"key":"HeartOfIron"},{"floor":36,"key":"Explosive Potion"}],"is_trial":false,"path_per_floor":["M","?","M","?","M","E","R","M","T","$","R","M","$","M","R","B",null,"M","$","?","M","?","M","E","M","T","E","R","$","R","?","R","B",null,"M","M","$","?","?","R","E","M","T","M","R","E","M","M","R","B",null],"character_chosen":"IRONCLAD","items_purchased":["Offering","Rampage","SpeedPotion","Combust","Pummel","Blood Vial","Orichalcum"],"campfire_rested":3,"item_purchase_floors":[13,13,13,19,19,29,37],"current_hp_per_floor":[75,80,79,79,79,26,50,46,46,46,71,75,75,74,74,36,76,58,58,58,53,53,56,56,56,56,53,53,53,71,71,71,16,57,65,66,66,66,66,66,28,42,42,69,69,42,40,74,74,67],"gold":177,"neow_bonus":"TRANSFORM_TWO_CARDS","is_daily":false,"chose_seed":false,"campfire_upgraded":6,"win_rate":0.0,"timestamp":1607715446,"path_taken":["M","?","M","?","M","E","R","M","T","?","R","?","$","M","R","BOSS","M","$","?","M","?","M","E","?","T","E","R","$","R","?","R","BOSS","M","M","$","?","?","R","E","M","T","M","R","E","M","M","R","BOSS"],"items_purchased_type":["Card","Card","Potion","Card","Card","Relic","Relic"],"build_version":"2020-11-30","purchased_purges":0,"victory":true,"max_hp_per_floor":[75,80,80,80,83,83,83,86,86,86,86,89,89,89,89,89,89,89,89,62,65,65,68,68,68,68,71,71,71,71,71,71,71,71,71,71,71,71,71,71,71,71,71,71,71,71,74,74,74,74],"relic_stats":{"Blood Vial":23,"Centennial Puzzle":[54],"counters":[24,96],"Golden Idol":166,"Mummified Hand":[3],"Magic Flower":[124],"Juzu Bracelet":0,"Champion Belt":[32],"Orichalcum":[90],"obtain_stats":[{"Golden Idol":4,"Vajra":9,"Magic Flower":26,"Oddly Smooth Stone":41,"Juzu Bracelet":43,"Orichalcum":37,"Burning Blood":0,"Blood Vial":29,"SlaversCollar":17,"Centennial Puzzle":6,"Mummified Hand":46,"Philosopher\u0027s Stone":34,"Bag of Marbles":24,"Red Mask":38,"Champion Belt":27},{"Golden Idol":2,"Vajra":5,"Magic Flower":13,"Oddly Smooth Stone":18,"Juzu Bracelet":19,"Orichalcum":17,"Burning Blood":0,"Blood Vial":14,"SlaversCollar":8,"Centennial Puzzle":4,"Mummified Hand":21,"Philosopher\u0027s Stone":15,"Bag of Marbles":12,"Red Mask":17,"Champion Belt":14},{"Golden Idol":6,"Vajra":18,"Magic Flower":46,"Oddly Smooth Stone":66,"Juzu Bracelet":69,"Orichalcum":60,"Burning Blood":0,"Blood Vial":49,"SlaversCollar":30,"Centennial Puzzle":16,"Mummified Hand":79,"Philosopher\u0027s Stone":57,"Bag of Marbles":44,"Red Mask":60,"Champion Belt":49}],"Burning Blood":165},"card_choices":[{"not_picked":["Shrug It Off","Wild Strike"],"picked":"Bloodletting","floor":1},{"not_picked":["Perfected Strike","Havoc"],"picked":"Carnage","floor":3},{"not_picked":["Body Slam","Cleave"],"picked":"Hemokinesis","floor":5},{"not_picked":["Havoc","Flex"],"picked":"Battle Trance","floor":6},{"not_picked":["Armaments","Cleave"],"picked":"Infernal Blade","floor":8},{"not_picked":["Heavy Blade","Intimidate","Dropkick"],"picked":"SKIP","floor":12},{"not_picked":["Second Wind","Sword Boomerang"],"picked":"Pommel Strike","floor":14},{"not_picked":["Double Tap","Demon Form"],"picked":"Immolate","floor":16},{"not_picked":["Perfected Strike","Sword Boomerang"],"picked":"Blood for Blood","floor":18},{"not_picked":["Wild Strike+1","Body Slam+1","Battle Trance+1"],"picked":"SKIP","floor":21},{"not_picked":["Havoc","Pommel Strike"],"picked":"Ghostly Armor+1","floor":23},{"not_picked":["Wild Strike","Dual Wield"],"picked":"Impervious","floor":24},{"not_picked":["Cleave","Headbutt","Thunderclap"],"picked":"SKIP","floor":25},{"not_picked":["Offering","Searing Blow+1"],"picked":"Thunderclap","floor":27},{"not_picked":["Double Tap","Berserk"],"picked":"Reaper","floor":33},{"not_picked":["Burning Pact+1","Pummel+1"],"picked":"Iron Wave+1","floor":35},{"not_picked":["Clothesline+1","Perfected Strike","Armaments+1"],"picked":"SKIP","floor":36},{"not_picked":["Wild Strike+1","Whirlwind+1","Warcry+1"],"picked":"SKIP","floor":41},{"not_picked":["Headbutt+1","Armaments","Immolate"],"picked":"SKIP","floor":42},{"not_picked":["Wild Strike","Fire Breathing"],"picked":"Second Wind","floor":44},{"not_picked":["Body Slam+1","Evolve"],"picked":"Metallicize","floor":46},{"not_picked":["Dual Wield+1","Clothesline","Heavy Blade"],"picked":"SKIP","floor":47},{"not_picked":["Carnage+1","Burning Pact+1"],"picked":"True Grit+1","floor":48}],"player_experience":202713,"relics_obtained":[{"floor":6,"key":"Centennial Puzzle"},{"floor":9,"key":"Vajra"},{"floor":24,"key":"Bag of Marbles"},{"floor":26,"key":"Magic Flower"},{"floor":27,"key":"Champion Belt"},{"floor":41,"key":"Oddly Smooth Stone"},{"floor":43,"key":"Juzu Bracelet"},{"floor":46,"key":"Mummified Hand"}],"event_choices":[{"damage_healed":0,"gold_gain":0,"player_choice":"Donut","damage_taken":0,"max_hp_gain":5,"max_hp_loss":0,"event_name":"Big Fish","floor":2,"gold_loss":0},{"damage_healed":0,"gold_gain":0,"player_choice":"Take Wound","damage_taken":0,"relics_obtained":["Golden Idol"],"max_hp_gain":0,"max_hp_loss":0,"event_name":"Golden Idol","floor":4,"gold_loss":0,"cards_obtained":["Injury"]},{"damage_healed":0,"gold_gain":0,"player_choice":"Became a vampire","damage_taken":0,"max_hp_gain":0,"max_hp_loss":27,"event_name":"Vampires","floor":20,"gold_loss":0,"cards_obtained":["Bite","Bite","Bite","Bite","Bite"]},{"damage_healed":0,"gold_gain":0,"player_choice":"Forge","damage_taken":0,"max_hp_gain":0,"max_hp_loss":0,"event_name":"Accursed Blacksmith","floor":22,"gold_loss":0,"cards_upgraded":["Bite"]},{"damage_healed":0,"gold_gain":0,"player_choice":"Obtain J.A.X.","damage_taken":0,"max_hp_gain":0,"max_hp_loss":0,"event_name":"Drug Dealer","floor":31,"gold_loss":0,"cards_obtained":["J.A.X."]},{"damage_healed":0,"gold_gain":0,"player_choice":"Paid","damage_taken":0,"relics_obtained":["Red Mask"],"max_hp_gain":0,"max_hp_loss":0,"event_name":"Tomb of Lord Red Mask","floor":38,"gold_loss":29},{"cards_removed":["Defend_R"],"damage_healed":0,"gold_gain":0,"player_choice":"Removed Skill","damage_taken":0,"max_hp_gain":0,"max_hp_loss":0,"event_name":"Falling","floor":39,"gold_loss":0}],"is_beta":false,"boss_relics":[{"not_picked":["Fusion Hammer","Pandora\u0027s Box"],"picked":"SlaversCollar"},{"not_picked":["Coffee Dripper","Velvet Choker"],"picked":"Philosopher\u0027s Stone"}],"items_purged_floors":[],"is_endless":false,"potions_floor_spawned":[5,6,14,16,18,21,23,33,36,42,44],"ascension_level":7}}