{"host":"dntw6kil9p09eemm","time":1607717438,"event":{"mods":["BaseMod","Become a monster €›?Œ÷","Colored Powertips","Conspire","Hermit","Minty Spire (QoL Compilation)","Shop Mod","StSLib","The Alterego","The Runesmith"],"gold_per_floor":[117,159,159,178,190,217,232,131,204,10,10,26,26,44,44,44,44],"floor_reached":16,"playtime":822,"items_purged":[],"score":102,"play_id":"4b7ad44d-4b58-431d-a9fc-164bed6024d2","local_time":"20201212051038","is_ascension_mode":false,"campfire_choices":[{"floor":11,"key":"REST"},{"floor":15,"key":"REST"}],"circlet_count":0,"master_deck":["hermit:Strike_Hermit","hermit:Strike_Hermit","hermit:Strike_Hermit","hermit:Strike_Hermit","hermit:Defend_Hermit","hermit:Defend_Hermit","hermit:Defend_Hermit","hermit:Snapshot","hermit:Covet","hermit:FromBeyond","hermit:EyeOfTheStorm","hermit:Quickdraw","hermit:Determination","hermit:EternalForm","hermit:GoldenBullet","hermit:GoldenBullet","hermit:Reprieve","hermit:GhostlyPresence"],"relics":["hermit:Momento","Du-Vu Doll","Orichalcum","MerchantsRug","conspire:DeflatedDodgeball"],"acts_visited":["Exordium"],"potions_floor_usage":[6,16],"damage_taken":[{"damage":2,"enemies":"Small Slimes","floor":1,"turns":4},{"damage":38,"enemies":"conspire:MimicChest","floor":2,"turns":5},{"damage":4,"enemies":"Cultist","floor":4,"turns":4},{"damage":4,"enemies":"2 Louse","floor":5,"turns":2},{"damage":3,"enemies":"Lagavulin","floor":6,"turns":5},{"damage":19,"enemies":"Lots of Slimes","floor":7,"turns":4},{"damage":5,"enemies":"Exordium Wildlife","floor":12,"turns":4},{"damage":7,"enemies":"Looter","floor":14,"turns":3},{"damage":50,"enemies":"Slime Boss","floor":16,"turns":5}],"seed_played":"3520594446357367440","potions_obtained":[{"floor":2,"key":"LiquidMemories"},{"floor":4,"key":"SmokeBomb"},{"floor":5,"key":"ColorlessPotion"},{"floor":6,"key":"SpeedPotion"}],"is_trial":false,"path_per_floor":["M","?","?","M","M","E","M","$","T","$","R","M","?","M","R","B"],"character_chosen":"HERMIT","items_purchased":["MerchantsRug","hermit:GoldenBullet","hermit:Reprieve"],"campfire_rested":2,"item_purchase_floors":[8,10,10],"current_hp_per_floor":[73,35,35,31,27,24,5,5,5,5,27,22,22,15,37,0,0],"gold":44,"neow_bonus":"ONE_RANDOM_RARE_CARD","is_daily":false,"chose_seed":false,"campfire_upgraded":0,"win_rate":0.0,"timestamp":1607717438,"path_taken":["M","?","?","M","M","E","M","$","T","$","R","?","?","M","R","BOSS"],"items_purchased_type":["Relic","Card","Card"],"build_version":"2020-11-30","purchased_purges":0,"victory":false,"max_hp_per_floor":[75,75,75,75,75,75,75,75,75,75,75,75,75,75,75,75,75],"card_choices":[{"not_picked":["hermit:ItchyTrigger","hermit:Vantage","hermit:WideOpen"],"picked":"SKIP","floor":1},{"not_picked":["hermit:Manifest","hermit:Snipe"],"picked":"hermit:EyeOfTheStorm","floor":2},{"not_picked":["hermit:Maintenance","hermit:Ricochet"],"picked":"hermit:Quickdraw","floor":4},{"not_picked":["hermit:HighNoon","hermit:ShadowCloak"],"picked":"hermit:Determination","floor":5},{"not_picked":["hermit:GoldenBullet","hermit:GhostlyPresence"],"picked":"hermit:EternalForm","floor":6},{"not_picked":["hermit:Dive","hermit:Vantage"],"picked":"hermit:GoldenBullet","floor":7},{"not_picked":["hermit:Shortfuse","hermit:Roulette","hermit:Coalescence"],"picked":"SKIP","floor":12},{"not_picked":["hermit:Showdown","hermit:Virtue"],"picked":"hermit:GhostlyPresence","floor":14}],"player_experience":162531,"relics_obtained":[{"floor":2,"key":"Du-Vu Doll"},{"floor":6,"key":"Orichalcum"},{"floor":9,"key":"conspire:DeflatedDodgeball"}],"event_choices":[{"cards_removed":["hermit:Defend_Hermit"],"damage_healed":0,"gold_gain":0,"player_choice":"Purged","damage_taken":0,"max_hp_gain":0,"max_hp_loss":0,"event_name":"Purifier","floor":3,"gold_loss":0},{"damage_healed":0,"gold_gain":0,"player_choice":"Disagree","damage_taken":0,"max_hp_gain":0,"max_hp_loss":0,"event_name":"conspire:LoneGhost","floor":13,"gold_loss":0}],"is_beta":false,"boss_relics":[],"items_purged_floors":[],"is_endless":false,"potions_floor_spawned":[2,4,5,6],"killed_by":"Slime Boss","ascension_level":0}}