{"host":"5gc11emcm5chfr5t","time":1607710979,"event":{"mods":["2.2 Compatiblity","AchievementEnabler","BaseMod","Bestiary","Better Note","Colored Map","Colored Powertips","Googly Eyes","Minty Spire (QoL Compilation)","Rare Cards Sparkle","StSLib"],"gold_per_floor":[112,287,307,332,343,343,375,375,400,350,32,51,51,51,51,150,150,165,90,109,208,208,208,208],"floor_reached":23,"playtime":773,"items_purged":["Doubt"],"score":215,"play_id":"e206f75c-10f0-4d8e-8412-9374337c52b8","local_time":"20201211132259","is_ascension_mode":true,"campfire_choices":[{"data":"True Grit","floor":6,"key":"SMITH"},{"floor":8,"key":"REST"},{"floor":13,"key":"REST"},{"data":"Heavy Blade","floor":15,"key":"SMITH"}],"circlet_count":0,"master_deck":["Strike_R","Strike_R","Strike_R","Strike_R","Strike_R","Defend_R","Defend_R","Defend_R","Defend_R","Bash","Inflame","True Grit+1","Clothesline","Bludgeon","Bandage Up","Heavy Blade+1","Thunderclap","Immolate","Pommel Strike","Wild Strike+1"],"relics":["Burning Blood","Gambling Chip","Oddly Smooth Stone","PreservedInsect","Blood Vial","Dream Catcher","Bag of Marbles","Black Star","Enchiridion"],"acts_visited":["Exordium","TheCity"],"potions_floor_usage":[7,16],"damage_taken":[{"damage":23,"enemies":"Jaw Worm","floor":1,"turns":5},{"damage":12,"enemies":"Cultist","floor":3,"turns":5},{"damage":0,"enemies":"Small Slimes","floor":5,"turns":3},{"damage":44,"enemies":"Gremlin Nob","floor":7,"turns":6},{"damage":11,"enemies":"Looter","floor":12,"turns":2},{"damage":59,"enemies":"The Guardian","floor":16,"turns":9},{"damage":48,"enemies":"3 Byrds","floor":18,"turns":7},{"damage":24,"enemies":"Chosen","floor":20,"turns":5},{"damage":16,"enemies":"Gremlin Leader","floor":23,"turns":3}],"seed_played":"7112693945590117554","potions_obtained":[{"floor":5,"key":"SteroidPotion"},{"floor":7,"key":"BlessingOfTheForge"}],"is_trial":false,"path_per_floor":["M","?","M","T","M","R","E","R","T","?","$","M","R","?","R","B",null,"M","?","M","?","?","E"],"character_chosen":"IRONCLAD","items_purchased":["Dream Catcher","Bandage Up"],"campfire_rested":2,"item_purchase_floors":[11,11],"current_hp_per_floor":[63,63,57,57,63,63,25,49,49,49,49,50,74,74,74,27,80,42,42,30,30,14,0,0],"gold":208,"neow_bonus":"ONE_RARE_RELIC","is_daily":false,"chose_seed":false,"campfire_upgraded":2,"win_rate":0.0,"timestamp":1607710979,"path_taken":["M","?","M","?","?","R","E","R","T","?","$","M","R","?","R","BOSS","M","?","M","?","?","E"],"items_purchased_type":["Relic","Card"],"build_version":"2020-11-30","purchased_purges":1,"victory":false,"max_hp_per_floor":[80,80,80,80,80,80,80,80,80,80,80,80,80,80,80,80,80,80,80,80,80,80,80,80],"card_choices":[{"not_picked":["Warcry","Second Wind"],"picked":"Inflame","floor":1},{"not_picked":["Flex","Headbutt"],"picked":"True Grit","floor":3},{"not_picked":["Sword Boomerang","Flex"],"picked":"Clothesline","floor":5},{"not_picked":["Uppercut","Perfected Strike"],"picked":"Bludgeon","floor":7},{"not_picked":["Metallicize","Disarm"],"picked":"Heavy Blade","floor":12},{"not_picked":["Wild Strike","Body Slam"],"picked":"Thunderclap","floor":13},{"not_picked":["Berserk","Corruption"],"picked":"Immolate","floor":16},{"not_picked":["Havoc+1","Headbutt"],"picked":"Pommel Strike","floor":18},{"not_picked":["Anger","Shockwave"],"picked":"Wild Strike+1","floor":20}],"player_experience":313688,"relics_obtained":[{"floor":4,"key":"Oddly Smooth Stone"},{"floor":7,"key":"PreservedInsect"},{"floor":9,"key":"Blood Vial"},{"floor":22,"key":"Enchiridion"}],"event_choices":[{"damage_healed":0,"gold_gain":175,"player_choice":"AGREE","damage_taken":0,"max_hp_gain":0,"max_hp_loss":0,"event_name":"Liars Game","floor":2,"gold_loss":0,"cards_obtained":["Doubt"]},{"cards_removed":["Pain"],"damage_healed":0,"gold_gain":0,"player_choice":"Card Removal","damage_taken":0,"max_hp_gain":0,"max_hp_loss":0,"event_name":"The Cleric","floor":10,"gold_loss":50},{"damage_healed":0,"gold_gain":0,"player_choice":"Box","damage_taken":0,"relics_obtained":["Bag of Marbles"],"max_hp_gain":0,"max_hp_loss":0,"event_name":"Big Fish","floor":14,"gold_loss":0,"cards_obtained":["Regret"]},{"cards_removed":["Regret"],"damage_healed":0,"gold_gain":0,"player_choice":"Gave Gold","damage_taken":0,"max_hp_gain":0,"max_hp_loss":0,"event_name":"Beggar","floor":19,"gold_loss":75},{"damage_healed":0,"gold_gain":99,"player_choice":"Stole From Cult","damage_taken":0,"max_hp_gain":0,"max_hp_loss":0,"event_name":"Nest","floor":21,"gold_loss":0},{"damage_healed":0,"gold_gain":0,"player_choice":"Obtained Book","damage_taken":16,"max_hp_gain":0,"max_hp_loss":0,"event_name":"Cursed Tome","floor":22,"gold_loss":0}],"is_beta":false,"boss_relics":[{"not_picked":["Fusion Hammer","Coffee Dripper"],"picked":"Black Star"}],"items_purged_floors":[11],"is_endless":false,"potions_floor_spawned":[5,7],"killed_by":"Gremlin Leader","ascension_level":3}}