{"host":"2pgz2fctomabfk86","time":1607679802,"event":{"mods":["AchievementEnabler","BaseMod","Colored Map","DeckTracker","Minty Spire (QoL Compilation)","StSLib","SuperFastMode"],"gold_per_floor":[115,40,40,53,67,67,85,103,103,116,151,151,163,175,175,249,249,268,283,301,86,106,106,140,140,167,193,193,207,207,219,219,296,296,311,311,311,336,348,348,362,362,362,362,380,380,27,46,46,46],"floor_reached":51,"playtime":2255,"items_purged":["Strike_P","Strike_P"],"score":1216,"play_id":"0ef7d191-86f8-438b-8ff2-45386af550b3","local_time":"20201211184322","is_ascension_mode":true,"campfire_choices":[{"data":"Apotheosis","floor":6.0,"key":"SMITH"},{"floor":12.0,"key":"REST"},{"floor":15.0,"key":"REST"},{"floor":23.0,"key":"REST"},{"floor":25.0,"key":"REST"},{"data":"EmptyMind","floor":28.0,"key":"SMITH"},{"floor":32.0,"key":"REST"},{"floor":40.0,"key":"REST"},{"floor":42.0,"key":"REST"},{"data":"1","floor":44.0,"key":"LIFT"},{"data":"2","floor":46.0,"key":"LIFT"},{"data":"3","floor":49.0,"key":"LIFT"}],"circlet_count":0,"master_deck":["AscendersBane","Strike_P","Defend_P","Defend_P","Defend_P","Defend_P","Eruption","Vigilance","Apotheosis+1","EmptyMind+1","TalkToTheHand","ClearTheMind","Swivel","EmptyBody","FearNoEvil","Ragnarok","WreathOfFlame+1","EmptyMind","Establishment","Madness","Madness","Sanctity","MentalFortress","Crescendo"],"relics":["PureWater","Smiling Mask","Anchor","Busted Crown","DollysMirror","Singing Bowl","Bronze Scales","Red Mask","Enchiridion","Fusion Hammer","Girya","Question Card","Akabeko"],"acts_visited":["Exordium","TheCity","TheBeyond"],"potions_floor_usage":[50,50],"damage_taken":[{"damage":0.0,"enemies":"Jaw Worm","floor":1.0,"turns":3.0},{"damage":0.0,"enemies":"2 Louse","floor":4.0,"turns":2.0},{"damage":2.0,"enemies":"Small Slimes","floor":5.0,"turns":4.0},{"damage":5.0,"enemies":"3 Louse","floor":7.0,"turns":4.0},{"damage":7.0,"enemies":"2 Fungi Beasts","floor":8.0,"turns":4.0},{"damage":2.0,"enemies":"Large Slime","floor":10.0,"turns":5.0},{"damage":0.0,"enemies":"Lagavulin","floor":11.0,"turns":6.0},{"damage":0.0,"enemies":"Exordium Thugs","floor":13.0,"turns":3.0},{"damage":7.0,"enemies":"2 Fungi Beasts","floor":14.0,"turns":3.0},{"damage":29.0,"enemies":"The Guardian","floor":16.0,"turns":13.0},{"damage":1.0,"enemies":"Shell Parasite","floor":18.0,"turns":6.0},{"damage":0.0,"enemies":"Chosen","floor":19.0,"turns":3.0},{"damage":15.0,"enemies":"Sentry and Sphere","floor":20.0,"turns":5.0},{"damage":0.0,"enemies":"Centurion and Healer","floor":22.0,"turns":4.0},{"damage":13.0,"enemies":"Slavers","floor":24.0,"turns":4.0},{"damage":0.0,"enemies":"Masked Bandits","floor":27.0,"turns":3.0},{"damage":44.0,"enemies":"3 Cultists","floor":29.0,"turns":5.0},{"damage":14.0,"enemies":"Snake Plant","floor":31.0,"turns":2.0},{"damage":50.0,"enemies":"Automaton","floor":33.0,"turns":11.0},{"damage":31.0,"enemies":"3 Darklings","floor":35.0,"turns":3.0},{"damage":0.0,"enemies":"Mind Bloom Boss Battle","floor":38.0,"turns":6.0},{"damage":0.0,"enemies":"Orb Walker","floor":39.0,"turns":2.0},{"damage":17.0,"enemies":"4 Shapes","floor":41.0,"turns":5.0},{"damage":15.0,"enemies":"Transient","floor":45.0,"turns":5.0},{"damage":0.0,"enemies":"3 Darklings","floor":48.0,"turns":1.0},{"damage":24,"enemies":"Donu and Deca","floor":50,"turns":8}],"seed_played":"-1673907162304285205","potions_obtained":[{"floor":5.0,"key":"Energy Potion"},{"floor":7.0,"key":"Dexterity Potion"},{"floor":16.0,"key":"Fruit Juice"},{"floor":18.0,"key":"Weak Potion"},{"floor":29.0,"key":"Dexterity Potion"},{"floor":35.0,"key":"LiquidBronze"},{"floor":41.0,"key":"ColorlessPotion"},{"floor":48.0,"key":"Block Potion"}],"is_trial":false,"path_per_floor":["M","?","$","M","M","R","M","M","T","M","E","R","M","M","R","B",null,"M","M","M","$","M","R","E","R","T","?","R","M","?","M","R","B",null,"M","?","?","?","M","R","M","R","T","R","M","R","$","M","R","B",null],"character_chosen":"WATCHER","items_purchased":["DollysMirror","MentalFortress","Akabeko","Crescendo"],"campfire_rested":7,"item_purchase_floors":[21,47,47,47],"current_hp_per_floor":[61,61,61,61,59,59,54,47,47,45,45,62,62,55,62,33,55,59,59,44,44,44,64,53,69,69,71,71,29,8,46,68,18,61,32,18,18,20,20,43,28,52,52,52,39,39,39,41,41,17],"gold":46,"neow_bonus":"RANDOM_COLORLESS_2","is_daily":false,"chose_seed":false,"campfire_upgraded":2,"win_rate":0.0,"timestamp":1607679802,"path_taken":["M","?","$","M","M","R","M","M","T","M","E","R","M","M","R","BOSS","M","M","M","$","M","R","E","R","T","?","R","M","?","M","R","BOSS","M","?","?","?","?","R","M","R","T","R","M","R","$","M","R","BOSS"],"items_purchased_type":["Relic","Card","Relic","Card"],"build_version":"2020-11-30","purchased_purges":2,"victory":true,"max_hp_per_floor":[62,62,62,62,62,62,62,62,62,62,62,62,62,62,62,62,62,67,67,67,67,67,67,69,69,69,71,71,73,73,75,75,75,75,77,77,77,79,79,79,81,81,81,81,83,83,83,85,85,85],"card_choices":[{"not_picked":["Secret Technique","Panache"],"picked":"Apotheosis","floor":0.0},{"not_picked":["FlyingSleeves","Halt","LikeWater"],"picked":"SKIP","floor":1.0},{"not_picked":["Consecrate","PathToVictory"],"picked":"EmptyMind","floor":4.0},{"not_picked":["Protect","JustLucky","Nirvana"],"picked":"SKIP","floor":5.0},{"not_picked":["FollowUp","SashWhip"],"picked":"TalkToTheHand","floor":7.0},{"not_picked":["PathToVictory","Prostrate","WreathOfFlame"],"picked":"SKIP","floor":8.0},{"not_picked":["Study","LikeWater"],"picked":"ClearTheMind","floor":10.0},{"not_picked":["ClearTheMind","LikeWater"],"picked":"Swivel","floor":11.0},{"not_picked":["FlyingSleeves","Halt"],"picked":"EmptyBody","floor":13.0},{"not_picked":["ThirdEye","WaveOfTheHand"],"picked":"FearNoEvil","floor":14.0},{"not_picked":["Judgement","MasterReality"],"picked":"Ragnarok","floor":16.0},{"not_picked":[],"picked":"WreathOfFlame+1","floor":18.0},{"not_picked":["Worship"],"picked":"SKIP","floor":19.0},{"not_picked":["PathToVictory"],"picked":"SKIP","floor":20.0},{"not_picked":["WindmillStrike"],"picked":"SKIP","floor":22.0},{"not_picked":["Evaluate"],"picked":"Singing Bowl","floor":24.0},{"not_picked":["FlurryOfBlows"],"picked":"Singing Bowl","floor":27.0},{"not_picked":["ThirdEye"],"picked":"Singing Bowl","floor":29.0},{"not_picked":["Conclude"],"picked":"Singing Bowl","floor":31.0},{"not_picked":[],"picked":"Establishment","floor":33.0},{"not_picked":["Consecrate+1"],"picked":"Singing Bowl","floor":35.0},{"not_picked":["Vengeance"],"picked":"Singing Bowl","floor":38.0},{"not_picked":[],"picked":"Sanctity","floor":39.0},{"not_picked":["SashWhip"],"picked":"Singing Bowl","floor":41.0},{"not_picked":["CutThroughFate","JustLucky"],"picked":"Singing Bowl","floor":45.0},{"not_picked":["CutThroughFate","JustLucky+1"],"picked":"Singing Bowl","floor":48.0}],"player_experience":886573,"relics_obtained":[{"floor":9.0,"key":"Smiling Mask"},{"floor":11.0,"key":"Anchor"},{"floor":24.0,"key":"Singing Bowl"},{"floor":26.0,"key":"Bronze Scales"},{"floor":27.0,"key":"Red Mask"},{"floor":30.0,"key":"Enchiridion"},{"floor":38.0,"key":"Girya"},{"floor":43.0,"key":"Question Card"}],"event_choices":[{"cards_removed":["Strike_P"],"damage_healed":0.0,"max_hp_gain":0.0,"max_hp_loss":0.0,"gold_gain":0.0,"event_name":"The Cleric","player_choice":"Card Removal","floor":2.0,"gold_loss":75.0,"damage_taken":0.0},{"damage_healed":0.0,"max_hp_gain":0.0,"max_hp_loss":0.0,"gold_gain":0.0,"event_name":"Masked Bandits","player_choice":"Fought Bandits","floor":27.0,"gold_loss":0.0,"damage_taken":0.0},{"damage_healed":0.0,"max_hp_gain":0.0,"max_hp_loss":0.0,"gold_gain":0.0,"event_name":"Cursed Tome","player_choice":"Obtained Book","floor":30.0,"gold_loss":0.0,"damage_taken":21.0},{"damage_healed":0.0,"max_hp_gain":0.0,"max_hp_loss":0.0,"gold_gain":0.0,"event_name":"Winding Halls","player_choice":"Embrace Madness","floor":36.0,"gold_loss":0.0,"damage_taken":14.0,"cards_obtained":["Madness","Madness"]},{"damage_healed":0.0,"max_hp_gain":0.0,"max_hp_loss":0.0,"gold_gain":0.0,"event_name":"Tomb of Lord Red Mask","player_choice":"Ignored","floor":37.0,"gold_loss":0.0,"damage_taken":0.0},{"damage_healed":0.0,"max_hp_gain":0.0,"max_hp_loss":0.0,"gold_gain":0.0,"event_name":"MindBloom","player_choice":"Fight","floor":38.0,"gold_loss":0.0,"damage_taken":0.0}],"is_beta":false,"boss_relics":[{"not_picked":["SlaversCollar","Velvet Choker"],"picked":"Busted Crown"},{"not_picked":["Philosopher\u0027s Stone","SacredBark"],"picked":"Fusion Hammer"}],"items_purged_floors":[21,47],"is_endless":false,"potions_floor_spawned":[5,7,13,14,16,18,22,29,35,41,48],"ascension_level":16}}