{"host":"afww3gc9iwbqhb2m","time":1607708492,"event":{"mods":["AchievementEnabler","BaseMod","Bestiary","Better Altar","Better Match","Better Note","Better Sensory Stone","Better Skull","Better Third Choice","BetterRewards","Colored Map","Colored Powertips","Custom Start","Minty Spire (QoL Compilation)","Permanent Neow","Quick Restart","Rare Cards Sparkle","Relic Filter","Relic Stats","Spicy Shops","StSLib","Uncapped"],"gold_per_floor":[119,119,139,17,27,27,41,66,66,66,95,270,15,32,32,128,128,144,94,54,70,85,85,100,22,22,22,33,102,102,135,135,232,232,247,247,267,278,57,57,57],"floor_reached":40,"playtime":2371,"items_purged":[],"score":416,"play_id":"bd5ee48b-e5fe-49a1-9d4d-684edf70ec89","local_time":"20201211124132","is_ascension_mode":false,"campfire_choices":[{"floor":6,"key":"REST"},{"floor":15,"key":"REST"},{"floor":23,"key":"REST"},{"floor":30,"key":"REST"},{"floor":32,"key":"REST"}],"circlet_count":0,"master_deck":["Strike_B","Strike_B","Strike_B","Strike_B","Defend_B","Defend_B","Defend_B","Zap","Dualcast","Apotheosis+1","Beam Cell","Consume","Conserve Battery","Lockon","Rebound","Loop+1","Lockon","Echo Form+1","Heatsinks+1","Parasite","Streamline","Rip and Tear+1","Redo","Stack+1","Loop+1","Capacitor+1","Redo+1","Electrodynamics+1","Rebound+1","Beam Cell","Redo+1","Defragment+1"],"relics":["Cracked Core","Incense Burner","Sling","Unceasing Top","Regal Pillow","Ornamental Fan","Mummified Hand","Pantograph","Frozen Egg 2","Astrolabe","DollysMirror","Question Card","Shuriken","Meat on the Bone","Inserter","Lizard Tail"],"acts_visited":["Exordium","TheCity","TheBeyond"],"potions_floor_usage":[8,8,8,8,11,11,11,11,16,16,22,33,39,40],"damage_taken":[{"damage":0,"enemies":"Small Slimes","floor":1,"turns":3},{"damage":11,"enemies":"Jaw Worm","floor":3,"turns":2},{"damage":0,"enemies":"2 Louse","floor":5,"turns":2},{"damage":19,"enemies":"Blue Slaver","floor":7,"turns":3},{"damage":1,"enemies":"Gremlin Nob","floor":8,"turns":3},{"damage":17,"enemies":"3 Sentries","floor":11,"turns":5},{"damage":15,"enemies":"Exordium Thugs","floor":14,"turns":3},{"damage":26,"enemies":"Hexaghost","floor":16,"turns":5},{"damage":1,"enemies":"Chosen","floor":18,"turns":4},{"damage":16,"enemies":"Shell Parasite","floor":21,"turns":4},{"damage":22,"enemies":"Centurion and Healer","floor":22,"turns":4},{"damage":14,"enemies":"Cultist and Chosen","floor":24,"turns":5},{"damage":28,"enemies":"Snake Plant","floor":28,"turns":3},{"damage":38,"enemies":"Slavers","floor":31,"turns":4},{"damage":60,"enemies":"Collector","floor":33,"turns":7},{"damage":41,"enemies":"3 Darklings","floor":35,"turns":3},{"damage":32,"enemies":"3 Shapes","floor":37,"turns":3},{"damage":42,"enemies":"3 Darklings","floor":38,"turns":5},{"damage":102,"enemies":"Nemesis","floor":40,"turns":5}],"seed_played":"-107258420159152841","potions_obtained":[{"floor":1,"key":"ColorlessPotion"},{"floor":11,"key":"CultistPotion"},{"floor":20,"key":"Explosive Potion"},{"floor":20,"key":"Ancient Potion"},{"floor":20,"key":"FairyPotion"},{"floor":21,"key":"Fire Potion"},{"floor":31,"key":"SteroidPotion"},{"floor":35,"key":"DuplicationPotion"}],"is_trial":false,"path_per_floor":["M","?","M","$","M","R","M","E","T","?","E","?","$","M","R","B",null,"M","?","?","M","M","R","M","$","T","?","M","T","R","E","R","B",null,"M","?","M","M","$","E"],"character_chosen":"DEFECT","items_purchased":["Incense Burner","Sling","EntropicBrew","Apotheosis","Regal Pillow","Strength Potion","Frozen Egg 2","Loop+1","DollysMirror","Defragment+1","Fruit Juice","Block Potion"],"campfire_rested":5,"item_purchase_floors":[0,0,0,0,4,4,13,13,25,39,39,39],"current_hp_per_floor":[40,40,29,29,29,66,47,46,46,46,29,29,29,14,51,49,75,74,74,74,58,36,73,59,59,59,59,31,31,68,30,67,27,75,46,46,26,22,27,0,0],"gold":57,"neow_bonus":"","is_daily":false,"chose_seed":false,"campfire_upgraded":0,"win_rate":0.0,"timestamp":1607708492,"path_taken":["M","?","M","$","M","R","M","E","T","?","E","?","?","M","R","BOSS","M","?","?","M","?","R","M","?","T","?","?","?","R","E","R","BOSS","M","?","?","M","$","E"],"items_purchased_type":["Relic","Relic","Potion","Card","Relic","Potion","Relic","Card","Relic","Card","Potion","Potion"],"build_version":"2020-11-30","purchased_purges":0,"victory":false,"max_hp_per_floor":[75,75,75,75,75,75,75,75,75,75,75,75,75,75,75,75,75,75,75,75,75,75,75,75,75,75,75,75,75,75,75,75,75,75,75,75,75,75,80,80,80],"relic_stats":{"Regal Pillow":75,"Inserter":[8],"counters":[25,89],"Astrolabe":["Heatsinks","Parasite","Static Discharge"],"Question Card":6,"Lizard Tail":40,"Ornamental Fan":[72],"Mummified Hand":[45],"Shuriken":[9],"Pantograph":32,"obtain_stats":[{"Regal Pillow":4,"Inserter":34,"Golden Idol":4,"Astrolabe":17,"PreservedInsect":5,"Juzu Bracelet":0,"Incense Burner":0,"Frozen Egg 2":13,"Sling":0,"Question Card":26,"Lizard Tail":36,"Mummified Hand":6,"Ornamental Fan":8,"DollysMirror":25,"Shuriken":29,"Pantograph":11,"Cracked Core":0,"Unceasing Top":0,"Meat on the Bone":31},{"Regal Pillow":8,"Inserter":21,"Golden Idol":3,"Astrolabe":14,"PreservedInsect":3,"Juzu Bracelet":0,"Incense Burner":6,"Frozen Egg 2":12,"Sling":6,"Question Card":18,"Lizard Tail":22,"Mummified Hand":4,"Ornamental Fan":11,"DollysMirror":18,"Shuriken":19,"Pantograph":12,"Cracked Core":0,"Unceasing Top":6,"Meat on the Bone":20},{"Regal Pillow":23,"Inserter":73,"Golden Idol":9,"Astrolabe":44,"PreservedInsect":9,"Juzu Bracelet":0,"Incense Burner":18,"Frozen Egg 2":36,"Sling":18,"Question Card":60,"Lizard Tail":76,"Mummified Hand":13,"Ornamental Fan":31,"DollysMirror":60,"Shuriken":62,"Pantograph":36,"Cracked Core":0,"Unceasing Top":18,"Meat on the Bone":66}],"Unceasing Top":[15],"Meat on the Bone":48},"card_choices":[{"not_picked":["Rebound","Cold Snap"],"picked":"Beam Cell","floor":1},{"not_picked":["Darkness","Genetic Algorithm"],"picked":"Skim","floor":3},{"not_picked":["Genetic Algorithm","Reinforced Body"],"picked":"Consume","floor":5},{"not_picked":["Compile Driver","Tempest"],"picked":"Conserve Battery","floor":7},{"not_picked":["Consume","Ball Lightning"],"picked":"Lockon","floor":8},{"not_picked":["Redo","Gash"],"picked":"Rebound","floor":11},{"not_picked":["Steam","White Noise"],"picked":"Lockon","floor":14},{"not_picked":["Multi-Cast","Fission"],"picked":"Echo Form+1","floor":16},{"not_picked":["Reinforced Body+1","Storm+1"],"picked":"Streamline","floor":18},{"not_picked":["Sweeping Beam","Self Repair+1"],"picked":"Rip and Tear+1","floor":21},{"not_picked":["Leap","Cold Snap+1"],"picked":"Redo","floor":22},{"not_picked":["Blizzard","Chaos+1"],"picked":"Stack+1","floor":24},{"not_picked":["Go for the Eyes+1","Biased Cognition+1","Redo+1"],"picked":"Capacitor+1","floor":28},{"not_picked":["Gash","Conserve Battery","Leap+1"],"picked":"Redo+1","floor":31},{"not_picked":["Echo Form+1","All For One","Thunder Strike"],"picked":"Electrodynamics+1","floor":33},{"not_picked":["Leap+1","Steam","Coolheaded"],"picked":"Rebound+1","floor":35},{"not_picked":["Rip and Tear","Force Field","Cold Snap+1"],"picked":"Beam Cell","floor":37},{"not_picked":["Compile Driver+1","Beam Cell","Conserve Battery+1"],"picked":"Redo+1","floor":38}],"player_experience":80756,"relics_obtained":[{"floor":8,"key":"Ornamental Fan"},{"floor":9,"key":"Mummified Hand"},{"floor":11,"key":"Pantograph"},{"floor":26,"key":"Question Card"},{"floor":29,"key":"Shuriken"},{"floor":31,"key":"Meat on the Bone"}],"event_choices":[{"damage_healed":0,"gold_gain":0,"player_choice":"Grow","damage_taken":0,"max_hp_gain":0,"max_hp_loss":0,"event_name":"Living Wall","floor":2,"gold_loss":0,"cards_upgraded":["Apotheosis"]},{"damage_healed":0,"gold_gain":0,"player_choice":"Ignored","damage_taken":0,"max_hp_gain":0,"max_hp_loss":0,"event_name":"Golden Wing","floor":10,"gold_loss":0},{"damage_healed":0,"gold_gain":175,"player_choice":"AGREE","damage_taken":95,"max_hp_gain":0,"max_hp_loss":0,"event_name":"betterThird:BetterSerpent","floor":12,"gold_loss":0},{"damage_healed":0,"gold_gain":0,"player_choice":"Bet on Owner","damage_taken":0,"max_hp_gain":0,"max_hp_loss":0,"event_name":"The Joust","floor":19,"gold_loss":50},{"damage_healed":0,"gold_gain":0,"player_choice":"Bought 3 Potions","damage_taken":0,"max_hp_gain":0,"max_hp_loss":0,"event_name":"The Woman in Blue","floor":20,"gold_loss":0},{"cards_removed":["Parasite"],"damage_healed":0,"gold_gain":0,"player_choice":"Give","damage_taken":0,"max_hp_gain":0,"max_hp_loss":0,"event_name":"betterNote:BetterNote","floor":27,"gold_loss":0,"cards_obtained":["None"]},{"cards_removed":["Static Discharge"],"damage_healed":0,"gold_gain":0,"player_choice":"Gave Card","damage_taken":0,"relics_obtained":["Lizard Tail"],"max_hp_gain":0,"max_hp_loss":0,"event_name":"WeMeetAgain","floor":36,"gold_loss":0}],"is_beta":false,"boss_relics":[{"not_picked":["Cursed Key","Pandora\u0027s Box"],"picked":"Astrolabe"},{"not_picked":["Tiny House","Velvet Choker"],"picked":"Inserter"}],"items_purged_floors":[],"is_endless":false,"potions_floor_spawned":[1,5,11,21,31,35],"killed_by":"Nemesis","ascension_level":0}}