{"host":"usewcu4ohw2wtmxk","time":1607725750,"event":{"mods":["AchievementEnabler","BaseMod","BetterRewards","Colored Powertips","Minty Spire (QoL Compilation)","Permanent Neow","Quick Restart","Relic Sorter","Relic Stats","Shop Mod","StSLib","UnlockEverythingMod"],"gold_per_floor":[117,130,130,147,157,182,182,182,182],"floor_reached":8,"playtime":197,"items_purged":[],"score":116,"play_id":"ea23640a-30f9-455d-b852-52f6cce607ba","local_time":"20201212062910","is_ascension_mode":true,"campfire_choices":[{"data":"Eruption","floor":7.0,"key":"SMITH"}],"circlet_count":0,"master_deck":["AscendersBane","Strike_P+1","Strike_P+1","Strike_P+1","Strike_P+1","Defend_P","Defend_P","Defend_P","Defend_P+1","Eruption+1","Vigilance","LessonLearned","Wallop","BowlingBash"],"relics":["PureWater","SsserpentHead","Darkstone Periapt"],"acts_visited":["Exordium"],"potions_floor_usage":[],"damage_taken":[{"damage":0.0,"enemies":"2 Louse","floor":1.0,"turns":4.0},{"damage":0.0,"enemies":"Cultist","floor":2.0,"turns":3.0},{"damage":0.0,"enemies":"Jaw Worm","floor":4.0,"turns":3.0},{"damage":22.0,"enemies":"Gremlin Gang","floor":5.0,"turns":3.0},{"damage":22.0,"enemies":"Lagavulin","floor":6.0,"turns":7.0},{"damage":27,"enemies":"Gremlin Nob","floor":8,"turns":4}],"seed_played":"-6515938819989996272","potions_obtained":[{"floor":1.0,"key":"BottledMiracle"},{"floor":2.0,"key":"Regen Potion"},{"floor":6.0,"key":"Weak Potion"}],"is_trial":false,"path_per_floor":["M","M","?","M","M","E","R","E"],"character_chosen":"WATCHER","items_purchased":[],"campfire_rested":0,"item_purchase_floors":[],"current_hp_per_floor":[61,61,61,61,39,32,32,5,5],"gold":182,"neow_bonus":"THREE_RARE_CARDS","is_daily":false,"chose_seed":false,"campfire_upgraded":1,"win_rate":0.0,"timestamp":1607725750,"path_taken":["M","M","?","M","M","E","R","E"],"items_purchased_type":[],"build_version":"2020-11-30","purchased_purges":0,"victory":false,"max_hp_per_floor":[62,62,62,62,62,62,62,62,62],"relic_stats":{"Darkstone Periapt":0,"SsserpentHead":0,"counters":[6,24],"obtain_stats":[{"Darkstone Periapt":6,"SsserpentHead":3,"PureWater":0},{"Darkstone Periapt":5,"SsserpentHead":2,"PureWater":0},{"Darkstone Periapt":20,"SsserpentHead":7,"PureWater":0}]},"card_choices":[{"not_picked":["Ragnarok","Establishment"],"picked":"LessonLearned","floor":0.0},{"not_picked":["WaveOfTheHand","Consecrate","WreathOfFlame"],"picked":"SKIP","floor":1.0},{"not_picked":["Worship","CarveReality","Consecrate"],"picked":"SKIP","floor":2.0},{"not_picked":["Weave","FollowUp","EmptyBody"],"picked":"SKIP","floor":4.0},{"not_picked":["ReachHeaven","Halt"],"picked":"Wallop","floor":5.0},{"not_picked":["Halt","Wireheading"],"picked":"BowlingBash","floor":6.0}],"player_experience":244305,"relics_obtained":[{"floor":6.0,"key":"Darkstone Periapt"}],"event_choices":[{"damage_healed":0.0,"max_hp_gain":0.0,"max_hp_loss":0.0,"gold_gain":0.0,"event_name":"FaceTrader","player_choice":"Trade","floor":3.0,"gold_loss":0.0,"damage_taken":0.0,"relics_obtained":["SsserpentHead"]}],"is_beta":false,"boss_relics":[],"items_purged_floors":[],"is_endless":false,"potions_floor_spawned":[1,2,6],"killed_by":"Gremlin Nob","ascension_level":20}}