{"host":"bbld1ic1uj90ldt9","time":1607690218,"event":{"mods":["2.2 Compatiblity","AchievementEnabler","Act Like it!","BaseMod","Better Third Choice","Conspire","Downfall","Emptier Cage","Gensokyo","Hallownest","Hermit","Highlight Path","Hubris","Marisa????????","Minty Spire (QoL Compilation)","Random Character Button","Replay The Spire","StSLib","The Animator","The Bug Knight","The Cursed","The Disciple","The Hierophant","The Jungle","The Runesmith","The Servant 0.9.4"],"gold_per_floor":[111,121,121,132,132,132,142,142,214,242,242,277,123,157,157,259,259,273,284,300,311,163,163,180,180,180,180,196,196,207,240,240,362,362,385,257,257,257,257,272,282,282],"floor_reached":41,"playtime":7046,"items_purged":["Hallownest:curseDreamersLament"],"score":506,"play_id":"c03c847b-b98a-423c-ac50-b7617743cdd4","local_time":"20201211133658","is_ascension_mode":false,"campfire_choices":[{"floor":6.0,"key":"RECALL"},{"floor":11.0,"key":"REST"},{"data":"DevaForm","floor":15.0,"key":"SMITH"},{"floor":23.0,"key":"REST"},{"data":"Eruption","floor":25.0,"key":"SMITH"},{"data":"Replay:LoomingThreat","floor":27.0,"key":"SMITH"},{"floor":29.0,"key":"REST"},{"floor":32.0,"key":"REST"}],"circlet_count":0,"master_deck":["Strike_P+1","Strike_P+1","Eruption+1","Vigilance","CurseOfTheBell","Swivel","WheelKick","ForeignInfluence","Hallownest:skillLeafShield+1","Hallownest:skillLeafShield+1","Hallownest:skillLeafShield+1","Hallownest:skillLeafShield+1","Hallownest:skillLeafShield+1","EmptyFist","DevaForm+1","Replay:LoomingThreat","Nirvana","Protect","Replay:LoomingThreat+1","LikeWater","EmptyBody","Replay:Vibes","Meditate","Study+1","Wish","FlurryOfBlows","Replay:AtTheReady","Devotion","EmptyBody+1","BattleHymn","Protect","Replay:DivineShield+1"],"relics":["Calling Bell","Orichalcum","Sundial","Pocketwatch","Hallownest:TeacherSealRelic","Mummified Hand","Replay:Bottled Eggs","Gambling Chip","Simple Rune","Empty Cage","conspire:TreasureMap","ReplayTheSpireMod:TigerMarble","Replay:Bandana","Black Star","hubris:Icosahedron"],"acts_visited":["Hallownest:Greenpath","theJungle:Jungle","TheBeyond"],"potions_floor_usage":[41],"damage_taken":[{"damage":1.0,"enemies":"2_ Uuma","floor":1.0,"turns":4.0},{"damage":0.0,"enemies":"Hallownest:monsterHuskWarrior","floor":2.0,"turns":5.0},{"damage":6.0,"enemies":"Hallownest:2_Tiktiks_and_1_Crawlid","floor":4.0,"turns":5.0},{"damage":3.0,"enemies":"Hallownest:1_Baldur_1_Crawlid_1_Warrior","floor":7.0,"turns":5.0},{"damage":26.0,"enemies":"Hallownest:eliteMossKnight","floor":10.0,"turns":10.0},{"damage":6.0,"enemies":"Hallownest:eliteCrystalGuardian","floor":12.0,"turns":5.0},{"damage":0.0,"enemies":"Hallownest:eliteVengeflyKing","floor":14.0,"turns":4.0},{"damage":9.0,"enemies":"Hallownest:BossBrokenVessel","floor":16.0,"turns":7.0},{"damage":10.0,"enemies":"theJungle:Flameango_and_Byrd","floor":18.0,"turns":5.0},{"damage":0.0,"enemies":"theJungle:GiantWrat","floor":19.0,"turns":4.0},{"damage":19.0,"enemies":"theJungle:JungleHuntersEncounter","floor":20.0,"turns":6.0},{"damage":8.0,"enemies":"theJungle:SlimyTreeVines","floor":21.0,"turns":7.0},{"damage":0.0,"enemies":"theJungle:Lyon","floor":24.0,"turns":5.0},{"damage":28.0,"enemies":"theJungle:2_Snecko_Cultists","floor":28.0,"turns":6.0},{"damage":11.0,"enemies":"theJungle:2_Flameangoes","floor":30.0,"turns":5.0},{"damage":0.0,"enemies":"theJungle:MamaSnecko","floor":31.0,"turns":8.0},{"damage":46.0,"enemies":"theJungle:TotemBoss","floor":33.0,"turns":14.0},{"damage":15.0,"enemies":"Orb Walker","floor":35.0,"turns":5.0},{"damage":19.0,"enemies":"3 Darklings","floor":40.0,"turns":7.0},{"damage":73,"enemies":"Transient","floor":41,"turns":4}],"seed_played":"2074206558170986710","potions_obtained":[{"floor":2.0,"key":"hexamod:EctoCoolerPotion"},{"floor":16.0,"key":"LiquidMemories"},{"floor":20.0,"key":"Fire Potion"},{"floor":21.0,"key":"PowerPotion"},{"floor":30.0,"key":"Weak Potion"},{"floor":31.0,"key":"Guardian:BlockOnCardUsePotion"},{"floor":40.0,"key":"Guardian:BlockOnCardUsePotion"}],"is_trial":false,"path_per_floor":["M","M","?","M","?","R","M","T","T","E","R","E","$","E","R","B",null,"M","M","M","M","$","R","M","R","T","R","M","R","M","E","R","B",null,"M","$","?","PTL","PTL","M","M"],"character_chosen":"WATCHER","items_purchased":["Nirvana","conspire:TreasureMap","BattleHymn","Protect"],"campfire_rested":4,"item_purchase_floors":[13,22,36,36],"current_hp_per_floor":[71,71,71,65,65,65,62,62,62,36,57,51,51,51,51,42,72,62,62,43,41,41,62,62,62,62,62,42,63,52,52,72,26,72,57,57,57,57,57,38,0,0],"gold":282,"neow_bonus":"BOSS_RELIC","is_daily":false,"chose_seed":false,"campfire_upgraded":3,"win_rate":0.0,"timestamp":1607690218,"path_taken":["M","?","?","M","?","R","M","?","T","E","R","E","$","E","R","BOSS","M","M","M","M","$","R","M","R","T","R","M","R","M","E","R","BOSS","M","$","?","PTL","PTL","M","M"],"items_purchased_type":["Card","Relic","Card","Card"],"build_version":"2020-11-30","purchased_purges":1,"victory":false,"max_hp_per_floor":[72,72,72,72,72,72,72,72,72,72,72,72,72,72,72,72,72,72,72,72,72,72,72,72,72,72,72,72,72,72,72,72,72,72,72,72,72,72,72,72,72,72],"card_choices":[{"not_picked":["ThirdEye","JustLucky"],"picked":"Swivel","floor":1.0},{"not_picked":["Evaluate","Replay:AtTheReady"],"picked":"WheelKick","floor":2.0},{"not_picked":["Replay:ManipulateFuture","Replay:Battleflow"],"picked":"ForeignInfluence","floor":4.0},{"not_picked":["CrushJoints","FollowUp"],"picked":"EmptyFist","floor":7.0},{"not_picked":["FlurryOfBlows","Halt"],"picked":"DevaForm","floor":10.0},{"not_picked":["Halt","EmptyMind"],"picked":"Replay:LoomingThreat","floor":12.0},{"not_picked":["Halt","Collect"],"picked":"Protect","floor":14.0},{"not_picked":["Omniscience","DeusExMachina"],"picked":"Replay:LoomingThreat","floor":16.0},{"not_picked":["WreathOfFlame+1","JustLucky"],"picked":"LikeWater","floor":18.0},{"not_picked":["Replay:ManipulateFuture","WaveOfTheHand"],"picked":"EmptyBody","floor":19.0},{"not_picked":["Fasting2","WaveOfTheHand"],"picked":"Replay:Vibes","floor":20.0},{"not_picked":["SashWhip","EmptyFist"],"picked":"Meditate","floor":21.0},{"not_picked":["SashWhip+1","Nirvana"],"picked":"Study+1","floor":24.0},{"not_picked":["CutThroughFate","Protect"],"picked":"Wish","floor":28.0},{"not_picked":["CrushJoints","WindmillStrike"],"picked":"FlurryOfBlows","floor":30.0},{"not_picked":["Crescendo","BowlingBash+1"],"picked":"Replay:AtTheReady","floor":31.0},{"not_picked":["Ragnarok","ConjureBlade"],"picked":"Devotion","floor":33.0},{"not_picked":["SashWhip","Indignation"],"picked":"EmptyBody+1","floor":35.0},{"not_picked":["FollowUp+1","Replay:AtTheReady"],"picked":"Replay:DivineShield+1","floor":40.0}],"player_experience":2056818,"relics_obtained":[{"floor":0.0,"key":"Orichalcum"},{"floor":0.0,"key":"Sundial"},{"floor":0.0,"key":"Pocketwatch"},{"floor":8.0,"key":"Mummified Hand"},{"floor":10.0,"key":"Replay:Bottled Eggs"},{"floor":12.0,"key":"Gambling Chip"},{"floor":14.0,"key":"Simple Rune"},{"floor":26.0,"key":"ReplayTheSpireMod:TigerMarble"},{"floor":31.0,"key":"Replay:Bandana"}],"event_choices":[],"is_beta":false,"boss_relics":[{"not_picked":["SacredBark","hubris:BlackHole"],"picked":"Empty Cage"},{"not_picked":["conspire:SeveredTorchhead","Replay:Drink Me"],"picked":"Black Star"}],"items_purged_floors":[13],"is_endless":false,"potions_floor_spawned":[2,16,20,21,30,31,40],"killed_by":"Transient","ascension_level":0}}