{"host":"99ad87xtd5ypi7ii","time":1607649871,"event":{"mods":["BaseMod","Hermit","Highlight Path","Marisa????????","Minty Spire (QoL Compilation)","Robot Space Explorer","StSLib","The Bladedancer","The Construct","The Cursed","The Disciple","The Elementalist","The Gatherer","The Hierophant","The Runesmith","The Servant 0.9.4","TheVacant"],"gold_per_floor":[112,112,112,123,142,142,142,142,167,199,210,61,91,104,104,200,200,216,216,131,151,170,196,196,196,219,246,277,288,288,321,333,444,456,485,512,574,511,524,552,139,165,165,165,184,210,210,223,223,223,223,223,74,105,105],"floor_reached":56,"playtime":4902,"items_purged":["blademaster:Strike","blademaster:Strike"],"score":1662,"play_id":"05b746ad-b0be-4162-aaa3-2fcd9aa6d3c4","local_time":"20201211022431","is_ascension_mode":true,"campfire_choices":[{"data":"blademaster:AirSlash","floor":6,"key":"SMITH"},{"data":"blademaster:RagingBlow","floor":8,"key":"SMITH"},{"floor":15,"key":"REST"},{"data":"blademaster:SharpBlades","floor":24,"key":"SMITH"},{"data":"blademaster:Sharpen","floor":30,"key":"SMITH"},{"floor":32,"key":"REST"},{"data":"blademaster:Empower","floor":47,"key":"SMITH"},{"floor":49,"key":"RECALL"},{"data":"blademaster:Empower","floor":52,"key":"SMITH"}],"circlet_count":0,"master_deck":["blademaster:Strike","blademaster:Defend","blademaster:Defend","blademaster:Defend","blademaster:Defend","blademaster:RagingBlow+1","blademaster:HighVoltage","blademaster:Havoc+1","blademaster:Safeguard","blademaster:Gust","blademaster:AirSlash+1","Finesse","blademaster:SharpBlades+1","blademaster:Flurry","blademaster:Breeze","blademaster:BrainBloom","blademaster:Flurry","blademaster:Empower+1","blademaster:Stability+1","blademaster:Sharpen+1","blademaster:Havoc","blademaster:Flash","blademaster:Sharpen","blademaster:Havoc","blademaster:Bloodbath","blademaster:Sharpen+1","blademaster:Stability","blademaster:Empower+1","blademaster:SharpBlades+1","blademaster:AwakeningStrike","blademaster:AirSlash+1","blademaster:Blockade+1"],"relics":["blademaster:DancersAmulet","elementalistmod:RedRibbon","Omamori","Ginger","Sling","Unceasing Top","Empty Cage","Gremlin Horn","Potion Belt","MutagenicStrength","Blood Vial","Red Mask","Bag of Marbles","MawBank","Sozu","Dead Branch","PreservedInsect","Strawberry","DollysMirror","Shuriken","StrikeDummy","Bronze Scales","Runesmith:AutoHammer"],"acts_visited":["Exordium","TheCity","TheBeyond","TheEnding"],"potions_floor_usage":[13,27,27,28,33,39,45],"damage_taken":[{"damage":0,"enemies":"Cultist","floor":1,"turns":3},{"damage":0,"enemies":"Small Slimes","floor":4,"turns":3},{"damage":0,"enemies":"Jaw Worm","floor":5,"turns":3},{"damage":30,"enemies":"Lagavulin","floor":10,"turns":7},{"damage":0,"enemies":"Blue Slaver","floor":11,"turns":3},{"damage":0,"enemies":"3 Sentries","floor":13,"turns":6},{"damage":0,"enemies":"Red Slaver","floor":14,"turns":3},{"damage":41,"enemies":"Hexaghost","floor":16,"turns":6},{"damage":4,"enemies":"Shell Parasite","floor":18,"turns":6},{"damage":0,"enemies":"Spheric Guardian","floor":21,"turns":3},{"damage":0,"enemies":"Cultist and Chosen","floor":22,"turns":4},{"damage":31,"enemies":"Slavers","floor":23,"turns":3},{"damage":0,"enemies":"Masked Bandits","floor":27,"turns":2},{"damage":27,"enemies":"Gremlin Leader","floor":28,"turns":4},{"damage":3,"enemies":"Shelled Parasite and Fungi","floor":29,"turns":3},{"damage":0,"enemies":"Book of Stabbing","floor":31,"turns":2},{"damage":0,"enemies":"Automaton","floor":33,"turns":6},{"damage":0,"enemies":"3 Darklings","floor":35,"turns":2},{"damage":0,"enemies":"3 Shapes","floor":36,"turns":1},{"damage":26,"enemies":"Mind Bloom Boss Battle","floor":37,"turns":4},{"damage":0,"enemies":"Transient","floor":39,"turns":5},{"damage":0,"enemies":"Reptomancer","floor":40,"turns":1},{"damage":0,"enemies":"Nemesis","floor":42,"turns":3},{"damage":0,"enemies":"Jaw Worm Horde","floor":45,"turns":2},{"damage":0,"enemies":"Giant Head","floor":46,"turns":1},{"damage":0,"enemies":"Writhing Mass","floor":48,"turns":3},{"damage":28,"enemies":"Awakened One","floor":50,"turns":5},{"damage":0,"enemies":"Shield and Spear","floor":54,"turns":1},{"damage":44,"enemies":"The Heart","floor":55,"turns":5}],"seed_played":"-2663497408165957914","potions_obtained":[{"floor":1,"key":"Regen Potion"},{"floor":11,"key":"ColorlessPotion"},{"floor":14,"key":"construct:ShiftPotion"},{"floor":16,"key":"LiquidMemories"},{"floor":21,"key":"Ancient Potion"},{"floor":23,"key":"AttackPotion"},{"floor":29,"key":"Energy Potion"},{"floor":31,"key":"DistilledChaos"}],"is_trial":false,"path_per_floor":["M","?","?","M","M","R","?","R","T","E","M","$","E","M","R","B",null,"M","?","?","M","M","E","R","?","T","?","E","M","R","E","R","B",null,"M","M","?","$","M","E","$","E","T","?","M","E","R","M","R","B",null,"R","$","E","B",null],"character_chosen":"THE_BLADEMASTER","items_purchased":["Sling","Strawberry","DollysMirror","Bronze Scales"],"campfire_rested":2,"item_purchase_floors":[12,41,41,53],"current_hp_per_floor":[82,82,82,82,82,82,82,82,82,52,52,52,52,52,76,35,82,78,78,78,78,78,47,47,47,47,49,33,32,32,34,58,60,82,82,82,56,56,58,60,67,69,69,69,71,73,73,75,75,49,89,89,89,89,45],"gold":105,"neow_bonus":"TEN_PERCENT_HP_BONUS","is_daily":false,"chose_seed":false,"campfire_upgraded":6,"win_rate":0.0,"timestamp":1607649871,"path_taken":["M","?","?","?","M","R","?","R","T","E","?","$","E","M","R","BOSS","M","?","?","M","M","E","R","?","T","?","E","M","R","E","R","BOSS","M","M","?","$","M","E","$","E","T","?","M","E","R","?","R","BOSS","R","$","E","BOSS"],"items_purchased_type":["Relic","Relic","Relic","Relic"],"build_version":"2020-11-30","purchased_purges":2,"victory":true,"max_hp_per_floor":[82,82,82,82,82,82,82,82,82,82,82,82,82,82,82,82,82,82,82,82,82,82,82,82,82,82,82,82,82,82,82,82,82,82,82,82,82,82,82,82,89,89,89,89,89,89,89,89,89,89,89,89,89,89,89],"card_choices":[{"not_picked":["blademaster:AncestralHealing","blademaster:Quickstep"],"picked":"blademaster:Havoc","floor":1},{"not_picked":["blademaster:DancingEdge","blademaster:Overcharge"],"picked":"blademaster:Safeguard","floor":4},{"not_picked":["blademaster:Safeguard","blademaster:AwakeningStrike"],"picked":"blademaster:Gust","floor":5},{"not_picked":["blademaster:Quickstep","blademaster:Sharpen"],"picked":"blademaster:SharpBlades","floor":10},{"not_picked":["blademaster:ThunderSlash","blademaster:Slice"],"picked":"blademaster:Flurry","floor":11},{"not_picked":["blademaster:AspectOfWind","blademaster:Momentum"],"picked":"blademaster:Breeze","floor":13},{"not_picked":["blademaster:Sharpen","blademaster:DragonStrike"],"picked":"blademaster:BrainBloom","floor":14},{"not_picked":["blademaster:EnchantedCuirass","blademaster:HighVoltage"],"picked":"blademaster:Empower","floor":16},{"not_picked":["blademaster:AwakeningDefend","blademaster:ChargingUp"],"picked":"blademaster:Stability+1","floor":18},{"not_picked":["blademaster:BladeMastery","blademaster:AwakeningStrike"],"picked":"blademaster:Havoc","floor":21},{"not_picked":["blademaster:LightningCrash+1","blademaster:DancingEdge"],"picked":"blademaster:Flash","floor":22},{"not_picked":["blademaster:Momentum","blademaster:BloodyBlow","blademaster:Hailwind"],"picked":"SKIP","floor":23},{"not_picked":["blademaster:Slice","blademaster:FuriousStrike"],"picked":"blademaster:Havoc","floor":27},{"not_picked":["blademaster:AspectOfWind","blademaster:Overcharge"],"picked":"blademaster:Bloodbath","floor":28},{"not_picked":["blademaster:LeechingStrike","blademaster:ThunderSlash","blademaster:Quickstep"],"picked":"SKIP","floor":29},{"not_picked":["blademaster:ChargingUp+1","blademaster:AwakeningDefend"],"picked":"blademaster:Stability","floor":31},{"not_picked":["blademaster:HighVoltage","blademaster:FlockOfBlades"],"picked":"blademaster:Empower","floor":33},{"not_picked":["blademaster:BladeCross","blademaster:EyeOfTheTornado","blademaster:AwakeningDefend"],"picked":"SKIP","floor":35},{"not_picked":["blademaster:Sharpen+1","blademaster:ParryingStrike+1","blademaster:SlyStabs"],"picked":"SKIP","floor":36},{"not_picked":["blademaster:Quickness","blademaster:AspectOfWind+1","blademaster:AirSlash"],"picked":"SKIP","floor":39},{"not_picked":["blademaster:Flash","blademaster:KiBarrier","blademaster:Stability+1"],"picked":"SKIP","floor":40},{"not_picked":["blademaster:Cut","blademaster:Gust","blademaster:Momentum+1"],"picked":"SKIP","floor":42},{"not_picked":["blademaster:DragonStrike+1","blademaster:AspectOfWind+1","blademaster:AspectOfLightning+1"],"picked":"SKIP","floor":45},{"not_picked":["blademaster:Slice+1","blademaster:AspectOfWind"],"picked":"blademaster:AwakeningStrike","floor":46},{"not_picked":["blademaster:Hailwind+1","blademaster:CombatPrep+1","blademaster:Frontflip+1"],"picked":"SKIP","floor":48},{"not_picked":["blademaster:ThunderingOpener+1","blademaster:EyeOfTheStorm+1","blademaster:ThunderSlash"],"picked":"SKIP","floor":54}],"player_experience":701909,"relics_obtained":[{"floor":9,"key":"Omamori"},{"floor":10,"key":"Ginger"},{"floor":10,"key":"blademaster:BleedingLaceratePerk"},{"floor":13,"key":"Unceasing Top"},{"floor":13,"key":"blademaster:BonusFuryPerk"},{"floor":23,"key":"blademaster:ComboEveryTurnPerk"},{"floor":23,"key":"Potion Belt"},{"floor":26,"key":"Blood Vial"},{"floor":27,"key":"Red Mask"},{"floor":28,"key":"Bag of Marbles"},{"floor":28,"key":"blademaster:RandomBladePerk"},{"floor":31,"key":"MawBank"},{"floor":31,"key":"blademaster:BleedingMoreDamagePerk"},{"floor":37,"key":"Dead Branch"},{"floor":37,"key":"blademaster:DextrousPerk"},{"floor":40,"key":"PreservedInsect"},{"floor":40,"key":"blademaster:StrongPerk"},{"floor":42,"key":"Shuriken"},{"floor":42,"key":"blademaster:FuryEveryTurnPerk"},{"floor":46,"key":"blademaster:BonusComboPerk"},{"floor":46,"key":"StrikeDummy"},{"floor":54,"key":"Runesmith:AutoHammer"},{"floor":54,"key":"blademaster:OnAttackedChargePerk"}],"event_choices":[{"damage_healed":0,"gold_gain":0,"player_choice":"Grow","damage_taken":0,"max_hp_gain":0,"max_hp_loss":0,"event_name":"Living Wall","floor":3,"gold_loss":0,"cards_upgraded":["blademaster:Havoc"]},{"damage_healed":0,"gold_gain":0,"player_choice":"2 cards matched","damage_taken":0,"max_hp_gain":0,"max_hp_loss":0,"event_name":"Match and Keep!","floor":7,"gold_loss":0,"cards_obtained":["blademaster:Sunder","Finesse"]},{"damage_healed":0,"gold_gain":0,"player_choice":"Read","damage_taken":0,"max_hp_gain":0,"max_hp_loss":0,"event_name":"The Library","floor":19,"gold_loss":0,"cards_obtained":["blademaster:Sharpen"]},{"damage_healed":0,"gold_gain":0,"player_choice":"Obtained Relic","damage_taken":0,"relics_obtained":["Gremlin Horn"],"max_hp_gain":0,"max_hp_loss":0,"event_name":"Addict","floor":20,"gold_loss":85},{"damage_healed":0,"gold_gain":0,"player_choice":"Inject Mutagens","damage_taken":0,"relics_obtained":["MutagenicStrength"],"max_hp_gain":0,"max_hp_loss":0,"event_name":"Drug Dealer","floor":25,"gold_loss":0},{"damage_healed":0,"gold_gain":0,"player_choice":"Fought Bandits","damage_taken":0,"max_hp_gain":0,"max_hp_loss":0,"event_name":"Masked Bandits","floor":27,"gold_loss":0},{"damage_healed":0,"gold_gain":0,"player_choice":"Fight","damage_taken":0,"max_hp_gain":0,"max_hp_loss":0,"event_name":"MindBloom","floor":37,"gold_loss":0},{"damage_healed":0,"gold_gain":0,"player_choice":"Ignored","damage_taken":0,"max_hp_gain":0,"max_hp_loss":0,"event_name":"SecretPortal","floor":44,"gold_loss":0}],"is_beta":false,"boss_relics":[{"not_picked":["Runesmith:UraniumAnvil","Tiny House"],"picked":"Empty Cage"},{"not_picked":["Coffee Dripper","Busted Crown"],"picked":"Sozu"}],"items_purged_floors":[38,41],"is_endless":false,"potions_floor_spawned":[1,11,14,16,21,23,29,31,37,40,42,46],"ascension_level":3}}