{"host":"nn0usk9aafse27ii","time":1607648682,"event":{"mods":["BaseMod","Colored Map","Highlight Path","Minty Spire (QoL Compilation)","Shop Mod","StSLib","The Cursed"],"gold_per_floor":[110,123,143,218,218,218,243,243,243,203,213,229,244,276,276,376,376,391,407,422,86,104,129,129,149,149,159,159,159,159,172,172,274,274,291,308,308,308],"floor_reached":37,"playtime":4452,"items_purged":["TheCursedMod:Strike_TheCursed"],"score":405,"play_id":"93c509dc-5c79-4e03-a78c-6f369ac48f9d","local_time":"20201210170442","is_ascension_mode":false,"campfire_choices":[{"floor":6.0,"key":"DIG"},{"floor":8.0,"key":"REST"},{"floor":15.0,"key":"REST"},{"floor":24.0,"key":"DIG"},{"floor":29.0,"key":"REST"},{"floor":32.0,"key":"DIG"}],"circlet_count":0,"master_deck":["TheCursedMod:Strike_TheCursed+1","TheCursedMod:Strike_TheCursed+1","TheCursedMod:Strike_TheCursed+1","TheCursedMod:Defend_TheCursed+1","TheCursedMod:Defend_TheCursed+1","TheCursedMod:Defend_TheCursed+1","TheCursedMod:Defend_TheCursed+1","TheCursedMod:CursedWand","TheCursedMod:CleanUpWorkshop","TheCursedMod:Dregs","TheCursedMod:ReleasedKnowledge","TheCursedMod:CursedSpellbook","TheCursedMod:CircleOfWindfury","TheCursedMod:CircleOfFlame","TheCursedMod:StingEye","TheCursedMod:Stigma","TheCursedMod:ParallelWorld","TheCursedMod:LuckyCharm","TheCursedMod:VoidForm","TheCursedMod:FleshFromBone+1","TheCursedMod:TroublousMinions","TheCursedMod:SpreadPlague","TheCursedMod:HellfireBreathing","TheCursedMod:Torture+1","TheCursedMod:CursedSpellbook","Regret","TheCursedMod:HellsGateOpen+1","TheCursedMod:WearCloak+1","TheCursedMod:DemonSword+1","TheCursedMod:CursedBlade+1"],"relics":["TheCursedMod:BlackMagic101","NeowsBlessing","Shovel","Toy Ornithopter","Pen Nib","Pantograph","Smiling Mask","Cursed Key","Torii","Lantern","Molten Egg 2","Darkstone Periapt","Nilry\u0027s Codex","TheCursedMod:OminousMark"],"acts_visited":["Exordium","TheCity","TheBeyond"],"potions_floor_usage":[37],"damage_taken":[{"damage":0.0,"enemies":"Cultist","floor":1.0,"turns":1.0},{"damage":0.0,"enemies":"2 Louse","floor":2.0,"turns":1.0},{"damage":0.0,"enemies":"Small Slimes","floor":3.0,"turns":1.0},{"damage":43.0,"enemies":"Lagavulin","floor":7.0,"turns":8.0},{"damage":2.0,"enemies":"2 Fungi Beasts","floor":11.0,"turns":3.0},{"damage":0.0,"enemies":"Gremlin Gang","floor":12.0,"turns":3.0},{"damage":0.0,"enemies":"Lots of Slimes","floor":13.0,"turns":3.0},{"damage":34.0,"enemies":"Gremlin Nob","floor":14.0,"turns":5.0},{"damage":35.0,"enemies":"The Guardian","floor":16.0,"turns":11.0},{"damage":5.0,"enemies":"Chosen","floor":18.0,"turns":4.0},{"damage":0.0,"enemies":"3 Byrds","floor":19.0,"turns":5.0},{"damage":11.0,"enemies":"Centurion and Healer","floor":20.0,"turns":6.0},{"damage":13.0,"enemies":"Snake Plant","floor":22.0,"turns":3.0},{"damage":1.0,"enemies":"Book of Stabbing","floor":23.0,"turns":5.0},{"damage":2.0,"enemies":"Sentry and Sphere","floor":25.0,"turns":4.0},{"damage":24.0,"enemies":"3 Cultists","floor":27.0,"turns":4.0},{"damage":11.0,"enemies":"Chosen and Byrds","floor":31.0,"turns":6.0},{"damage":31.0,"enemies":"Automaton","floor":33.0,"turns":8.0},{"damage":16.0,"enemies":"3 Shapes","floor":35.0,"turns":3.0},{"damage":18,"enemies":"Orb Walker","floor":36,"turns":3},{"damage":49,"enemies":"2 Orb Walkers","floor":37,"turns":3}],"seed_played":"-8272522007452175673","potions_obtained":[{"floor":3.0,"key":"CultistPotion"},{"floor":10.0,"key":"Block Potion"},{"floor":10.0,"key":"Energy Potion"},{"floor":10.0,"key":"Explosive Potion"},{"floor":16.0,"key":"Fire Potion"},{"floor":18.0,"key":"Weak Potion"},{"floor":20.0,"key":"DistilledChaos"},{"floor":22.0,"key":"AttackPotion"},{"floor":25.0,"key":"FearPotion"},{"floor":36,"key":"ColorlessPotion"}],"is_trial":false,"path_per_floor":["M","M","M","?","?","R","E","R","T","?","M","M","M","E","R","B",null,"M","M","M","$","M","E","R","M","T","M","?","R","?","M","R","B",null,"M","M","?"],"character_chosen":"THE_CURSED","items_purchased":["Torii"],"campfire_rested":3,"item_purchase_floors":[21],"current_hp_per_floor":[75,75,75,64,52,52,14,36,36,36,34,39,44,10,32,27,75,70,75,64,64,51,55,55,58,58,34,18,40,40,34,34,28,75,59,41,0,0],"gold":308,"neow_bonus":"THREE_ENEMY_KILL","is_daily":false,"chose_seed":false,"campfire_upgraded":0,"win_rate":0.0,"timestamp":1607648682,"path_taken":["M","?","M","?","?","R","E","R","T","?","M","M","M","E","R","BOSS","M","M","?","?","M","E","R","M","T","M","?","R","?","M","R","BOSS","M","M","?"],"items_purchased_type":["Relic"],"build_version":"2020-11-30","purchased_purges":1,"victory":false,"max_hp_per_floor":[75,75,75,75,75,75,75,75,75,75,75,75,75,75,75,75,75,75,75,75,75,75,75,75,75,75,75,75,75,75,75,75,75,75,75,75,75,75],"card_choices":[{"not_picked":["TheCursedMod:CursedMace","TheCursedMod:ReleasedStrength"],"picked":"TheCursedMod:ReleasedKnowledge","floor":1.0},{"not_picked":["TheCursedMod:WearCloak","TheCursedMod:FleshFromBone"],"picked":"TheCursedMod:CursedSpellbook","floor":2.0},{"not_picked":["TheCursedMod:StingEye","TheCursedMod:SurpriseAttack"],"picked":"TheCursedMod:CircleOfWindfury","floor":3.0},{"not_picked":["TheCursedMod:CursedAmulet","TheCursedMod:SpreadPlague"],"picked":"TheCursedMod:CircleOfFlame","floor":7.0},{"not_picked":["TheCursedMod:FleshFromBone","TheCursedMod:CircleOfCorruption"],"picked":"TheCursedMod:StingEye","floor":11.0},{"not_picked":["TheCursedMod:FleshFromBone","TheCursedMod:CircleOfFocus"],"picked":"TheCursedMod:Stigma","floor":12.0},{"not_picked":["TheCursedMod:TacticalStrike","TheCursedMod:CircleOfBlood"],"picked":"TheCursedMod:ParallelWorld","floor":13.0},{"not_picked":["TheCursedMod:SoulReap","TheCursedMod:CircleOfAmplification"],"picked":"TheCursedMod:LuckyCharm","floor":14.0},{"not_picked":["TheCursedMod:DarkBarrier","TheCursedMod:AntiAging"],"picked":"TheCursedMod:VoidForm","floor":16.0},{"not_picked":["TheCursedMod:ReleasedStrength+1","TheCursedMod:VitalStrike"],"picked":"TheCursedMod:FleshFromBone+1","floor":18.0},{"not_picked":["TheCursedMod:ReleasedStrength+1","TheCursedMod:CircleOfWindfury"],"picked":"TheCursedMod:TroublousMinions","floor":19.0},{"not_picked":["TheCursedMod:WearCloak","TheCursedMod:Stigma"],"picked":"TheCursedMod:SpreadPlague","floor":20.0},{"not_picked":["TheCursedMod:Stretching","TheCursedMod:CursedMace"],"picked":"TheCursedMod:HellfireBreathing","floor":22.0},{"not_picked":["TheCursedMod:DoubleShield","TheCursedMod:VitalStrike"],"picked":"TheCursedMod:Torture+1","floor":23.0},{"not_picked":["TheCursedMod:Stretching","TheCursedMod:CursedMace+1"],"picked":"TheCursedMod:CursedSpellbook","floor":25.0},{"not_picked":["TheCursedMod:CursedBlade+1","TheCursedMod:Wield+1"],"picked":"TheCursedMod:HellsGateOpen+1","floor":27.0},{"not_picked":["TheCursedMod:VitalStrike+1","TheCursedMod:Obscuration"],"picked":"TheCursedMod:WearCloak+1","floor":31.0},{"not_picked":["TheCursedMod:ShockAndAwe+1","TheCursedMod:CursedRelics+1"],"picked":"TheCursedMod:DemonSword+1","floor":33.0},{"not_picked":["TheCursedMod:Stretching","TheCursedMod:Torture+1"],"picked":"TheCursedMod:CursedBlade+1","floor":35.0},{"not_picked":["TheCursedMod:CursedMace+1","TheCursedMod:WearCloak","TheCursedMod:SpitefulStrike+1"],"picked":"SKIP","floor":36}],"player_experience":262029,"relics_obtained":[{"floor":6.0,"key":"Toy Ornithopter"},{"floor":7.0,"key":"Pen Nib"},{"floor":9.0,"key":"Pantograph"},{"floor":14.0,"key":"Smiling Mask"},{"floor":23.0,"key":"Lantern"},{"floor":24.0,"key":"Molten Egg 2"},{"floor":26.0,"key":"Darkstone Periapt"},{"floor":28.0,"key":"Nilry\u0027s Codex"}],"event_choices":[{"damage_healed":0.0,"max_hp_gain":0.0,"max_hp_loss":0.0,"gold_gain":75.0,"event_name":"World of Goop","player_choice":"Gather Gold","floor":4.0,"gold_loss":0.0,"damage_taken":11.0},{"damage_healed":0.0,"max_hp_gain":0.0,"max_hp_loss":0.0,"gold_gain":0.0,"event_name":"Scrap Ooze","player_choice":"Success","floor":5.0,"gold_loss":0.0,"damage_taken":12.0,"relics_obtained":["Shovel"]},{"damage_healed":0.0,"max_hp_gain":0.0,"max_hp_loss":0.0,"gold_gain":0.0,"event_name":"The Woman in Blue","player_choice":"Bought 3 Potions","floor":10.0,"gold_loss":0.0,"damage_taken":0.0},{"damage_healed":0.0,"max_hp_gain":0.0,"max_hp_loss":0.0,"gold_gain":0.0,"event_name":"Cursed Tome","player_choice":"Obtained Book","floor":28.0,"gold_loss":0.0,"damage_taken":16.0},{"damage_healed":0.0,"max_hp_gain":0.0,"max_hp_loss":0.0,"gold_gain":0.0,"event_name":"Back to Basics","player_choice":"Simplicity","floor":30.0,"gold_loss":0.0,"damage_taken":0.0,"cards_upgraded":["TheCursedMod:Strike_TheCursed","TheCursedMod:Strike_TheCursed","TheCursedMod:Strike_TheCursed","TheCursedMod:Defend_TheCursed","TheCursedMod:Defend_TheCursed","TheCursedMod:Defend_TheCursed","TheCursedMod:Defend_TheCursed"]},{"damage_healed":0,"gold_gain":0,"player_choice":"Fight","damage_taken":0,"max_hp_gain":0,"max_hp_loss":0,"event_name":"Mysterious Sphere","floor":37,"gold_loss":0}],"is_beta":false,"boss_relics":[{"not_picked":["Fusion Hammer","Velvet Choker"],"picked":"Cursed Key"},{"not_picked":["Pandora\u0027s Box","TheCursedMod:FourLeafCloverCharm"],"picked":"TheCursedMod:OminousMark"}],"items_purged_floors":[21],"is_endless":false,"potions_floor_spawned":[3,11,16,18,20,22,25,36],"killed_by":"2 Orb Walkers","ascension_level":0}}