{"host":"oumbqh1z6oj8ya5w","time":1607712090,"event":{"mods":["A Magickal Journey","AchievementEnabler","Act Like it!","Aspiration","BaseMod","Better Note","Conjunction","Gensokyo","Googly Eyes","Hallownest","Hyrulean Relics","Jedi Mod","Koishi","Marisa????????","Minty Spire (QoL Compilation)","Pale of the Ancients","Rare Cards Sparkle","Reimu??????","SCP261 Mod","SacredBarkPlus","StSLib","The Bladedancer","The Blue Laboratory","The Bug Knight","The Death Knight","The Forsaken","The Servant 0.9.4","The Spell Scribe","Uncapped"],"gold_per_floor":[359,379,398,398,32,58,58,86,165,165,245,272,290,17,17,107,107,132,146,146,26,1,1,49,49,49,49,80,80,94,137,137,137,137],"floor_reached":33,"playtime":1068,"items_purged":["Shame"],"score":486,"play_id":"e78e1fab-0882-434c-a3f9-bc3a95f8fad1","local_time":"20201211184130","is_ascension_mode":true,"campfire_choices":[{"data":"MysteriousBeam","floor":7,"key":"SMITH"},{"data":"EnergyFlow","floor":10,"key":"SMITH"},{"data":"MilkyWay","floor":15,"key":"SMITH"},{"data":"DeepEcoloBomb","floor":23,"key":"SMITH"},{"data":"CollectingQuirk","floor":25,"key":"SMITH"},{"floor":27,"key":"REST"},{"data":"BigCrunch","floor":29,"key":"SMITH"},{"floor":32,"key":"REST"}],"circlet_count":0,"master_deck":["AscendersBane","Strike_MRS","Strike_MRS","Strike_MRS","Defend_MRS","Defend_MRS","Defend_MRS","Defend_MRS","MasterSpark","UpSweep","NonDirectionalLaser","GrandCross","EnergyFlow+1","BigCrunch+1","MysteriousBeam+1","PowerUp","WitchOfGreed","NonDirectionalLaser","Orbital","MilkyWay+1","Finesse","Singularity","DoubleSpark","CollectingQuirk+1","ChargeUpSpray","DeepEcoloBomb+1","AsteroidBelt","SporeBomb+1","OrrerysSun","MagicAbsorber"],"relics":["MiniHakkero","TungstenRod","Peace Pipe","HollowMod:LifeEnderRelic","Meat on the Bone","Sozu","Gensokyo:DirgeOfMelancholy","Gensokyo:DemonMask","jedi:angrymask","Ornamental Fan"],"acts_visited":["Exordium","Gensokyo:Gensokyo"],"potions_floor_usage":[6,16,28,31],"damage_taken":[{"damage":9,"enemies":"Gensokyo:2_Kodama","floor":1,"turns":3},{"damage":0,"enemies":"Gensokyo:3_Fairies","floor":2,"turns":3},{"damage":9,"enemies":"Gensokyo:Gryphon","floor":3,"turns":3},{"damage":12,"enemies":"Gensokyo:Mamizou","floor":6,"turns":5},{"damage":0,"enemies":"Gensokyo:Cirno","floor":8,"turns":5},{"damage":12,"enemies":"Gensokyo:CorruptedTreant","floor":12,"turns":3},{"damage":10,"enemies":"Gensokyo:Python_and_Kodama","floor":13,"turns":3},{"damage":19,"enemies":"Gensokyo:Yukari","floor":16,"turns":5},{"damage":20,"enemies":"Gensokyo:CosmicMonolith","floor":18,"turns":4},{"damage":20,"enemies":"Gensokyo:AngelMirror","floor":19,"turns":3},{"damage":31,"enemies":"Gensokyo:Tenshi","floor":24,"turns":5},{"damage":17,"enemies":"Gensokyo:Swordslinger","floor":28,"turns":3},{"damage":24,"enemies":"Gensokyo:Mirror_and_Dog","floor":30,"turns":3},{"damage":11,"enemies":"Gensokyo:Koishi","floor":31,"turns":3},{"damage":52,"enemies":"Gensokyo:Kaguya","floor":33,"turns":9}],"seed_played":"5916153450162536315","potions_obtained":[{"floor":2,"key":"EssenceOfSteel"},{"floor":6,"key":"blueLaboratory:PhilterOfMotion"},{"floor":8,"key":"blueLaboratory:BottleOfVodka"},{"floor":12,"key":"DistilledChaos"},{"floor":16,"key":"EssenceOfSteel"}],"is_trial":false,"path_per_floor":["M","M","M","?","$","E","R","E","T","R","?","M","M","$","R","B",null,"M","M","?","?","$","R","E","R","T","R","M","R","M","E","R","B"],"character_chosen":"MARISA","items_purchased":["TungstenRod","MysteriousBeam","PowerUp","Finesse","Singularity","DoubleSpark","AsteroidBelt"],"campfire_rested":2,"item_purchase_floors":[5,5,5,14,14,14,22],"current_hp_per_floor":[59,59,50,50,50,38,38,38,38,38,38,38,40,40,40,33,65,45,37,37,37,37,37,18,18,18,40,35,35,23,24,46,0,0],"gold":137,"neow_bonus":"TWO_FIFTY_GOLD","is_daily":false,"chose_seed":false,"campfire_upgraded":6,"win_rate":0.0,"timestamp":1607712090,"path_taken":["M","M","M","?","$","E","R","E","T","R","?","?","M","$","R","BOSS","M","M","?","?","?","R","E","R","T","R","M","R","M","E","R","BOSS"],"items_purchased_type":["Relic","Card","Card","Card","Card","Card","Card"],"build_version":"2020-11-30","purchased_purges":1,"victory":false,"max_hp_per_floor":[75,75,75,75,75,75,75,75,75,75,75,75,75,75,75,75,75,75,75,75,75,75,75,75,75,75,75,75,75,75,75,75,75,75],"card_choices":[{"not_picked":["EventHorizon","Acceleration"],"picked":"NonDirectionalLaser","floor":1},{"not_picked":["WitchOfGreed","SporeBomb"],"picked":"GrandCross","floor":2},{"not_picked":["DoubleSpark","MaximisePower"],"picked":"EnergyFlow","floor":3},{"not_picked":["ShootingEcho","JA"],"picked":"WitchOfGreed","floor":6},{"not_picked":["WitchLeyline","SporeBomb"],"picked":"NonDirectionalLaser","floor":8},{"not_picked":["UnstableBomb","GrandCross"],"picked":"Orbital","floor":12},{"not_picked":["PowerUp","Robbery"],"picked":"MilkyWay","floor":13},{"not_picked":["MaximisePower","EscapeVelocity"],"picked":"CollectingQuirk","floor":16},{"not_picked":["Acceleration","SporeBomb"],"picked":"ChargeUpSpray","floor":18},{"not_picked":["ShootingEcho","FairyDestructionRay"],"picked":"DeepEcoloBomb","floor":19},{"not_picked":["Singularity","ShootingEcho","WitchOfGreed"],"picked":"SKIP","floor":24},{"not_picked":["PowerUp","SprinkleStarSeal"],"picked":"SporeBomb+1","floor":28},{"not_picked":["DeepEcoloBomb","DarkSpark"],"picked":"OrrerysSun","floor":30},{"not_picked":["DC","NonDirectionalLaser"],"picked":"MagicAbsorber","floor":31}],"player_experience":545970,"relics_obtained":[{"floor":6,"key":"Peace Pipe"},{"floor":8,"key":"HollowMod:LifeEnderRelic"},{"floor":9,"key":"Meat on the Bone"},{"floor":24,"key":"jedi:angrymask"},{"floor":31,"key":"Ornamental Fan"}],"event_choices":[],"is_beta":false,"boss_relics":[{"not_picked":["SlaversCollar","Fusion Hammer"],"picked":"Sozu"}],"items_purged_floors":[14],"is_endless":false,"potions_floor_spawned":[2,6,8,13,19,30],"killed_by":"Gensokyo:Kaguya","ascension_level":13}}