{"host":"by8i6f8xc0ywpsd5","time":1607691751,"event":{"mods":["BaseMod","Colored Map","Minty Spire (QoL Compilation)","Relic Stats"],"gold_per_floor":[16,35,51,51,62,62,97,97,97,111,145,145,145,420,420,420,420],"floor_reached":16,"playtime":679,"items_purged":[],"score":296,"play_id":"8d9d86c1-a520-4078-a5dc-d08a4cb6af28","local_time":"20201211150231","is_ascension_mode":true,"campfire_choices":[{"data":"Armaments","floor":6.0,"key":"SMITH"},{"data":"Battle Trance","floor":8.0,"key":"SMITH"},{"data":"Bash","floor":15.0,"key":"SMITH"}],"circlet_count":0,"master_deck":["AscendersBane","Strike_R","Strike_R","Strike_R","Strike_R","Defend_R","Defend_R","Defend_R","Bash+1","Battle Trance+1","Cleave","Armaments+1","Power Through","Shrug It Off","Shockwave","Impervious","Regret"],"relics":["Burning Blood","Incense Burner","Blue Candle","HornCleat","Golden Idol"],"acts_visited":["Exordium"],"potions_floor_usage":[16],"damage_taken":[{"damage":1.0,"enemies":"Cultist","floor":1.0,"turns":3.0},{"damage":7.0,"enemies":"2 Louse","floor":2.0,"turns":4.0},{"damage":9.0,"enemies":"Small Slimes","floor":3.0,"turns":4.0},{"damage":0.0,"enemies":"2 Fungi Beasts","floor":5.0,"turns":4.0},{"damage":39.0,"enemies":"Gremlin Nob","floor":7.0,"turns":5.0},{"damage":9.0,"enemies":"Exordium Thugs","floor":10.0,"turns":8.0},{"damage":1.0,"enemies":"Lagavulin","floor":11.0,"turns":9.0},{"damage":49,"enemies":"Slime Boss","floor":16,"turns":12}],"seed_played":"9034708589231340046","potions_obtained":[{"floor":1.0,"key":"Explosive Potion"},{"floor":7.0,"key":"BlessingOfTheForge"},{"floor":10.0,"key":"Swift Potion"}],"is_trial":false,"path_per_floor":["M","M","M","?","M","R","E","R","T","M","E","?","?","?","R","B"],"character_chosen":"IRONCLAD","items_purchased":[],"campfire_rested":0,"item_purchase_floors":[],"current_hp_per_floor":[73,72,69,69,75,75,42,42,42,39,44,44,37,37,37,0,0],"gold":420,"neow_bonus":"THREE_RARE_CARDS","is_daily":false,"chose_seed":false,"campfire_upgraded":3,"win_rate":0.0,"timestamp":1607691751,"path_taken":["M","M","M","?","M","R","E","R","T","M","E","?","?","?","R","BOSS"],"items_purchased_type":[],"build_version":"2020-11-30","purchased_purges":0,"victory":false,"max_hp_per_floor":[75,75,75,75,75,75,75,75,75,75,75,68,68,68,68,68,68],"relic_stats":{"counters":[8,49],"Golden Idol":0,"Blue Candle":[1],"obtain_stats":[{"HornCleat":11,"Golden Idol":12,"Blue Candle":9,"Incense Burner":7,"Burning Blood":0},{"HornCleat":7,"Golden Idol":7,"Blue Candle":5,"Incense Burner":5,"Burning Blood":0},{"HornCleat":37,"Golden Idol":37,"Blue Candle":20,"Incense Burner":20,"Burning Blood":0}],"Burning Blood":42},"card_choices":[{"not_picked":["Double Tap","Limit Break"],"picked":"Corruption","floor":0.0},{"not_picked":["Feel No Pain","Armaments"],"picked":"Battle Trance","floor":1.0},{"not_picked":["Seeing Red","Perfected Strike"],"picked":"Cleave","floor":2.0},{"not_picked":["Pommel Strike","Anger"],"picked":"Armaments","floor":3.0},{"not_picked":["Power Through","Perfected Strike"],"picked":"Shrug It Off","floor":5.0},{"not_picked":["Burning Pact","Clothesline"],"picked":"Shockwave","floor":7.0},{"not_picked":["Flex","Intimidate"],"picked":"Impervious","floor":10.0},{"not_picked":["Heavy Blade","Warcry","True Grit"],"picked":"SKIP","floor":11.0}],"player_experience":1622967,"relics_obtained":[{"floor":7.0,"key":"Incense Burner"},{"floor":9.0,"key":"Blue Candle"},{"floor":11.0,"key":"HornCleat"}],"event_choices":[{"damage_healed":0.0,"max_hp_gain":0.0,"max_hp_loss":0.0,"gold_gain":0.0,"cards_transformed":["Strike_R"],"event_name":"Living Wall","player_choice":"Change","floor":4.0,"gold_loss":0.0,"damage_taken":0.0,"cards_obtained":["Power Through"]},{"damage_healed":0.0,"max_hp_gain":0.0,"max_hp_loss":7.0,"gold_gain":0.0,"event_name":"Golden Idol","player_choice":"Lose Max HP","floor":12.0,"gold_loss":0.0,"damage_taken":0.0,"relics_obtained":["Golden Idol"]},{"cards_removed":["Defend_R"],"damage_healed":0.0,"max_hp_gain":0.0,"max_hp_loss":0.0,"gold_gain":0.0,"event_name":"Golden Wing","player_choice":"Card Removal","floor":13.0,"gold_loss":0.0,"damage_taken":7.0},{"damage_healed":0.0,"max_hp_gain":0.0,"max_hp_loss":0.0,"gold_gain":275.0,"event_name":"Golden Shrine","player_choice":"Desecrate","floor":14.0,"gold_loss":0.0,"damage_taken":0.0,"cards_obtained":["Regret"]}],"is_beta":false,"boss_relics":[],"items_purged_floors":[],"is_endless":false,"potions_floor_spawned":[1,7,10],"killed_by":"Slime Boss","ascension_level":17}}