{"host":"pgqkv8mh62pnrbci","time":1607694137,"event":{"mods":["AchievementEnabler","BaseMod","Custom Start","Minty Spire (QoL Compilation)","Replay The Spire","StSLib","SuperFastMode","¡¼?Úª?ø«¡½REMEMod"],"gold_per_floor":[117,267,279,279,279,310,323,59,59,78,96,114,125,125,125,201,201,220,54,68,68,68],"floor_reached":21,"playtime":692,"items_purged":["Strike_G"],"score":406,"play_id":"3cb6eb4b-347c-42d0-be23-4e030977ca58","local_time":"20201211224217","is_ascension_mode":true,"campfire_choices":[],"circlet_count":0,"master_deck":["AscendersBane","Strike_G","Strike_G","Strike_G","Strike_G","Defend_G","Defend_G","Defend_G","Defend_G","Survivor","Neutralize","Vault","Hidden Blade","REME_GreenPollution","Cloak And Dagger","Acrobatics+1","REME_AllRoundStrike","Blade Dance","Corpse Explosion","Flash of Steel"],"relics":["Ring of the Snake","REME_ComplimentaryCards","NeowsBlessing","Replay:Accelerometer","Du-Vu Doll","Bottled Lightning","REME_LowDesire","Ancient Tea Set","ReplayFunnel","Medical Kit"],"acts_visited":["Exordium","TheCity"],"potions_floor_usage":[],"damage_taken":[{"damage":0.0,"enemies":"Jaw Worm","floor":1.0,"turns":1.0},{"damage":0.0,"enemies":"2 Louse","floor":3.0,"turns":1.0},{"damage":0.0,"enemies":"Lagavulin","floor":6.0,"turns":1.0},{"damage":10.0,"enemies":"Small Slimes","floor":7.0,"turns":4.0},{"damage":17.0,"enemies":"Gremlin Gang","floor":10.0,"turns":6.0},{"damage":0.0,"enemies":"Looter","floor":11.0,"turns":4.0},{"damage":8.0,"enemies":"Blue Slaver","floor":12.0,"turns":4.0},{"damage":12.0,"enemies":"Large Slime","floor":13.0,"turns":4.0},{"damage":25.0,"enemies":"The Guardian","floor":16.0,"turns":13.0},{"damage":10.0,"enemies":"Chosen","floor":18.0,"turns":5.0},{"damage":31.0,"enemies":"2 Thieves","floor":20.0,"turns":3.0},{"damage":24,"enemies":"Snecko","floor":21,"turns":4}],"seed_played":"-8470797923885900907","potions_obtained":[{"floor":6.0,"key":"Swift Potion"},{"floor":10.0,"key":"GamblersBrew"},{"floor":12.0,"key":"Weak Potion"},{"floor":18.0,"key":"Dexterity Potion"}],"is_trial":false,"path_per_floor":["M","?","M","?","?","E","M","$","T","M","M","M","M","?","R","B",null,"M","$","M","M"],"character_chosen":"THE_SILENT","items_purchased":["REME_AllRoundStrike","Medical Kit"],"campfire_rested":0,"item_purchase_floors":[8,19],"current_hp_per_floor":[59,59,59,59,54,54,44,44,44,27,27,19,7,7,26,1,50,40,40,9,0,0],"gold":68,"neow_bonus":"THREE_ENEMY_KILL","is_daily":false,"chose_seed":false,"campfire_upgraded":0,"win_rate":0.0,"timestamp":1607694137,"path_taken":["M","?","M","?","?","E","M","?","T","M","M","?","M","?","R","BOSS","M","$","M","M"],"items_purchased_type":["Card","Relic"],"build_version":"2020-11-30","purchased_purges":1,"victory":false,"max_hp_per_floor":[66,66,66,66,66,66,66,66,66,66,66,66,66,66,66,66,66,66,66,66,66,66],"card_choices":[{"not_picked":["Dodge and Roll","Dagger Spray"],"picked":"Hidden Blade","floor":1.0},{"not_picked":["Prepared","Quick Slash"],"picked":"REME_GreenPollution","floor":3.0},{"not_picked":["Bouncing Flask","Poisoned Stab"],"picked":"Cloak And Dagger","floor":6.0},{"not_picked":["Dagger Throw","Endless Agony"],"picked":"Acrobatics","floor":7.0},{"not_picked":["Dodge and Roll","Expertise","Acrobatics"],"picked":"SKIP","floor":10.0},{"not_picked":["Crippling Poison","Dagger Spray","Draining Mist"],"picked":"SKIP","floor":11.0},{"not_picked":["PiercingWail","Replay:Poison Smokescreen"],"picked":"Blade Dance","floor":12.0},{"not_picked":["Choke","Quick Slash","Heel Hook"],"picked":"SKIP","floor":13.0},{"not_picked":["Doppelganger","Burst"],"picked":"Corpse Explosion","floor":16.0},{"not_picked":["Footwork","Prepared","Backflip"],"picked":"Flash of Steel","floor":18.0},{"not_picked":["Dagger Spray","ReplayTheSpireMod:Exploit Weakness","Riddle With Holes","Poisoned Strike"],"picked":"SKIP","floor":20.0}],"player_experience":532764,"relics_obtained":[{"floor":6.0,"key":"Du-Vu Doll"},{"floor":9.0,"key":"Bottled Lightning"},{"floor":17.0,"key":"Ancient Tea Set"},{"floor":17.0,"key":"ReplayFunnel"}],"event_choices":[{"damage_healed":0.0,"max_hp_gain":0.0,"max_hp_loss":0.0,"gold_gain":150.0,"event_name":"Liars Game","player_choice":"AGREE","floor":2.0,"gold_loss":0.0,"damage_taken":0.0,"cards_obtained":["Doubt"]},{"cards_removed":["Doubt"],"damage_healed":0.0,"max_hp_gain":0.0,"max_hp_loss":0.0,"gold_gain":0.0,"event_name":"Living Wall","player_choice":"Forget","floor":4.0,"gold_loss":0.0,"damage_taken":0.0},{"damage_healed":0.0,"max_hp_gain":0.0,"max_hp_loss":0.0,"gold_gain":0.0,"event_name":"Scrap Ooze","player_choice":"Success","floor":5.0,"gold_loss":0.0,"damage_taken":5.0,"relics_obtained":["Replay:Accelerometer"]}],"is_beta":false,"boss_relics":[{"not_picked":["SacredBark","HoveringKite"],"picked":"REME_LowDesire"}],"items_purged_floors":[8],"is_endless":false,"potions_floor_spawned":[6,10,12,18],"killed_by":"Snecko","ascension_level":19}}