{"host":"owp3md0algd3028i","time":1607724723,"event":{"mods":["AchievementEnabler","Aspiration","BaseMod","BetterRewards","Colored Map","Colored Powertips","Conspire","Custom Start","DeckTracker","Defuse TimeMaze Blight","Energized Spire","GifTheSpireLib","Halation","Highlight Path","Hubris","Infinite Spire","Minty Spire (QoL Compilation)","Permanent Neow","Quick Restart","Replay The Spire","Reworked Bosses","Shop Mod","StSLib","SuperFastMode","vexMod"],"gold_per_floor":[118,118,118,132,147,147,172,172,250,250,269,301,318,337,337,355,355],"floor_reached":16,"playtime":615,"items_purged":[],"score":118,"play_id":"febb1058-e107-43bd-b8ca-6c35cf6518a7","local_time":"20201211161203","is_ascension_mode":true,"campfire_choices":[{"data":"Zap","floor":6,"key":"SMITH"},{"floor":8,"key":"REST"},{"floor":15,"key":"REST"}],"circlet_count":0,"master_deck":["Strike_B","Strike_B","Strike_B","Strike_B","Defend_B","Defend_B","Defend_B","Defend_B","Zap+1","Dualcast","Turbo","Ball Lightning","hubris:PowerSurge+1","Cold Snap","conspire:SharedLibrary","Genetic Algorithm","Beam Cell","Conserve Battery"],"relics":["Cracked Core","halation:PrussianBluePaint","Tiny Chest","Replay:Rubber Ducky","infinitespire:Midas Blood","ReplayTheSpireMod:Shallot"],"acts_visited":["Exordium"],"potions_floor_usage":[],"damage_taken":[{"damage":0,"enemies":"conspire:RoseBush","floor":1,"turns":3},{"damage":3,"enemies":"Jaw Worm","floor":4,"turns":3},{"damage":14,"enemies":"infinitespire:Voidling","floor":5,"turns":4},{"damage":21,"enemies":"3 Sentries","floor":7,"turns":6},{"damage":2,"enemies":"Blue Slaver","floor":11,"turns":2},{"damage":27,"enemies":"Lagavulin","floor":12,"turns":6},{"damage":9,"enemies":"Gremlin Gang","floor":13,"turns":3},{"damage":0,"enemies":"2 Fungi Beasts","floor":14,"turns":3},{"damage":55,"enemies":"Fading Forest","floor":16,"turns":8}],"seed_played":"-3630329970936735471","potions_obtained":[{"floor":1,"key":"SpeedPotion"},{"floor":4,"key":"PowerPotion"},{"floor":11,"key":"Weak Potion"}],"is_trial":false,"path_per_floor":["M","?","?","M","M","R","E","R","T","?","M","E","M","M","R","B"],"character_chosen":"DEFECT","items_purchased":[],"campfire_rested":2,"item_purchase_floors":[],"current_hp_per_floor":[75,75,75,72,58,58,37,59,59,59,57,30,21,21,43,0,0],"gold":355,"neow_bonus":"RANDOM_COMMON_RELIC","is_daily":false,"chose_seed":false,"campfire_upgraded":1,"win_rate":0.0,"timestamp":1607724723,"path_taken":["M","?","?","?","M","R","E","R","T","?","M","E","M","M","R","BOSS"],"items_purchased_type":[],"build_version":"2020-11-30","purchased_purges":0,"victory":false,"max_hp_per_floor":[75,75,75,75,75,75,75,75,75,75,75,75,75,75,75,75,75],"card_choices":[{"not_picked":["Redo","Fusion"],"picked":"Turbo","floor":1},{"not_picked":["Scrape","Stack"],"picked":"Ball Lightning","floor":4},{"not_picked":["Reprogram","Panic Button"],"picked":"hubris:PowerSurge","floor":5},{"not_picked":["Reinforced Body","Rebound"],"picked":"Cold Snap","floor":7},{"not_picked":["Coolheaded","Streamline"],"picked":"conspire:SharedLibrary","floor":11},{"not_picked":["Crystallizer","Conserve Battery"],"picked":"Genetic Algorithm","floor":12},{"not_picked":["ReplayTheSpireMod:GoodbyeWorld","Recycle"],"picked":"Beam Cell","floor":13},{"not_picked":["ReplaySolidLightProjector","Hologram"],"picked":"Conserve Battery","floor":14}],"player_experience":36609,"relics_obtained":[{"floor":3,"key":"Tiny Chest"},{"floor":7,"key":"Replay:Rubber Ducky"},{"floor":9,"key":"infinitespire:Midas Blood"},{"floor":12,"key":"ReplayTheSpireMod:Shallot"}],"event_choices":[{"damage_healed":0,"gold_gain":0,"player_choice":"Leave","damage_taken":0,"max_hp_gain":0,"max_hp_loss":0,"event_name":"The Cleric","floor":2,"gold_loss":0},{"damage_healed":0,"gold_gain":0,"player_choice":"Relic","damage_taken":0,"max_hp_gain":0,"max_hp_loss":0,"event_name":"Wheel of Change","floor":3,"gold_loss":0},{"damage_healed":0,"gold_gain":0,"player_choice":"Upgraded","damage_taken":0,"max_hp_gain":0,"max_hp_loss":0,"event_name":"Upgrade Shrine","floor":10,"gold_loss":0,"cards_upgraded":["hubris:PowerSurge"]}],"is_beta":false,"boss_relics":[],"items_purged_floors":[],"is_endless":false,"potions_floor_spawned":[1,4,11],"killed_by":"Fading Forest","ascension_level":1}}