{"host":"3xls0xm49ftugio7","time":1607683461,"event":{"mods":["2.2 Compatiblity","AchievementEnabler","Act Like it!","BaseMod","Colored Powertips","GifTheSpireLib","Hermit","Minty Spire (QoL Compilation)","Quick Restart","Relic Stats","StSLib","The Florist","The Hierophant"],"gold_per_floor":[366,366,45,45,63,63,63],"floor_reached":6,"playtime":228,"items_purged":[],"score":66,"play_id":"5af9194a-8757-4fde-b60a-33d3b575dcb7","local_time":"20201211124421","is_ascension_mode":true,"campfire_choices":[],"circlet_count":0,"master_deck":["AscendersBane","hermit:Strike_Hermit","hermit:Strike_Hermit","hermit:Strike_Hermit","hermit:Strike_Hermit","hermit:Defend_Hermit","hermit:Defend_Hermit+1","hermit:Defend_Hermit","hermit:Defend_Hermit+1","hermit:Snapshot","hermit:Covet","Pain","hermit:BodyArmor","hermit:Dissolve"],"relics":["hermit:Momento","Darkstone Periapt","War Paint"],"acts_visited":["Exordium"],"potions_floor_usage":[],"damage_taken":[{"damage":0,"enemies":"Cultist","floor":1,"turns":3},{"damage":10,"enemies":"Small Slimes","floor":5,"turns":5},{"damage":55,"enemies":"3 Sentries","floor":6,"turns":16}],"seed_played":"4054666400139114831","potions_obtained":[{"floor":5,"key":"Ancient Potion"}],"is_trial":false,"path_per_floor":["M","T","$","?","M","E"],"character_chosen":"HERMIT","items_purchased":["War Paint","hermit:Dissolve"],"campfire_rested":0,"item_purchase_floors":[3,3],"current_hp_per_floor":[64,64,64,64,54,0,0],"gold":63,"neow_bonus":"TWO_FIFTY_GOLD","is_daily":false,"chose_seed":false,"campfire_upgraded":0,"win_rate":0.0,"timestamp":1607683461,"path_taken":["M","?","$","?","M","E"],"items_purchased_type":["Relic","Card"],"build_version":"2020-11-30","purchased_purges":0,"victory":false,"max_hp_per_floor":[71,71,71,71,71,71,71],"relic_stats":{"Darkstone Periapt":0,"counters":[3,24],"War Paint":["hermit:Defend_Hermit","hermit:Defend_Hermit"],"obtain_stats":[{"Darkstone Periapt":2,"War Paint":3,"hermit:Momento":0},{"Darkstone Periapt":1,"War Paint":1,"hermit:Momento":0},{"Darkstone Periapt":3,"War Paint":3,"hermit:Momento":0}]},"card_choices":[{"not_picked":["hermit:Midnight","hermit:LuckOfTheDraw"],"picked":"hermit:BodyArmor","floor":1},{"not_picked":["hermit:Feint","hermit:Roulette","hermit:HoleUp"],"picked":"SKIP","floor":5}],"player_experience":809677,"relics_obtained":[{"floor":2,"key":"Darkstone Periapt"}],"event_choices":[{"damage_healed":0,"gold_gain":0,"player_choice":"Ignored","damage_taken":0,"max_hp_gain":0,"max_hp_loss":0,"event_name":"Fountain of Cleansing","floor":4,"gold_loss":0}],"is_beta":false,"boss_relics":[],"items_purged_floors":[],"is_endless":false,"potions_floor_spawned":[5],"killed_by":"3 Sentries","ascension_level":19}}