{"host":"cjhtzh7tp54jdfyv","time":1607724457,"event":{"mods":["BaseMod","Minty Spire (QoL Compilation)"],"gold_per_floor":[114,114,130,143,14,14,34,34,34,44,71,82,115,130,130,201,201,216,216,12,22,22,22,42,73,73,73,73],"floor_reached":27,"playtime":2224,"items_purged":["Strike_G"],"score":590,"play_id":"fe1ba4d2-0dfe-4b7a-8987-89778cc6805e","local_time":"20201211170737","is_ascension_mode":true,"campfire_choices":[{"data":"Noxious Fumes","floor":6,"key":"SMITH"},{"floor":8,"key":"REST"},{"data":"Crippling Poison","floor":15,"key":"SMITH"},{"data":"Ghostly","floor":23,"key":"SMITH"}],"circlet_count":0,"master_deck":["AscendersBane","Strike_G","Strike_G","Strike_G","Strike_G","Defend_G","Defend_G","Defend_G","Defend_G","Defend_G","Survivor","Neutralize","Dagger Throw","Quick Slash","Noxious Fumes+1","Slice","Malaise","Crippling Poison+1","Backflip","Footwork","Backflip+1","Ghostly+1","Ghostly","Ghostly","Dash+1","PiercingWail","Parasite"],"relics":["SlaversCollar","HornCleat","Bag of Preparation","Anchor","Vajra","Cursed Key","Membership Card","Blood Vial"],"acts_visited":["Exordium","TheCity"],"potions_floor_usage":[7,13,27,27],"damage_taken":[{"damage":8,"enemies":"2 Louse","floor":1,"turns":4},{"damage":11,"enemies":"Cultist","floor":3,"turns":6},{"damage":2,"enemies":"Jaw Worm","floor":4,"turns":6},{"damage":7,"enemies":"Gremlin Gang","floor":7,"turns":5},{"damage":0,"enemies":"2 Fungi Beasts","floor":10,"turns":4},{"damage":17,"enemies":"3 Sentries","floor":11,"turns":6},{"damage":0,"enemies":"3 Louse","floor":12,"turns":3},{"damage":8,"enemies":"Lagavulin","floor":13,"turns":6},{"damage":7,"enemies":"Exordium Thugs","floor":14,"turns":4},{"damage":0,"enemies":"Hexaghost","floor":16,"turns":9},{"damage":8,"enemies":"Chosen","floor":18,"turns":4},{"damage":2,"enemies":"3 Byrds","floor":21,"turns":5},{"damage":0,"enemies":"Centurion and Healer","floor":24,"turns":7},{"damage":26,"enemies":"Book of Stabbing","floor":25,"turns":6},{"damage":48,"enemies":"Gremlin Leader","floor":27,"turns":9}],"seed_played":"-8423931647295516187","potions_obtained":[{"floor":10,"key":"FairyPotion"},{"floor":11,"key":"EssenceOfSteel"},{"floor":14,"key":"Energy Potion"},{"floor":16,"key":"DuplicationPotion"},{"floor":24,"key":"Regen Potion"}],"is_trial":false,"path_per_floor":["M","?","M","M","$","R","M","R","T","M","E","M","E","M","R","B",null,"M","?","$","M","?","R","M","E","T","E"],"character_chosen":"THE_SILENT","items_purchased":["Noxious Fumes","FearPotion","Membership Card"],"campfire_rested":1,"item_purchase_floors":[5,5,20],"current_hp_per_floor":[51,51,40,38,38,38,31,50,50,50,33,33,25,18,18,18,54,46,33,33,31,43,43,43,17,17,0,0],"gold":73,"neow_bonus":"BOSS_RELIC","is_daily":false,"chose_seed":false,"campfire_upgraded":3,"win_rate":0.0,"timestamp":1607724457,"path_taken":["M","?","M","M","$","R","?","R","T","M","E","M","E","M","R","BOSS","M","?","$","M","?","R","M","E","T","E"],"items_purchased_type":["Card","Potion","Relic"],"build_version":"2020-11-30","purchased_purges":1,"victory":false,"max_hp_per_floor":[66,66,66,66,66,66,66,66,66,66,66,66,66,66,66,66,66,66,33,33,33,43,43,43,43,43,43,43],"card_choices":[{"not_picked":["Flying Knee","Cloak And Dagger"],"picked":"Poisoned Stab","floor":1},{"not_picked":["Blade Dance","Caltrops"],"picked":"Dagger Throw","floor":3},{"not_picked":["Prepared","Distraction"],"picked":"Quick Slash","floor":4},{"not_picked":["Heel Hook","PiercingWail"],"picked":"Slice","floor":7},{"not_picked":["Flying Knee","Deflect","Dagger Spray"],"picked":"SKIP","floor":10},{"not_picked":["Bane","Unload"],"picked":"Malaise","floor":11},{"not_picked":["Acrobatics","Riddle With Holes"],"picked":"Crippling Poison","floor":12},{"not_picked":["Flying Knee","Dagger Spray"],"picked":"Backflip","floor":13},{"not_picked":["Prepared","Dodge and Roll"],"picked":"Footwork","floor":14},{"not_picked":["Grand Finale","Phantasmal Killer"],"picked":"Die Die Die","floor":16},{"not_picked":["Concentrate","Sucker Punch"],"picked":"Backflip+1","floor":18},{"not_picked":["Accuracy","Underhanded Strike"],"picked":"Dash+1","floor":21},{"not_picked":["Deadly Poison","Accuracy"],"picked":"PiercingWail","floor":24},{"not_picked":["Flechettes","Dodge and Roll","Distraction"],"picked":"SKIP","floor":25}],"player_experience":4142201,"relics_obtained":[{"floor":9,"key":"Bag of Preparation"},{"floor":11,"key":"Anchor"},{"floor":13,"key":"Vajra"},{"floor":25,"key":"Blood Vial"}],"event_choices":[{"cards_removed":["Poisoned Stab"],"damage_healed":0,"gold_gain":0,"player_choice":"Gave Card","damage_taken":0,"relics_obtained":["HornCleat"],"max_hp_gain":0,"max_hp_loss":0,"event_name":"WeMeetAgain","floor":2,"gold_loss":0},{"damage_healed":0,"gold_gain":0,"player_choice":"Became a Ghost","damage_taken":0,"max_hp_gain":0,"max_hp_loss":33,"event_name":"Ghosts","floor":19,"gold_loss":0,"cards_obtained":["Ghostly","Ghostly","Ghostly"]},{"cards_removed":["Die Die Die"],"damage_healed":2,"gold_gain":0,"player_choice":"Offered Rare","damage_taken":0,"max_hp_gain":10,"max_hp_loss":0,"event_name":"Bonfire Elementals","floor":22,"gold_loss":0}],"is_beta":false,"boss_relics":[{"not_picked":["Tiny House","Busted Crown"],"picked":"Cursed Key"}],"items_purged_floors":[20],"is_endless":false,"potions_floor_spawned":[10,11,14,16,21,24,25],"killed_by":"Gremlin Leader","ascension_level":20}}