{"host":"9v3x998ddbx8o276","time":1607726607,"event":{"mods":["AchievementEnabler","BaseMod","Colored Map","Highlight Path","Minty Spire (QoL Compilation)","Quick Restart","Rare Cards Sparkle"],"gold_per_floor":[114,34,52,65,30,30,59,70,93,104,179,179,214,224,224,297,297,314,327,327,13,13,13,13,30,30,30,30,59,59,85,85,160,160,178,190,140,160,175,175,175],"floor_reached":40,"playtime":1829,"items_purged":["Heatsinks"],"score":872,"play_id":"c9e8b5ca-870c-46e4-a2ba-8294633c0afe","local_time":"20201212091327","is_ascension_mode":true,"campfire_choices":[{"data":"Sweeping Beam","floor":6.0,"key":"SMITH"},{"floor":12.0,"key":"REST"},{"floor":15.0,"key":"REST"},{"floor":23.0,"key":"REST"},{"data":"Defragment","floor":28.0,"key":"SMITH"},{"data":"Buffer","floor":30.0,"key":"SMITH"},{"floor":32.0,"key":"REST"}],"circlet_count":0,"master_deck":["AscendersBane","Zap","Dualcast","Ball Lightning","Cold Snap","Undo","Sweeping Beam+1","BootSequence+1","FTL","Leap","Self Repair+1","Beam Cell","Genetic Algorithm","Conserve Battery","Electrodynamics","Heatsinks","Defragment+1","Fusion","Auto Shields","Ball Lightning","Rainbow","Conserve Battery","Steam","Leap","Capacitor+1","Leap","Skim+1","Buffer+1","Thunder Strike+1","Hologram+1","Amplify","Parasite"],"relics":["Cracked Core","Dream Catcher","Happy Flower","Pandora\u0027s Box","Bronze Scales","Nloth\u0027s Gift","Eternal Feather","Orichalcum","Molten Egg 2","Busted Crown"],"acts_visited":["Exordium","TheCity","TheBeyond"],"potions_floor_usage":[40],"damage_taken":[{"damage":1.0,"enemies":"Cultist","floor":1.0,"turns":3.0},{"damage":3.0,"enemies":"2 Louse","floor":3.0,"turns":3.0},{"damage":8.0,"enemies":"Small Slimes","floor":4.0,"turns":3.0},{"damage":25.0,"enemies":"Gremlin Nob","floor":7.0,"turns":4.0},{"damage":0.0,"enemies":"Blue Slaver","floor":8.0,"turns":3.0},{"damage":0.0,"enemies":"Lots of Slimes","floor":10.0,"turns":2.0},{"damage":20.0,"enemies":"Lagavulin","floor":13.0,"turns":5.0},{"damage":0.0,"enemies":"2 Fungi Beasts","floor":14.0,"turns":2.0},{"damage":48.0,"enemies":"The Guardian","floor":16.0,"turns":17.0},{"damage":2.0,"enemies":"3 Byrds","floor":18.0,"turns":3.0},{"damage":19.0,"enemies":"Chosen","floor":19.0,"turns":5.0},{"damage":8.0,"enemies":"Snake Plant","floor":25.0,"turns":3.0},{"damage":38.0,"enemies":"Gremlin Leader","floor":29.0,"turns":7.0},{"damage":23.0,"enemies":"Slavers","floor":31.0,"turns":3.0},{"damage":11.0,"enemies":"Collector","floor":33.0,"turns":11.0},{"damage":0.0,"enemies":"3 Shapes","floor":35.0,"turns":4.0},{"damage":32.0,"enemies":"3 Darklings","floor":36.0,"turns":7.0},{"damage":0.0,"enemies":"Maw","floor":38.0,"turns":7.0},{"damage":13,"enemies":"Writhing Mass","floor":39,"turns":9},{"damage":156,"enemies":"Giant Head","floor":40,"turns":11}],"seed_played":"-7970795051479281630","potions_obtained":[{"floor":0.0,"key":"FairyPotion"},{"floor":0.0,"key":"DistilledChaos"},{"floor":8.0,"key":"Fire Potion"},{"floor":13.0,"key":"DuplicationPotion"},{"floor":35.0,"key":"Block Potion"}],"is_trial":false,"path_per_floor":["M","$","M","M","?","R","E","M","T","M","?","R","E","M","R","B",null,"M","M","?","$","?","R","?","M","T","$","R","E","R","E","R","B",null,"M","M","?","M","M","E"],"character_chosen":"DEFECT","items_purchased":["Ball Lightning","Cold Snap","Bronze Scales","Capacitor"],"campfire_rested":4,"item_purchase_floors":[2,2,21,21],"current_hp_per_floor":[63,63,60,52,69,69,44,44,44,44,33,54,41,41,62,21,59,64,52,52,52,52,71,71,70,70,70,71,40,55,32,68,64,69,71,53,53,71,68,0,0],"gold":175,"neow_bonus":"THREE_SMALL_POTIONS","is_daily":false,"chose_seed":false,"campfire_upgraded":3,"win_rate":0.0,"timestamp":1607726607,"path_taken":["M","$","M","M","?","R","E","M","T","M","?","R","E","M","R","BOSS","M","M","?","$","?","R","?","?","T","$","R","E","R","E","R","BOSS","M","M","?","?","M","E"],"items_purchased_type":["Card","Card","Relic","Card"],"build_version":"2020-11-30","purchased_purges":1,"victory":false,"max_hp_per_floor":[71,71,71,71,71,71,71,71,71,71,71,71,71,71,71,71,71,71,71,71,71,71,71,71,71,71,71,71,71,71,71,71,71,71,71,71,71,71,71,71,71],"card_choices":[{"not_picked":["Consume","Leap"],"picked":"Cold Snap","floor":1.0},{"not_picked":["Seek","Coolheaded"],"picked":"Undo","floor":3.0},{"not_picked":["Self Repair","Auto Shields"],"picked":"Sweeping Beam","floor":4.0},{"not_picked":["Auto Shields","Tempest"],"picked":"BootSequence","floor":7.0},{"not_picked":["Steam","Consume"],"picked":"FTL","floor":8.0},{"not_picked":["Doom and Gloom","Rebound"],"picked":"Leap","floor":10.0},{"not_picked":["Stack","Turbo"],"picked":"Self Repair","floor":12.0},{"not_picked":["Redo","Sweeping Beam"],"picked":"Beam Cell","floor":13.0},{"not_picked":["Melter","Barrage"],"picked":"Genetic Algorithm","floor":14.0},{"not_picked":["Leap","Tempest"],"picked":"Conserve Battery","floor":15.0},{"not_picked":["Amplify","Buffer"],"picked":"Electrodynamics","floor":16.0},{"not_picked":["Hello World","FTL"],"picked":"Steam","floor":18.0},{"not_picked":["Cold Snap","Conserve Battery"],"picked":"Leap","floor":19.0},{"not_picked":["Compile Driver","Rebound"],"picked":"Leap","floor":23.0},{"not_picked":["Gash","Rip and Tear"],"picked":"Skim+1","floor":25.0},{"not_picked":["Meteor Strike","Leap"],"picked":"Buffer","floor":29.0},{"not_picked":["Multi-Cast","Chill"],"picked":"Thunder Strike+1","floor":31.0},{"not_picked":["Self Repair","Sunder+1"],"picked":"Hologram+1","floor":32.0},{"not_picked":["Meteor Strike+1","Thunder Strike+1"],"picked":"Amplify","floor":33.0},{"not_picked":["Gash+1"],"picked":"SKIP","floor":35.0},{"not_picked":["Redo"],"picked":"SKIP","floor":36.0},{"not_picked":["Leap"],"picked":"SKIP","floor":38.0},{"not_picked":["Hello World"],"picked":"SKIP","floor":39}],"player_experience":2018163,"relics_obtained":[{"floor":7.0,"key":"Dream Catcher"},{"floor":9.0,"key":"War Paint"},{"floor":13.0,"key":"Happy Flower"},{"floor":26.0,"key":"Eternal Feather"},{"floor":29.0,"key":"Orichalcum"},{"floor":31.0,"key":"Molten Egg 2"}],"event_choices":[{"damage_healed":17.0,"max_hp_gain":0.0,"max_hp_loss":0.0,"gold_gain":0.0,"event_name":"The Cleric","player_choice":"Healed","floor":5.0,"gold_loss":35.0,"damage_taken":0.0},{"damage_healed":0.0,"max_hp_gain":0.0,"max_hp_loss":0.0,"gold_gain":75.0,"event_name":"World of Goop","player_choice":"Gather Gold","floor":11.0,"gold_loss":0.0,"damage_taken":11.0},{"damage_healed":0.0,"max_hp_gain":0.0,"max_hp_loss":0.0,"gold_gain":0.0,"event_name":"Vampires","player_choice":"Ignored","floor":20.0,"gold_loss":0.0,"damage_taken":0.0},{"cards_removed":["Cold Snap"],"damage_healed":0.0,"max_hp_gain":0.0,"max_hp_loss":0.0,"gold_gain":0.0,"event_name":"Back to Basics","player_choice":"Elegance","floor":22.0,"gold_loss":0.0,"damage_taken":0.0},{"damage_healed":0.0,"max_hp_gain":0.0,"max_hp_loss":0.0,"gold_gain":0.0,"event_name":"N\u0027loth","player_choice":"Traded Relic","floor":24.0,"relics_lost":["War Paint"],"gold_loss":0.0,"damage_taken":0.0,"relics_obtained":["Nloth\u0027s Gift"]},{"damage_healed":0.0,"max_hp_gain":0.0,"max_hp_loss":0.0,"gold_gain":0.0,"event_name":"Designer","player_choice":"Upgraded Two","floor":37.0,"gold_loss":50.0,"damage_taken":0.0,"cards_upgraded":["Self Repair","Capacitor"]}],"is_beta":false,"boss_relics":[{"not_picked":["Cursed Key","Fusion Hammer"],"picked":"Pandora\u0027s Box"},{"not_picked":["Tiny House","Snecko Eye"],"picked":"Busted Crown"}],"items_purged_floors":[21],"is_endless":false,"potions_floor_spawned":[7,8,10,13,14,18,19,31,35,36,38],"killed_by":"Giant Head","ascension_level":20}}