{"host":"e7sl0pd4xxdbbdh2","time":1607691970,"event":{"mods":["BaseMod","Better Third Choice","Colored Map","Colored Powertips","Hubris","Minty Spire (QoL Compilation)","Replay The Spire","StSLib","SuperFastMode"],"gold_per_floor":[118,118,43,43,55,55,69,69,69,69,84,84,84],"floor_reached":12,"playtime":434,"items_purged":[],"score":129,"play_id":"7425231f-cdcb-4a08-884c-9531f94d5c10","local_time":"20201211100610","is_ascension_mode":true,"campfire_choices":[{"data":"Bash","floor":6.0,"key":"SMITH"},{"data":"Crow Ritual","floor":8.0,"key":"SMITH"},{"data":"Shrug It Off","floor":10.0,"key":"SMITH"}],"circlet_count":0,"master_deck":["AscendersBane","Strike_R","Strike_R","Strike_R","Strike_R","Defend_R","Defend_R","Defend_R","Defend_R","Bash+1","Crow Ritual+1","Dropkick","Shrug It Off+1","Pommel Strike"],"relics":["Burning Blood","White Beast Statue"],"acts_visited":["Exordium"],"potions_floor_usage":[12],"damage_taken":[{"damage":6.0,"enemies":"Cultist","floor":1.0,"turns":3.0},{"damage":14.0,"enemies":"Jaw Worm","floor":5.0,"turns":4.0},{"damage":7.0,"enemies":"Small Slimes","floor":7.0,"turns":5.0},{"damage":20.0,"enemies":"3 Louse","floor":11.0,"turns":4.0},{"damage":30,"enemies":"3 Sentries","floor":12,"turns":6}],"seed_played":"7126173638237508628","potions_obtained":[{"floor":1.0,"key":"ElixirPotion"},{"floor":7.0,"key":"Weak Potion"},{"floor":11.0,"key":"BlessingOfTheForge"}],"is_trial":false,"path_per_floor":["M","?","?","$","M","R","M","R","T","R","M","E"],"character_chosen":"IRONCLAD","items_purchased":[],"campfire_rested":0,"item_purchase_floors":[],"current_hp_per_floor":[50,50,50,50,42,42,41,41,41,41,27,0,0],"gold":84,"neow_bonus":"RANDOM_COLORLESS_2","is_daily":false,"chose_seed":false,"campfire_upgraded":3,"win_rate":0.0,"timestamp":1607691970,"path_taken":["M","?","?","?","M","R","M","R","T","R","M","E"],"items_purchased_type":[],"build_version":"2020-11-30","purchased_purges":0,"victory":false,"max_hp_per_floor":[75,75,75,75,75,75,75,75,75,75,75,75,75],"card_choices":[{"not_picked":["Violence","Secret Technique"],"picked":"Crow Ritual","floor":0.0},{"not_picked":["ReplayTheSpireMod:LeadingStrike","Massacre","Heavy Blade"],"picked":"SKIP","floor":1.0},{"not_picked":["Run Through","Body Slam"],"picked":"Dropkick","floor":5.0},{"not_picked":["Armaments","Iron Wave"],"picked":"Shrug It Off","floor":7.0},{"not_picked":["Sever Soul","Iron Wave"],"picked":"Pommel Strike","floor":11.0}],"player_experience":1581871,"relics_obtained":[{"floor":9.0,"key":"White Beast Statue"}],"event_choices":[{"damage_healed":0.0,"max_hp_gain":0.0,"max_hp_loss":0.0,"gold_gain":0.0,"event_name":"betterThird:BetterSerpent","player_choice":"Ignored","floor":2.0,"gold_loss":0.0,"damage_taken":118.0},{"cards_removed":["Strike_R"],"damage_healed":0.0,"max_hp_gain":0.0,"max_hp_loss":0.0,"gold_gain":0.0,"event_name":"The Cleric","player_choice":"Card Removal","floor":3.0,"gold_loss":75.0,"damage_taken":0.0}],"is_beta":false,"boss_relics":[],"items_purged_floors":[],"is_endless":false,"potions_floor_spawned":[1,7,11],"killed_by":"3 Sentries","ascension_level":18}}