{"host":"lwwqbwdzs2rnn16y","time":1607652447,"event":{"mods":["Act Like it!","BaseMod","Hallownest","Hermit","Jorbs\u0027s Wanderer Trilogy","Minty Spire (QoL Compilation)","StSLib","The Animator","The Bug Knight","The Cursed","The Necromancer","The Runesmith","[IsaacMod]????"],"gold_per_floor":[118,118,131,131,59,94,106,106,106,120,134,147,179,189,189,290,290,305,96,96,6,156,188,205,216,216,309,309,327,327,109,109,207,207,217,273,273,16,16,16],"floor_reached":39,"playtime":3046,"items_purged":["stsjorbsmod:Strike_Wanderer"],"score":531,"play_id":"784e162b-f617-477e-87c5-d617f1b2c6ad","local_time":"20201210230727","is_ascension_mode":true,"campfire_choices":[{"data":"DoctorFetus","floor":15,"key":"SMITH"},{"data":"stsjorbsmod:ScorchingRay","floor":27,"key":"SMITH"},{"data":"stsjorbsmod:RayOfFrost","floor":30,"key":"SMITH"},{"floor":32,"key":"REST"}],"circlet_count":0,"master_deck":["stsjorbsmod:ForbiddenGrimoire+1","stsjorbsmod:Strike_Wanderer","stsjorbsmod:Strike_Wanderer","stsjorbsmod:Strike_Wanderer+1","stsjorbsmod:FreshAdventure","stsjorbsmod:EyeOfTheStorm","DoctorFetus+1","stsjorbsmod:ScorchingRay+1","stsjorbsmod:FranticSearch","stsjorbsmod:BookOfTongues","stsjorbsmod:ArcaneWeapon","stsjorbsmod:MistyStep","Hallownest:skillLeafShield","Hallownest:skillLeafShield","Hallownest:skillLeafShield","Hallownest:skillLeafShield","Hallownest:skillLeafShield","stsjorbsmod:HoldMonster","stsjorbsmod:Message","stsjorbsmod:DoubleCheck+1","stsjorbsmod:Index","stsjorbsmod:Entangle","stsjorbsmod:Pyromancy","stsjorbsmod:TrueStrike","stsjorbsmod:ParryingBlow","stsjorbsmod:Mindworm","stsjorbsmod:RayOfFrost+1","stsjorbsmod:EyeOfTheStorm","stsjorbsmod:Banish","stsjorbsmod:ArcaneWeapon","stsjorbsmod:Mindworm"],"relics":["stsjorbsmod:GrimoireRelic","HushsDoor","GuppysHead","NeowsBlessing","DeathBook","TheBible","PreservedInsect","Busted Crown","Chaos","Hallownest:StagBellRelic1","Strawberry","BloodBag","BookOfRevelations","DollysMirror","BelialBook","NineVolt","HornCleat"],"acts_visited":["Hallownest:Greenpath","Hallownest:CityofTears","Hallownest:KingdomsEdge"],"potions_floor_usage":[13,13,13,33,36],"damage_taken":[{"damage":0,"enemies":"Hallownest:monsterHuskGuard","floor":1,"turns":1},{"damage":0,"enemies":"Hallownest:monsterHuskWarrior","floor":3,"turns":1},{"damage":0,"enemies":"Hallownest:eliteMossKnight","floor":6,"turns":1},{"damage":0,"enemies":"Hallownest:2_MossCreeps","floor":7,"turns":1},{"damage":11,"enemies":"Hallownest:Guard_and_Warrior","floor":10,"turns":6},{"damage":0,"enemies":"Hallownest:monsterAspidMother","floor":11,"turns":3},{"damage":0,"enemies":"Hallownest:1_Baldur_1_Crawlid_1_Warrior","floor":12,"turns":5},{"damage":9,"enemies":"Hallownest:eliteVengeflyKing","floor":13,"turns":4},{"damage":8,"enemies":"Hallownest:1_Ooma_and_2_Uuma","floor":14,"turns":5},{"damage":10,"enemies":"Hallownest:BossBrokenVessel","floor":16,"turns":6},{"damage":7,"enemies":"Hallownest:Guard_and_Sentry","floor":18,"turns":4},{"damage":14,"enemies":"Hallownest:eliteSoulWarrior","floor":23,"turns":7},{"damage":10,"enemies":"Hallownest:2_Mistakes","floor":24,"turns":3},{"damage":12,"enemies":"Hallownest:monsterShrumalOgre","floor":25,"turns":4},{"damage":13,"enemies":"Hallownest:monsterMisterMushroom","floor":29,"turns":4},{"damage":0,"enemies":"Hallownest:BossMantisLord","floor":33,"turns":5},{"damage":16,"enemies":"Hallownest:2_Littles","floor":35,"turns":6},{"damage":35,"enemies":"Hallownest:2_Primals","floor":36,"turns":2},{"damage":0,"enemies":"Hallownest:2_Primals","floor":39,"turns":2}],"seed_played":"-4189081543157271009","potions_obtained":[{"floor":3,"key":"LiquidBronze"},{"floor":6,"key":"SneckoOil"},{"floor":10,"key":"ColorlessPotion"},{"floor":16,"key":"stsjorbsmod:DimensionDoorPotion"},{"floor":18,"key":"Strength Potion"},{"floor":24,"key":"CultistPotion"},{"floor":35,"key":"AttackPotion"}],"is_trial":false,"path_per_floor":["M","?","M","?","$","E","M","?","T","M","M","M","E","M","R","B",null,"M","$","?","?","?","E","M","M","T","R","?","M","R","$","R","B",null,"M","?","?","$","?"],"character_chosen":"WANDERER","items_purchased":["stsjorbsmod:BookOfTongues","Chaos","stsjorbsmod:TrueStrike","BookOfRevelations","BelialBook","stsjorbsmod:Banish","HornCleat"],"campfire_rested":1,"item_purchase_floors":[5,19,19,31,34,34,38],"current_hp_per_floor":[68,68,68,59,59,60,61,61,61,54,56,58,51,46,46,40,68,62,62,62,62,62,57,48,37,37,32,32,20,20,20,44,47,69,57,22,22,22,22,22],"gold":16,"neow_bonus":"THREE_ENEMY_KILL","is_daily":false,"chose_seed":false,"campfire_upgraded":3,"win_rate":0.0,"timestamp":1607652447,"path_taken":["M","?","M","?","?","E","M","?","T","M","?","M","E","M","R","BOSS","M","$","?","?","?","E","M","?","T","R","?","M","R","$","R","BOSS","M","?","?","$","?"],"items_purchased_type":["Card","Card","Card","Relic","Relic","Card","Relic"],"build_version":"2020-11-30","purchased_purges":1,"victory":false,"max_hp_per_floor":[68,68,68,68,68,68,68,68,68,68,68,68,68,68,68,68,68,68,68,68,68,68,75,75,75,75,82,82,82,82,82,82,82,69,69,69,69,69,69,69],"card_choices":[{"not_picked":[],"picked":"DoctorFetus","floor":0},{"not_picked":["stsjorbsmod:Mending","stsjorbsmod:Mindworm"],"picked":"stsjorbsmod:ScorchingRay","floor":1},{"not_picked":["stsjorbsmod:BurningFlask","stsjorbsmod:Index"],"picked":"stsjorbsmod:FranticSearch","floor":3},{"not_picked":["stsjorbsmod:SchoolsOfMagic","stsjorbsmod:ColorSpray"],"picked":"stsjorbsmod:ArcaneWeapon","floor":6},{"not_picked":["stsjorbsmod:TrueStrike","stsjorbsmod:ParryingBlow"],"picked":"stsjorbsmod:MistyStep","floor":7},{"not_picked":["stsjorbsmod:WanderingMind","stsjorbsmod:RefuseToForget"],"picked":"stsjorbsmod:HoldMonster","floor":10},{"not_picked":["stsjorbsmod:DisguiseSelf","stsjorbsmod:Counterspell"],"picked":"stsjorbsmod:Message","floor":11},{"not_picked":["stsjorbsmod:Mending","stsjorbsmod:HedgeWizard"],"picked":"stsjorbsmod:DoubleCheck","floor":12},{"not_picked":["stsjorbsmod:RayOfFrost","stsjorbsmod:Prepare"],"picked":"stsjorbsmod:Index","floor":13},{"not_picked":["stsjorbsmod:UnseenServant","stsjorbsmod:BlackTentacles"],"picked":"stsjorbsmod:Entangle","floor":14},{"not_picked":["stsjorbsmod:Fireball","stsjorbsmod:IvoryTower"],"picked":"stsjorbsmod:Pyromancy","floor":16},{"not_picked":["stsjorbsmod:Introspection"],"picked":"SKIP","floor":18},{"not_picked":[],"picked":"stsjorbsmod:ParryingBlow","floor":23},{"not_picked":["stsjorbsmod:Will+1"],"picked":"SKIP","floor":24},{"not_picked":[],"picked":"stsjorbsmod:Mindworm","floor":25},{"not_picked":[],"picked":"stsjorbsmod:RayOfFrost","floor":29},{"not_picked":[],"picked":"stsjorbsmod:ArcaneWeapon","floor":35},{"not_picked":[],"picked":"stsjorbsmod:Mindworm","floor":36}],"player_experience":433524,"relics_obtained":[{"floor":6,"key":"DeathBook"},{"floor":9,"key":"TheBible"},{"floor":13,"key":"PreservedInsect"},{"floor":23,"key":"Strawberry"},{"floor":26,"key":"BloodDonationMachine"},{"floor":36,"key":"NineVolt"}],"event_choices":[],"is_beta":false,"boss_relics":[{"not_picked":["Ectoplasm","Velvet Choker"],"picked":"Busted Crown"},{"not_picked":[]},{"not_picked":["Smiling Mask","HowToJump"],"picked":"DollysMirror"},{"not_picked":[]}],"items_purged_floors":[31],"is_endless":false,"potions_floor_spawned":[3,6,10,16,18,24,35],"killed_by":"Hallownest:2_Primals","ascension_level":1}}