{"host":"j4tm1fhkymdbe3p9","time":1607673631,"event":{"mods":["A Magickal Journey","BaseMod","Better Third Choice","BetterRewards","Chen","Downfall","Hermit","Hubris","Infinite Spire","Koishi","Luminous","Marisa????????","Mimic Mod","Minty Spire (QoL Compilation)","Reimu??????","Remilia??????","Replay The Spire","Shade Mod","Shop Mod","StSLib","The Animator","The Blackbeard","The Bladedancer","The Construct","The Cursed","The Disciple","The Druid","The Exalted","The Gatherer","The Hierophant","The Mystic","The Necromancer","The Runesmith","The Servant 0.9.4","The Spell Scribe","TheSwordswoman","??????REMEMod"],"gold_per_floor":[119,136,136,136,154,186,186,186,224,224,184,184,184,204,204,305,305,324,337,355,368,378,388,421,535,535,555,236,247,247,247,247,343,343,360,374,374,374,386,415,442,442,467,478,496,496,530,542,542,542],"floor_reached":51,"playtime":3028,"items_purged":[],"score":738,"play_id":"ff5a30a6-bca2-44b2-8987-360a00872071","local_time":"20201211030031","is_ascension_mode":false,"campfire_choices":[{"data":"Koishi:HauntingSlash","floor":7,"key":"SMITH"},{"floor":12,"key":"REST"},{"floor":15,"key":"REST"},{"floor":30,"key":"REST"},{"floor":32,"key":"DIG"},{"floor":42,"key":"REST"},{"data":"Koishi:JumpScare","floor":46,"key":"SMITH"},{"floor":49,"key":"DIG"}],"circlet_count":0,"master_deck":["Koishi:BasicStrike+1","Koishi:BasicStrike","Koishi:BasicStrike","Koishi:BasicStrike","Koishi:BasicDefend+1","Koishi:BasicDefend","Koishi:BasicDefend","Koishi:BasicDefend","Koishi:Provoke+1","Koishi:HauntingSlash+1","ScarletCoffin","Koishi:PredatoryInstincts","Koishi:BloodcurdlingScream","Koishi:Whimsy","Koishi:MindNumbingTerror","Koishi:JumpScare+1","Koishi:UnseenTerror","Koishi:HeartStoppingHorror","Koishi:JumpScare","Koishi:DreadfulBlow","Koishi:StingingMind+1","Koishi:DreadfulBlow","Koishi:TremblingHands","Koishi:GeneticsOfTheUnconscious+1","Koishi:DreadfulBlow","Koishi:DreadfulBlow+1","Koishi:TremblingHands","hubris:NaturalOne","Koishi:TerrifyingSpectre","Koishi:PredatoryInstincts","Koishi:TremblingHands+1","Koishi:JumpScare+1","Koishi:PredatoryInstincts+1"],"relics":["REME_ComplimentaryCards","Runesmith:UraniumAnvil","Mango","Orichalcum","Blue Doll","hubris:BundleOfHerbs","hubris:Icosahedron","PaintedHorse:ReiMu","Replay:Mystery Machine","WingedGreaves","hubris:ScarierMask","infinitespire:Satchel","hubris:GlazedTorus","Singing Bowl","Replay:Rubber Ducky","Black Star","Juzu Bracelet","Lantern","Koishi:AHoleWhereASisterShouldBe","hubris:TenFootPole","Darkstone Periapt","ReplayTheSpireMod:TigerMarble","Omamori","Potion Belt","REME_IWantAll"],"acts_visited":["Exordium","TheCity","TheBeyond"],"potions_floor_usage":[8,16,19,40,40],"damage_taken":[{"damage":0,"enemies":"Cultist","floor":1,"turns":5},{"damage":0,"enemies":"2 Louse","floor":2,"turns":3},{"damage":1,"enemies":"Jaw Worm","floor":5,"turns":4},{"damage":38,"enemies":"Lagavulin","floor":6,"turns":9},{"damage":4,"enemies":"Lagavulin","floor":8,"turns":8},{"damage":8,"enemies":"Red Slaver","floor":9,"turns":5},{"damage":7,"enemies":"Red Slaver","floor":14,"turns":4},{"damage":36,"enemies":"Hexaghost","floor":16,"turns":10},{"damage":7,"enemies":"Shell Parasite","floor":18,"turns":4},{"damage":20,"enemies":"Spheric Guardian","floor":19,"turns":4},{"damage":0,"enemies":"Centurion and Healer","floor":20,"turns":3},{"damage":0,"enemies":"3 Cultists","floor":21,"turns":4},{"damage":27,"enemies":"Snake Plant","floor":22,"turns":4},{"damage":10,"enemies":"Snecko","floor":23,"turns":4},{"damage":28,"enemies":"Book of Stabbing","floor":24,"turns":5},{"damage":0,"enemies":"Cultist and Chosen","floor":25,"turns":4},{"damage":6,"enemies":"3 Cultists","floor":27,"turns":4},{"damage":15,"enemies":"Snake Plant","floor":29,"turns":3},{"damage":10,"enemies":"Champ","floor":33,"turns":9},{"damage":17,"enemies":"Orb Walker","floor":35,"turns":4},{"damage":11,"enemies":"3 Shapes","floor":36,"turns":2},{"damage":42,"enemies":"Spire Growth","floor":39,"turns":5},{"damage":40,"enemies":"Nemesis","floor":40,"turns":7},{"damage":25,"enemies":"Giant Head","floor":41,"turns":10},{"damage":16,"enemies":"4 Shapes","floor":44,"turns":4},{"damage":5,"enemies":"Jaw Worm Horde","floor":45,"turns":4},{"damage":0,"enemies":"R_Hoarder","floor":47,"turns":7},{"damage":21,"enemies":"Spire Growth","floor":48,"turns":5},{"damage":119,"enemies":"Replay:Hell Engine","floor":50,"turns":13}],"seed_played":"5078857319943693819","potions_obtained":[{"floor":2,"key":"Energy Potion"},{"floor":2,"key":"Elixir"},{"floor":5,"key":"SteroidPotion"},{"floor":5,"key":"FairyPotion"},{"floor":8,"key":"Strength Potion"},{"floor":18,"key":"Explosive Potion"},{"floor":19,"key":"Milkshake"},{"floor":22,"key":"Explosive Potion"},{"floor":36,"key":"Fire Potion"},{"floor":44,"key":"Ancient Potion"},{"floor":45,"key":"Guardian:BlockOnCardUsePotion"},{"floor":48,"key":"Energy Potion"}],"is_trial":false,"path_per_floor":["M","M","?","$","M","E","R","?","MIM","?","?","R","?","M","R","B",null,"M","M","M","M","M","M","E","M","T","M","$","M","R","?","R","B",null,"M","M","?","?","M","E","E","R","T","M","M","R","E","M","R","B",null],"character_chosen":"KOISHI","items_purchased":["Koishi:TremblingHands","Singing Bowl"],"campfire_rested":4,"item_purchase_floors":[28,28],"current_hp_per_floor":[60,74,59,59,64,33,33,32,30,30,30,52,42,41,63,42,74,74,58,70,74,56,57,50,65,65,74,74,72,76,76,76,76,76,75,69,69,69,48,68,70,76,76,76,80,80,80,82,82,61],"gold":542,"neow_bonus":"BOSS_RELIC","is_daily":false,"chose_seed":false,"campfire_upgraded":2,"win_rate":0.0,"timestamp":1607673631,"path_taken":["M","M","?","$","M","E","R","?","MIM","?","?","R","?","?","R","BOSS","M","M","?","?","M","M","E","M","T","M","?","?","R","?","R","BOSS","M","?","?","?","?","E","E","R","T","M","M","R","E","M","R","BOSS"],"items_purchased_type":["Card","Relic"],"build_version":"2020-11-30","purchased_purges":0,"victory":true,"max_hp_per_floor":[60,74,74,74,74,74,74,74,74,74,74,74,74,74,74,74,74,74,74,74,74,74,74,74,74,74,74,74,76,76,76,76,76,76,78,78,74,74,76,76,76,76,76,78,80,80,80,82,82,82],"card_choices":[{"not_picked":["Koishi:VengefulSpirit","Koishi:Prune"],"picked":"Koishi:PredatoryInstincts","floor":1},{"not_picked":["Koishi:EmbersOfLove","Koishi:RorschachInDanmaku"],"picked":"Koishi:BloodcurdlingScream","floor":2},{"not_picked":["Koishi:BloodcurdlingScream","Koishi:PhantomBarrier"],"picked":"Koishi:Whimsy","floor":5},{"not_picked":["Koishi:VengefulSpirit","Koishi:HeartfeltFancy"],"picked":"Koishi:MindNumbingTerror","floor":6},{"not_picked":["Koishi:CatchAndRose","Koishi:YoukaiPolygraph"],"picked":"Koishi:JumpScare","floor":9},{"not_picked":["Koishi:FleetingPhantom","Koishi:HeartfeltFancy"],"picked":"Koishi:UnseenTerror","floor":14},{"not_picked":["Koishi:MentalBreakdown","Koishi:RollingInRichesHeart"],"picked":"Koishi:HeartStoppingHorror","floor":16},{"not_picked":["Koishi:BloodcurdlingScream","Koishi:Bloodlust"],"picked":"Koishi:JumpScare","floor":18},{"not_picked":["Koishi:Jaunt","Koishi:HeartAttack"],"picked":"Koishi:DreadfulBlow","floor":19},{"not_picked":["Koishi:SprinkleStarAndHeart","Koishi:FreudianInstinct+1"],"picked":"Koishi:StingingMind","floor":20},{"not_picked":["Koishi:ConfinedInnocent","Koishi:SubterraneanRose+1"],"picked":"Koishi:DreadfulBlow","floor":21},{"not_picked":["Koishi:Bloodlust","Koishi:SubconsciousSweep","Koishi:UnansweredLove"],"picked":"SKIP","floor":22},{"not_picked":["Koishi:ParalyzingFear","Koishi:FidgetySnatcher"],"picked":"Koishi:TremblingHands","floor":23},{"not_picked":["Koishi:ConditionedTeleport","Koishi:FleetingPhantom"],"picked":"Koishi:GeneticsOfTheUnconscious+1","floor":24},{"not_picked":["Koishi:BloodcurdlingScream","Koishi:StingingMind"],"picked":"Koishi:DreadfulBlow","floor":25},{"not_picked":["Koishi:Bloodlust","Koishi:RacingHeart"],"picked":"Koishi:DreadfulBlow+1","floor":27},{"not_picked":["Koishi:EmbryosDream","Koishi:UnseenTerror","Koishi:UnconsciousUprising"],"picked":"Singing Bowl","floor":29},{"not_picked":["Koishi:RoseHell","Koishi:ConditionedTeleport"],"picked":"Koishi:TerrifyingSpectre","floor":33},{"not_picked":["Koishi:UnconsciousUrges","Koishi:SpiritedAway+1","Koishi:ParalyzingFear+1"],"picked":"Singing Bowl","floor":35},{"not_picked":["Koishi:HeartAttack+1","Koishi:Whimsy+1"],"picked":"Koishi:PredatoryInstincts","floor":36},{"not_picked":["Koishi:BloodcurdlingScream","Koishi:DreadfulBlow","Koishi:Bloodlust+1"],"picked":"Singing Bowl","floor":39},{"not_picked":["Koishi:MassHysteria","Koishi:Possession"],"picked":"Koishi:TremblingHands+1","floor":40},{"not_picked":["Koishi:ReflexRadar","Koishi:YoukaiPolygraph+1"],"picked":"Koishi:JumpScare+1","floor":41},{"not_picked":["Koishi:FreudianInstinct","Koishi:Possession","Koishi:ReleaseOfTheId"],"picked":"Singing Bowl","floor":44},{"not_picked":["Koishi:SubconsciousSweep+1","Koishi:GhostParty","Koishi:SprinkleStarAndHeart+1"],"picked":"Singing Bowl","floor":45},{"not_picked":["Koishi:Possession+1","Koishi:EmbryosDream"],"picked":"Koishi:PredatoryInstincts+1","floor":47},{"not_picked":["Koishi:Bloodlust","Koishi:IdleWhim","Koishi:FourthEye+1"],"picked":"Singing Bowl","floor":48}],"player_experience":562705,"relics_obtained":[{"floor":2,"key":"Mango"},{"floor":6,"key":"Orichalcum"},{"floor":9,"key":"Blue Doll"},{"floor":9,"key":"hubris:BundleOfHerbs"},{"floor":24,"key":"infinitespire:Satchel"},{"floor":26,"key":"hubris:GlazedTorus"},{"floor":32,"key":"Replay:Rubber Ducky"},{"floor":40,"key":"Juzu Bracelet"},{"floor":40,"key":"Lantern"},{"floor":41,"key":"Koishi:AHoleWhereASisterShouldBe"},{"floor":41,"key":"hubris:TenFootPole"},{"floor":41,"key":"Darkstone Periapt"},{"floor":43,"key":"ReplayTheSpireMod:TigerMarble"},{"floor":47,"key":"Omamori"},{"floor":47,"key":"Potion Belt"},{"floor":49,"key":"REME_IWantAll"}],"event_choices":[{"damage_healed":74,"gold_gain":0,"player_choice":"Upgrade","damage_taken":15,"max_hp_gain":0,"max_hp_loss":74,"event_name":"betterThird:BetterShining","floor":3,"gold_loss":0,"cards_upgraded":["Koishi:Provoke","Koishi:BasicStrike"]},{"damage_healed":0,"gold_gain":0,"player_choice":"Donate","damage_taken":0,"relics_obtained":["PaintedHorse:ReiMu"],"max_hp_gain":0,"max_hp_loss":0,"event_name":"yidonshenshe","floor":11,"gold_loss":40},{"damage_healed":0,"gold_gain":1,"player_choice":"Relic Relic ","damage_taken":10,"max_hp_gain":0,"max_hp_loss":0,"event_name":"betterThird:BetterScrap","floor":13,"gold_loss":0,"cards_obtained":["Choke"]},{"damage_healed":0,"gold_gain":0,"player_choice":"0 cards matched","damage_taken":0,"max_hp_gain":0,"max_hp_loss":0,"event_name":"Match and Keep!","floor":31,"gold_loss":0,"cards_obtained":[]},{"damage_healed":0,"gold_gain":0,"player_choice":"Max HP","damage_taken":0,"max_hp_gain":0,"max_hp_loss":4,"event_name":"Winding Halls","floor":37,"gold_loss":0},{"damage_healed":0,"gold_gain":0,"player_choice":"Got Potions","damage_taken":0,"max_hp_gain":0,"max_hp_loss":0,"event_name":"Lab","floor":38,"gold_loss":0}],"is_beta":false,"boss_relics":[{"not_picked":["Bromod:ArcaneGrace","RedLine:ReiMu"],"picked":"hubris:ScarierMask"},{"not_picked":["Sozu","construct:ClawGrip"],"picked":"Black Star"}],"items_purged_floors":[],"is_endless":false,"potions_floor_spawned":[2,5,6,8,16,18,20,22,25,36,44,45,48],"ascension_level":0}}