{"host":"p084pgp93u1tv48k","time":1607692430,"event":{"mods":["AchievementEnabler","BaseMod","Hermit","Minty Spire (QoL Compilation)","Quick Restart","StSLib"],"gold_per_floor":[115,128,128,53,3,38,38,38,38,38,38],"floor_reached":10,"playtime":182,"items_purged":["hermit:Defend_Hermit"],"score":89,"play_id":"78270ea7-29af-491d-91b3-9c67bd066c66","local_time":"20201211084350","is_ascension_mode":false,"campfire_choices":[{"data":"1","floor":7,"key":"LIFT"}],"circlet_count":0,"master_deck":["hermit:Strike_Hermit","hermit:Strike_Hermit","hermit:Defend_Hermit","hermit:Defend_Hermit","hermit:Defend_Hermit","hermit:Snapshot","hermit:Covet","hermit:Coalescence","hermit:Virtue","hermit:HeroicBravado"],"relics":["hermit:Momento","NeowsBlessing","Golden Idol","Girya","Shovel"],"acts_visited":["Exordium"],"potions_floor_usage":[10],"damage_taken":[{"damage":0,"enemies":"2 Louse","floor":1,"turns":1},{"damage":0,"enemies":"Small Slimes","floor":2,"turns":1},{"damage":0,"enemies":"Lagavulin","floor":6,"turns":1},{"damage":61,"enemies":"Gremlin Nob","floor":10,"turns":6}],"seed_played":"8329340393887343007","potions_obtained":[{"floor":1,"key":"LiquidBronze"},{"floor":6,"key":"EssenceOfSteel"}],"is_trial":false,"path_per_floor":["M","M","?","$","?","E","R","?","T","E"],"character_chosen":"HERMIT","items_purchased":[],"campfire_rested":0,"item_purchase_floors":[],"current_hp_per_floor":[75,75,57,57,57,57,57,57,57,0,0],"gold":38,"neow_bonus":"THREE_ENEMY_KILL","is_daily":false,"chose_seed":false,"campfire_upgraded":0,"win_rate":0.0,"timestamp":1607692430,"path_taken":["M","M","?","$","?","E","R","?","T","E"],"items_purchased_type":[],"build_version":"2020-11-30","purchased_purges":1,"victory":false,"max_hp_per_floor":[75,75,75,75,75,75,75,75,75,75,75],"card_choices":[{"not_picked":["hermit:Ricochet","hermit:Misfire"],"picked":"hermit:Coalescence","floor":1},{"not_picked":["hermit:TakeCover","hermit:BigShot","hermit:DeadMansHand"],"picked":"SKIP","floor":2},{"not_picked":["hermit:Vantage","hermit:Glare"],"picked":"hermit:Virtue","floor":6}],"player_experience":91138,"relics_obtained":[{"floor":6,"key":"Girya"},{"floor":9,"key":"Shovel"}],"event_choices":[{"damage_healed":0,"gold_gain":0,"player_choice":"Take Damage","damage_taken":18,"relics_obtained":["Golden Idol"],"max_hp_gain":0,"max_hp_loss":0,"event_name":"Golden Idol","floor":3,"gold_loss":0},{"cards_removed":["hermit:Strike_Hermit"],"damage_healed":0,"gold_gain":0,"player_choice":"Card Removal","damage_taken":0,"max_hp_gain":0,"max_hp_loss":0,"event_name":"The Cleric","floor":5,"gold_loss":50},{"damage_healed":0,"gold_gain":0,"cards_transformed":["hermit:Strike_Hermit"],"player_choice":"Transformed","damage_taken":0,"max_hp_gain":0,"max_hp_loss":0,"event_name":"Transmorgrifier","floor":8,"gold_loss":0,"cards_obtained":["hermit:HeroicBravado"]}],"is_beta":false,"boss_relics":[],"items_purged_floors":[4],"is_endless":false,"potions_floor_spawned":[1,6],"killed_by":"Gremlin Nob","ascension_level":0}}