{"host":"buuozll9zukolitn","time":1607709810,"event":{"mods":["BaseMod","Googly Eyes","Minty Spire (QoL Compilation)","StSLib","everything is the same but u backflip on backflip","slay the spire mod where everything is the same but ironclad has a cowboy hat"],"gold_per_floor":[113,113,113,132,142,176,176,202,202,202,202,263,213,213,213,337,337,361,636,652,652,652,652],"floor_reached":22,"playtime":687,"items_purged":[],"score":376,"play_id":"72a17cc5-525d-408a-a3fd-e90bb6f71d11","local_time":"20201211190330","is_ascension_mode":true,"campfire_choices":[{"floor":7,"key":"REST"},{"floor":10,"key":"REST"},{"data":"Dual Wield","floor":11,"key":"SMITH"},{"floor":15,"key":"REST"}],"circlet_count":0,"master_deck":["Strike_R","Strike_R","Strike_R","Defend_R","Defend_R","Defend_R","Defend_R","Bash","Cleave","Regret","Pain","Blood for Blood","Pommel Strike","Dual Wield+1","Dark Embrace","Iron Wave","Injury","Barricade","CurseOfTheBell","Metallicize","Regret","Clash+1"],"relics":["Burning Blood","Regal Pillow","Centennial Puzzle","WarpedTongs","Turnip","WingedGreaves","Paper Frog","Bag of Preparation","Golden Idol","Calling Bell","Boot","Blue Candle","Mango"],"acts_visited":["Exordium","TheCity"],"potions_floor_usage":[16,16,16],"damage_taken":[{"damage":6,"enemies":"Cultist","floor":1,"turns":4},{"damage":12,"enemies":"Jaw Worm","floor":4,"turns":4},{"damage":11,"enemies":"Small Slimes","floor":5,"turns":2},{"damage":51,"enemies":"Lagavulin","floor":6,"turns":4},{"damage":41,"enemies":"Gremlin Nob","floor":8,"turns":4},{"damage":41,"enemies":"3 Sentries","floor":12,"turns":5},{"damage":38,"enemies":"Slime Boss","floor":16,"turns":4},{"damage":27,"enemies":"3 Byrds","floor":18,"turns":5},{"damage":34,"enemies":"Chosen","floor":20,"turns":6},{"damage":41,"enemies":"3 Cultists","floor":22,"turns":4}],"seed_played":"-5385436801447661326","potions_obtained":[{"floor":4,"key":"Swift Potion"},{"floor":6,"key":"DistilledChaos"},{"floor":12,"key":"PowerPotion"}],"is_trial":false,"path_per_floor":["M","?","?","M","M","E","R","E","T","R","R","?","?","?","R","B",null,"M","?","M","?","M"],"character_chosen":"IRONCLAD","items_purchased":[],"campfire_rested":3,"item_purchase_floors":[],"current_hp_per_floor":[72,72,72,66,61,16,55,20,20,59,59,24,24,24,63,31,82,61,61,33,33,0,0],"gold":652,"neow_bonus":"RANDOM_COMMON_RELIC","is_daily":false,"chose_seed":false,"campfire_upgraded":1,"win_rate":0.0,"timestamp":1607709810,"path_taken":["M","?","?","?","M","E","R","E","T","R","R","?","?","?","R","BOSS","M","?","?","?","M"],"items_purchased_type":[],"build_version":"2020-11-30","purchased_purges":0,"victory":false,"max_hp_per_floor":[80,80,80,80,80,80,80,80,80,80,80,80,80,80,80,80,94,94,94,94,94,94,94],"card_choices":[{"not_picked":["Shrug It Off","Iron Wave"],"picked":"Cleave","floor":1},{"not_picked":["Iron Wave","Shockwave"],"picked":"Blood for Blood","floor":4},{"not_picked":["Reckless Charge","Carnage"],"picked":"Pommel Strike","floor":5},{"not_picked":["Iron Wave","Dropkick"],"picked":"Dual Wield","floor":6},{"not_picked":["Havoc","Brutality"],"picked":"Dark Embrace","floor":8},{"not_picked":["Heavy Blade","Sword Boomerang"],"picked":"Iron Wave","floor":12},{"not_picked":["Brutality","Feed"],"picked":"Barricade","floor":16},{"not_picked":["Hemokinesis","Sword Boomerang+1"],"picked":"Metallicize","floor":18},{"not_picked":["Iron Wave+1","Havoc"],"picked":"Clash+1","floor":20}],"player_experience":270155,"relics_obtained":[{"floor":6,"key":"Turnip"},{"floor":8,"key":"WingedGreaves"},{"floor":9,"key":"Paper Frog"},{"floor":12,"key":"Bag of Preparation"},{"floor":17,"key":"Boot"},{"floor":17,"key":"Blue Candle"},{"floor":17,"key":"Mango"}],"event_choices":[{"damage_healed":0,"gold_gain":0,"player_choice":"Box","damage_taken":0,"relics_obtained":["Centennial Puzzle"],"max_hp_gain":0,"max_hp_loss":0,"event_name":"Big Fish","floor":2,"gold_loss":0,"cards_obtained":["Regret"]},{"damage_healed":0,"gold_gain":0,"player_choice":"Rummage","damage_taken":0,"relics_obtained":["WarpedTongs"],"max_hp_gain":0,"max_hp_loss":0,"event_name":"Accursed Blacksmith","floor":3,"gold_loss":0,"cards_obtained":["Pain"]},{"damage_healed":0,"gold_gain":30,"player_choice":"Searched \u00272\u0027 times","damage_taken":0,"max_hp_gain":0,"max_hp_loss":0,"event_name":"Dead Adventurer","floor":12,"gold_loss":0},{"cards_removed":["Strike_R"],"damage_healed":0,"gold_gain":0,"player_choice":"Card Removal","damage_taken":0,"max_hp_gain":0,"max_hp_loss":0,"event_name":"The Cleric","floor":13,"gold_loss":50},{"damage_healed":0,"gold_gain":0,"player_choice":"Take Wound","damage_taken":0,"relics_obtained":["Golden Idol"],"max_hp_gain":0,"max_hp_loss":0,"event_name":"Golden Idol","floor":14,"gold_loss":0,"cards_obtained":["Injury"]},{"damage_healed":0,"gold_gain":275,"player_choice":"Desecrate","damage_taken":0,"max_hp_gain":0,"max_hp_loss":0,"event_name":"Golden Shrine","floor":19,"gold_loss":0,"cards_obtained":["Regret"]},{"cards_removed":["Strike_R"],"damage_healed":0,"gold_gain":0,"player_choice":"Elegance","damage_taken":0,"max_hp_gain":0,"max_hp_loss":0,"event_name":"Back to Basics","floor":21,"gold_loss":0}],"is_beta":false,"boss_relics":[{"not_picked":["Cursed Key","Sozu"],"picked":"Calling Bell"}],"items_purged_floors":[],"is_endless":false,"potions_floor_spawned":[4,6,12],"killed_by":"3 Cultists","ascension_level":9}}