{"host":"i0dcpa89fcfo7o2v","time":1607714631,"event":{"mods":["Alarm Clock","BaseMod","Bestiary","Better Altar","Better Match","Better Note","Better Sensory Stone","Better Skull","Better Third Choice","Better Vampires","BetterRewards","Block Reminder","Colored Map","Colored Powertips","Conspire","Downfall","Energized Spire","Gold Saver","Highlight Path","Hubris","Infinite Spire","Minty Spire (QoL Compilation)","MonsterHotkey","Quick Restart","Relic Sorter","Relic Stats","Replay The Spire","Shop Mod","Spicy Shops","StSLib","SuperFastMode","Synergy Search","The Bladedancer","The Blue Laboratory","The Cursed","The Dragon Tamer","The Jungle","The Necromancer","Transform Curses","Uncapped","everything is the same but u backflip on backflip","vexMod"],"gold_per_floor":[203,203,203,230,246,246,258,258,284,284,314,326,344,344,344,443,443,457,457,473,473,488,517,517,548,548,573,573,77,77,95,95,193,193,239,251,263,275,298,343,355,367,379,391,432,458,488,522,534,554],"floor_reached":51,"playtime":3629,"items_purged":["Regret","Writhe"],"score":760,"play_id":"1e27c17c-3ded-4f53-8e10-19ffe74538de","local_time":"20201211202351","is_ascension_mode":false,"campfire_choices":[{"data":"Negative_Energy_Sphere","floor":6.0,"key":"SMITH"},{"data":"Summon_Lich","floor":8.0,"key":"SMITH"},{"data":"Negative_Energy_Arrows","floor":10.0,"key":"SMITH"},{"data":"Bone_Prison","floor":15.0,"key":"SMITH"},{"data":"Summon_Undead_Army","floor":30.0,"key":"SMITH"},{"data":"hubris:Insight","floor":32.0,"key":"SMITH"},{"floor":42,"key":"REST"},{"data":"Enlightenment","floor":42,"key":"SMITH"},{"floor":49,"key":"REST"},{"data":"Summon_Undead","floor":49,"key":"SMITH"}],"circlet_count":0,"master_deck":["conspire:GhostlyStrike","conspire:GhostlyStrike","conspire:GhostlyDefend","conspire:GhostlyDefend","Negative_Energy_Arrows+1","Bone_Wall","Negative_Energy_Javelin","Negative_Energy_Sphere+1","Summon_Lich+1","Bone_Prison+1","Death_March_Dance+1","Finger_Of_Death","Grasp_Heart","Death_Knell","Slay_Living+1","hubris:Insight+1","Thousand_Bone_Knives","Bones_to_Steel","Summon_Undead_Army+1","Enlightenment+1","Negative_Energy_Mist+1","Bone_Armor+1","Blood_Curse+1","infinitespire:TheBestDefense","Negative_Energy_Burst","Crow Ritual","Whirlwind_of_Bones+1","Bone_Armory+1","Chill_Blood+1","Summon_Undead+1","Bone_Shift"],"relics":["Vampire_Amulet","NeowsBlessing","hubris:64BitClover","Ancient Tea Set","Boot","Replay:Accelerometer","hubris:Stopwatch","hubris:Backtick","Vampiric Spirits","Quantum Egg","infinitespire:Beetle Shell","hubris:SphereOfDissonance","Lantern","Omamori","MerchantsRug","Replay:Ancient Bell","MawBank","infinitespire:Midas Blood","infinitespire:Golems Mask","infinitespire:Magic Flask","Dream Catcher","Replay:Ringing Soul","Replay:Bottled Snecko","vexMod:BarristanHead"],"acts_visited":["Exordium","Exordium","TheBeyond"],"potions_floor_usage":[47,48],"damage_taken":[{"damage":0.0,"enemies":"Jaw Worm","floor":1.0,"turns":1.0},{"damage":0.0,"enemies":"2 Louse","floor":5.0,"turns":1.0},{"damage":0.0,"enemies":"Small Slimes","floor":7.0,"turns":1.0},{"damage":34.0,"enemies":"Gremlin Nob","floor":11.0,"turns":5.0},{"damage":2.0,"enemies":"Looter","floor":12.0,"turns":3.0},{"damage":0.0,"enemies":"3 Louse","floor":13.0,"turns":2.0},{"damage":35.0,"enemies":"Slime Boss","floor":16.0,"turns":8.0},{"damage":11.0,"enemies":"theJungle:MUSHROOMGANG","floor":18.0,"turns":5.0},{"damage":12.0,"enemies":"theJungle:5_Spyders","floor":20.0,"turns":5.0},{"damage":30.0,"enemies":"Snake Plant","floor":22.0,"turns":5.0},{"damage":22.0,"enemies":"theJungle:Cassacara","floor":23.0,"turns":6.0},{"damage":4.0,"enemies":"theJungle:MamaSnecko","floor":25.0,"turns":5.0},{"damage":36.0,"enemies":"Nightmare","floor":27.0,"turns":7.0},{"damage":20.0,"enemies":"theJungle:Snecko_Cultist_And_Trap","floor":31.0,"turns":4.0},{"damage":33.0,"enemies":"theJungle:QueenSpyder","floor":33.0,"turns":9.0},{"damage":67.0,"enemies":"3 Darklings","floor":35.0,"turns":4.0},{"damage":0.0,"enemies":"Orb Walker","floor":39.0,"turns":2.0},{"damage":33,"enemies":"Nightmare","floor":40,"turns":8},{"damage":33,"enemies":"4 Shapes","floor":45,"turns":5},{"damage":18,"enemies":"Jaw Worm Horde","floor":46,"turns":4},{"damage":9,"enemies":"Transient","floor":47,"turns":5},{"damage":1,"enemies":"3 Darklings","floor":48,"turns":4},{"damage":66,"enemies":"Time Eater","floor":50,"turns":12}],"seed_played":"-7178759915887430048","potions_obtained":[{"floor":1.0,"key":"blueLaboratory:AbyssPotion"},{"floor":7.0,"key":"BlessingOfTheForge"},{"floor":13.0,"key":"Guardian:BlockOnCardUsePotion"},{"floor":20.0,"key":"blueLaboratory:NullPotion"},{"floor":25.0,"key":"blueLaboratory:AbyssPotion"},{"floor":47,"key":"blueLaboratory:BottledHope"}],"is_trial":false,"path_per_floor":["M","?","?","T","M","R","M","R","T","R","E","M","M","?","R","B",null,"M","AVR","M","?","M","E","?","E","T","NM","?","$","R","M","R","B",null,"M","?","?","AVR","M","NM","T","R","T","?","M","M","M","M","R","B",null],"character_chosen":"NECROMANCER","items_purchased":["Lee\u0027s Waffle","Omamori","MerchantsRug","Enlightenment"],"campfire_rested":2,"item_purchase_floors":[29,29,29,29],"current_hp_per_floor":[75,75,75,75,75,75,75,75,75,75,43,43,49,49,49,22,75,70,70,69,69,42,34,39,55,55,36,36,89,89,76,76,64,89,24,24,24,24,33,5,5,31,31,34,21,15,11,22,56,24],"gold":566,"neow_bonus":"THREE_ENEMY_KILL","is_daily":false,"chose_seed":false,"campfire_upgraded":8,"win_rate":0.0,"timestamp":1607714631,"path_taken":["M","?","?","?","M","R","M","R","T","R","E","M","M","?","R","BOSS","M","AVR","M","?","M","E","?","E","T","NM","?","?","R","M","R","BOSS","M","?","?","AVR","M","NM","?","R","T","?","?","M","M","M","R","BOSS"],"items_purchased_type":["Relic","Relic","Relic","Card"],"build_version":"2020-11-30","purchased_purges":2,"victory":true,"max_hp_per_floor":[75,75,75,75,75,75,75,75,75,75,75,75,75,75,75,75,75,75,75,75,75,75,75,75,75,75,82,82,89,89,89,89,89,89,89,89,89,89,89,89,89,89,89,92,95,98,101,104,107,107],"relic_stats":{"Dream Catcher":2,"counters":[23,111],"Boot":[135],"MawBank":204,"obtain_stats":[{"Replay:Accelerometer":11,"Lantern":25,"Vampiric Spirits":19,"Ancient Tea Set":4,"Boot":9,"Replay:Ringing Soul":41,"Dream Catcher":40,"hubris:Backtick":19,"hubris:Stopwatch":17,"Strawberry":27,"infinitespire:Golems Mask":34,"Vampire_Amulet":0,"Replay:Bottled Snecko":43,"MerchantsRug":29,"Lee\u0027s Waffle":29,"NeowsBlessing":0,"hubris:64BitClover":3,"Quantum Egg":19,"hubris:SphereOfDissonance":23,"infinitespire:Beetle Shell":20,"Omamori":29,"Replay:Ancient Bell":34,"infinitespire:Magic Flask":38,"MawBank":34,"vexMod:BarristanHead":46,"infinitespire:Midas Blood":34},{"Replay:Accelerometer":4,"Lantern":12,"Vampiric Spirits":8,"Ancient Tea Set":1,"Boot":3,"Replay:Ringing Soul":18,"Dream Catcher":18,"hubris:Backtick":8,"hubris:Stopwatch":7,"Strawberry":13,"infinitespire:Golems Mask":15,"Vampire_Amulet":0,"Replay:Bottled Snecko":18,"MerchantsRug":13,"Lee\u0027s Waffle":13,"NeowsBlessing":0,"hubris:64BitClover":1,"Quantum Egg":8,"hubris:SphereOfDissonance":11,"infinitespire:Beetle Shell":9,"Omamori":13,"Replay:Ancient Bell":15,"infinitespire:Magic Flask":16,"MawBank":15,"vexMod:BarristanHead":20,"infinitespire:Midas Blood":15},{"Replay:Accelerometer":8,"Lantern":47,"Vampiric Spirits":26,"Ancient Tea Set":1,"Boot":3,"Replay:Ringing Soul":81,"Dream Catcher":81,"hubris:Backtick":26,"hubris:Stopwatch":21,"Strawberry":54,"infinitespire:Golems Mask":67,"Vampire_Amulet":0,"Replay:Bottled Snecko":81,"MerchantsRug":54,"Lee\u0027s Waffle":54,"NeowsBlessing":0,"hubris:64BitClover":1,"Quantum Egg":26,"hubris:SphereOfDissonance":42,"infinitespire:Beetle Shell":31,"Omamori":54,"Replay:Ancient Bell":67,"infinitespire:Magic Flask":71,"MawBank":67,"vexMod:BarristanHead":90,"infinitespire:Midas Blood":67}]},"card_choices":[{"not_picked":["Blood_Is_Power","Violent_Necrosis"],"picked":"Negative_Energy_Javelin","floor":1.0},{"not_picked":["Blood_for_Blood","Blood_Whip"],"picked":"Negative_Energy_Sphere","floor":5.0},{"not_picked":["Blood_Curse","Bone_Bullets"],"picked":"Summon_Lich","floor":7.0},{"not_picked":["Life_Tap","Chill_Blood"],"picked":"Bone_Prison","floor":11.0},{"not_picked":["Bone_Shift","Negative_Energy_Mist"],"picked":"Death_March_Dance","floor":12.0},{"not_picked":["Blood_Whip","Vampiric_Strike"],"picked":"Finger_Of_Death","floor":13.0},{"not_picked":["Skeleton_Dragon","Blood_Magic"],"picked":"Grasp_Heart","floor":16.0},{"not_picked":["Deaths_Shadow+1","Vampiric_Strike"],"picked":"Death_Knell","floor":18.0},{"not_picked":["Blood_Curse","Bones_to_Steel"],"picked":"Slay_Living+1","floor":20.0},{"not_picked":["Toxic_Smoke_Screen","Negative_Energy_Javelin","Blood_Shield+1"],"picked":"SKIP","floor":22.0},{"not_picked":["Negative_Energy_Javelin","Hellfire"],"picked":"Thousand_Bone_Knives","floor":23.0},{"not_picked":["Flesh_Made_Foul","Death_March_Dance+1"],"picked":"Bones_to_Steel","floor":25.0},{"not_picked":["Death_Coil","Negative_Energy_Sphere"],"picked":"Summon_Undead_Army","floor":27.0},{"not_picked":["Blood_Whip","Bones_to_Steel","Summon_Undead_Army"],"picked":"SKIP","floor":31.0},{"not_picked":["hubris:Wrath","conspire:NecroticWound"],"picked":"Injury","floor":34.0},{"not_picked":["Injury","Sickly"],"picked":"CurseOfTheBell","floor":34.0},{"not_picked":["ReplayTheSpireMod:Splinters","Looming Evil"],"picked":"Writhe","floor":34.0},{"not_picked":["Blood_Shield","Vampiric_Strike","Blood_Whip+1"],"picked":"SKIP","floor":35.0},{"not_picked":["Blood_Whip+1","Negative_Energy_Javelin+1"],"picked":"Negative_Energy_Mist+1","floor":37.0},{"not_picked":["Bone_Bullets+1","Negative_Energy_Sphere+1"],"picked":"Bone_Armor+1","floor":37.0},{"not_picked":["Negative_Energy_Shield+1","Negative_Energy_Javelin+1"],"picked":"Blood_Curse+1","floor":37.0},{"not_picked":["Blood_Whip","Strike_from_Beyond","Uncharnel"],"picked":"SKIP","floor":39.0},{"not_picked":["infinitespire:Punishment","infinitespire:Oblivion"],"picked":"infinitespire:TheBestDefense","floor":40},{"not_picked":["Pandemic+1","Detonate_Bones"],"picked":"Negative_Energy_Burst","floor":40},{"not_picked":["Toxic_Smoke_Screen+1","Death_Coil"],"picked":"Whirlwind_of_Bones+1","floor":45},{"not_picked":["Thousand_Bone_Knives","Negative_Energy_Mist+1"],"picked":"Bone_Armory+1","floor":46},{"not_picked":["Consume_Illness+1","Summon_Lich"],"picked":"Chill_Blood+1","floor":47},{"not_picked":["Spectral_Armor","Plague_Bolt"],"picked":"Summon_Undead","floor":48},{"not_picked":["Spectral_Walk","Finger_Of_Death+1"],"picked":"Bone_Shift","floor":49}],"player_experience":232320,"relics_obtained":[{"floor":4.0,"key":"Ancient Tea Set"},{"floor":9.0,"key":"Boot"},{"floor":11.0,"key":"Replay:Accelerometer"},{"floor":20.0,"key":"infinitespire:Beetle Shell"},{"floor":23.0,"key":"hubris:SphereOfDissonance"},{"floor":25.0,"key":"Lantern"},{"floor":27.0,"key":"Strawberry"},{"floor":40,"key":"Dream Catcher"},{"floor":41,"key":"Replay:Ringing Soul"},{"floor":43,"key":"Replay:Bottled Snecko"},{"floor":46,"key":"vexMod:BarristanHead"}],"event_choices":[{"damage_healed":0.0,"max_hp_gain":0.0,"max_hp_loss":0.0,"gold_gain":0.0,"event_name":"conspire:LoneGhost","player_choice":"Agree","floor":2.0,"gold_loss":0.0,"damage_taken":0.0},{"damage_healed":0.0,"max_hp_gain":0.0,"max_hp_loss":0.0,"gold_gain":0.0,"event_name":"Big Fish","player_choice":"Box","floor":3.0,"gold_loss":0.0,"damage_taken":0.0,"relics_obtained":["hubris:64BitClover"],"cards_obtained":["Regret"]},{"damage_healed":0.0,"max_hp_gain":0.0,"max_hp_loss":0.0,"gold_gain":0.0,"cards_transformed":["conspire:GhostlyStrike"],"event_name":"Transmorgrifier","player_choice":"Transformed","floor":21.0,"gold_loss":0.0,"damage_taken":0.0,"cards_obtained":["hubris:Insight"]},{"cards_removed":["conspire:GhostlyDefend"],"damage_healed":5.0,"max_hp_gain":0.0,"max_hp_loss":0.0,"gold_gain":0.0,"event_name":"Bonfire Elementals","player_choice":"Offered Special","floor":24.0,"gold_loss":0.0,"damage_taken":0.0},{"damage_healed":0.0,"max_hp_gain":0.0,"max_hp_loss":0.0,"gold_gain":0.0,"event_name":"betterNote:BetterNote","player_choice":"Ignored","floor":28.0,"gold_loss":0.0,"damage_taken":0.0,"cards_obtained":["Collect"]},{"cards_removed":["conspire:GhostlyDefend"],"damage_healed":0.0,"max_hp_gain":0.0,"max_hp_loss":0.0,"gold_gain":0.0,"event_name":"Falling","player_choice":"Removed Skill","floor":36.0,"gold_loss":0.0,"damage_taken":0.0},{"damage_healed":0.0,"max_hp_gain":0.0,"max_hp_loss":0.0,"gold_gain":0.0,"event_name":"betterMatch:BetterMatch","player_choice":"3","floor":37.0,"gold_loss":0.0,"damage_taken":0.0,"cards_obtained":["betterMatch:CommonCard"]},{"damage_healed":0,"gold_gain":0,"cards_transformed":["conspire:GhostlyStrike"],"player_choice":"Transformed","damage_taken":0,"max_hp_gain":0,"max_hp_loss":0,"event_name":"Transmorgrifier","floor":44,"gold_loss":0,"cards_obtained":["Crow Ritual"]}],"is_beta":false,"boss_relics":[{"not_picked":["Honey Jar","Cursed Key"],"picked":"hubris:Stopwatch"},{"not_picked":["vexMod:EndlessSickness","Snecko Eye"],"picked":"Replay:Ancient Bell"},{"not_picked":["Nunchaku","conspire:TopHat"],"picked":"MawBank"},{"not_picked":["hubris:DeckOfHolding","hubris:CrystalStatue"],"picked":"infinitespire:Midas Blood"},{"not_picked":["Replay:Towering Pillar of Hats","Mango"],"picked":"infinitespire:Golems Mask"}],"items_purged_floors":[19,38],"is_endless":false,"potions_floor_spawned":[1,7,13,20,25,27,31,33,39,47],"ascension_level":0}}