{"host":"f7i0xv5umhttwhc1","time":1607678216,"event":{"mods":["BaseMod","Better Third Choice","Colored Map","Highlight Path","Minty Spire (QoL Compilation)","Relic Stats","StSLib"],"gold_per_floor":[217,217,95,111,111,141,141,161,188,207,217,245,245,245,245,345,345,365,20,30,30,30,30,30,30,30,30,47,66,84,101,101,199,199,209,219,33,33,53,53,53,63,63,13,13,13,33,33,33,33,33],"floor_reached":50,"playtime":3987,"items_purged":["Regret","Defend_G","Defend_G"],"score":477,"play_id":"5f4fdcd9-10c3-46c8-8fc9-4c27cd2e417a","local_time":"20201211201656","is_ascension_mode":false,"campfire_choices":[{"floor":7,"key":"REST"},{"floor":13,"key":"REST"},{"data":"Neutralize","floor":15,"key":"SMITH"},{"floor":23,"key":"REST"},{"data":"A Thousand Cuts","floor":25,"key":"SMITH"},{"data":"Accuracy","floor":27,"key":"SMITH"},{"floor":32,"key":"REST"},{"floor":40,"key":"REST"},{"floor":46,"key":"REST"},{"floor":49,"key":"REST"}],"circlet_count":0,"master_deck":["Strike_G","Strike_G","Strike_G","Defend_G","Defend_G","Defend_G","Survivor","Neutralize+1","Eviscerate","Cloak And Dagger","Dagger Throw","Dash","Blade Dance","Blade Dance","Strike_G","A Thousand Cuts+1","Dagger Spray","Accuracy+1","Dagger Spray","Blade Dance+1","Storm of Steel","All Out Attack+1","Backstab+1","Accuracy","Predator+1","Forethought","Cloak And Dagger+1"],"relics":["Ring of the Serpent","Dream Catcher","Strawberry","Nunchaku","Smiling Mask","Ninja Scroll","Bag of Preparation","HoveringKite","Membership Card"],"acts_visited":["Exordium","TheCity","TheBeyond"],"potions_floor_usage":[6,12,16,30,33,33,33],"damage_taken":[{"damage":0,"enemies":"Jaw Worm","floor":1,"turns":4},{"damage":2,"enemies":"Small Slimes","floor":4,"turns":5},{"damage":24,"enemies":"3 Sentries","floor":6,"turns":10},{"damage":0,"enemies":"Cultist","floor":8,"turns":3},{"damage":8,"enemies":"Exordium Wildlife","floor":10,"turns":4},{"damage":0,"enemies":"Large Slime","floor":11,"turns":6},{"damage":0,"enemies":"Gremlin Nob","floor":12,"turns":3},{"damage":75,"enemies":"The Guardian","floor":16,"turns":25},{"damage":2,"enemies":"Chosen","floor":18,"turns":6},{"damage":0,"enemies":"3 Byrds","floor":20,"turns":3},{"damage":7,"enemies":"Centurion and Healer","floor":28,"turns":5},{"damage":15,"enemies":"Snecko","floor":29,"turns":3},{"damage":3,"enemies":"Cultist and Chosen","floor":30,"turns":5},{"damage":10,"enemies":"Chosen and Byrds","floor":31,"turns":4},{"damage":22,"enemies":"Collector","floor":33,"turns":7},{"damage":20,"enemies":"3 Shapes","floor":35,"turns":3},{"damage":10,"enemies":"Orb Walker","floor":36,"turns":2},{"damage":28,"enemies":"Sphere and 2 Shapes","floor":39,"turns":3},{"damage":15,"enemies":"Jaw Worm Horde","floor":42,"turns":2},{"damage":22,"enemies":"4 Shapes","floor":47,"turns":3},{"damage":61,"enemies":"Time Eater","floor":50,"turns":3}],"seed_played":"1270597657236318579","potions_obtained":[{"floor":4,"key":"Explosive Potion"},{"floor":8,"key":"CunningPotion"},{"floor":11,"key":"SpeedPotion"},{"floor":16,"key":"Dexterity Potion"},{"floor":18,"key":"BlessingOfTheForge"},{"floor":29,"key":"EssenceOfSteel"},{"floor":31,"key":"Dexterity Potion"}],"is_trial":false,"path_per_floor":["M","?","$","M","$","E","R","M","T","M","M","E","R","?","R","B",null,"M","$","M","?","$","R","?","R","T","R","M","M","M","M","R","B",null,"M","M","$","?","M","R","?","M","T","$","?","R","M","?","R","B"],"character_chosen":"THE_SILENT","items_purchased":["Cloak And Dagger","Accuracy","Ninja Scroll","Membership Card","Accuracy"],"campfire_rested":7,"item_purchase_floors":[3,19,19,37,37],"current_hp_per_floor":[70,70,70,68,68,51,74,74,74,66,66,66,77,77,77,2,77,75,75,75,61,61,82,82,82,82,82,75,60,57,47,71,49,82,62,52,52,52,24,48,48,33,33,33,33,57,35,35,59,0,0],"gold":33,"neow_bonus":"HUNDRED_GOLD","is_daily":false,"chose_seed":false,"campfire_upgraded":3,"win_rate":0.0,"timestamp":1607678216,"path_taken":["M","?","$","M","$","E","R","M","T","M","M","E","R","?","R","BOSS","M","$","M","?","$","R","?","R","T","R","M","M","M","M","R","BOSS","M","M","$","?","M","R","?","M","T","$","?","R","M","?","R","BOSS"],"items_purchased_type":["Card","Card","Relic","Relic","Card"],"build_version":"2020-11-30","purchased_purges":3,"victory":false,"max_hp_per_floor":[70,70,70,70,70,77,77,77,77,77,77,77,77,77,77,77,77,77,77,77,82,82,82,82,82,82,82,82,82,82,82,82,82,82,82,82,82,82,82,82,82,82,82,82,82,82,82,82,82,82,82],"relic_stats":{"Dream Catcher":7,"Nunchaku":[29],"counters":[21,109],"HoveringKite":[6],"Bag of Preparation":[11],"Smiling Mask":63,"obtain_stats":[{"Dream Catcher":2,"Nunchaku":9,"Ninja Scroll":19,"Strawberry":6,"HoveringKite":34,"Bag of Preparation":26,"Membership Card":37,"Smiling Mask":12,"Ring of the Serpent":17,"Ring of the Snake":0},{"Dream Catcher":1,"Nunchaku":4,"Ninja Scroll":9,"Strawberry":3,"HoveringKite":15,"Bag of Preparation":10,"Membership Card":17,"Smiling Mask":7,"Ring of the Serpent":8,"Ring of the Snake":0},{"Dream Catcher":4,"Nunchaku":22,"Ninja Scroll":66,"Strawberry":19,"HoveringKite":93,"Bag of Preparation":69,"Membership Card":98,"Smiling Mask":35,"Ring of the Serpent":60,"Ring of the Snake":0}]},"card_choices":[{"not_picked":["Flying Knee","Riddle With Holes"],"picked":"Eviscerate","floor":1},{"not_picked":["PiercingWail","Predator"],"picked":"Dagger Throw","floor":4},{"not_picked":["Tactician","Finisher"],"picked":"Dash","floor":6},{"not_picked":["Terror","Backflip"],"picked":"Blade Dance","floor":7},{"not_picked":["Deadly Poison","Sucker Punch","Backflip"],"picked":"SKIP","floor":8},{"not_picked":["Dash","Flying Knee","Predator"],"picked":"SKIP","floor":10},{"not_picked":["Deflect","Prepared"],"picked":"Blade Dance","floor":11},{"not_picked":["Riddle With Holes","Flying Knee","Wraith Form v2"],"picked":"SKIP","floor":12},{"not_picked":["Venomology","Doppelganger"],"picked":"A Thousand Cuts","floor":16},{"not_picked":["Sucker Punch","Deflect"],"picked":"Dagger Spray","floor":18},{"not_picked":["Underhanded Strike","Riddle With Holes"],"picked":"Dagger Spray","floor":20},{"not_picked":["Burst","Bane+1","Sucker Punch"],"picked":"SKIP","floor":28},{"not_picked":["Quick Slash","Predator","Outmaneuver"],"picked":"SKIP","floor":29},{"not_picked":["Tactician","Sucker Punch+1"],"picked":"Blade Dance+1","floor":30},{"not_picked":["Skewer","Deflect","Malaise"],"picked":"SKIP","floor":31},{"not_picked":["Malaise","Venomology"],"picked":"Storm of Steel","floor":33},{"not_picked":["Bane+1","Backflip"],"picked":"All Out Attack+1","floor":35},{"not_picked":["Concentrate","Setup+1"],"picked":"Backstab+1","floor":36},{"not_picked":["Noxious Fumes+1","Poisoned Stab+1"],"picked":"Predator+1","floor":39},{"not_picked":["Dash","Acrobatics+1","Crippling Poison+1"],"picked":"SKIP","floor":42},{"not_picked":["Good Instincts","PanicButton"],"picked":"Forethought","floor":45},{"not_picked":["Finisher","Choke","Deadly Poison+1"],"picked":"SKIP","floor":47},{"not_picked":["Noxious Fumes","Masterful Stab+1"],"picked":"Cloak And Dagger+1","floor":49}],"player_experience":160772,"relics_obtained":[{"floor":6,"key":"Strawberry"},{"floor":9,"key":"Nunchaku"},{"floor":12,"key":"Smiling Mask"},{"floor":26,"key":"Bag of Preparation"}],"event_choices":[{"damage_healed":0,"gold_gain":0,"player_choice":"Box","damage_taken":0,"relics_obtained":["Dream Catcher"],"max_hp_gain":0,"max_hp_loss":0,"event_name":"Big Fish","floor":2,"gold_loss":0,"cards_obtained":["Regret"]},{"cards_removed":["Strike_G"],"damage_healed":0,"gold_gain":0,"player_choice":"Took Card","damage_taken":0,"max_hp_gain":0,"max_hp_loss":0,"event_name":"NoteForYourself","floor":14,"gold_loss":0,"cards_obtained":["Strike_G"]},{"damage_healed":0,"gold_gain":0,"player_choice":"Shed Blood","damage_taken":19,"max_hp_gain":5,"max_hp_loss":0,"event_name":"Forgotten Altar","floor":21,"gold_loss":0},{"damage_healed":0,"gold_gain":0,"player_choice":"Ignored","damage_taken":0,"max_hp_gain":0,"max_hp_loss":0,"event_name":"The Mausoleum","floor":24,"gold_loss":0},{"cards_removed":["Strike_G"],"damage_healed":0,"gold_gain":0,"player_choice":"Removed Attack","damage_taken":0,"max_hp_gain":0,"max_hp_loss":0,"event_name":"Falling","floor":38,"gold_loss":0},{"damage_healed":0,"gold_gain":0,"player_choice":"Ignored","damage_taken":0,"max_hp_gain":0,"max_hp_loss":0,"event_name":"Tomb of Lord Red Mask","floor":41,"gold_loss":0},{"damage_healed":0,"gold_gain":0,"player_choice":"Memory 1","damage_taken":0,"max_hp_gain":0,"max_hp_loss":0,"event_name":"SensoryStone","floor":45,"gold_loss":0},{"damage_healed":0,"gold_gain":0,"player_choice":"Ignored","damage_taken":0,"max_hp_gain":0,"max_hp_loss":0,"event_name":"betterThird:BetterPortal","floor":48,"gold_loss":0}],"is_beta":false,"boss_relics":[{"not_picked":["Pandora\u0027s Box","Busted Crown"],"picked":"Ring of the Serpent"},{"not_picked":["SacredBark","Cursed Key"],"picked":"HoveringKite"}],"items_purged_floors":[3,19,44],"is_endless":false,"potions_floor_spawned":[4,8,11,16,18,29,31],"killed_by":"Time Eater","ascension_level":0}}