{"host":"kpyf5rnb72uwap8k","time":1607652024,"event":{"mods":["AchievementEnabler","BaseMod","Colored Map","Colored Powertips","DeckTracker","Minty Spire (QoL Compilation)","Permanent Neow","Quick Restart","StSLib","SuperFastMode"],"gold_per_floor":[112,127,127,28,41,41,51,83,158,158,58,58,8,8,8,8,8],"floor_reached":16,"playtime":364,"items_purged":["Strike_R","Strike_R"],"score":108,"play_id":"3adac23c-f2b9-4003-98ac-578509b8ae0a","local_time":"20201211110024","is_ascension_mode":true,"campfire_choices":[{"data":"Rampage","floor":6,"key":"SMITH"},{"data":"Combust","floor":10,"key":"SMITH"},{"data":"Anger","floor":12,"key":"SMITH"},{"data":"True Grit","floor":15,"key":"SMITH"}],"circlet_count":0,"master_deck":["Strike_R","Strike_R","Defend_R","Defend_R","Defend_R","Defend_R","Bash","Deep Breath+1","Anger+1","Flex","Clash","Rampage+1","True Grit+1","Combust+1"],"relics":["Burning Blood","Prayer Wheel","Paper Frog"],"acts_visited":["Exordium"],"potions_floor_usage":[8,8],"damage_taken":[{"damage":13.0,"enemies":"Jaw Worm","floor":1.0,"turns":4.0},{"damage":0,"enemies":"Cultist","floor":2,"turns":3},{"damage":5,"enemies":"2 Louse","floor":5,"turns":2},{"damage":21,"enemies":"Blue Slaver","floor":7,"turns":3},{"damage":24,"enemies":"3 Sentries","floor":8,"turns":10},{"damage":62,"enemies":"Hexaghost","floor":16,"turns":9}],"seed_played":"-3441769496771759120","potions_obtained":[{"floor":5,"key":"Regen Potion"},{"floor":7,"key":"HeartOfIron"}],"is_trial":false,"path_per_floor":["M","M","?","$","M","R","M","E","T","R","$","R","?","$","R","B"],"character_chosen":"IRONCLAD","items_purchased":["Clash"],"campfire_rested":0,"item_purchase_floors":[4],"current_hp_per_floor":[73,79,79,79,80,80,65,62,62,62,62,62,62,62,62,0,0],"gold":8,"neow_bonus":"RANDOM_COLORLESS","is_daily":false,"chose_seed":false,"campfire_upgraded":4,"win_rate":0.0,"timestamp":1607652024,"path_taken":["M","M","?","$","M","R","?","E","T","R","?","R","?","$","R","BOSS"],"items_purchased_type":["Card"],"build_version":"2020-11-30","purchased_purges":2,"victory":false,"max_hp_per_floor":[80,80,80,80,80,80,80,80,80,80,80,80,80,80,80,80,80],"card_choices":[{"not_picked":["PanicButton","Discovery"],"picked":"Deep Breath","floor":0.0},{"not_picked":["Inflame","Iron Wave"],"picked":"Anger","floor":1.0},{"not_picked":["Power Through","Body Slam"],"picked":"Flex","floor":2},{"not_picked":["Sword Boomerang","Exhume"],"picked":"Rampage","floor":5},{"not_picked":["Cleave","Sword Boomerang"],"picked":"True Grit","floor":7},{"not_picked":["Cleave","Dark Embrace"],"picked":"Combust","floor":8}],"player_experience":232087,"relics_obtained":[{"floor":8,"key":"Prayer Wheel"},{"floor":9,"key":"Paper Frog"}],"event_choices":[{"damage_healed":0,"gold_gain":0,"player_choice":"Upgraded","damage_taken":0,"max_hp_gain":0,"max_hp_loss":0,"event_name":"Upgrade Shrine","floor":3,"gold_loss":0,"cards_upgraded":["Deep Breath"]},{"cards_removed":["Strike_R"],"damage_healed":0,"gold_gain":0,"player_choice":"Card Removal","damage_taken":0,"max_hp_gain":0,"max_hp_loss":0,"event_name":"The Cleric","floor":13,"gold_loss":50}],"is_beta":false,"boss_relics":[],"items_purged_floors":[4,11],"is_endless":false,"potions_floor_spawned":[5,7],"killed_by":"Hexaghost","ascension_level":2}}