{"host":"l1ihaotq1cxp1b6b","time":1607690539,"event":{"mods":["AchievementEnabler","BaseMod","Colored Map","Custom Start","DeckTracker","Minty Spire (QoL Compilation)","StSLib","SuperFastMode","everything is the same but u backflip on backflip"],"gold_per_floor":[109,109,124,124,124,124,154,164,164,194,194,194,194,144,144,241,241,257,291,309,309,326,352,352,352,432,432,432,531,24,24,24,120,120,131,131,131,353,14,45,64,97,149,163,195,215,215,234,234,234],"floor_reached":51,"playtime":1370,"items_purged":["RitualDagger+1","Transmutation+1"],"score":1007,"play_id":"3a0b8255-472a-4652-a692-2b33ea8286e0","local_time":"20201211214219","is_ascension_mode":false,"campfire_choices":[{"data":"RitualDagger","floor":6.0,"key":"SMITH"},{"data":"RitualDagger","floor":11.0,"key":"SMITH"},{"data":"RitualDagger","floor":13.0,"key":"SMITH"},{"data":"Adrenaline","floor":15.0,"key":"SMITH"},{"data":"Blade Dance","floor":24,"key":"SMITH"},{"data":"Blur","floor":32,"key":"SMITH"},{"data":"Flash of Steel","floor":49,"key":"SMITH"}],"circlet_count":0,"master_deck":["Survivor","Neutralize","RitualDagger+1","Terror","Adrenaline+1","Footwork+1","Slice","Blur+1","Blade Dance+1","Finisher+1","Choke+1","Escape Plan+1","Noxious Fumes+1","Ghostly+1","Ghostly+1","Ghostly+1","Ghostly+1","Ghostly+1","Tactician+1","Footwork+1","Cloak And Dagger+1","Escape Plan+1","Adrenaline+1","Flash of Steel+1","Escape Plan+1","Acrobatics+1"],"relics":["Ring of the Snake","CultistMask","Juzu Bracelet","Gambling Chip","Ice Cream","Darkstone Periapt","Frozen Egg 2","Pandora\u0027s Box","Red Mask","Toy Ornithopter","Toxic Egg 2","Happy Flower","Lantern","Gremlin Horn","Busted Crown","DollysMirror","Question Card","Centennial Puzzle","MealTicket","CaptainsWheel"],"acts_visited":["Exordium","TheCity","TheBeyond"],"potions_floor_usage":[16,19,19,33,33,45,50],"damage_taken":[{"damage":0.0,"enemies":"2 Louse","floor":1.0,"turns":1.0},{"damage":0.0,"enemies":"Cultist","floor":3.0,"turns":2.0},{"damage":19.0,"enemies":"3 Sentries","floor":7.0,"turns":13.0},{"damage":0.0,"enemies":"Jaw Worm","floor":8.0,"turns":1.0},{"damage":0.0,"enemies":"Lagavulin","floor":10.0,"turns":4.0},{"damage":20,"enemies":"Hexaghost","floor":16,"turns":9},{"damage":3,"enemies":"3 Byrds","floor":18,"turns":3},{"damage":18,"enemies":"Masked Bandits","floor":19,"turns":3},{"damage":0,"enemies":"Shell Parasite","floor":20,"turns":1},{"damage":0,"enemies":"Snake Plant","floor":22,"turns":2},{"damage":31,"enemies":"Gremlin Leader","floor":23,"turns":3},{"damage":25,"enemies":"Automaton","floor":33,"turns":9},{"damage":1,"enemies":"Orb Walker","floor":35,"turns":4},{"damage":13,"enemies":"Giant Head","floor":40,"turns":7},{"damage":0,"enemies":"3 Darklings","floor":41,"turns":3},{"damage":0,"enemies":"Reptomancer","floor":42,"turns":6},{"damage":0,"enemies":"Jaw Worm Horde","floor":44,"turns":3},{"damage":0,"enemies":"Giant Head","floor":45,"turns":5},{"damage":1,"enemies":"Sphere and 2 Shapes","floor":46,"turns":3},{"damage":1,"enemies":"Maw","floor":48,"turns":3},{"damage":0,"enemies":"Donu and Deca","floor":50,"turns":7}],"seed_played":"-8948277433752757023","potions_obtained":[{"floor":8.0,"key":"Regen Potion"},{"floor":16,"key":"Swift Potion"},{"floor":23,"key":"Fire Potion"},{"floor":40,"key":"Poison Potion"},{"floor":45,"key":"Block Potion"}],"is_trial":false,"path_per_floor":["M","?","M","?","$","R","E","M","T","E","R","?","R","?","R","B",null,"M","?","M","?","M","E","R","?","T","?","?","?","$","T","R","B",null,"M","?","?","?","$","E","M","E","T","M","E","M","?","M","R","B",null],"character_chosen":"THE_SILENT","items_purchased":["Happy Flower","Footwork+1","Lantern","Cloak And Dagger+1","DollysMirror","Flash of Steel"],"campfire_rested":0,"item_purchase_floors":[30,30,30,30,39,39],"current_hp_per_floor":[70,70,70,67,67,67,48,48,48,48,48,41,41,41,41,21,70,67,49,49,49,49,18,18,41,41,35,35,35,35,35,35,10,35,34,34,34,34,34,21,21,21,21,21,26,25,25,24,24,29],"gold":234,"neow_bonus":"RANDOM_COMMON_RELIC","is_daily":false,"chose_seed":false,"campfire_upgraded":7,"win_rate":0.0,"timestamp":1607690539,"path_taken":["M","?","M","?","$","R","E","M","T","E","R","?","R","?","R","BOSS","M","?","M","?","M","E","R","?","T","?","?","?","?","?","R","BOSS","M","?","?","?","$","E","M","E","T","M","E","M","?","M","R","BOSS"],"items_purchased_type":["Relic","Undefined","Relic","Undefined","Relic","Card"],"build_version":"2020-11-30","purchased_purges":2,"victory":true,"max_hp_per_floor":[70,70,70,70,70,70,70,70,70,70,70,70,70,70,70,70,70,70,70,70,70,70,70,70,70,70,35,35,35,35,35,35,35,35,35,35,35,35,35,35,35,35,35,35,35,35,35,35,35,35],"card_choices":[{"not_picked":["Masterful Stab","Underhanded Strike"],"picked":"Terror","floor":1.0},{"not_picked":["PiercingWail","Dodge and Roll","Deflect"],"picked":"SKIP","floor":3.0},{"not_picked":["Dodge and Roll","Deflect"],"picked":"Dagger Spray","floor":7.0},{"not_picked":["Quick Slash","Dodge and Roll"],"picked":"Cloak And Dagger","floor":8.0},{"not_picked":["Backflip","Blade Dance"],"picked":"Adrenaline","floor":10.0},{"not_picked":["Unload","Venomology"],"picked":"Grand Finale","floor":16},{"not_picked":["Underhanded Strike","Bane"],"picked":"Finisher+1","floor":18},{"not_picked":["All Out Attack","Deflect"],"picked":"Choke","floor":19},{"not_picked":["Dagger Spray","Quick Slash"],"picked":"Escape Plan+1","floor":20},{"not_picked":["Dagger Spray","PiercingWail"],"picked":"Noxious Fumes+1","floor":22},{"not_picked":["Corpse Explosion","Riddle With Holes","Dodge and Roll"],"picked":"SKIP","floor":23},{"not_picked":[],"picked":"Escape Plan+1","floor":35},{"not_picked":["Flying Knee+1"],"picked":"SKIP","floor":40},{"not_picked":["Masterful Stab","Flying Knee"],"picked":"SKIP","floor":41},{"not_picked":["Backstab+1","Sucker Punch+1"],"picked":"SKIP","floor":42},{"not_picked":["Deadly Poison+1","Dodge and Roll+1"],"picked":"SKIP","floor":44},{"not_picked":["Slice+1"],"picked":"Escape Plan+1","floor":45},{"not_picked":["Glass Knife"],"picked":"Acrobatics+1","floor":46},{"not_picked":["Deflect+1","Distraction+1"],"picked":"SKIP","floor":48}],"player_experience":524889,"relics_obtained":[{"floor":7.0,"key":"Ice Cream"},{"floor":9.0,"key":"Darkstone Periapt"},{"floor":10.0,"key":"Frozen Egg 2"},{"floor":19,"key":"Red Mask"},{"floor":23,"key":"Toy Ornithopter"},{"floor":26,"key":"Toxic Egg 2"},{"floor":31,"key":"Gremlin Horn"},{"floor":40,"key":"Question Card"},{"floor":42,"key":"Centennial Puzzle"},{"floor":43,"key":"MealTicket"},{"floor":45,"key":"CaptainsWheel"}],"event_choices":[{"cards_removed":["Defend_G"],"damage_healed":0.0,"max_hp_gain":0.0,"max_hp_loss":0.0,"gold_gain":0.0,"event_name":"Bonfire Elementals","player_choice":"Offered Basic","floor":2.0,"gold_loss":0.0,"damage_taken":0.0},{"damage_healed":0.0,"max_hp_gain":0.0,"max_hp_loss":0.0,"gold_gain":0.0,"event_name":"Scrap Ooze","player_choice":"Success","floor":4.0,"gold_loss":0.0,"damage_taken":3.0,"relics_obtained":["Gambling Chip"]},{"cards_removed":["RitualDagger"],"damage_healed":0.0,"max_hp_gain":0.0,"max_hp_loss":0.0,"gold_gain":0.0,"event_name":"Golden Wing","player_choice":"Card Removal","floor":12.0,"gold_loss":0.0,"damage_taken":7.0},{"cards_removed":["RitualDagger"],"damage_healed":0.0,"max_hp_gain":0.0,"max_hp_loss":0.0,"gold_gain":0.0,"event_name":"The Cleric","player_choice":"Card Removal","floor":14.0,"gold_loss":50.0,"damage_taken":0.0},{"damage_healed":0,"gold_gain":0,"player_choice":"Fought Bandits","damage_taken":0,"max_hp_gain":0,"max_hp_loss":0,"event_name":"Masked Bandits","floor":19,"gold_loss":0},{"damage_healed":0,"gold_gain":0,"player_choice":"Forge","damage_taken":0,"max_hp_gain":0,"max_hp_loss":0,"event_name":"Accursed Blacksmith","floor":21,"gold_loss":0,"cards_upgraded":["Choke"]},{"damage_healed":23,"gold_gain":0,"player_choice":"Heal","damage_taken":0,"max_hp_gain":0,"max_hp_loss":0,"event_name":"The Library","floor":25,"gold_loss":0},{"damage_healed":0,"gold_gain":0,"player_choice":"Became a Ghost","damage_taken":0,"max_hp_gain":0,"max_hp_loss":35,"event_name":"Ghosts","floor":27,"gold_loss":0,"cards_obtained":["Ghostly","Ghostly","Ghostly","Ghostly","Ghostly"]},{"damage_healed":0,"gold_gain":0,"cards_transformed":["Dagger Spray","RitualDagger"],"player_choice":"Became Test Subject","damage_taken":0,"max_hp_gain":0,"max_hp_loss":0,"event_name":"Drug Dealer","floor":28,"gold_loss":0,"cards_obtained":["Tactician","Transmutation"]},{"damage_healed":0,"gold_gain":99,"player_choice":"Stole From Cult","damage_taken":0,"max_hp_gain":0,"max_hp_loss":0,"event_name":"Nest","floor":29,"gold_loss":0},{"cards_removed":["Grand Finale"],"damage_healed":0,"gold_gain":0,"player_choice":"Removed Attack","damage_taken":0,"max_hp_gain":0,"max_hp_loss":0,"event_name":"Falling","floor":36,"gold_loss":0},{"cards_removed":["Cloak And Dagger"],"damage_healed":0,"gold_gain":0,"player_choice":"Card Removal","damage_taken":0,"max_hp_gain":0,"max_hp_loss":0,"event_name":"Wheel of Change","floor":37,"gold_loss":0},{"damage_healed":0,"gold_gain":222,"player_choice":"Wore Mask","damage_taken":0,"max_hp_gain":0,"max_hp_loss":0,"event_name":"Tomb of Lord Red Mask","floor":38,"gold_loss":0},{"damage_healed":0,"gold_gain":0,"player_choice":"Memory 1","damage_taken":0,"max_hp_gain":0,"max_hp_loss":0,"event_name":"SensoryStone","floor":47,"gold_loss":0}],"is_beta":false,"boss_relics":[{"not_picked":["Tiny House","Astrolabe"],"picked":"Pandora\u0027s Box"},{"not_picked":["Snecko Eye","Sozu"],"picked":"Busted Crown"}],"items_purged_floors":[30,39],"is_endless":false,"potions_floor_spawned":[1,8,16,18,23,40,45],"ascension_level":0}}