{"host":"91n1pc4te07j54gv","time":1607705548,"event":{"mods":["BaseMod","BetterRewards","Colored Powertips","Downfall","Highlight Path","Infinite Spire","Minty Spire (QoL Compilation)","Quick Restart","Relic Filter","Relic Stats","Replay The Spire","Spicy Shops","StSLib"],"gold_per_floor":[114,114,13,23,34,62,62,88,88,104,104,134,148,173,173,270,270,280,297,212,212,212,241,259,285,340,354,385,385,398,410,410,508,508,521,521,571,571,581,607,607,607,607,607,607,638,638,673,673,673,673,673,91,121,121],"floor_reached":56,"playtime":3963,"items_purged":["Doubt"],"score":2269,"play_id":"ff768d46-70cf-40da-bf6e-fd02fc8b4568","local_time":"20201212005228","is_ascension_mode":true,"campfire_choices":[{"data":"Fission","floor":11.0,"key":"SMITH"},{"data":"Defragment","floor":15.0,"key":"SMITH"},{"data":"infinitespire:Oblivion","floor":32,"key":"SMITH"},{"floor":42,"key":"RECALL"},{"data":"Amplify","floor":45,"key":"SMITH"},{"data":"Hologram","floor":47,"key":"SMITH"},{"floor":49,"key":"DIG"},{"data":"Forethought","floor":52,"key":"SMITH"}],"circlet_count":0,"master_deck":["AscendersBane","Strike_B","Strike_B","Strike_B","Defend_B","Defend_B","Defend_B","Defend_B","Zap","Dualcast","Defragment+1","Cold Snap","Hologram+1","Fission+1","Ball Lightning","Capacitor+1","Echo Form+1","Glacier","Undo","Meteor Strike","Echo Form+1","Injury","sneckomod:Unknown","Amplify+1","Forethought+1","infinitespire:DeathsTouch","Defragment+1","infinitespire:Oblivion+1","ReplayTheSpireMod:GoodbyeWorld+1","Coolheaded+1","Redo+1","Self Repair+1","Barrage+1","Dramatic Entrance","Ball Lightning+1","Mirror Shield","Self Repair+1","Glacier+1","Storm+1","BootSequence+1","White Noise","ReplayTheSpireMod:Calculation Training+1","Storm+1","Apotheosis","Glacier"],"relics":["Cracked Core","Quantum Egg","Blood Vial","Bird Faced Urn","Incense Burner","Frozen Egg 2","Regal Pillow","Bag of Preparation","Pear","infinitespire:Freezer","Smiling Mask","ReplayTheSpireMod:SealedPack","Gambling Chip","Kunai","Guardian:PocketSentry","Matryoshka","Juzu Bracelet","Du-Vu Doll","Black Star","FossilizedHelix","Ring of Shattering","ReplayTheSpireMod:Ring of Addiction","SacredBark","White Beast Statue","Pen Nib","Sundial","Shuriken","Solar Panel","Blue Candle","Lizard Tail","Toy Ornithopter","Divine Protection","Replay:Wax Seal","Replay:Rubber Ducky","infinitespire:Satchel","Medical Kit","Vajra","Anchor"],"acts_visited":["Exordium","TheCity","TheBeyond","TheEnding"],"potions_floor_usage":[30,33,33,40,46,48,50,55,55],"damage_taken":[{"damage":4.0,"enemies":"2 Louse","floor":1.0,"turns":3.0},{"damage":0.0,"enemies":"Cultist","floor":4.0,"turns":4.0},{"damage":3.0,"enemies":"Small Slimes","floor":5.0,"turns":3.0},{"damage":25.0,"enemies":"Lagavulin","floor":6.0,"turns":6.0},{"damage":15.0,"enemies":"Gremlin Nob","floor":8.0,"turns":4.0},{"damage":0.0,"enemies":"Exordium Thugs","floor":10.0,"turns":3.0},{"damage":0.0,"enemies":"Lagavulin","floor":12.0,"turns":6.0},{"damage":0.0,"enemies":"3 Louse","floor":13.0,"turns":2.0},{"damage":2.0,"enemies":"3 Sentries","floor":14.0,"turns":7.0},{"damage":25.0,"enemies":"Hexaghost","floor":16.0,"turns":8.0},{"damage":34.0,"enemies":"Spheric Guardian","floor":18.0,"turns":6.0},{"damage":23.0,"enemies":"3 Byrds","floor":19.0,"turns":4.0},{"damage":8.0,"enemies":"Nightmare","floor":23.0,"turns":9.0},{"damage":4.0,"enemies":"3 Cultists","floor":24.0,"turns":5.0},{"damage":13,"enemies":"Gremlin Leader","floor":25,"turns":6},{"damage":0,"enemies":"Snake Plant","floor":27,"turns":4},{"damage":20,"enemies":"Slavers","floor":28,"turns":4},{"damage":0,"enemies":"Chosen and Byrds","floor":30,"turns":5},{"damage":5,"enemies":"Centurion and Healer","floor":31,"turns":5},{"damage":7,"enemies":"Automaton","floor":33,"turns":7},{"damage":47,"enemies":"3 Darklings","floor":35,"turns":7},{"damage":16,"enemies":"Mind Bloom Boss Battle","floor":37,"turns":7},{"damage":0,"enemies":"Orb Walker","floor":39,"turns":3},{"damage":9,"enemies":"Reptomancer","floor":40,"turns":5},{"damage":0,"enemies":"R_Hoarder","floor":46,"turns":8},{"damage":38,"enemies":"Reptomancer","floor":48,"turns":5},{"damage":42,"enemies":"Donu and Deca","floor":50,"turns":9},{"damage":35,"enemies":"Shield and Spear","floor":54,"turns":4},{"damage":69,"enemies":"The Heart","floor":55,"turns":8}],"seed_played":"8694970500226713724","potions_obtained":[{"floor":5.0,"key":"Fire Potion"},{"floor":6.0,"key":"SneckoOil"},{"floor":13.0,"key":"SkillPotion"},{"floor":14.0,"key":"Slimebound:ThreeZeroPotion"},{"floor":19.0,"key":"AttackPotion"},{"floor":24.0,"key":"AttackPotion"},{"floor":25,"key":"Adrenaline Potion"},{"floor":38,"key":"Adrenaline Potion"},{"floor":38,"key":"LiquidMemories"},{"floor":38,"key":"AttackPotion"},{"floor":46,"key":"BlessingOfTheForge"},{"floor":48,"key":"Adrenaline Potion"},{"floor":54,"key":"Dexterity Potion"}],"is_trial":false,"path_per_floor":["M","?","$","M","M","E","?","E","T","M","R","E","M","E","R","B",null,"M","M","?","?","AVR","NM","M","E","T","M","E","?","M","M","R","B",null,"M","?","?","?","M","E","T","R","T","?","R","E","R","E","R","B",null,"R","$","E","B",null],"character_chosen":"DEFECT","items_purchased":["Quantum Egg","Blood Vial","Defragment","Bandage Up","Cold Snap","Frozen Egg 2","Storm+1","Apotheosis","infinitespire:Satchel","Medical Kit"],"campfire_rested":0,"item_purchase_floors":[0,0,0,0,0,3,53,53,53,53],"current_hp_per_floor":[28,28,28,36,41,24,17,12,22,30,30,42,48,60,60,49,76,52,49,49,49,49,67,81,83,83,85,79,79,85,85,85,85,85,64,64,85,85,85,85,85,85,85,83,83,83,83,83,83,83,83,83,83,81,73],"gold":121,"neow_bonus":"","is_daily":false,"chose_seed":false,"campfire_upgraded":6,"win_rate":0.0,"timestamp":1607705548,"path_taken":["M","?","?","M","?","E","?","E","T","M","R","E","M","E","R","BOSS","M","M","?","?","AVR","NM","?","E","T","M","E","?","M","M","R","BOSS","M","?","?","?","M","E","?","R","T","?","R","E","R","E","R","BOSS","R","$","E","BOSS"],"items_purchased_type":["Relic","Relic","Card","Card","Card","Relic","Undefined","Card","Relic","Relic"],"build_version":"2020-11-30","purchased_purges":1,"victory":true,"max_hp_per_floor":[75,75,75,75,75,75,75,75,85,85,85,85,85,85,85,85,85,85,85,85,85,85,85,85,85,85,85,85,85,85,85,85,85,85,85,85,85,85,85,85,85,85,85,83,83,83,83,83,83,83,83,83,83,81,81],"relic_stats":{"Regal Pillow":0,"counters":[172,839],"Blue Candle":[3],"Pen Nib":[2],"Bag of Preparation":[48],"Juzu Bracelet":1,"Smiling Mask":25,"Medical Kit":[3],"Blood Vial":36,"Lizard Tail":0,"Sundial":[0],"Shuriken":[3],"Bird Faced Urn":[352],"Gambling Chip":[56],"Black Star":4,"Kunai":[12],"obtain_stats":[{"Replay:Accelerometer":0,"Golden Egg":8,"Whetstone":32,"Bottled Tornado":39,"Boot":42,"Blood Vial":44,"Replay:Ringing Soul":55,"infinitespire:ShieldingShard":27,"Sundial":40,"MealTicket":23,"Kunai":22,"Replay:Wax Seal":43,"Replay:Bottled Steam":49,"Pear":9,"Blue Candle":30,"ReplayTheSpireMod:Ring of Addiction":38,"ReplayTheSpireMod:SealedPack":17,"Pen Nib":40,"Replay:Ancient Bell":34,"Guardian:PocketSentry":23,"infinitespire:Magic Flask":56,"Cables":0,"infinitespire:EvilPickle":43,"infinitespire:Broken Mirror":46,"Bird Faced Urn":0,"Snecko Eye":34,"Pandora\u0027s Box":17,"CultistMask":31,"infinitespire:PuzzleCube":28,"Unceasing Top":55,"Solar Panel":41,"Carrot":8,"Regal Pillow":15,"Lantern":19,"Torii":0,"Blue Doll":9,"Bag of Preparation":39,"Smiling Mask":34,"Ancient Tea Set":6,"Cursed Key":34,"Pet Ghost":49,"Replay:Rubber Ducky":49,"Matryoshka":0,"Shovel":11,"Guardian:BottledAnomaly":19,"Lee\u0027s Waffle":0,"Inserter":17,"NeowsBlessing":0,"Thread and Needle":8,"The Courier":32,"PreservedInsect":43,"infinitespire:Joker Card":31,"Omamori":0,"infinitespire:CheckeredPen":12,"Frozen Egg 2":47,"Replay:Arrowhead":9,"Orrery":0,"Garlic":47,"Bottled Lightning":6,"ReplayTheSpireMod:Lightbulb":30,"Toy Ornithopter":0,"infinitespire:Freezer":41,"infinitespire:Midas Blood":42,"Ice Cream":0,"Divine Protection":13,"Gremlin Horn":52,"Vajra":47,"Centennial Puzzle":25,"Lizard Tail":0,"infinitespire:SolderingIron":28,"Replay:Frozen Program":0,"Prayer Wheel":18,"Iron Hammer":0,"Ring of Shattering":38,"Toxic Egg 2":23,"Happy Flower":13,"Dead Branch":34,"infinitespire:Beetle Shell":23,"Ring of Chaos":17,"Replay:Kaleidoscope":0,"Letter Opener":25,"War Paint":54,"Question Card":25,"Du-Vu Doll":40,"OrangePellets":0,"Shuriken":45,"Molten Egg 2":36,"Simple Rune":30,"Black Star":12,"ReplayTheSpireMod:TigerMarble":9,"Mirror":28,"Pocketwatch":0,"Meat on the Bone":9,"ReplayFunnel":7,"SacredBark":38,"Incense Burner":41,"Juzu Bracelet":26,"ClockworkSouvenir":55,"Dream Catcher":40,"Nunchaku":45,"Emotion Chip":0,"Chameleon Ring":45,"TheAbacus":47,"Mummified Hand":48,"Gambling Chip":20,"Tiny Chest":0,"Replay:Bottled Snecko":34,"Replay:Antivirus Software":9,"Cracked Core":0,"BargainBundle":53,"ReplayTheSpireMod:Ninjato":23,"Replay:Towering Pillar of Hats":0,"Quantum Egg":0,"infinitespire:FocusingShard":26,"Orichalcum":54,"Medical Kit":53,"White Beast Statue":54,"Peace Pipe":0,"CaptainsWheel":3,"Anchor":54,"infinitespire:Satchel":6,"ChewingGum":17,"Coffee Dripper":17,"Snack Pack":26,"Membership Card":0,"FossilizedHelix":9,"ReplayTheSpireMod:ShopPack":39},{"Replay:Accelerometer":32,"Golden Egg":121,"Whetstone":105,"Bottled Tornado":24,"Boot":57,"Blood Vial":27,"Replay:Ringing Soul":116,"infinitespire:ShieldingShard":130,"Sundial":167,"MealTicket":128,"Kunai":155,"Replay:Wax Seal":26,"Replay:Bottled Steam":142,"Pear":148,"Blue Candle":21,"ReplayTheSpireMod:Ring of Addiction":165,"ReplayTheSpireMod:SealedPack":153,"Pen Nib":167,"Replay:Ancient Bell":22,"Guardian:PocketSentry":156,"infinitespire:Magic Flask":117,"Cables":32,"infinitespire:EvilPickle":111,"infinitespire:Broken Mirror":86,"Bird Faced Urn":61,"Snecko Eye":51,"Pandora\u0027s Box":12,"CultistMask":21,"infinitespire:PuzzleCube":48,"Unceasing Top":116,"Solar Panel":167,"Carrot":7,"Regal Pillow":41,"Lantern":72,"Torii":118,"Blue Doll":37,"Bag of Preparation":24,"Smiling Mask":22,"Ancient Tea Set":36,"Cursed Key":80,"Pet Ghost":58,"Replay:Rubber Ducky":169,"Matryoshka":32,"Shovel":38,"Guardian:BottledAnomaly":43,"Lee\u0027s Waffle":61,"Inserter":126,"NeowsBlessing":0,"Thread and Needle":95,"The Courier":50,"PreservedInsect":57,"infinitespire:Joker Card":133,"Omamori":61,"infinitespire:CheckeredPen":69,"Frozen Egg 2":113,"Replay:Arrowhead":7,"Orrery":91,"Garlic":58,"Bottled Lightning":94,"ReplayTheSpireMod:Lightbulb":78,"Toy Ornithopter":32,"infinitespire:Freezer":56,"infinitespire:Midas Blood":140,"Ice Cream":61,"Divine Protection":40,"Gremlin Horn":59,"Vajra":87,"Centennial Puzzle":46,"Lizard Tail":61,"infinitespire:SolderingIron":76,"Replay:Frozen Program":91,"Prayer Wheel":13,"Iron Hammer":91,"Ring of Shattering":165,"Toxic Egg 2":45,"Happy Flower":10,"Dead Branch":22,"infinitespire:Beetle Shell":75,"Ring of Chaos":99,"Replay:Kaleidoscope":32,"Letter Opener":76,"War Paint":90,"Question Card":76,"Du-Vu Doll":84,"OrangePellets":32,"Shuriken":86,"Molten Egg 2":23,"Simple Rune":103,"Black Star":69,"ReplayTheSpireMod:TigerMarble":121,"Mirror":103,"Pocketwatch":91,"Meat on the Bone":95,"ReplayFunnel":66,"SacredBark":165,"Incense Burner":25,"Juzu Bracelet":158,"ClockworkSouvenir":116,"Dream Catcher":56,"Nunchaku":86,"Emotion Chip":118,"Chameleon Ring":112,"TheAbacus":113,"Mummified Hand":29,"Gambling Chip":155,"Tiny Chest":91,"Replay:Bottled Snecko":22,"Replay:Antivirus Software":67,"Cracked Core":0,"BargainBundle":59,"ReplayTheSpireMod:Ninjato":17,"Replay:Towering Pillar of Hats":91,"Quantum Egg":143,"infinitespire:FocusingShard":103,"Orichalcum":60,"Medical Kit":170,"White Beast Statue":31,"Peace Pipe":118,"CaptainsWheel":120,"Anchor":171,"infinitespire:Satchel":6,"ChewingGum":71,"Coffee Dripper":42,"Snack Pack":46,"Membership Card":61,"FossilizedHelix":37,"ReplayTheSpireMod:ShopPack":24},{"Replay:Accelerometer":154,"Golden Egg":538,"Whetstone":448,"Bottled Tornado":124,"Boot":258,"Blood Vial":137,"Replay:Ringing Soul":514,"infinitespire:ShieldingShard":588,"Sundial":805,"MealTicket":575,"Kunai":739,"Replay:Wax Seal":132,"Replay:Bottled Steam":671,"Pear":703,"Blue Candle":109,"ReplayTheSpireMod:Ring of Addiction":797,"ReplayTheSpireMod:SealedPack":729,"Pen Nib":805,"Replay:Ancient Bell":117,"Guardian:PocketSentry":748,"infinitespire:Magic Flask":520,"Cables":154,"infinitespire:EvilPickle":483,"infinitespire:Broken Mirror":357,"Bird Faced Urn":274,"Snecko Eye":229,"Pandora\u0027s Box":65,"CultistMask":109,"infinitespire:PuzzleCube":216,"Unceasing Top":514,"Solar Panel":805,"Carrot":34,"Regal Pillow":184,"Lantern":312,"Torii":527,"Blue Doll":167,"Bag of Preparation":124,"Smiling Mask":117,"Ancient Tea Set":165,"Cursed Key":338,"Pet Ghost":260,"Replay:Rubber Ducky":818,"Matryoshka":154,"Shovel":173,"Guardian:BottledAnomaly":196,"Lee\u0027s Waffle":274,"Inserter":557,"NeowsBlessing":0,"Thread and Needle":393,"The Courier":222,"PreservedInsect":258,"infinitespire:Joker Card":609,"Omamori":274,"infinitespire:CheckeredPen":307,"Frozen Egg 2":497,"Replay:Arrowhead":34,"Orrery":373,"Garlic":260,"Bottled Lightning":386,"ReplayTheSpireMod:Lightbulb":329,"Toy Ornithopter":154,"infinitespire:Freezer":254,"infinitespire:Midas Blood":660,"Ice Cream":274,"Divine Protection":181,"Gremlin Horn":266,"Vajra":360,"Centennial Puzzle":205,"Lizard Tail":274,"infinitespire:SolderingIron":326,"Replay:Frozen Program":373,"Prayer Wheel":68,"Iron Hammer":373,"Ring of Shattering":797,"Toxic Egg 2":202,"Happy Flower":49,"Dead Branch":117,"infinitespire:Beetle Shell":323,"Ring of Chaos":415,"Replay:Kaleidoscope":154,"Letter Opener":326,"War Paint":368,"Question Card":326,"Du-Vu Doll":349,"OrangePellets":154,"Shuriken":357,"Molten Egg 2":122,"Simple Rune":438,"Black Star":307,"ReplayTheSpireMod:TigerMarble":538,"Mirror":438,"Pocketwatch":373,"Meat on the Bone":393,"ReplayFunnel":297,"SacredBark":797,"Incense Burner":131,"Juzu Bracelet":759,"ClockworkSouvenir":514,"Dream Catcher":254,"Nunchaku":357,"Emotion Chip":527,"Chameleon Ring":488,"TheAbacus":497,"Mummified Hand":143,"Gambling Chip":739,"Tiny Chest":373,"Replay:Bottled Snecko":117,"Replay:Antivirus Software":300,"Cracked Core":0,"BargainBundle":266,"ReplayTheSpireMod:Ninjato":93,"Replay:Towering Pillar of Hats":373,"Quantum Egg":683,"infinitespire:FocusingShard":438,"Orichalcum":268,"Medical Kit":827,"White Beast Statue":150,"Peace Pipe":527,"CaptainsWheel":532,"Anchor":831,"infinitespire:Satchel":30,"ChewingGum":310,"Coffee Dripper":193,"Snack Pack":205,"Membership Card":274,"FossilizedHelix":167,"ReplayTheSpireMod:ShopPack":124}],"Toy Ornithopter":10},"card_choices":[{"not_picked":["Streamline","Rebound","Hologram"],"picked":"SKIP","floor":1.0},{"not_picked":["Streamline","Rebound"],"picked":"Hologram","floor":1.0},{"not_picked":["Cold Snap","Gash"],"picked":"Ball Lightning","floor":4.0},{"not_picked":["Go for the Eyes","FTL","Rebound"],"picked":"SKIP","floor":5.0},{"not_picked":["ReplaySolidLightProjector","Double Energy"],"picked":"Capacitor+1","floor":6.0},{"not_picked":["BootSequence","Defragment+1"],"picked":"Echo Form+1","floor":8.0},{"not_picked":["Steam","Consume"],"picked":"Glacier","floor":10.0},{"not_picked":["Streamline","FTL"],"picked":"Undo","floor":12.0},{"not_picked":["Time Bomb","Panic Button","Steam"],"picked":"SKIP","floor":13.0},{"not_picked":["Auto Shields","Gash"],"picked":"Meteor Strike","floor":14.0},{"not_picked":["Seek","Core Surge"],"picked":"Echo Form+1","floor":16.0},{"not_picked":["Bash","Vigilance"],"picked":"sneckomod:Unknown","floor":17.0},{"not_picked":["ReplayTheSpireMod:Omega Cannon","Reboot"],"picked":"Amplify","floor":17.0},{"not_picked":["PanicButton","expansioncontent:Chronoboost"],"picked":"Forethought","floor":17.0},{"not_picked":["infinitespire:Menacing","ReplayTheSpireMod:Black Plague"],"picked":"infinitespire:DeathsTouch","floor":17.0},{"not_picked":["ReplaySolidLightProjector","Lockon","Time Bomb"],"picked":"SKIP","floor":18.0},{"not_picked":["Darkness","Fusion"],"picked":"Defragment+1","floor":19.0},{"not_picked":["Hologram","BasicCrystalCard"],"picked":"ReplayTheSpireMod:GoodbyeWorld+1","floor":23.0},{"not_picked":["Steam Power","Auto Shields+1"],"picked":"Coolheaded+1","floor":24.0},{"not_picked":["Leap+1","Beam Cell"],"picked":"Redo+1","floor":25},{"not_picked":["Hologram","Time Bomb"],"picked":"Self Repair+1","floor":27},{"not_picked":["Go for the Eyes+1","BootSequence"],"picked":"Barrage+1","floor":28},{"not_picked":["ReplayGash","BasicCrystalCard+1"],"picked":"Ball Lightning+1","floor":30},{"not_picked":["Go for the Eyes","Lockon","Compile Driver"],"picked":"SKIP","floor":31},{"not_picked":["ReplayRNGCard","Hyperbeam"],"picked":"Mirror Shield","floor":33},{"not_picked":["Ball Lightning","Barrage"],"picked":"Self Repair+1","floor":35},{"not_picked":["BasicCrystalCard","Rip and Tear+1"],"picked":"Glacier+1","floor":37},{"not_picked":["Conserve Battery+1","BasicCrystalCard+1"],"picked":"Storm+1","floor":39},{"not_picked":["Beam Cell","ReplayTheSpireMod:Reroute Power+1"],"picked":"BootSequence+1","floor":40},{"not_picked":["Reinforced Body","Heatsinks+1"],"picked":"White Noise","floor":46},{"not_picked":["Hologram","Panic Button"],"picked":"ReplayTheSpireMod:Calculation Training+1","floor":48},{"not_picked":["Beam Cell","Coolheaded+1"],"picked":"Glacier","floor":54}],"player_experience":930977,"relics_obtained":[{"floor":6.0,"key":"Regal Pillow"},{"floor":8.0,"key":"Bag of Preparation"},{"floor":9.0,"key":"Pear"},{"floor":12.0,"key":"infinitespire:Freezer"},{"floor":14.0,"key":"Smiling Mask"},{"floor":23.0,"key":"Guardian:PocketSentry"},{"floor":25,"key":"Matryoshka"},{"floor":26,"key":"Juzu Bracelet"},{"floor":28,"key":"Du-Vu Doll"},{"floor":37,"key":"FossilizedHelix"},{"floor":38,"key":"Ring of Shattering"},{"floor":38,"key":"ReplayTheSpireMod:Ring of Addiction"},{"floor":38,"key":"SacredBark"},{"floor":38,"key":"White Beast Statue"},{"floor":40,"key":"Pen Nib"},{"floor":40,"key":"Sundial"},{"floor":41,"key":"Shuriken"},{"floor":41,"key":"Solar Panel"},{"floor":43,"key":"Blue Candle"},{"floor":46,"key":"Lizard Tail"},{"floor":46,"key":"Toy Ornithopter"},{"floor":48,"key":"Divine Protection"},{"floor":48,"key":"Replay:Wax Seal"},{"floor":49,"key":"Replay:Rubber Ducky"},{"floor":54,"key":"Vajra"},{"floor":54,"key":"Anchor"}],"event_choices":[{"damage_healed":0.0,"max_hp_gain":0.0,"max_hp_loss":0.0,"gold_gain":0.0,"event_name":"Match and Keep!","player_choice":"1 cards matched","floor":2.0,"gold_loss":0.0,"damage_taken":0.0,"cards_obtained":["Fission"]},{"cards_removed":["Decay"],"damage_healed":0.0,"max_hp_gain":0.0,"max_hp_loss":0.0,"gold_gain":0.0,"event_name":"Golden Wing","player_choice":"Card Removal","floor":7.0,"gold_loss":0.0,"damage_taken":7.0},{"damage_healed":0.0,"max_hp_gain":0.0,"max_hp_loss":0.0,"gold_gain":0.0,"event_name":"Addict","player_choice":"Obtained Relic","floor":20.0,"gold_loss":85.0,"damage_taken":0.0,"relics_obtained":["Gambling Chip"]},{"cards_removed":["Strike_B"],"damage_healed":0.0,"max_hp_gain":0.0,"max_hp_loss":0.0,"gold_gain":0.0,"event_name":"Purifier","player_choice":"Purged","floor":21.0,"gold_loss":0.0,"damage_taken":0.0},{"damage_healed":0,"gold_gain":0,"player_choice":"1 cards matched","damage_taken":0,"max_hp_gain":0,"max_hp_loss":0,"event_name":"Match and Keep!","floor":29,"gold_loss":0,"cards_obtained":["Dramatic Entrance"]},{"cards_removed":["Bandage Up"],"damage_healed":0,"gold_gain":0,"player_choice":"Removed Skill","damage_taken":0,"max_hp_gain":0,"max_hp_loss":0,"event_name":"Falling","floor":36,"gold_loss":0},{"damage_healed":0,"gold_gain":0,"player_choice":"Fight","damage_taken":0,"max_hp_gain":0,"max_hp_loss":0,"event_name":"MindBloom","floor":37,"gold_loss":0},{"damage_healed":0,"gold_gain":0,"player_choice":"Ignored","damage_taken":0,"max_hp_gain":0,"max_hp_loss":0,"event_name":"Tomb of Lord Red Mask","floor":44,"gold_loss":0}],"is_beta":false,"boss_relics":[{"not_picked":["Replay:Drink Me","Replay:Bronze Core"],"picked":"ReplayTheSpireMod:SealedPack"},{"not_picked":["Runic Pyramid","Astrolabe"],"picked":"Black Star"}],"items_purged_floors":[53],"is_endless":false,"potions_floor_spawned":[5,6,13,14,19,24,25,27,39,46,48,54],"ascension_level":10}}