{"host":"z26j60ycepuqi9th","time":1607695529,"event":{"mods":["Act Like it!","BaseMod","CapriCore","Card Filter","Card Forge","DeckTracker","Dota2Spire","Friendly Minions","Highlight Path","Mari Mod (Legacy)","Mari\u0027s V1 Patch","Minty Spire (QoL Compilation)","MostiFishMod","Permanent Neow","Quick Restart","Relic Stats","Shop Mod","Spicy Shops","StSLib","SuperFastMode","TestMod","The Alterego","The Dragon Tamer","TheWitcher","[地精首领爬塔]The Maniac","【遗物卡牌】REMEMod","篝火指南"],"gold_per_floor":[111,127,127,127,140,140,173,193,218,255,5,29,53,75,75,192,192,231,262,262,313,313,362,99,192,268,183,216,302,531,695,94,553,553,604,604,758,758,495,495,526,269,269,414,446,506,582,649,649,1021,1021,440,62,121,305],"floor_reached":56,"playtime":3194,"items_purged":["Strike_G","Strike_G","Defend_G","Defend_G","Writhe","Cloak And Dagger"],"score":2773,"play_id":"d2e6036a-2508-46bd-be38-52ba437e9eff","local_time":"20201211220529","is_ascension_mode":true,"campfire_choices":[{"data":"Bouncing Flask","floor":6.0,"key":"SMITH"},{"data":"Calculated Gamble","floor":15.0,"key":"SMITH"},{"floor":49,"key":"RECALL"}],"circlet_count":0,"master_deck":["AscendersBane","Neutralize+1","MostiFishMod:KingOfFree+1","Bouncing Flask+1","PiercingWail","Escape Plan","Acrobatics+1","MostiFishMod:Opportunism+1","Calculated Gamble+1","Calculated Gamble","Adrenaline","Finisher"],"relics":["Ring of the Snake","Hammer of Thor","Seething Fire","Anvil of the Gods","DaveBox","testmod-TestBox","REME_ComplimentaryCards","testmod-Temperance","DianDianMeat","Question Card","Pen Nib","Dota2Spire:EchoSabre","testmod-Acrobat","ImportantClient","HereWithMe","alterego_mod:SomeoneToFightFor","MealTicket","Dota2Spire:HandOfMidas","Whetstone","testmod-Hope","ThornShield","REME_ArchaeologicalTools","Gambling Chip","Mercury Hourglass","Technique","Lantern","Empty Cage","Dota2Spire:DrumOfEndurance","PreservedInsect","Vajra","testmod-Alchemist","testmod-TurbochargingSystem","Blood Vial","testmod-ArcanaOfDestiny","testmod-InfectionSource","ImprovedEquipment","testmod-LifeArmor"],"acts_visited":["Exordium","TheCity","TheBeyond","TheEnding"],"potions_floor_usage":[50],"damage_taken":[{"damage":8.0,"enemies":"Cultist","floor":1.0,"turns":5.0},{"damage":13.0,"enemies":"2 Louse","floor":2.0,"turns":3.0},{"damage":1.0,"enemies":"Jaw Worm","floor":5.0,"turns":4.0},{"damage":25.0,"enemies":"3 Sentries","floor":7.0,"turns":9.0},{"damage":3.0,"enemies":"3 Louse","floor":8.0,"turns":3.0},{"damage":11.0,"enemies":"Lagavulin","floor":10.0,"turns":5.0},{"damage":0.0,"enemies":"Large Slime","floor":12.0,"turns":4.0},{"damage":8.0,"enemies":"Looter","floor":13.0,"turns":3.0},{"damage":1.0,"enemies":"Blue Slaver","floor":14.0,"turns":2.0},{"damage":35.0,"enemies":"Slime Boss","floor":16.0,"turns":9.0},{"damage":0.0,"enemies":"3 Byrds","floor":18.0,"turns":3.0},{"damage":0.0,"enemies":"Spheric Guardian","floor":19.0,"turns":3.0},{"damage":25.0,"enemies":"Cultist and Chosen","floor":21.0,"turns":4.0},{"damage":52.0,"enemies":"Book of Stabbing","floor":23.0,"turns":6.0},{"damage":0.0,"enemies":"Gremlin Leader","floor":25.0,"turns":3.0},{"damage":7.0,"enemies":"Snake Plant","floor":28.0,"turns":3.0},{"damage":8.0,"enemies":"Slavers","floor":29.0,"turns":2.0},{"damage":0.0,"enemies":"Colosseum Slavers","floor":30.0,"turns":2.0},{"damage":3.0,"enemies":"Colosseum Nobs","floor":30.0,"turns":2.0},{"damage":0.0,"enemies":"Snecko","floor":31.0,"turns":1.0},{"damage":0.0,"enemies":"Champ","floor":33.0,"turns":1.0},{"damage":0,"enemies":"Orb Walker","floor":35,"turns":1},{"damage":0,"enemies":"Mind Bloom Boss Battle","floor":37,"turns":1},{"damage":0,"enemies":"3 Darklings","floor":41,"turns":1},{"damage":0,"enemies":"Reptomancer","floor":44,"turns":1},{"damage":0,"enemies":"Sphere and 2 Shapes","floor":45,"turns":1},{"damage":0,"enemies":"Giant Head","floor":46,"turns":1},{"damage":0,"enemies":"Transient","floor":47,"turns":2},{"damage":0,"enemies":"Spire Growth","floor":48,"turns":1},{"damage":0,"enemies":"Awakened One","floor":50,"turns":2},{"damage":0,"enemies":"Shield and Spear","floor":54,"turns":1},{"damage":22,"enemies":"The Heart","floor":55,"turns":3}],"seed_played":"8547582611184599310","potions_obtained":[{"floor":2.0,"key":"Dota2Spire:HealingSalve"},{"floor":5.0,"key":"Block Potion"},{"floor":8.0,"key":"GamblersBrew"},{"floor":18.0,"key":"testmod-SpacePotion"},{"floor":19.0,"key":"testmod-TestPotion"},{"floor":23.0,"key":"Ancient Potion"},{"floor":37,"key":"testmod-TimePotion"},{"floor":44,"key":"Explosive Potion"},{"floor":47,"key":"SkillPotion"},{"floor":54,"key":"testmod-TestPotion"}],"is_trial":false,"path_per_floor":["M","M","?","?","M","R","E","M","T","E","$","M","M","M","R","B",null,"M","M","?","M","?","E","R","E","T","?","M","E","?","M","R","B",null,"M","?","?","$","$","R","M","$","T","E","M","E","M","M","R","B",null,"R","$","E","B",null],"character_chosen":"THE_SILENT","items_purchased":["MostiFishMod:Opportunism","Dota2Spire:HandOfMidas","Technique","Lantern","Dota2Spire:DrumOfEndurance","PreservedInsect","Vajra","testmod-Alchemist","testmod-ArcanaOfDestiny","testmod-InfectionSource","ImprovedEquipment"],"campfire_rested":0,"item_purchase_floors":[11,24,32,32,39,39,42,42,52,52,53],"current_hp_per_floor":[54,44,23,23,27,27,26,25,25,21,27,38,33,34,34,10,73,81,86,86,72,91,50,50,102,102,102,95,98,102,102,102,111,111,111,105,105,105,105,105,105,105,105,105,115,115,115,115,115,115,115,126,126,126,118],"gold":305,"neow_bonus":"REMOVE_CARD","is_daily":false,"chose_seed":false,"campfire_upgraded":2,"win_rate":0.0,"timestamp":1607695529,"path_taken":["M","M","?","?","M","R","E","M","T","E","$","?","M","M","R","BOSS","M","M","?","M","?","E","R","E","T","?","M","E","?","?","R","BOSS","M","?","?","?","$","R","M","$","T","E","M","E","M","M","R","BOSS","R","$","E","BOSS"],"items_purchased_type":["Card","Relic","Relic","Relic","Relic","Relic","Relic","Relic","Relic","Relic","Relic"],"build_version":"2020-11-30","purchased_purges":6,"victory":true,"max_hp_per_floor":[67,69,69,69,72,72,76,76,76,81,87,94,94,94,94,94,94,94,94,94,94,94,94,94,102,102,102,102,102,102,102,102,111,111,111,105,105,105,105,105,105,105,105,105,115,115,115,115,115,115,115,126,126,126,126],"relic_stats":{"Blood Vial":0,"counters":[32,92],"Gambling Chip":[56],"MealTicket":0,"Pen Nib":[90],"PreservedInsect":266,"Whetstone":["Neutralize"],"Question Card":28,"obtain_stats":[{"Dota2Spire:EchoSabre":9,"Lantern":32,"DaveBox":0,"testmod-Temperance":0,"Vajra":42,"Dota2Spire:DrumOfEndurance":39,"Hammer of Thor":0,"testmod-LifeArmor":54,"Whetstone":25,"alterego_mod:SomeoneToFightFor":20,"Empty Cage":34,"Blood Vial":46,"testmod-Alchemist":42,"Gambling Chip":30,"HereWithMe":17,"MealTicket":23,"REME_ArchaeologicalTools":29,"testmod-InfectionSource":52,"testmod-ArcanaOfDestiny":52,"Ring of the Snake":0,"ImportantClient":16,"DianDianMeat":0,"Dota2Spire:HandOfMidas":24,"testmod-TestBox":0,"ImprovedEquipment":53,"Pen Nib":7,"PreservedInsect":39,"Seething Fire":0,"testmod-TurbochargingSystem":44,"Question Card":1,"ThornShield":27,"Mercury Hourglass":30,"Anvil of the Gods":0,"testmod-Acrobat":10,"testmod-Hope":26,"Technique":32,"REME_ComplimentaryCards":0},{"Dota2Spire:EchoSabre":5,"Lantern":20,"DaveBox":0,"testmod-Temperance":0,"Vajra":24,"Dota2Spire:DrumOfEndurance":23,"Hammer of Thor":0,"testmod-LifeArmor":31,"Whetstone":15,"alterego_mod:SomeoneToFightFor":12,"Empty Cage":21,"Blood Vial":27,"testmod-Alchemist":24,"Gambling Chip":19,"HereWithMe":10,"MealTicket":14,"REME_ArchaeologicalTools":17,"testmod-InfectionSource":30,"testmod-ArcanaOfDestiny":30,"Ring of the Snake":0,"ImportantClient":10,"DianDianMeat":0,"Dota2Spire:HandOfMidas":14,"testmod-TestBox":0,"ImprovedEquipment":30,"Pen Nib":4,"PreservedInsect":23,"Seething Fire":0,"testmod-TurbochargingSystem":25,"Question Card":1,"ThornShield":15,"Mercury Hourglass":19,"Anvil of the Gods":0,"testmod-Acrobat":6,"testmod-Hope":15,"Technique":20,"REME_ComplimentaryCards":0},{"Dota2Spire:EchoSabre":24,"Lantern":76,"DaveBox":0,"testmod-Temperance":0,"Vajra":80,"Dota2Spire:DrumOfEndurance":79,"Hammer of Thor":0,"testmod-LifeArmor":89,"Whetstone":66,"alterego_mod:SomeoneToFightFor":53,"Empty Cage":77,"Blood Vial":83,"testmod-Alchemist":80,"Gambling Chip":75,"HereWithMe":47,"MealTicket":63,"REME_ArchaeologicalTools":71,"testmod-InfectionSource":88,"testmod-ArcanaOfDestiny":88,"Ring of the Snake":0,"ImportantClient":47,"DianDianMeat":0,"Dota2Spire:HandOfMidas":63,"testmod-TestBox":0,"ImprovedEquipment":88,"Pen Nib":21,"PreservedInsect":79,"Seething Fire":0,"testmod-TurbochargingSystem":81,"Question Card":5,"ThornShield":66,"Mercury Hourglass":75,"Anvil of the Gods":0,"testmod-Acrobat":29,"testmod-Hope":66,"Technique":76,"REME_ComplimentaryCards":0}],"Ring of the Snake":[64],"Mercury Hourglass":[75]},"card_choices":[{"not_picked":["Sucker Punch","Dagger Spray"],"picked":"Bouncing Flask","floor":1.0},{"not_picked":["Bane","Sucker Punch","Blade Dance"],"picked":"Cloak And Dagger","floor":2.0},{"not_picked":["Underhanded Strike","Sucker Punch","Dodge and Roll"],"picked":"PiercingWail","floor":5.0},{"not_picked":["Acrobatics","MostiFishMod:PreservedThorns","REME_GrazeFinale"],"picked":"Escape Plan","floor":7.0},{"not_picked":["Concentrate","Dagger Throw","Cloak And Dagger","Blur"],"picked":"SKIP","floor":8.0},{"not_picked":["Riddle With Holes","Underhanded Strike","Outmaneuver"],"picked":"Acrobatics","floor":10.0},{"not_picked":["Caltrops","Slice","Infinite Blades"],"picked":"Calculated Gamble","floor":12.0},{"not_picked":["Heel Hook","Flying Knee","Choke","Finisher"],"picked":"SKIP","floor":13.0},{"not_picked":["MostiFishMod:FrostNova","Deflect","Outmaneuver","Dagger Spray"],"picked":"SKIP","floor":14.0},{"not_picked":["Caltrops","PiercingWail","Outmaneuver","Sucker Punch"],"picked":"SKIP","floor":18.0},{"not_picked":["Dagger Throw","Poisoned Stab","Prepared","Blade Dance"],"picked":"SKIP","floor":19.0},{"not_picked":["Poisoned Stab","MostiFishMod:PerfectParry","Blade Dance","Dodge and Roll"],"picked":"SKIP","floor":21.0},{"not_picked":["Backflip","Bouncing Flask","Outmaneuver","MostiFishMod:ShivMaster"],"picked":"SKIP","floor":23.0},{"not_picked":["Backflip","Bouncing Flask","Outmaneuver","MostiFishMod:ShivMaster"],"picked":"SKIP","floor":23.0},{"not_picked":["Underhanded Strike","Sucker Punch","Acrobatics"],"picked":"Calculated Gamble","floor":25.0},{"not_picked":["Backflip","Caltrops","Flying Knee","Finisher"],"picked":"SKIP","floor":28.0},{"not_picked":["Dagger Spray","Dodge and Roll","Sucker Punch+1","Dash"],"picked":"SKIP","floor":29.0},{"not_picked":["Deflect","Setup","Slice+1","Blade Dance"],"picked":"SKIP","floor":31.0},{"not_picked":["MostiFishMod:HiddenBlade","Tools of the Trade","Envenom"],"picked":"Adrenaline","floor":33.0},{"not_picked":["Dodge and Roll","Distraction","MostiFishMod:PreservedThorns","Sucker Punch"],"picked":"SKIP","floor":35},{"not_picked":["Prepared","Caltrops+1","MostiFishMod:PoisonShield+1","Dagger Throw+1"],"picked":"SKIP","floor":41},{"not_picked":["Flying Knee+1","Corpse Explosion","Concentrate","Slice"],"picked":"SKIP","floor":44},{"not_picked":["Bane+1","REME_ShadowStrike+1","Outmaneuver+1"],"picked":"Finisher","floor":45},{"not_picked":["MostiFishMod:PerfectParry+1","Dagger Throw","Dodge and Roll+1","Caltrops"],"picked":"SKIP","floor":46},{"not_picked":["Underhanded Strike","Dagger Throw+1","MostiFishMod:GrandStart","MostiFishMod:ThornCasing"],"picked":"SKIP","floor":47},{"not_picked":["Prepared","Backflip","Sucker Punch","Outmaneuver"],"picked":"SKIP","floor":48},{"not_picked":["Underhanded Strike","MostiFishMod:InvigoratingSolution","Bane","Deadly Poison"],"picked":"SKIP","floor":54}],"player_experience":106117,"relics_obtained":[{"floor":1.0,"key":"Question Card"},{"floor":7.0,"key":"Pen Nib"},{"floor":9.0,"key":"Dota2Spire:EchoSabre"},{"floor":10.0,"key":"testmod-Acrobat"},{"floor":16.0,"key":"ImportantClient"},{"floor":23.0,"key":"MealTicket"},{"floor":25.0,"key":"Whetstone"},{"floor":26.0,"key":"testmod-Hope"},{"floor":29.0,"key":"REME_ArchaeologicalTools"},{"floor":30.0,"key":"Gambling Chip"},{"floor":30.0,"key":"Mercury Hourglass"},{"floor":44,"key":"testmod-TurbochargingSystem"},{"floor":46,"key":"Blood Vial"},{"floor":54,"key":"testmod-LifeArmor"}],"event_choices":[{"damage_healed":0.0,"max_hp_gain":0.0,"max_hp_loss":0.0,"gold_gain":0.0,"event_name":"Shining Light","player_choice":"Entered Light","floor":3.0,"gold_loss":0.0,"damage_taken":21.0,"cards_upgraded":["Defend_G","MostiFishMod:KingOfFree"]},{"cards_removed":["Strike_G"],"damage_healed":0.0,"max_hp_gain":0.0,"max_hp_loss":0.0,"gold_gain":0.0,"event_name":"Living Wall","player_choice":"Forget","floor":4.0,"gold_loss":0.0,"damage_taken":0.0},{"damage_healed":0.0,"max_hp_gain":0.0,"max_hp_loss":0.0,"gold_gain":0.0,"event_name":"爱的神圣花园","player_choice":"Choice 2","floor":20.0,"gold_loss":0.0,"damage_taken":0.0,"relics_obtained":["alterego_mod:SomeoneToFightFor"]},{"damage_healed":19.0,"max_hp_gain":0.0,"max_hp_loss":0.0,"gold_gain":0.0,"event_name":"The Library","player_choice":"Heal","floor":22.0,"gold_loss":0.0,"damage_taken":0.0},{"damage_healed":0.0,"max_hp_gain":0.0,"max_hp_loss":0.0,"gold_gain":0.0,"event_name":"Addict","player_choice":"Obtained Relic","floor":27.0,"gold_loss":85.0,"damage_taken":0.0,"relics_obtained":["ThornShield"]},{"damage_healed":0.0,"max_hp_gain":0.0,"max_hp_loss":0.0,"gold_gain":0.0,"event_name":"Colosseum","player_choice":"Fight","floor":30.0,"gold_loss":0.0,"damage_taken":0.0},{"damage_healed":0.0,"max_hp_gain":0.0,"max_hp_loss":0.0,"gold_gain":0.0,"event_name":"Colosseum","player_choice":"Fought Nobs","floor":30.0,"gold_loss":0.0,"damage_taken":0.0},{"damage_healed":0,"gold_gain":0,"player_choice":"Max HP","damage_taken":0,"max_hp_gain":0,"max_hp_loss":6,"event_name":"Winding Halls","floor":36,"gold_loss":0},{"damage_healed":0,"gold_gain":0,"player_choice":"Fight","damage_taken":0,"max_hp_gain":0,"max_hp_loss":0,"event_name":"MindBloom","floor":37,"gold_loss":0}],"is_beta":false,"boss_relics":[{"not_picked":["Cursed Key","FrostBlade"],"picked":"HereWithMe"},{"not_picked":["testmod-D_4","testmod-TimeTraveler"],"picked":"Empty Cage"}],"items_purged_floors":[11,24,32,32,52,53],"is_endless":false,"potions_floor_spawned":[2,5,8,13,18,19,23,30,37,44,47,54],"ascension_level":19}}