{"host":"z7byfb4bpt09dh7e","time":1607703340,"event":{"mods":["Aspiration","BaseMod","BetterRewards","Displayed Cursed Tome","Downfall","Infinite Spire","Minty Spire (QoL Compilation)","StSLib","The Blue Laboratory","Uncapped"],"gold_per_floor":[109,109,119,135,135,135,135,135,135,146,157,37,69,84,84,183,183,203,203,221,221,231,231,231,231,257,272,289,289,289,204,204,304,304,316,316,316,12,29,61,61,61,141,169,169,169,0,33,33,33],"floor_reached":51,"playtime":3041,"items_purged":["Pain"],"score":806,"play_id":"9e51f787-97fa-4ecd-87de-7483872d08be","local_time":"20201211111540","is_ascension_mode":false,"campfire_choices":[{"floor":6,"key":"REST"},{"data":"Eruption","floor":8,"key":"SMITH"},{"data":"BattleHymn","floor":15,"key":"SMITH"},{"floor":23,"key":"REST"},{"floor":29,"key":"REST"},{"floor":32,"key":"REST"},{"floor":41,"key":"REST"},{"floor":45,"key":"REST"},{"floor":49,"key":"REST"}],"circlet_count":0,"master_deck":["Strike_P","Strike_P","Strike_P","Strike_P","Defend_P","Defend_P","Defend_P","Defend_P","Eruption+1","Vigilance","Nirvana","FollowUp","LikeWater","ThirdEye","DeusExMachina","BattleHymn+1","Vengeance","Evaluate","Conclude","Judgement","PathToVictory+1","ClearTheMind","infinitespire:UltimateForm","JustLucky","Prostrate","SashWhip","MentalFortress+1","expansioncontent:StudyTheSpire","Dramatic Entrance","Prostrate","Evaluate+1","Nirvana+1","Alpha","Jack Of All Trades"],"relics":["PureWater","Singing Bowl","aspiration:HummingbirdHeart","Kunai","Mango","Busted Crown","sneckomod:BabySnecko","SlaversCollar","Bronze Scales","aspiration:RitualStick","aspiration:Lifesprig","Boot","Black Star","Juzu Bracelet","Damaru","HornCleat","Blood Vial","Art of War","WarpedTongs","infinitespire:Lucky Rock","Blue Candle"],"acts_visited":["Exordium","TheCity","TheBeyond"],"potions_floor_usage":[28,28,40,40,44,50],"damage_taken":[{"damage":11,"enemies":"Small Slimes","floor":1,"turns":3},{"damage":4,"enemies":"Jaw Worm","floor":3,"turns":4},{"damage":9,"enemies":"2 Louse","floor":4,"turns":3},{"damage":1,"enemies":"Exordium Wildlife","floor":10,"turns":2},{"damage":0,"enemies":"2 Fungi Beasts","floor":11,"turns":2},{"damage":6,"enemies":"3 Sentries","floor":13,"turns":8},{"damage":0,"enemies":"Large Slime","floor":14,"turns":5},{"damage":0,"enemies":"Slime Boss","floor":16,"turns":5},{"damage":5,"enemies":"Shell Parasite","floor":18,"turns":3},{"damage":27,"enemies":"3 Byrds","floor":20,"turns":3},{"damage":10,"enemies":"Snake Plant","floor":22,"turns":3},{"damage":1,"enemies":"Shelled Parasite and Fungi","floor":27,"turns":4},{"damage":13,"enemies":"Cultist and Chosen","floor":28,"turns":5},{"damage":0,"enemies":"Automaton","floor":33,"turns":7},{"damage":29,"enemies":"3 Darklings","floor":35,"turns":3},{"damage":21,"enemies":"3 Shapes","floor":39,"turns":4},{"damage":32,"enemies":"Nemesis","floor":40,"turns":5},{"damage":37,"enemies":"Giant Head","floor":44,"turns":9},{"damage":31,"enemies":"Nemesis","floor":48,"turns":5},{"damage":47,"enemies":"Donu and Deca","floor":50,"turns":9}],"seed_played":"5234137917952095528","potions_obtained":[{"floor":10,"key":"blueLaboratory:MidnightOil"},{"floor":11,"key":"PowerPotion"},{"floor":14,"key":"blueLaboratory:BottleOfVodka"},{"floor":28,"key":"ColorlessPotion"},{"floor":33,"key":"SpeedPotion"},{"floor":39,"key":"SkillPotion"},{"floor":44,"key":"Energy Potion"}],"is_trial":false,"path_per_floor":["M","?","M","M","?","R","T","R","T","M","M","$","E","M","R","B",null,"M","?","M","AVR","M","R","?","?","T","M","M","R","?","?","R","B",null,"M","?","?","$","M","E","R","?","T","E","R","?","$","E","R","B",null],"character_chosen":"WATCHER","items_purchased":["Nirvana","BattleHymn","Vengeance","expansioncontent:StudyTheSpire","Dramatic Entrance","Prostrate","Jack Of All Trades"],"campfire_rested":7,"item_purchase_floors":[0,12,12,38,38,38,47],"current_hp_per_floor":[61,61,57,50,43,65,65,65,65,64,64,64,72,72,72,72,88,83,83,56,56,46,72,55,36,36,35,22,49,49,49,76,78,95,66,66,66,66,45,13,41,83,83,46,70,70,70,43,68,23],"gold":33,"neow_bonus":"","is_daily":false,"chose_seed":false,"campfire_upgraded":2,"win_rate":0.0,"timestamp":1607703340,"path_taken":["M","?","M","M","?","R","?","R","T","M","M","$","E","M","R","BOSS","M","?","M","AVR","M","R","?","?","T","M","?","R","?","?","R","BOSS","M","?","?","$","M","E","R","?","T","E","R","?","?","E","R","BOSS"],"items_purchased_type":["Card","Card","Card","Card","Card","Card","Card"],"build_version":"2020-11-30","purchased_purges":1,"victory":true,"max_hp_per_floor":[72,72,72,74,74,74,74,74,74,74,74,74,88,88,88,88,88,88,88,88,88,88,88,93,93,93,93,93,93,93,93,93,95,95,95,95,95,95,95,95,95,83,83,83,83,83,83,85,85,85],"card_choices":[{"not_picked":["Adaptation","Perseverance"],"picked":"FollowUp","floor":1},{"not_picked":["CutThroughFate","FollowUp"],"picked":"LikeWater","floor":3},{"not_picked":["EmptyFist","Swivel","FollowUp"],"picked":"Singing Bowl","floor":4},{"not_picked":["SashWhip","Consecrate"],"picked":"ThirdEye","floor":10},{"not_picked":["Prostrate","Conclude"],"picked":"DeusExMachina","floor":11},{"not_picked":["Wallop","ClearTheMind"],"picked":"Evaluate","floor":13},{"not_picked":["FollowUp","EmptyFist"],"picked":"Conclude","floor":14},{"not_picked":["Alpha","Omniscience"],"picked":"Judgement","floor":16},{"not_picked":[],"picked":"PathToVictory+1","floor":18},{"not_picked":[],"picked":"ClearTheMind","floor":20},{"not_picked":[],"picked":"JustLucky","floor":22},{"not_picked":[],"picked":"Prostrate","floor":27},{"not_picked":[],"picked":"SashWhip","floor":28},{"not_picked":["ConjureBlade"],"picked":"Singing Bowl","floor":33},{"not_picked":[],"picked":"MentalFortress+1","floor":35},{"not_picked":[],"picked":"Evaluate+1","floor":39},{"not_picked":[],"picked":"Nirvana+1","floor":40},{"not_picked":[],"picked":"Alpha","floor":44},{"not_picked":["Evaluate"],"picked":"Singing Bowl","floor":48}],"player_experience":226729,"relics_obtained":[{"floor":7,"key":"aspiration:HummingbirdHeart"},{"floor":9,"key":"Kunai"},{"floor":13,"key":"Mango"},{"floor":26,"key":"aspiration:Lifesprig"},{"floor":40,"key":"Juzu Bracelet"},{"floor":40,"key":"Damaru"},{"floor":43,"key":"HornCleat"},{"floor":44,"key":"Blood Vial"},{"floor":44,"key":"Art of War"},{"floor":48,"key":"infinitespire:Lucky Rock"},{"floor":48,"key":"Blue Candle"}],"event_choices":[{"damage_healed":0,"gold_gain":0,"player_choice":"Box","damage_taken":0,"relics_obtained":["Singing Bowl"],"max_hp_gain":0,"max_hp_loss":0,"event_name":"Big Fish","floor":2,"gold_loss":0,"cards_obtained":["Regret"]},{"cards_removed":["Regret"],"damage_healed":0,"gold_gain":0,"player_choice":"Card Removal","damage_taken":7,"max_hp_gain":0,"max_hp_loss":0,"event_name":"Golden Wing","floor":5,"gold_loss":0},{"damage_healed":0,"gold_gain":0,"player_choice":"Shed Blood","damage_taken":22,"max_hp_gain":5,"max_hp_loss":0,"event_name":"Forgotten Altar","floor":24,"gold_loss":0},{"damage_healed":0,"gold_gain":0,"player_choice":"Ignored","damage_taken":0,"max_hp_gain":0,"max_hp_loss":0,"event_name":"Ghosts","floor":30,"gold_loss":0},{"damage_healed":0,"gold_gain":0,"player_choice":"Obtained Relic","damage_taken":0,"relics_obtained":["Boot"],"max_hp_gain":0,"max_hp_loss":0,"event_name":"Addict","floor":31,"gold_loss":85},{"damage_healed":0,"gold_gain":0,"player_choice":"Ignored","damage_taken":0,"max_hp_gain":0,"max_hp_loss":0,"event_name":"Tomb of Lord Red Mask","floor":36,"gold_loss":0},{"cards_removed":["sneckomod:Bewildered"],"damage_healed":0,"gold_gain":0,"player_choice":"Removed Curses","damage_taken":0,"max_hp_gain":0,"max_hp_loss":0,"event_name":"Fountain of Cleansing","floor":37,"gold_loss":0},{"damage_healed":83,"gold_gain":0,"player_choice":"Heal","damage_taken":0,"max_hp_gain":0,"max_hp_loss":12,"event_name":"The Moai Head","floor":42,"gold_loss":0},{"damage_healed":0,"gold_gain":0,"player_choice":"Rummage","damage_taken":0,"relics_obtained":["WarpedTongs"],"max_hp_gain":0,"max_hp_loss":0,"event_name":"Accursed Blacksmith","floor":46,"gold_loss":0,"cards_obtained":["Pain"]}],"is_beta":false,"boss_relics":[{"not_picked":["Runic Pyramid","Coffee Dripper"],"picked":"Busted Crown"},{"not_picked":["Tiny House","SacredBark"],"picked":"Black Star"}],"items_purged_floors":[47],"is_endless":false,"potions_floor_spawned":[10,11,14,22,28,33,35,39,44],"ascension_level":0}}