{"host":"63rwe7p34ct1i0qu","time":1607701684,"event":{"mods":["BaseMod","DeckTracker","Minty Spire (QoL Compilation)","Permanent Neow","Quick Restart","StSLib"],"gold_per_floor":[110,110,110,125,50,50,61,61,88,88,123,43,43,62,62,62,62],"floor_reached":16,"playtime":568,"items_purged":[],"score":181,"play_id":"015e508f-7055-4960-ae61-5eccc05343ef","local_time":"20201212004804","is_ascension_mode":true,"campfire_choices":[{"data":"Bash","floor":6,"key":"SMITH"},{"data":"Chrysalis","floor":8,"key":"SMITH"},{"floor":13,"key":"REST"},{"floor":15,"key":"REST"}],"circlet_count":0,"master_deck":["AscendersBane","Strike_R","Strike_R","Strike_R","Defend_R","Defend_R","Defend_R","Defend_R","Bash+1","Chrysalis+1","Inflame","Seeing Red","Power Through","Power Through","Hemokinesis"],"relics":["Burning Blood","Orichalcum","Vajra"],"acts_visited":["Exordium"],"potions_floor_usage":[14,16],"damage_taken":[{"damage":5,"enemies":"2 Louse","floor":1,"turns":4},{"damage":7,"enemies":"Cultist","floor":4,"turns":3},{"damage":12,"enemies":"Jaw Worm","floor":7,"turns":5},{"damage":36,"enemies":"3 Sentries","floor":11,"turns":13},{"damage":12,"enemies":"Exordium Thugs","floor":14,"turns":5},{"damage":33,"enemies":"Hexaghost","floor":16,"turns":14}],"seed_played":"-4040117565157060860","potions_obtained":[{"floor":7,"key":"EssenceOfSteel"},{"floor":14,"key":"Dexterity Potion"}],"is_trial":false,"path_per_floor":["M","$","?","M","?","R","M","R","T","$","E","$","R","M","R","B"],"character_chosen":"IRONCLAD","items_purchased":["Hemokinesis"],"campfire_rested":2,"item_purchase_floors":[12],"current_hp_per_floor":[51,51,51,50,50,50,44,44,44,44,14,14,36,30,52,19,19],"gold":62,"neow_bonus":"RANDOM_COLORLESS_2","is_daily":false,"chose_seed":false,"campfire_upgraded":2,"win_rate":0.0,"timestamp":1607701684,"path_taken":["M","$","?","?","?","R","M","R","T","?","E","$","R","M","R","BOSS"],"items_purchased_type":["Card"],"build_version":"2020-11-30","purchased_purges":0,"victory":false,"max_hp_per_floor":[75,75,75,75,75,75,75,75,75,75,75,75,75,75,75,75,75],"card_choices":[{"not_picked":["Sadistic Nature","Panache"],"picked":"Chrysalis","floor":0},{"not_picked":["Feel No Pain","Body Slam"],"picked":"Inflame","floor":1},{"not_picked":["Sever Soul","Perfected Strike"],"picked":"Seeing Red","floor":4},{"not_picked":["Intimidate","Headbutt"],"picked":"Power Through","floor":7},{"not_picked":["Clothesline","Perfected Strike"],"picked":"Power Through","floor":11},{"not_picked":["Sword Boomerang","True Grit","Perfected Strike"],"picked":"SKIP","floor":14}],"player_experience":1275250,"relics_obtained":[{"floor":9,"key":"Orichalcum"},{"floor":11,"key":"Vajra"}],"event_choices":[{"cards_removed":["Strike_R"],"damage_healed":0,"gold_gain":0,"player_choice":"Offered Basic","damage_taken":0,"max_hp_gain":0,"max_hp_loss":0,"event_name":"Bonfire Elementals","floor":3,"gold_loss":0},{"cards_removed":["Strike_R"],"damage_healed":0,"gold_gain":0,"player_choice":"Card Removal","damage_taken":0,"max_hp_gain":0,"max_hp_loss":0,"event_name":"The Cleric","floor":5,"gold_loss":75}],"is_beta":false,"boss_relics":[],"items_purged_floors":[],"is_endless":false,"potions_floor_spawned":[7,14],"killed_by":"Hexaghost","ascension_level":17}}