{"host":"sz8c8ni79nvzjmmg","time":1607676429,"event":{"mods":["AchievementEnabler","BaseMod","DeckTracker","Keyboard Shortcuts","Minty Spire (QoL Compilation)","SuperFastMode"],"gold_per_floor":[114,134,134,153,153,153,163,174,174,174,10,10,28,44,44,117,117,132,132,165,183,183,183,183,183],"floor_reached":24,"playtime":807,"items_purged":["Strike_G"],"score":376,"play_id":"2a312957-bb88-480e-94d3-663d7eae342a","local_time":"20201211174709","is_ascension_mode":true,"campfire_choices":[{"data":"Crippling Poison","floor":6.0,"key":"SMITH"},{"data":"Acrobatics","floor":12.0,"key":"SMITH"},{"floor":15.0,"key":"REST"},{"data":"Terror","floor":23,"key":"SMITH"}],"circlet_count":0,"master_deck":["AscendersBane","Defend_G","Defend_G+1","Defend_G+1","Defend_G","Survivor","Neutralize","Envenom","Slice","Blade Dance","Eviscerate","Crippling Poison+1","Backflip","Acrobatics","Flechettes","Acrobatics+1","Prepared","Die Die Die+1","Endless Agony+1","Prepared+1","Terror+1"],"relics":["Ring of the Snake","The Courier","Astrolabe","Red Mask","MutagenicStrength"],"acts_visited":["Exordium","TheCity"],"potions_floor_usage":[],"damage_taken":[{"damage":6.0,"enemies":"Cultist","floor":1.0,"turns":6.0},{"damage":4.0,"enemies":"Small Slimes","floor":2.0,"turns":3.0},{"damage":0.0,"enemies":"2 Louse","floor":4.0,"turns":2.0},{"damage":11.0,"enemies":"Large Slime","floor":7.0,"turns":5.0},{"damage":8.0,"enemies":"Lots of Slimes","floor":8.0,"turns":4.0},{"damage":1.0,"enemies":"Blue Slaver","floor":13.0,"turns":4.0},{"damage":9.0,"enemies":"Large Slime","floor":14.0,"turns":5.0},{"damage":4.0,"enemies":"The Guardian","floor":16.0,"turns":14.0},{"damage":35.0,"enemies":"Spheric Guardian","floor":18.0,"turns":6.0},{"damage":0.0,"enemies":"Masked Bandits","floor":20.0,"turns":2.0},{"damage":8.0,"enemies":"2 Thieves","floor":21.0,"turns":3.0},{"damage":11,"enemies":"Snake Plant","floor":24,"turns":3}],"seed_played":"2577626201869128517","potions_obtained":[{"floor":1.0,"key":"LiquidBronze"},{"floor":4.0,"key":"Strength Potion"},{"floor":7.0,"key":"Fire Potion"},{"floor":14.0,"key":"CunningPotion"},{"floor":16.0,"key":"FearPotion"},{"floor":20.0,"key":"LiquidMemories"}],"is_trial":false,"path_per_floor":["M","M","?","M","?","R","M","M","T","?","$","R","M","M","R","B",null,"M","?","?","M","?","R","M"],"character_chosen":"THE_SILENT","items_purchased":["Flechettes","Acrobatics"],"campfire_rested":1,"item_purchase_floors":[11,11],"current_hp_per_floor":[53,49,31,31,36,36,25,17,17,17,17,17,16,7,26,22,54,19,19,19,11,11,11,0,0],"gold":183,"neow_bonus":"TRANSFORM_TWO_CARDS","is_daily":false,"chose_seed":false,"campfire_upgraded":3,"win_rate":0.0,"timestamp":1607676429,"path_taken":["M","?","?","M","?","R","M","M","T","?","$","R","?","M","R","BOSS","M","?","?","M","?","R","M"],"items_purchased_type":["Card","Card"],"build_version":"2020-11-30","purchased_purges":1,"victory":false,"max_hp_per_floor":[60,60,60,60,65,65,65,65,65,65,65,65,65,65,65,65,65,65,65,65,65,65,65,65,65],"card_choices":[{"not_picked":["Poisoned Stab","Acrobatics"],"picked":"Blade Dance","floor":1.0},{"not_picked":["Backflip","Bane"],"picked":"Eviscerate","floor":2.0},{"not_picked":["Blur","Sucker Punch"],"picked":"Crippling Poison","floor":4.0},{"not_picked":["Underhanded Strike","Sucker Punch"],"picked":"Backflip","floor":7.0},{"not_picked":["Flying Knee","Cloak And Dagger"],"picked":"Acrobatics","floor":8.0},{"not_picked":["Sucker Punch","Cloak And Dagger"],"picked":"Prepared","floor":13.0},{"not_picked":["Riddle With Holes","Caltrops","Poisoned Stab"],"picked":"SKIP","floor":14.0},{"not_picked":["Malaise","Wraith Form v2"],"picked":"Bullet Time","floor":16.0},{"not_picked":["Masterful Stab","Deflect+1"],"picked":"Terror","floor":18.0},{"not_picked":["Flying Knee","Slice","Dodge and Roll"],"picked":"SKIP","floor":21.0}],"player_experience":1192369,"relics_obtained":[{"floor":9.0,"key":"The Courier"},{"floor":20.0,"key":"Red Mask"}],"event_choices":[{"damage_healed":0.0,"max_hp_gain":0.0,"max_hp_loss":0.0,"gold_gain":0.0,"event_name":"Shining Light","player_choice":"Entered Light","floor":3.0,"gold_loss":0.0,"damage_taken":18.0,"cards_upgraded":["Defend_G","Defend_G"]},{"damage_healed":0.0,"max_hp_gain":5.0,"max_hp_loss":0.0,"gold_gain":0.0,"event_name":"Big Fish","player_choice":"Donut","floor":5.0,"gold_loss":0.0,"damage_taken":0.0},{"cards_removed":["Strike_G"],"damage_healed":0.0,"max_hp_gain":0.0,"max_hp_loss":0.0,"gold_gain":0.0,"event_name":"Purifier","player_choice":"Purged","floor":10.0,"gold_loss":0.0,"damage_taken":0.0},{"damage_healed":0.0,"max_hp_gain":0.0,"max_hp_loss":0.0,"gold_gain":0.0,"event_name":"Cursed Tome","player_choice":"Ignored","floor":19.0,"gold_loss":0.0,"damage_taken":0.0},{"damage_healed":0.0,"max_hp_gain":0.0,"max_hp_loss":0.0,"gold_gain":0.0,"event_name":"Masked Bandits","player_choice":"Fought Bandits","floor":20.0,"gold_loss":0.0,"damage_taken":0.0},{"damage_healed":0,"gold_gain":0,"player_choice":"Inject Mutagens","damage_taken":0,"relics_obtained":["MutagenicStrength"],"max_hp_gain":0,"max_hp_loss":0,"event_name":"Drug Dealer","floor":22,"gold_loss":0}],"is_beta":false,"boss_relics":[{"not_picked":["Ring of the Serpent","Cursed Key"],"picked":"Astrolabe"}],"items_purged_floors":[11],"is_endless":false,"potions_floor_spawned":[1,4,7,14,16,20],"killed_by":"Snake Plant","ascension_level":20}}