{"host":"2se5dq1do2gp0x9k","time":1607660668,"event":{"mods":["AchievementEnabler","BaseMod","Block Reminder","Colored Map","Colored Powertips","Minty Spire (QoL Compilation)","Relic Stats","StSLib","SuperFastMode"],"gold_per_floor":[117,135,135,151,151,151,182,15,15,46,69,81,157,180,192,204,204],"floor_reached":16,"playtime":706,"items_purged":[],"score":270,"play_id":"a05cd1e1-2e29-4965-ae7c-af0016238bbb","local_time":"20201210202428","is_ascension_mode":true,"campfire_choices":[{"data":"Rip and Tear","floor":6,"key":"SMITH"},{"data":"Recycle","floor":12,"key":"SMITH"},{"floor":15,"key":"REST"}],"circlet_count":0,"master_deck":["AscendersBane","Strike_B","Strike_B","Strike_B","Strike_B","Defend_B","Defend_B","Defend_B","Defend_B+1","Zap+1","Dualcast","Gash","Leap","Rip and Tear+1","Chill","FTL","Coolheaded","Conserve Battery","Leap","Recycle+1","Beam Cell","Darkness"],"relics":["Cracked Core","Gambling Chip","TungstenRod","FossilizedHelix","MawBank","Orichalcum"],"acts_visited":["Exordium"],"potions_floor_usage":[13,16,16],"damage_taken":[{"damage":4,"enemies":"Jaw Worm","floor":1,"turns":5},{"damage":3,"enemies":"2 Louse","floor":2,"turns":3},{"damage":5,"enemies":"Small Slimes","floor":4,"turns":3},{"damage":18,"enemies":"Lagavulin","floor":7,"turns":7},{"damage":0,"enemies":"3 Sentries","floor":10,"turns":8},{"damage":0,"enemies":"Exordium Thugs","floor":11,"turns":4},{"damage":29,"enemies":"Lagavulin Event","floor":13,"turns":9},{"damage":0,"enemies":"Looter","floor":14,"turns":3},{"damage":26,"enemies":"Hexaghost","floor":16,"turns":9}],"seed_played":"3276398473064999524","potions_obtained":[{"floor":1,"key":"SpeedPotion"},{"floor":10,"key":"Block Potion"},{"floor":11,"key":"Explosive Potion"},{"floor":13,"key":"Block Potion"}],"is_trial":false,"path_per_floor":["M","M","?","M","?","R","E","$","T","E","M","R","?","M","R","B"],"character_chosen":"DEFECT","items_purchased":["FTL","Coolheaded","Conserve Battery"],"campfire_rested":1,"item_purchase_floors":[8,8,8],"current_hp_per_floor":[60,57,38,33,54,54,36,36,36,36,36,36,7,7,26,0,0],"gold":204,"neow_bonus":"ONE_RARE_RELIC","is_daily":false,"chose_seed":false,"campfire_upgraded":2,"win_rate":0.0,"timestamp":1607660668,"path_taken":["M","M","?","M","?","R","E","$","T","E","M","R","?","?","R","BOSS"],"items_purchased_type":["Card","Card","Card"],"build_version":"2020-11-30","purchased_purges":0,"victory":false,"max_hp_per_floor":[64,64,64,64,64,64,64,64,64,64,64,64,64,64,64,64,64],"relic_stats":{"counters":[9,51],"Gambling Chip":[18],"Orichalcum":[6],"MawBank":72,"obtain_stats":[{"Gambling Chip":0,"Orichalcum":13,"Cracked Core":0,"MawBank":10,"TungstenRod":7,"FossilizedHelix":9},{"Gambling Chip":0,"Orichalcum":7,"Cracked Core":0,"MawBank":5,"TungstenRod":4,"FossilizedHelix":4},{"Gambling Chip":0,"Orichalcum":39,"Cracked Core":0,"MawBank":26,"TungstenRod":18,"FossilizedHelix":18}],"TungstenRod":11},"card_choices":[{"not_picked":["Self Repair","Turbo"],"picked":"Gash","floor":1},{"not_picked":["Defragment","Hello World"],"picked":"Leap","floor":2},{"not_picked":["Compile Driver","Stack"],"picked":"Rip and Tear","floor":4},{"not_picked":["Compile Driver","Rebound"],"picked":"Chill","floor":7},{"not_picked":["Stack","Turbo"],"picked":"Leap","floor":10},{"not_picked":["Double Energy","Ball Lightning"],"picked":"Recycle","floor":11},{"not_picked":["Conserve Battery","Fusion"],"picked":"Beam Cell","floor":13},{"not_picked":["Chaos","Leap"],"picked":"Darkness","floor":14}],"player_experience":3594590,"relics_obtained":[{"floor":7,"key":"TungstenRod"},{"floor":9,"key":"FossilizedHelix"},{"floor":10,"key":"MawBank"},{"floor":13,"key":"Orichalcum"}],"event_choices":[{"damage_healed":0,"gold_gain":0,"player_choice":"Entered Light","damage_taken":19,"max_hp_gain":0,"max_hp_loss":0,"event_name":"Shining Light","floor":3,"gold_loss":0,"cards_upgraded":["Zap","Defend_B"]},{"damage_healed":21,"gold_gain":0,"player_choice":"Banana","damage_taken":0,"max_hp_gain":0,"max_hp_loss":0,"event_name":"Big Fish","floor":5,"gold_loss":0},{"damage_healed":0,"gold_gain":30,"player_choice":"Searched \u00272\u0027 times","damage_taken":0,"max_hp_gain":0,"max_hp_loss":0,"event_name":"Dead Adventurer","floor":13,"gold_loss":0}],"is_beta":false,"boss_relics":[],"items_purged_floors":[],"is_endless":false,"potions_floor_spawned":[1,10,11,13],"killed_by":"Hexaghost","ascension_level":20}}