{"host":"mi0eibewekhugwl1","time":1607660038,"event":{"mods":["AchievementEnabler","BaseMod","Colored Map","Colored Powertips","DeckTracker","Keyboard Shortcuts","Minty Spire (QoL Compilation)","Quick Restart","Rare Cards Sparkle","Relic Stats","StSLib","SuperFastMode","everything is the same but u backflip on backflip"],"gold_per_floor":[217,74,91,109,109,109,144,163,163,163,193,219,234,266,266,344,344,363,363,96,111,11,11,61,61,61,90,100,100,110,125,125,199,199,209,209,209,219,235,235,246,271,271,288,308,63,74,94,94,94,94],"floor_reached":50,"playtime":1756,"items_purged":["Strike_B","Strike_B","Defend_B"],"score":997,"play_id":"2045ee01-0ca9-456c-a993-60279d0fda36","local_time":"20201211131358","is_ascension_mode":true,"campfire_choices":[{"data":"Dualcast","floor":6.0,"key":"SMITH"},{"data":"Self Repair","floor":10.0,"key":"SMITH"},{"data":"Beam Cell","floor":15.0,"key":"SMITH"},{"data":"Go for the Eyes","floor":23.0,"key":"SMITH"},{"data":"Seek","floor":25.0,"key":"SMITH"},{"floor":29.0,"key":"REST"},{"floor":32.0,"key":"REST"},{"data":"Fusion","floor":40.0,"key":"SMITH"},{"floor":49,"key":"RECALL"}],"circlet_count":0,"master_deck":["AscendersBane","Defend_B","Defend_B","Zap+1","Dualcast+1","Self Repair+1","Gash","Ball Lightning","Sweeping Beam","Beam Cell+1","Gash","Steam","Go for the Eyes","All For One","Hologram","Seek+1","FTL","Core Surge","Go for the Eyes+1","Chill","Fusion+1","Reinforced Body","All For One","Seek+1","Rebound+1","Recycle+1","Coolheaded","Stack","Conserve Battery+1","Stack+1","Seek","Aggregate","Hologram","Redo+1","Reprogram+1"],"relics":["Cracked Core","Kunai","Lizard Tail","CaptainsWheel","Odd Mushroom","TungstenRod","Nuclear Battery","Bottled Tornado","HornCleat","Astrolabe","Gambling Chip","Membership Card"],"acts_visited":["Exordium","TheCity","TheBeyond"],"potions_floor_usage":[50,50,50],"damage_taken":[{"damage":1.0,"enemies":"Cultist","floor":1.0,"turns":3.0},{"damage":13.0,"enemies":"Small Slimes","floor":3.0,"turns":4.0},{"damage":8.0,"enemies":"2 Louse","floor":4.0,"turns":2.0},{"damage":36.0,"enemies":"Gremlin Nob","floor":7.0,"turns":4.0},{"damage":2.0,"enemies":"Large Slime","floor":8.0,"turns":5.0},{"damage":22.0,"enemies":"Lagavulin","floor":11.0,"turns":7.0},{"damage":13.0,"enemies":"The Mushroom Lair","floor":12.0,"turns":3.0},{"damage":11.0,"enemies":"Gremlin Gang","floor":13.0,"turns":4.0},{"damage":29.0,"enemies":"3 Sentries","floor":14.0,"turns":8.0},{"damage":29.0,"enemies":"Slime Boss","floor":16.0,"turns":8.0},{"damage":6.0,"enemies":"Chosen","floor":18.0,"turns":5.0},{"damage":0.0,"enemies":"Spheric Guardian","floor":21.0,"turns":3.0},{"damage":46.0,"enemies":"Slavers","floor":27.0,"turns":9.0},{"damage":11.0,"enemies":"Centurion and Healer","floor":28.0,"turns":5.0},{"damage":12.0,"enemies":"Snake Plant","floor":30.0,"turns":3.0},{"damage":15.0,"enemies":"Sentry and Sphere","floor":31.0,"turns":8.0},{"damage":40.0,"enemies":"Automaton","floor":33.0,"turns":11.0},{"damage":14.0,"enemies":"3 Shapes","floor":35.0,"turns":4.0},{"damage":10.0,"enemies":"Orb Walker","floor":38.0,"turns":2.0},{"damage":0.0,"enemies":"Spire Growth","floor":39.0,"turns":4.0},{"damage":19.0,"enemies":"Maw","floor":41.0,"turns":7.0},{"damage":14.0,"enemies":"Mind Bloom Boss Battle","floor":42.0,"turns":9.0},{"damage":1,"enemies":"Writhing Mass","floor":44,"turns":10},{"damage":0,"enemies":"Spire Growth","floor":45,"turns":4},{"damage":45,"enemies":"4 Shapes","floor":47,"turns":8},{"damage":42,"enemies":"Sphere and 2 Shapes","floor":48,"turns":6},{"damage":34,"enemies":"Time Eater","floor":50,"turns":8}],"seed_played":"-7828989542798571064","potions_obtained":[{"floor":1.0,"key":"Swift Potion"},{"floor":4.0,"key":"Strength Potion"},{"floor":8.0,"key":"GamblersBrew"},{"floor":13.0,"key":"Energy Potion"},{"floor":18.0,"key":"EssenceOfSteel"},{"floor":30.0,"key":"EssenceOfSteel"},{"floor":31.0,"key":"EntropicBrew"},{"floor":39.0,"key":"FairyPotion"}],"is_trial":false,"path_per_floor":["M","$","M","M","?","R","E","M","T","R","E","?","M","E","R","B",null,"M","?","$","M","$","R","?","R","T","E","M","R","M","M","R","B",null,"M","?","?","M","M","R","M","?","T","M","M","$","M","M","R","B"],"character_chosen":"DEFECT","items_purchased":["Self Repair","Gash","FTL","Core Surge","Membership Card","Hologram"],"campfire_rested":2,"item_purchase_floors":[2,2,20,20,46,46],"current_hp_per_floor":[63,63,57,56,56,56,27,32,32,32,20,17,16,35,35,16,57,61,61,61,61,61,61,61,61,61,25,24,45,43,38,59,29,61,57,57,57,57,67,67,58,54,54,63,71,71,36,31,31,0,0],"gold":94,"neow_bonus":"HUNDRED_GOLD","is_daily":false,"chose_seed":false,"campfire_upgraded":6,"win_rate":0.0,"timestamp":1607660038,"path_taken":["M","$","M","?","?","R","E","?","T","R","E","?","M","E","R","BOSS","M","?","$","?","?","R","?","R","T","E","M","R","M","M","R","BOSS","M","?","?","?","M","R","M","?","T","M","M","$","M","M","R","BOSS"],"items_purchased_type":["Card","Card","Card","Card","Relic","Card"],"build_version":"2020-11-30","purchased_purges":3,"victory":false,"max_hp_per_floor":[71,71,71,71,71,71,71,71,71,71,71,71,71,71,71,71,71,71,71,71,71,71,71,71,71,71,71,71,71,71,71,71,71,71,71,71,71,71,71,71,71,71,71,71,71,71,71,71,71,71,71],"relic_stats":{"Lizard Tail":35,"counters":[27,154],"Astrolabe":["Seek","Rebound","Recycle"],"Gambling Chip":[4],"Kunai":[83],"obtain_stats":[{"Lizard Tail":9,"CaptainsWheel":11,"HornCleat":27,"Astrolabe":34,"Gambling Chip":42,"Kunai":7,"Membership Card":46,"Odd Mushroom":12,"Bottled Tornado":26,"Cracked Core":0,"TungstenRod":14,"Nuclear Battery":17},{"Lizard Tail":5,"CaptainsWheel":6,"HornCleat":13,"Astrolabe":17,"Gambling Chip":22,"Kunai":4,"Membership Card":24,"Odd Mushroom":7,"Bottled Tornado":12,"Cracked Core":0,"TungstenRod":9,"Nuclear Battery":10},{"Lizard Tail":18,"CaptainsWheel":25,"HornCleat":65,"Astrolabe":92,"Gambling Chip":118,"Kunai":13,"Membership Card":132,"Odd Mushroom":28,"Bottled Tornado":56,"Cracked Core":0,"TungstenRod":40,"Nuclear Battery":48}],"TungstenRod":46},"card_choices":[{"not_picked":["Darkness","Consume","Redo"],"picked":"SKIP","floor":1.0},{"not_picked":["White Noise","Compile Driver"],"picked":"Ball Lightning","floor":3.0},{"not_picked":["Cold Snap","Barrage"],"picked":"Sweeping Beam","floor":4.0},{"not_picked":["Reinforced Body","Blizzard","Sweeping Beam"],"picked":"SKIP","floor":7.0},{"not_picked":["Heatsinks","Hologram"],"picked":"Beam Cell","floor":8.0},{"not_picked":["Streamline","Capacitor"],"picked":"Gash","floor":11.0},{"not_picked":["Redo","Blizzard"],"picked":"Steam","floor":12.0},{"not_picked":["Gash","Leap"],"picked":"Defragment","floor":13.0},{"not_picked":["Aggregate","Barrage"],"picked":"Go for the Eyes","floor":14.0},{"not_picked":["Meteor Strike","Echo Form"],"picked":"All For One","floor":16.0},{"not_picked":["Redo+1","Go for the Eyes"],"picked":"Hologram","floor":18.0},{"not_picked":["Ball Lightning","Genetic Algorithm"],"picked":"Go for the Eyes","floor":21.0},{"not_picked":["Stack","Redo"],"picked":"Chill","floor":27.0},{"not_picked":["Go for the Eyes","Stack"],"picked":"Fusion","floor":28.0},{"not_picked":["Force Field","Cold Snap"],"picked":"Reinforced Body","floor":30.0},{"not_picked":["Ball Lightning","Rip and Tear","Darkness"],"picked":"SKIP","floor":31.0},{"not_picked":["Fission","Rainbow"],"picked":"All For One","floor":33.0},{"not_picked":["Ball Lightning","Steam"],"picked":"Coolheaded","floor":35.0},{"not_picked":["Double Energy","Blizzard+1"],"picked":"Stack","floor":38.0},{"not_picked":["Rebound","Gash","Hello World"],"picked":"SKIP","floor":39.0},{"not_picked":["Sweeping Beam","Chill"],"picked":"Conserve Battery+1","floor":41.0},{"not_picked":["Loop+1","Steam+1"],"picked":"Stack+1","floor":42.0},{"not_picked":["Stack","Leap"],"picked":"Seek","floor":44},{"not_picked":["Leap","Storm"],"picked":"Aggregate","floor":45},{"not_picked":["Hologram","Coolheaded"],"picked":"Redo+1","floor":47},{"not_picked":["Sweeping Beam+1","Beam Cell"],"picked":"Reprogram+1","floor":48}],"player_experience":1660919,"relics_obtained":[{"floor":7.0,"key":"Kunai"},{"floor":9.0,"key":"Lizard Tail"},{"floor":11.0,"key":"CaptainsWheel"},{"floor":12.0,"key":"Odd Mushroom"},{"floor":14.0,"key":"TungstenRod"},{"floor":26.0,"key":"Bottled Tornado"},{"floor":27.0,"key":"HornCleat"},{"floor":42.0,"key":"Gambling Chip"}],"event_choices":[{"damage_healed":0.0,"max_hp_gain":0.0,"max_hp_loss":0.0,"gold_gain":0.0,"event_name":"Accursed Blacksmith","player_choice":"Forge","floor":5.0,"gold_loss":0.0,"damage_taken":0.0,"cards_upgraded":["Zap"]},{"damage_healed":0.0,"max_hp_gain":0.0,"max_hp_loss":0.0,"gold_gain":0.0,"event_name":"Mushrooms","player_choice":"Fought Mushrooms","floor":12.0,"gold_loss":0.0,"damage_taken":0.0},{"damage_healed":0.0,"max_hp_gain":0.0,"max_hp_loss":0.0,"gold_gain":0.0,"event_name":"Match and Keep!","player_choice":"1 cards matched","floor":19.0,"gold_loss":0.0,"damage_taken":0.0,"cards_obtained":["Seek"]},{"damage_healed":0.0,"max_hp_gain":0.0,"max_hp_loss":0.0,"gold_gain":50.0,"event_name":"Nest","player_choice":"Stole From Cult","floor":24.0,"gold_loss":0.0,"damage_taken":0.0},{"cards_removed":["Defragment"],"damage_healed":0.0,"max_hp_gain":0.0,"max_hp_loss":0.0,"gold_gain":0.0,"event_name":"Falling","player_choice":"Removed Power","floor":36.0,"gold_loss":0.0,"damage_taken":0.0},{"damage_healed":0.0,"max_hp_gain":0.0,"max_hp_loss":0.0,"gold_gain":0.0,"event_name":"Match and Keep!","player_choice":"0 cards matched","floor":37.0,"gold_loss":0.0,"damage_taken":0.0,"cards_obtained":[]},{"damage_healed":0.0,"max_hp_gain":0.0,"max_hp_loss":0.0,"gold_gain":0.0,"event_name":"MindBloom","player_choice":"Fight","floor":42.0,"gold_loss":0.0,"damage_taken":0.0}],"is_beta":false,"boss_relics":[{"not_picked":["Cursed Key","FrozenCore"],"picked":"Nuclear Battery"},{"not_picked":["Calling Bell","Philosopher\u0027s Stone"],"picked":"Astrolabe"}],"items_purged_floors":[20,22,46],"is_endless":false,"potions_floor_spawned":[1,4,8,13,18,30,31,33,39,42,45,47],"killed_by":"Time Eater","ascension_level":20}}