{"host":"zwrmg2ecdhqeybgn","time":1607652556,"event":{"mods":["2.2 Compatiblity","Act Like it!","BaseMod","BetterRewards","Hubris","Infinite Spire","Minty Spire (QoL Compilation)","Replay The Spire","Spikes Relics","StSLib"],"gold_per_floor":[117,39,214,265,279,309,309,319,319,329,343,343,343,358,358,461,461,476,476,476,122,122,156,96,96,96,49,49,49],"floor_reached":28,"playtime":1007,"items_purged":[],"score":259,"play_id":"4fff5607-4211-4ce5-8133-5d3131492cc6","local_time":"20201210210916","is_ascension_mode":false,"campfire_choices":[{"data":"Barricade","floor":7,"key":"SMITH"},{"data":"Spot Weakness","floor":12,"key":"SMITH"},{"data":"Havoc","floor":15,"key":"SMITH"},{"floor":25,"key":"REST"}],"circlet_count":0,"master_deck":["Strike_R","Strike_R","Strike_R","Strike_R","Strike_R","Defend_R","Defend_R","Defend_R+1","Defend_R+1","Bash","Iron Wave","Spot Weakness+1","Doubt","Barricade+1","ReplayTheSpireMod:Strike From Hell","Havoc+1","Demon Form","Dark Embrace","Havoc","Sharp Hide","Iron Wave","True Grit"],"relics":["Melange","infinitespire:Eraser","Replay:M_StaffOfTheSnake","Bloody Idol","Raider\u0027s Mask","Strange Spoon","infinitespire:SolderingIron","infinitespire:Chaos","ReplayTheSpireMod:TigerMarble","King of Hearts"],"acts_visited":["Exordium","TheCity"],"potions_floor_usage":[18,23,23],"damage_taken":[{"damage":0,"enemies":"Cultist","floor":1,"turns":1},{"damage":0,"enemies":"Small Slimes","floor":5,"turns":1},{"damage":0,"enemies":"Lagavulin","floor":6,"turns":1},{"damage":6,"enemies":"Jaw Worm","floor":8,"turns":4},{"damage":6,"enemies":"Exordium Wildlife","floor":10,"turns":3},{"damage":5,"enemies":"Large Slime","floor":11,"turns":8},{"damage":0,"enemies":"2 Fungi Beasts","floor":14,"turns":3},{"damage":6,"enemies":"Fading Forest","floor":16,"turns":11},{"damage":1,"enemies":"Chosen","floor":18,"turns":4},{"damage":48,"enemies":"Book of Stabbing","floor":23,"turns":7},{"damage":64,"enemies":"Slavers","floor":28,"turns":3}],"seed_played":"-2894786543726469086","potions_obtained":[{"floor":1,"key":"SteroidPotion"},{"floor":4,"key":"AttackPotion"},{"floor":11,"key":"Weak Potion"}],"is_trial":false,"path_per_floor":["M","$","?","?","M","E","R","M","T","M","M","R","T","M","R","B",null,"M","?","?","$","?","E","?","R","T","$","E"],"character_chosen":"IRONCLAD","items_purchased":["Spot Weakness","infinitespire:Chaos","Dark Embrace","Havoc","Sharp Hide","True Grit"],"campfire_rested":1,"item_purchase_floors":[2,21,21,21,21,27],"current_hp_per_floor":[80,80,80,60,66,72,72,72,72,72,73,73,73,79,79,80,80,80,80,80,80,80,37,37,61,61,61,0,0],"gold":49,"neow_bonus":"THREE_ENEMY_KILL","is_daily":false,"chose_seed":false,"campfire_upgraded":3,"win_rate":0.0,"timestamp":1607652556,"path_taken":["M","$","?","?","?","E","R","M","T","M","?","R","?","M","R","BOSS","M","?","?","?","?","E","?","R","T","$","E"],"items_purchased_type":["Card","Relic","Card","Card","Card","Card"],"build_version":"2020-11-30","purchased_purges":0,"victory":false,"max_hp_per_floor":[80,80,80,80,80,80,80,80,80,80,80,80,80,80,80,80,80,80,80,80,80,80,80,80,80,80,80,80,80],"card_choices":[{"not_picked":["Armaments","Heavy Blade"],"picked":"Iron Wave","floor":1},{"not_picked":["Fire Breathing","Body Slam"],"picked":"Barricade","floor":4},{"not_picked":["Pommel Strike","Clothesline","Heavy Blade"],"picked":"SKIP","floor":5},{"not_picked":["Flex","Anger"],"picked":"ReplayTheSpireMod:Strike From Hell","floor":6},{"not_picked":["Pommel Strike","Whirlwind","Flex"],"picked":"SKIP","floor":8},{"not_picked":["Twin Strike","ReplayReversal","Armaments"],"picked":"SKIP","floor":10},{"not_picked":["Replay:Undeath\u0027s Touch","Sever Soul","Clothesline"],"picked":"SKIP","floor":11},{"not_picked":["ReplayTheSpireMod:Limb From Limb","Sentinel"],"picked":"Havoc","floor":14},{"not_picked":["Barricade","hubris:StunningStrike"],"picked":"Demon Form","floor":16},{"not_picked":["Inflame","Clothesline","Burning Pact"],"picked":"SKIP","floor":18},{"not_picked":["ReplayTheSpireMod:Stacked","Body Slam"],"picked":"Iron Wave","floor":23}],"player_experience":491943,"relics_obtained":[{"floor":4,"key":"Simple Rune"},{"floor":6,"key":"Happy Flower"},{"floor":9,"key":"Rawhide"},{"floor":13,"key":"ReplayTheSpireMod:Shallot"},{"floor":23,"key":"ReplayTheSpireMod:TigerMarble"},{"floor":26,"key":"King of Hearts"}],"event_choices":[{"damage_healed":0,"gold_gain":175,"player_choice":"AGREE","damage_taken":0,"max_hp_gain":0,"max_hp_loss":0,"event_name":"Liars Game","floor":3,"gold_loss":0,"cards_obtained":["Doubt"]},{"damage_healed":0,"gold_gain":0,"player_choice":"Ignored","damage_taken":0,"max_hp_gain":0,"max_hp_loss":0,"event_name":"Ghosts","floor":20,"gold_loss":0},{"damage_healed":0,"gold_gain":0,"player_choice":"Ignored","damage_taken":0,"max_hp_gain":0,"max_hp_loss":0,"event_name":"Vampires","floor":22,"gold_loss":0}],"is_beta":false,"boss_relics":[{"not_picked":["Tiny House","Kintsugi"],"picked":"CosmicIsotope"}],"items_purged_floors":[],"is_endless":false,"potions_floor_spawned":[1,11,16],"killed_by":"Slavers","ascension_level":0}}