{"host":"poop","time":1607648494,"event":{"mods":["BaseMod","Minty Spire (QoL Compilation)","Permanent Neow","Shop Mod","StSLib"],"gold_per_floor":[117,117,129,129,146,146,161,199,223,35,35,35,60,72,72,186,186,214,214,223,247,258,258,258],"floor_reached":23,"playtime":812,"items_purged":[],"score":193,"play_id":"f702e070-a409-4c55-a1eb-8f472d71604a","local_time":"20201210190134","is_ascension_mode":false,"campfire_choices":[{"floor":6,"key":"REST"},{"data":"Apotheosis","floor":11,"key":"SMITH"},{"floor":15,"key":"REST"}],"circlet_count":0,"master_deck":["Strike_B","Strike_B","Strike_B","Strike_B","Defend_B","Defend_B+1","Defend_B","Defend_B","Zap+1","Dualcast+1","Cold Snap","Melter","Glacier","Darkness","Apotheosis+1","White Noise","Biased Cognition","Loop","Storm","Ball Lightning"],"relics":["Cracked Core","Regal Pillow","CeramicFish","War Paint","Nuclear Battery"],"acts_visited":["Exordium","TheCity"],"potions_floor_usage":[8,21,22,23],"damage_taken":[{"damage":5,"enemies":"Small Slimes","floor":1,"turns":2},{"damage":0,"enemies":"Cultist","floor":3,"turns":3},{"damage":4,"enemies":"Jaw Worm","floor":5,"turns":2},{"damage":7,"enemies":"2 Fungi Beasts","floor":7,"turns":3},{"damage":11,"enemies":"3 Sentries","floor":8,"turns":8},{"damage":12,"enemies":"Exordium Thugs","floor":13,"turns":3},{"damage":3,"enemies":"3 Louse","floor":14,"turns":4},{"damage":13,"enemies":"The Guardian","floor":16,"turns":9},{"damage":2,"enemies":"Shell Parasite","floor":18,"turns":4},{"damage":17,"enemies":"2 Thieves","floor":21,"turns":3},{"damage":14,"enemies":"Snecko","floor":22,"turns":4},{"damage":48,"enemies":"Gremlin Leader","floor":23,"turns":3}],"seed_played":"-8239479254848440303","potions_obtained":[{"floor":1,"key":"LiquidMemories"},{"floor":3,"key":"Swift Potion"},{"floor":7,"key":"AttackPotion"},{"floor":8,"key":"DuplicationPotion"},{"floor":18,"key":"FocusPotion"}],"is_trial":false,"path_per_floor":["M","?","M","?","M","R","M","E","T","$","R","$","M","M","R","B",null,"M","?","?","M","M","E"],"character_chosen":"DEFECT","items_purchased":["Apotheosis"],"campfire_rested":2,"item_purchase_floors":[10],"current_hp_per_floor":[70,45,45,45,41,75,68,57,57,57,57,57,45,42,75,62,75,73,73,73,56,42,0,0],"gold":258,"neow_bonus":"UPGRADE_CARD","is_daily":false,"chose_seed":false,"campfire_upgraded":1,"win_rate":0.0,"timestamp":1607648494,"path_taken":["M","?","M","?","M","R","M","E","T","$","R","$","M","M","R","BOSS","M","?","?","M","M","E"],"items_purchased_type":["Card"],"build_version":"2020-12-07","purchased_purges":0,"victory":false,"max_hp_per_floor":[75,75,75,75,75,75,75,75,75,75,75,75,75,75,75,75,75,75,75,75,75,75,75,75],"card_choices":[{"not_picked":["Steam","Doom and Gloom"],"picked":"Cold Snap","floor":1},{"not_picked":["Rip and Tear","Steam"],"picked":"Melter","floor":3},{"not_picked":["Sweeping Beam","Cold Snap"],"picked":"Glacier","floor":5},{"not_picked":["Compile Driver","Sweeping Beam","Steam"],"picked":"SKIP","floor":7},{"not_picked":["Go for the Eyes","Hologram"],"picked":"Darkness","floor":8},{"not_picked":["Cold Snap","Go for the Eyes"],"picked":"White Noise","floor":13},{"not_picked":["Hologram","Cold Snap","Reprogram"],"picked":"SKIP","floor":14},{"not_picked":["Multi-Cast","Amplify"],"picked":"Biased Cognition","floor":16},{"not_picked":["Conserve Battery+1","Compile Driver"],"picked":"Loop","floor":18},{"not_picked":["Cold Snap","Stack"],"picked":"Ball Lightning","floor":21},{"not_picked":["Cold Snap","Conserve Battery","Chill+1"],"picked":"SKIP","floor":22}],"player_experience":510709,"relics_obtained":[{"floor":8,"key":"CeramicFish"},{"floor":9,"key":"War Paint"}],"event_choices":[{"damage_healed":0,"gold_gain":0,"player_choice":"Success","damage_taken":25,"relics_obtained":["Regal Pillow"],"max_hp_gain":0,"max_hp_loss":0,"event_name":"Scrap Ooze","floor":2,"gold_loss":0},{"damage_healed":0,"gold_gain":0,"player_choice":"Bought 0 Potions","damage_taken":0,"max_hp_gain":0,"max_hp_loss":0,"event_name":"The Woman in Blue","floor":4,"gold_loss":0},{"damage_healed":0,"gold_gain":0,"player_choice":"Ignored","damage_taken":0,"max_hp_gain":0,"max_hp_loss":0,"event_name":"Vampires","floor":19,"gold_loss":0},{"damage_healed":0,"gold_gain":0,"player_choice":"Read","damage_taken":0,"max_hp_gain":0,"max_hp_loss":0,"event_name":"The Library","floor":20,"gold_loss":0,"cards_obtained":["Storm"]}],"is_beta":true,"boss_relics":[{"not_picked":["Velvet Choker","Tiny House"],"picked":"Nuclear Battery"}],"items_purged_floors":[],"is_endless":false,"potions_floor_spawned":[1,3,7,8,18],"killed_by":"Gremlin Leader","ascension_level":0}}