{"host":"lyzyr6cv4ove76ms","time":1607655977,"event":{"mods":["BaseMod","Colored Map","Infinite Spire","Minty Spire (QoL Compilation)","Replay The Spire","StSLib"],"gold_per_floor":[111,111,126,49,68,99,116,116,116,116,136,164,174,191,191,291,291,311,311,311,322,322,357,357,391,414,424,424,176,194,239,239,335,335,349,249,263,317,317,351,367,382,382,382,382,401,421,455,455,557,557,568,765,772,784,793,810,810,823,876,881,881,884,887,743,743,815,815,828,820,820,818,810,825,831,831,885,895,895,904,929,941,941,1011,1011,1015,1012,1005,1005,1005,991,994,994,994,994,988,988,995,1008,1008,1073,1073,1073,1086,1102,1101,522,538,538,543,543,543,89,100,151,151,151,230,230,233,233,233,233,58,76,88,96,157,183,50,53,53,68,68,129,129,137,127,127,161,161,161,161,161,184,178,185,196,196,198,198,203,203,203,178,190,252],"floor_reached":158,"playtime":15753,"items_purged":["Injury","Strike_G","Strike_G","Bane+1","Strike_G","Zap+1","Defend_G"],"score":4774,"play_id":"55930730-a57b-435c-bf57-dd1066e85d3e","local_time":"20201211040617","is_ascension_mode":true,"campfire_choices":[{"floor":8.0,"key":"REST"},{"floor":15.0,"key":"REST"},{"data":"infinitespire:Collect","floor":24.0,"key":"SMITH"},{"data":"Malaise","floor":28.0,"key":"SMITH"},{"data":"Noxious Fumes","floor":32.0,"key":"SMITH"},{"floor":45.0,"key":"REST"},{"floor":49.0,"key":"REST"},{"data":"infinitespire:Punishment","floor":58.0,"key":"SMITH"},{"data":"Backstab","floor":66.0,"key":"SMITH"},{"data":"infinitespire:Punishment","floor":76.0,"key":"SMITH"},{"data":"Parasite","floor":83.0,"key":"PURGE"},{"floor":93,"key":"REST"},{"data":"Burst","floor":97,"key":"SMITH"},{"floor":100,"key":"REST"},{"data":"infinitespire:Oblivion","floor":109,"key":"SMITH"},{"data":"Poison Darts","floor":112,"key":"SMITH"},{"data":"Defend_G","floor":117,"key":"SMITH"},{"data":"infinitespire:Fortify","floor":134,"key":"SMITH"},{"data":"Corpse Explosion","floor":134,"key":"SMITH"},{"data":"Apotheosis","floor":142,"key":"SMITH"},{"data":"Defend_G+1","floor":142,"key":"SMITH"},{"data":"Defend_G+1","floor":144,"key":"SMITH"},{"data":"Defend_G+1","floor":144,"key":"SMITH"},{"floor":151,"key":"REST"},{"data":"Defend_G+2","floor":154,"key":"SMITH"},{"data":"Defend_G+2","floor":154,"key":"SMITH"}],"circlet_count":0,"master_deck":["Strike_G+1","Strike_G+1","Defend_G+3","Defend_G+3","Defend_G+3","Defend_G+2","Survivor+1","Neutralize+1","Backstab+1","Dash+1","Poison Darts+1","Catalyst+1","Leg Sweep+1","infinitespire:Collect+1","Malaise+1","Corpse Explosion+1","Mayhem+1","Noxious Fumes+1","Footwork+1","infinitespire:Punishment+1","Adrenaline+1","infinitespire:Punishment+1","Burst+1","Apotheosis+1","infinitespire:Oblivion+1","Caltrops+1","infinitespire:Fortify+1","infinitespire:UltimateForm+1","Noxious Fumes+1"],"relics":["Ring of the Serpent","Gremlin Food","Question Card","infinitespire:WardingShard","Whetstone","Nloth\u0027s Gift","ReplayTheSpireMod:TigerMarble","Thread and Needle","infinitespire:FocusingShard","Vajra","War Paint","Ring of Chaos","Byrd Skull","Art of War","HornCleat","PreservedInsect","ReplayFunnel","Simple Rune","SlaversCollar","InkBottle","Toy Ornithopter","Replay:Wax Seal","Tough Bandages","Black Star","Mango","infinitespire:Golems Mask","Omamori","Ice Cream","Replay:Baseball","Replay:Rubber Ducky","Pantograph","Frozen Egg 2","ReplayTheSpireMod:SealedPack","The Specimen","Lantern","Tiny Chest","infinitespire:Lucky Rock","Shuriken","Unceasing Top","Potion Belt","Singing Bowl","Blue Doll","Replay:Arrowhead","MawBank","Bottled Flame","infinitespire:Beetle Shell","Juzu Bracelet","infinitespire:Eraser","Membership Card","Boot","Meat on the Bone","Red Mask","SacredBark","WingedGreaves","Golden Egg","MealTicket","Replay:Bandana","infinitespire:Satchel","Blood Vial","StoneCalendar","infinitespire:Broken Mirror","Happy Flower"],"acts_visited":["Exordium","TheCity","TheBeyond","Exordium","TheCity","TheBeyond","Exordium","TheCity","TheBeyond","TheEnding"],"potions_floor_usage":[92,152,152,152,152,157],"damage_taken":[{"damage":2.0,"enemies":"Cultist","floor":1.0,"turns":5.0},{"damage":0.0,"enemies":"2 Louse","floor":3.0,"turns":3.0},{"damage":2.0,"enemies":"Small Slimes","floor":5.0,"turns":4.0},{"damage":40.0,"enemies":"Gremlin Nob","floor":6.0,"turns":6.0},{"damage":0.0,"enemies":"3 Louse","floor":7.0,"turns":3.0},{"damage":11.0,"enemies":"Gremlin Gang","floor":11.0,"turns":6.0},{"damage":6.0,"enemies":"Replay:BlueRogue","floor":12.0,"turns":11.0},{"damage":0.0,"enemies":"Exordium Thugs","floor":13.0,"turns":5.0},{"damage":0.0,"enemies":"Lots of Slimes","floor":14.0,"turns":3.0},{"damage":31.0,"enemies":"The Guardian","floor":16.0,"turns":16.0},{"damage":5.0,"enemies":"2 Thieves","floor":18.0,"turns":4.0},{"damage":2.0,"enemies":"Chosen","floor":21.0,"turns":5.0},{"damage":3.0,"enemies":"Nightmare","floor":23.0,"turns":7.0},{"damage":0.0,"enemies":"Replay:Snechameleon","floor":25.0,"turns":6.0},{"damage":0.0,"enemies":"Snake Plant","floor":27.0,"turns":3.0},{"damage":0.0,"enemies":"Cultist and Chosen","floor":30.0,"turns":5.0},{"damage":0.0,"enemies":"Champ","floor":33.0,"turns":8.0},{"damage":0.0,"enemies":"3 Darklings","floor":35.0,"turns":2.0},{"damage":0.0,"enemies":"Orb Walker","floor":37.0,"turns":6.0},{"damage":13.0,"enemies":"2 Orb Walkers","floor":38.0,"turns":4.0},{"damage":8.0,"enemies":"Nemesis","floor":40.0,"turns":5.0},{"damage":0.0,"enemies":"3 Darklings","floor":41.0,"turns":1.0},{"damage":15.0,"enemies":"Spire Growth","floor":42.0,"turns":4.0},{"damage":0.0,"enemies":"Maw","floor":46.0,"turns":5.0},{"damage":3.0,"enemies":"Writhing Mass","floor":47.0,"turns":5.0},{"damage":27.0,"enemies":"Reptomancer","floor":48.0,"turns":8.0},{"damage":27.0,"enemies":"Donu and Deca","floor":50.0,"turns":9.0},{"damage":0.0,"enemies":"Small Slimes","floor":52.0,"turns":2.0},{"damage":0.0,"enemies":"Jaw Worm","floor":54.0,"turns":1.0},{"damage":0.0,"enemies":"2 Louse","floor":55.0,"turns":1.0},{"damage":0.0,"enemies":"Exordium Wildlife","floor":56.0,"turns":1.0},{"damage":5.0,"enemies":"Replay:BlueRogue","floor":57.0,"turns":4.0},{"damage":0.0,"enemies":"Lagavulin","floor":59.0,"turns":5.0},{"damage":3.0,"enemies":"Exordium Thugs","floor":61.0,"turns":4.0},{"damage":0.0,"enemies":"Looter","floor":63.0,"turns":4.0},{"damage":6.0,"enemies":"Lots of Slimes","floor":64.0,"turns":3.0},{"damage":24.0,"enemies":"Hexaghost","floor":67.0,"turns":8.0},{"damage":0.0,"enemies":"Spheric Guardian","floor":69.0,"turns":1.0},{"damage":0.0,"enemies":"Chosen","floor":70.0,"turns":4.0},{"damage":0.0,"enemies":"Centurion and Healer","floor":72.0,"turns":4.0},{"damage":0.0,"enemies":"Cultist and Chosen","floor":73.0,"turns":4.0},{"damage":0.0,"enemies":"Slavers","floor":74.0,"turns":3.0},{"damage":0.0,"enemies":"3 Cultists","floor":75.0,"turns":2.0},{"damage":0.0,"enemies":"Snecko","floor":78.0,"turns":2.0},{"damage":0.0,"enemies":"Centurion and Healer","floor":79.0,"turns":3.0},{"damage":0.0,"enemies":"Gremlin Leader","floor":80.0,"turns":3.0},{"damage":0.0,"enemies":"Book of Stabbing","floor":82.0,"turns":3.0},{"damage":0.0,"enemies":"Automaton","floor":84.0,"turns":7.0},{"damage":0.0,"enemies":"3 Shapes","floor":86.0,"turns":4.0},{"damage":0.0,"enemies":"Orb Walker","floor":87.0,"turns":3.0},{"damage":0.0,"enemies":"Writhing Mass","floor":88.0,"turns":4.0},{"damage":22.0,"enemies":"Spire Growth","floor":91.0,"turns":5.0},{"damage":29,"enemies":"Reptomancer","floor":92,"turns":5},{"damage":0,"enemies":"Nightmare","floor":96,"turns":5},{"damage":10,"enemies":"Nemesis","floor":98,"turns":5},{"damage":0,"enemies":"3 Darklings","floor":99,"turns":1},{"damage":0,"enemies":"Time Eater","floor":101,"turns":7},{"damage":0,"enemies":"infinitespire:Voidling","floor":103,"turns":2},{"damage":0,"enemies":"Small Slimes","floor":104,"turns":1},{"damage":0,"enemies":"Jaw Worm","floor":105,"turns":1},{"damage":0,"enemies":"Large Slime","floor":106,"turns":2},{"damage":0,"enemies":"Replay:BlueRogue","floor":108,"turns":2},{"damage":0,"enemies":"Gremlin Gang","floor":110,"turns":1},{"damage":0,"enemies":"Lagavulin","floor":114,"turns":2},{"damage":0,"enemies":"Lagavulin Event","floor":115,"turns":1},{"damage":82,"enemies":"Hexaghost","floor":118,"turns":3},{"damage":0,"enemies":"Spheric Guardian","floor":120,"turns":2},{"damage":0,"enemies":"2 Thieves","floor":121,"turns":2},{"damage":0,"enemies":"Replay:Snechameleon","floor":125,"turns":4},{"damage":0,"enemies":"Snecko","floor":127,"turns":5},{"damage":0,"enemies":"Slavers","floor":129,"turns":2},{"damage":0,"enemies":"Book of Stabbing","floor":131,"turns":3},{"damage":8,"enemies":"Masked Bandits","floor":133,"turns":3},{"damage":0,"enemies":"Champ","floor":135,"turns":6},{"damage":0,"enemies":"3 Shapes","floor":137,"turns":3},{"damage":0,"enemies":"3 Darklings","floor":138,"turns":4},{"damage":12,"enemies":"2 Orb Walkers","floor":140,"turns":3},{"damage":0,"enemies":"Sphere and 2 Shapes","floor":146,"turns":3},{"damage":0,"enemies":"R_Hoarder","floor":147,"turns":5},{"damage":0,"enemies":"Nemesis","floor":148,"turns":4},{"damage":0,"enemies":"Writhing Mass","floor":149,"turns":4},{"damage":0,"enemies":"Spire Growth","floor":150,"turns":5},{"damage":23,"enemies":"infinitespire:LordOfFortification","floor":152,"turns":17},{"damage":23,"enemies":"Shield and Spear","floor":156,"turns":4},{"damage":72,"enemies":"The Heart","floor":157,"turns":10}],"seed_played":"-8063465797149567618","potions_obtained":[{"floor":1.0,"key":"Reflective Coating"},{"floor":6.0,"key":"SpeedPotion"},{"floor":7.0,"key":"EssenceOfSteel"},{"floor":12.0,"key":"SkillPotion"},{"floor":14.0,"key":"Toxic Potion"},{"floor":21.0,"key":"GhostInAJar"},{"floor":38.0,"key":"BlessingOfTheForge"},{"floor":40.0,"key":"Poison Potion"},{"floor":41.0,"key":"LiquidBronze"},{"floor":50.0,"key":"SteroidPotion"},{"floor":61.0,"key":"Adrenaline Potion"},{"floor":63.0,"key":"SpeedPotion"},{"floor":64.0,"key":"SkillPotion"},{"floor":74.0,"key":"PowerPotion"},{"floor":99,"key":"Doom Potion"},{"floor":104,"key":"Dexterity Potion"},{"floor":110,"key":"infinitespire:BlackPotion"},{"floor":114,"key":"Dexterity Potion"},{"floor":121,"key":"infinitespire:BlackPotion"},{"floor":152,"key":"CunningPotion"},{"floor":156,"key":"Fire Potion"},{"floor":157,"key":"LiquidMemories"}],"is_trial":false,"path_per_floor":["M","$","M","$","M","E","M","R","T","?","M","E","M","M","R","B",null,"M","?","?","M","AVR","NM","R","E","T","M","R","$","M","T","R","B",null,"M","$","M","?","?","E","M","M","T","?","R","M","M","E","R_BF","B",null,"M","?","M","M","M","E","R","E","T","M","?","M","M","$","R_BF","B",null,"M","M","?","M","M","E","M","R","T","M","M","E","T","E","R_BF","B",null,"M","M","M","AVR","?","M","E","R","T","?","NM","R","E","M","R","B",null,"M","M","M","M","$","E","R","M","T","R","$","E","?","?","R","B",null,"M","M","?","T","$","E","AVR","M","T","E","$","E","?","?","R","B",null,"M","M","T","?","AVR","R","?","R","T","M","E","E","M","M","R","B",null,"R","$","E","B",null],"character_chosen":"THE_SILENT","items_purchased":["ReplayTheSpireMod:CursedCoin","Gremlin Food","Mayhem","Noxious Fumes","Simple Rune","The Specimen","Lantern","Unceasing Top","Membership Card","Noxious Fumes+1"],"campfire_rested":7,"item_purchase_floors":[4,4,29,29,65,107,107,113,130,155],"current_hp_per_floor":[75,75,75,75,73,33,33,56,56,61,50,44,44,44,68,37,82,77,61,61,59,59,56,56,56,56,56,56,56,56,56,56,56,87,87,87,87,74,53,45,45,30,30,30,56,56,53,26,52,25,87,87,87,87,87,87,82,82,82,82,79,79,79,73,73,73,49,87,87,87,97,97,97,97,97,97,97,97,97,97,97,97,94,94,94,94,94,94,108,108,86,62,94,94,94,94,94,88,88,108,108,108,108,108,108,108,108,108,108,108,108,108,108,110,112,117,117,37,119,121,123,123,123,123,125,125,127,127,129,129,131,131,125,125,135,135,137,139,139,129,129,129,129,129,129,131,133,135,139,143,151,130,153,153,153,132,87],"gold":252,"neow_bonus":"TEN_PERCENT_HP_BONUS","is_daily":false,"chose_seed":false,"campfire_upgraded":18,"win_rate":0.0,"timestamp":1607655977,"path_taken":["M","?","M","$","M","E","M","R","T","?","?","E","M","?","R","BOSS","M","?","?","M","AVR","NM","R","E","T","M","R","$","?","?","R","BOSS","M","?","?","?","?","E","M","M","T","?","R","M","M","E","R_BF","BOSS","M","?","?","M","M","E","R","E","T","M","?","M","?","?","R_BF","BOSS","M","M","?","M","M","E","M","R","T","M","?","E","?","E","R_BF","BOSS","M","?","M","AVR","?","M","E","R","T","?","NM","R","E","M","R","BOSS","M","?","M","M","$","E","R","M","T","R","$","E","?","?","R","BOSS","M","M","?","?","$","E","AVR","?","T","E","$","E","?","?","R","BOSS","M","M","?","?","AVR","R","?","R","T","M","E","E","M","M","R","BOSS","R","$","E","BOSS"],"items_purchased_type":["Relic","Relic","Card","Card","Relic","Relic","Relic","Relic","Relic","Undefined"],"build_version":"2020-11-30","purchased_purges":7,"victory":true,"max_hp_per_floor":[77,77,77,77,77,77,77,77,77,82,82,82,82,82,82,82,82,82,87,87,87,87,87,87,87,87,87,87,87,87,87,87,87,87,87,87,87,87,87,87,87,87,87,87,87,87,87,87,87,87,87,87,87,87,87,87,87,87,87,87,87,87,87,87,87,87,87,87,87,87,97,97,97,97,97,97,97,97,97,97,97,97,94,94,94,94,94,94,108,108,108,108,108,108,108,108,108,108,108,108,108,108,108,108,108,108,108,108,108,108,108,108,108,110,112,117,117,119,119,121,123,123,123,123,125,125,127,127,129,129,131,131,133,133,135,135,137,139,139,141,141,141,141,141,141,143,145,147,149,151,151,153,153,153,153,155,157],"card_choices":[{"not_picked":["Well Laid Plans","Skewer","Backflip"],"picked":"SKIP","floor":1.0},{"not_picked":["Flechettes","Dagger Spray","Slice"],"picked":"SKIP","floor":3.0},{"not_picked":["Finisher","Backflip","Acrobatics"],"picked":"SKIP","floor":5.0},{"not_picked":["Storm of Steel","Outmaneuver"],"picked":"Backstab","floor":6.0},{"not_picked":["Backflip","Cloak And Dagger","Dagger Throw","Deadly Poison"],"picked":"SKIP","floor":7.0},{"not_picked":["Flying Knee","Outmaneuver","Cloak And Dagger","Prepared"],"picked":"SKIP","floor":11.0},{"not_picked":["After Image","Well Laid Plans","Masterful Stab"],"picked":"Dash","floor":12.0},{"not_picked":["Slice","Tactician","Bane","Dagger Throw"],"picked":"SKIP","floor":13.0},{"not_picked":["Bane","Underhanded Strike","Cloak And Dagger","Distraction"],"picked":"SKIP","floor":14.0},{"not_picked":["Corpse Explosion","Glass Knife","Replay:Bag of Tricks"],"picked":"Poison Darts","floor":16.0},{"not_picked":["Cloak And Dagger","Quick Slash+1","PiercingWail+1"],"picked":"Catalyst+1","floor":18.0},{"not_picked":["Setup","After Image","Deadly Poison"],"picked":"Leg Sweep+1","floor":21.0},{"not_picked":["Phantasmal Killer","All Out Attack","Accuracy"],"picked":"Malaise","floor":23.0},{"not_picked":["ReplayTheSpireMod:Shiv Toss","ReplayTheSpireMod:Scrap Shanks+1","ReplayTheSpireMod:From All Sides"],"picked":"Corpse Explosion","floor":25.0},{"not_picked":["Blur+1","PiercingWail+1","Fluid Movement","ReplayTheSpireMod:Shiv Toss+1"],"picked":"SKIP","floor":27.0},{"not_picked":["Accuracy+1","ReplayTheSpireMod:Exploit Weakness","Cloak And Dagger","Riddle With Holes"],"picked":"SKIP","floor":30.0},{"not_picked":["Die Die Die","Glass Knife","Doppelganger"],"picked":"ReplayTheSpireMod:Necrosis","floor":33.0},{"not_picked":["Predator","Expertise+1","Escape Plan"],"picked":"Footwork+1","floor":35.0},{"not_picked":["Deflect+1","Backflip","ReplayTheSpireMod:Tripwire+1"],"picked":"Bane+1","floor":37.0},{"not_picked":["infinitespire:UltimateForm","infinitespire:FinalStrike"],"picked":"infinitespire:Punishment","floor":39.0},{"not_picked":["ReplayTheSpireMod:The Works+1","Flying Knee+1","Atom Bomb","Wraith Form v2"],"picked":"SKIP","floor":40.0},{"not_picked":["Backflip+1","Endless Agony","ReplayTheSpireMod:Exploit Weakness","Fluid Movement+1"],"picked":"SKIP","floor":41.0},{"not_picked":["Sucker Punch+1","Sneak Up","Endless Agony+1","ReplayTheSpireMod:Shiv Toss"],"picked":"SKIP","floor":42.0},{"not_picked":["Quick Slash","Hidden Blade+1","Tactician","Terror"],"picked":"SKIP","floor":46.0},{"not_picked":["Replay:Poison Smokescreen+1","Setup+1","ReplayTheSpireMod:Exploit Weakness+1","Malaise"],"picked":"SKIP","floor":47.0},{"not_picked":["Heel Hook+1","Die Die Die","Quick Slash","Atom Bomb"],"picked":"SKIP","floor":48.0},{"not_picked":["Hidden Blade","PiercingWail","Blade Dance","Blur"],"picked":"SKIP","floor":52.0},{"not_picked":["Bane","PiercingWail","Escape Plan","Quick Slash"],"picked":"SKIP","floor":54.0},{"not_picked":["Outmaneuver","Quick Slash","Deflect","Endless Agony"],"picked":"SKIP","floor":55.0},{"not_picked":["Backflip","Phantasmal Killer","Cloak And Dagger","Hidden Blade"],"picked":"SKIP","floor":56.0},{"not_picked":["A Thousand Cuts","Sucker Punch","Sneak Up","Dodge and Roll"],"picked":"SKIP","floor":57.0},{"not_picked":["Distraction","Grand Finale","Poisoned Stab","Wraith Form v2"],"picked":"SKIP","floor":59.0},{"not_picked":["Poisoned Stab","Flechettes","Bane","Slice"],"picked":"SKIP","floor":61.0},{"not_picked":["Sucker Punch","Blur","Sneak Up","Expertise"],"picked":"SKIP","floor":63.0},{"not_picked":["PiercingWail","Leg Sweep","Endless Agony","Expertise"],"picked":"SKIP","floor":64.0},{"not_picked":["Poison Darts","After Image","Envenom"],"picked":"Adrenaline","floor":67.0},{"not_picked":["infinitespire:TheBestDefense","ReplayTheSpireMod:Black Plague"],"picked":"infinitespire:Punishment","floor":68.0},{"not_picked":["ReplayTheSpireMod:Scrap Shanks","ReplayTheSpireMod:Tripwire","Acrobatics+1","Deadly Poison"],"picked":"SKIP","floor":69.0},{"not_picked":["Outmaneuver","Blur+1","Malaise","Footwork"],"picked":"SKIP","floor":70.0},{"not_picked":["All Out Attack","Quick Slash","Outmaneuver+1","Reflex"],"picked":"SKIP","floor":72.0},{"not_picked":["Deflect","Sucker Punch+1","Die Die Die","Poisoned Stab"],"picked":"SKIP","floor":73.0},{"not_picked":["infinitespire:Neurotoxin","Venomology","Poisoned Stab+1","ReplayTheSpireMod:Exploit Weakness"],"picked":"SKIP","floor":74.0},{"not_picked":["Bane","Leg Sweep+1","Poisoned Stab","Dodge and Roll"],"picked":"SKIP","floor":75.0},{"not_picked":["Outmaneuver+1","Dash","Flying Knee","PiercingWail"],"picked":"SKIP","floor":78.0},{"not_picked":["Deadly Poison+1","ReplayTheSpireMod:Exploit Weakness","Hidden Blade+1","Well Laid Plans+1"],"picked":"SKIP","floor":79.0},{"not_picked":["Reflex","Concentrate","Atom Bomb"],"picked":"Burst","floor":80.0},{"not_picked":["After Image","ReplayTheSpireMod:Speed Training+1","Sucker Punch","ReplayTheSpireMod:Necrosis"],"picked":"SKIP","floor":82.0},{"not_picked":["Dagger Throw+1","Hidden Blade","Blur+1","Setup"],"picked":"SKIP","floor":86.0},{"not_picked":["Distraction+1","Endless Agony+1","Finisher+1","Dagger Throw"],"picked":"SKIP","floor":87.0},{"not_picked":["Hidden Blade","Expertise","Bane+1","Quick Slash"],"picked":"SKIP","floor":88.0},{"not_picked":["Replay:Parry","Mind Blast","ReplayTheSpireMod:Uncanny Aura"],"picked":"Apotheosis","floor":90.0},{"not_picked":["Crippling Poison+1","Outmaneuver+1","Expertise","ReplayTheSpireMod:Scrap Shanks+1"],"picked":"SKIP","floor":91},{"not_picked":["Hidden Blade","Grand Finale","Envenom","Infinite Blades"],"picked":"SKIP","floor":92},{"not_picked":["PiercingWail+1","Deflect+1","Flying Knee+1","Dash+1"],"picked":"SKIP","floor":96},{"not_picked":["PiercingWail+1","Deflect+1","Flying Knee+1","Dash+1"],"picked":"SKIP","floor":96},{"not_picked":["Doppelganger","Dash+1","Phantasmal Killer","Poisoned Stab+1"],"picked":"SKIP","floor":98},{"not_picked":["ReplayTheSpireMod:Speed Training+1","Toxin Wave+1","ReplayTheSpireMod:Scrap Shanks+1","Flying Knee"],"picked":"SKIP","floor":99},{"not_picked":["Eruption","Neutralize","Dualcast"],"picked":"Zap","floor":102},{"not_picked":["infinitespire:FinalStrike","infinitespire:Gouge","infinitespire:SevenWalls"],"picked":"infinitespire:Oblivion","floor":102},{"not_picked":["Underhanded Strike","Quick Slash","Dodge and Roll","Flechettes"],"picked":"SKIP","floor":103},{"not_picked":["Bullet Time","Blade Dance","Cloak And Dagger","Dagger Throw"],"picked":"SKIP","floor":104},{"not_picked":["All Out Attack","Deadly Poison","PiercingWail","Riddle With Holes"],"picked":"SKIP","floor":105},{"not_picked":["Backflip","Fluid Movement+1","Deadly Poison","ReplayTheSpireMod:Speed Training"],"picked":"SKIP","floor":106},{"not_picked":["A Thousand Cuts+1","Grand Finale","ReplayTheSpireMod:From All Sides","Bouncing Flask"],"picked":"SKIP","floor":108},{"not_picked":["Acrobatics","Underhanded Strike","Poisoned Stab"],"picked":"Caltrops+1","floor":110},{"not_picked":["Blade Dance","Grand Finale","Tools of the Trade+1","Dash"],"picked":"Singing Bowl","floor":114},{"not_picked":["Concentrate","Sucker Punch","Blade Dance","Expertise"],"picked":"Singing Bowl","floor":115},{"not_picked":["Glass Knife","Malaise","Night Terror","Phantasmal Killer"],"picked":"Singing Bowl","floor":118},{"not_picked":["Deflect+1","Flying Knee","Quick Slash","Hidden Blade+1"],"picked":"Singing Bowl","floor":120},{"not_picked":["Dagger Throw","Blade Dance","Deflect","Sucker Punch"],"picked":"Singing Bowl","floor":121},{"not_picked":["Fluid Movement+1","Storm of Steel","Envenom+1","Backflip+1"],"picked":"Singing Bowl","floor":125},{"not_picked":["ReplayTheSpireMod:Shiv Toss","Flechettes","Escape Plan+1","Expertise"],"picked":"Singing Bowl","floor":127},{"not_picked":["After Image+1","Caltrops+1","Replay:Poison Smokescreen","PiercingWail"],"picked":"Singing Bowl","floor":129},{"not_picked":["Glass Knife","Acrobatics+1","Reflex","All Out Attack"],"picked":"Singing Bowl","floor":131},{"not_picked":["Sucker Punch+1","Acrobatics+1","Bane","Hidden Blade"],"picked":"Singing Bowl","floor":133},{"not_picked":["Malaise","Bullet Time","ReplayTheSpireMod:From All Sides","Die Die Die"],"picked":"Singing Bowl","floor":135},{"not_picked":["Distraction+1","All Out Attack","Blade Dance+1","Finisher+1"],"picked":"Singing Bowl","floor":137},{"not_picked":["All Out Attack","Sucker Punch+1","Dagger Throw","Atom Bomb"],"picked":"Singing Bowl","floor":138},{"not_picked":["Skewer+1","Slice","Poisoned Stab","Caltrops+1"],"picked":"Singing Bowl","floor":140},{"not_picked":["PiercingWail","Slice+1","Flechettes","Hidden Blade"],"picked":"Singing Bowl","floor":146},{"not_picked":["Poisoned Stab","Footwork+1","Bane+1","Dodge and Roll"],"picked":"Singing Bowl","floor":147},{"not_picked":["Die Die Die","Slice","Predator","Flying Knee"],"picked":"Singing Bowl","floor":148},{"not_picked":["Outmaneuver","Prepared+1","Sneak Up","Toxin Wave"],"picked":"Singing Bowl","floor":149},{"not_picked":["Bouncing Flask","Grand Finale","Dash+1","Poison Darts"],"picked":"Singing Bowl","floor":150},{"not_picked":["Malaise","Venomology","Grand Finale","Envenom+1"],"picked":"Singing Bowl","floor":152},{"not_picked":["Grand Finale","Venomology","Prepared+1","ReplayTheSpireMod:Necrosis"],"picked":"Singing Bowl","floor":156},{"not_picked":["Atom Bomb","ReplayTheSpireMod:Necrosis","Phantasmal Killer","Night Terror"],"picked":"Singing Bowl","floor":157}],"player_experience":566436,"relics_obtained":[{"floor":6.0,"key":"Question Card"},{"floor":9.0,"key":"infinitespire:WardingShard"},{"floor":12.0,"key":"Whetstone"},{"floor":23.0,"key":"Thread and Needle"},{"floor":25.0,"key":"infinitespire:FocusingShard"},{"floor":26.0,"key":"Vajra"},{"floor":31.0,"key":"War Paint"},{"floor":38.0,"key":"Byrd Skull"},{"floor":43.0,"key":"Art of War"},{"floor":48.0,"key":"HornCleat"},{"floor":57.0,"key":"PreservedInsect"},{"floor":60.0,"key":"ReplayFunnel"},{"floor":74.0,"key":"InkBottle"},{"floor":77.0,"key":"Toy Ornithopter"},{"floor":81.0,"key":"Replay:Wax Seal"},{"floor":82.0,"key":"Tough Bandages"},{"floor":92,"key":"infinitespire:Golems Mask"},{"floor":92,"key":"Omamori"},{"floor":94,"key":"Ice Cream"},{"floor":96,"key":"Replay:Baseball"},{"floor":96,"key":"Replay:Rubber Ducky"},{"floor":98,"key":"Pantograph"},{"floor":98,"key":"Frozen Egg 2"},{"floor":108,"key":"Tiny Chest"},{"floor":108,"key":"infinitespire:Lucky Rock"},{"floor":111,"key":"Shuriken"},{"floor":114,"key":"Potion Belt"},{"floor":114,"key":"Singing Bowl"},{"floor":115,"key":"Blue Doll"},{"floor":123,"key":"Replay:Arrowhead"},{"floor":125,"key":"MawBank"},{"floor":125,"key":"Bottled Flame"},{"floor":128,"key":"Juzu Bracelet"},{"floor":129,"key":"infinitespire:Eraser"},{"floor":131,"key":"Boot"},{"floor":131,"key":"Meat on the Bone"},{"floor":133,"key":"Red Mask"},{"floor":140,"key":"WingedGreaves"},{"floor":145,"key":"MealTicket"},{"floor":147,"key":"Replay:Bandana"},{"floor":147,"key":"infinitespire:Satchel"},{"floor":148,"key":"Blood Vial"},{"floor":148,"key":"StoneCalendar"},{"floor":156,"key":"infinitespire:Broken Mirror"},{"floor":156,"key":"Happy Flower"}],"event_choices":[{"damage_healed":0.0,"max_hp_gain":5.0,"max_hp_loss":0.0,"gold_gain":0.0,"event_name":"Big Fish","player_choice":"Donut","floor":10.0,"gold_loss":0.0,"damage_taken":0.0},{"damage_healed":0.0,"max_hp_gain":5.0,"max_hp_loss":0.0,"gold_gain":0.0,"event_name":"Forgotten Altar","player_choice":"Shed Blood","floor":19.0,"gold_loss":0.0,"damage_taken":21.0},{"damage_healed":0.0,"max_hp_gain":0.0,"max_hp_loss":0.0,"gold_gain":0.0,"event_name":"N\u0027loth","player_choice":"Traded Relic","floor":20.0,"relics_lost":["ReplayTheSpireMod:CursedCoin"],"gold_loss":0.0,"damage_taken":0.0,"relics_obtained":["Nloth\u0027s Gift"]},{"damage_healed":0.0,"max_hp_gain":0.0,"max_hp_loss":0.0,"gold_gain":0.0,"event_name":"Mysterious Sphere","player_choice":"Fight","floor":38.0,"gold_loss":0.0,"damage_taken":0.0},{"damage_healed":0.0,"max_hp_gain":0.0,"max_hp_loss":0.0,"gold_gain":0.0,"event_name":"Upgrade Shrine","player_choice":"Upgraded","floor":62.0,"gold_loss":0.0,"damage_taken":0.0,"cards_upgraded":["Mayhem"]},{"cards_removed":["ReplayTheSpireMod:Necrosis"],"damage_healed":0.0,"max_hp_gain":10.0,"max_hp_loss":0.0,"gold_gain":0.0,"event_name":"Bonfire Elementals","player_choice":"Offered Rare","floor":71.0,"gold_loss":0.0,"damage_taken":0.0},{"damage_healed":0.0,"max_hp_gain":0.0,"max_hp_loss":0.0,"gold_gain":0.0,"event_name":"SensoryStone","player_choice":"Memory 1","floor":90.0,"gold_loss":0.0,"damage_taken":0.0},{"damage_healed":0,"gold_gain":0,"player_choice":"Cursed","damage_taken":0,"max_hp_gain":0,"max_hp_loss":0,"event_name":"Wheel of Change","floor":95,"gold_loss":0,"cards_obtained":["Decay"]},{"damage_healed":0,"gold_gain":0,"player_choice":"Searched \u00271\u0027 times","damage_taken":0,"max_hp_gain":0,"max_hp_loss":0,"event_name":"Dead Adventurer","floor":115,"gold_loss":0},{"damage_healed":0,"gold_gain":0,"player_choice":"Donut","damage_taken":0,"max_hp_gain":5,"max_hp_loss":0,"event_name":"Big Fish","floor":116,"gold_loss":0},{"damage_healed":0,"gold_gain":0,"player_choice":"Upgraded","damage_taken":0,"max_hp_gain":0,"max_hp_loss":0,"event_name":"Upgrade Shrine","floor":122,"gold_loss":0,"cards_upgraded":["Zap"]},{"damage_healed":0,"gold_gain":0,"player_choice":"Fought Bandits","damage_taken":0,"max_hp_gain":0,"max_hp_loss":0,"event_name":"Masked Bandits","floor":133,"gold_loss":0},{"damage_healed":0,"gold_gain":0,"player_choice":"Fight","damage_taken":0,"max_hp_gain":0,"max_hp_loss":0,"event_name":"Mysterious Sphere","floor":140,"gold_loss":0},{"damage_healed":0,"gold_gain":0,"player_choice":"Got Potions","damage_taken":0,"max_hp_gain":0,"max_hp_loss":0,"event_name":"Lab","floor":143,"gold_loss":0}],"is_beta":false,"boss_relics":[{"not_picked":["Abe\u0027s Treasure","Runic Pyramid","Calling Bell"]},{"not_picked":["Fusion Hammer","Snecko Scales"],"picked":"Ring of Chaos"},{"not_picked":["Painkiller Herb","ReplayTheSpireMod:DimensionalGlitch","Cursed Key"]},{"not_picked":["Tiny House","SacredBark"],"picked":"SlaversCollar"},{"not_picked":["Abe\u0027s Treasure","ChewingGum"],"picked":"Black Star"},{"not_picked":["Velvet Choker","Painkiller Herb"],"picked":"ReplayTheSpireMod:SealedPack"},{"not_picked":["Busted Crown","Tiny House"],"picked":"Ring of the Serpent"},{"not_picked":["infinitespire:Cupcake","WristBlade"],"picked":"SacredBark"},{"not_picked":["Snecko Scales","Velvet Choker","Empty Cage"]}],"items_purged_floors":[4,22,36,107,113,124,126],"is_endless":true,"potions_floor_spawned":[1,6,7,12,14,16,21,33,38,40,41,47,48,50,52,56,61,63,64,69,74,75,87,88,99,101,104,106,108,110,114,121,125,127,133,137,138,148,149,152,156,157],"ascension_level":1}}