{"host":"4amcrcg6ktw8dbzk","time":1607692688,"event":{"mods":["BaseMod","Dota2Spire","Minty Spire (QoL Compilation)","MostiFishMod","Spicy Shops","StSLib"],"gold_per_floor":[113,128,142,142,142,142,173,173,173,98,116,131,150,179,179,253,253,269,269,131,151,109,140,140,155,229,229,229,242,274,63,63,139,139,153,153,178,78,92,92,121,121,121,121,175,225,160,175,175,175,175],"floor_reached":52,"playtime":1696,"items_purged":["Strike_R","Defend_R","Strike_R"],"score":2477,"play_id":"55de3e41-78e7-4334-b459-081afb91ed14","local_time":"20201211211808","is_ascension_mode":true,"campfire_choices":[{"data":"Body Slam","floor":6.0,"key":"SMITH"},{"data":"Bash","floor":8.0,"key":"SMITH"},{"data":"True Grit","floor":15.0,"key":"SMITH"},{"data":"Power Through","floor":24.0,"key":"SMITH"},{"data":"Metallicize","floor":27.0,"key":"SMITH"},{"data":"Limit Break","floor":32.0,"key":"SMITH"},{"data":"Second Wind","floor":40,"key":"SMITH"},{"data":"MostiFishMod:ChineseTea","floor":42,"key":"SMITH"},{"data":"MostiFishMod:RacingGame","floor":49,"key":"SMITH"}],"circlet_count":0,"master_deck":["AscendersBane","Strike_R","Strike_R","Defend_R","Defend_R","Defend_R","Bash+1","Offering","Cleave","Whirlwind+1","Body Slam+1","MostiFishMod:ChineseTea+1","Fiend Fire","Power Through","Second Wind+1","True Grit+1","MostiFishMod:OrdinaryWorld","Metallicize+1","Power Through+1","Pommel Strike+1","Body Slam+1","Limit Break+1","MostiFishMod:UltimateDefense","Madness","Madness","MostiFishMod:RacingGame+1","Entrench","Sword Boomerang+1"],"relics":["Burning Blood","DaveBox","BirthdayGift-Tetrahedron","Question Card","Pantograph","Dota2Spire:LinkenSphere","SentryEyes","ImportantClient","SlaversCollar","OrangePellets","Molten Egg 2","Dota2Spire:CrimsonGuard","Mango","Oddly Smooth Stone","Coffee Dripper","Dota2Spire:DivineRapier","Dota2Spire:PhaseBoots","Dota2Spire:AghanimScepter","Bird Faced Urn","Orrery"],"acts_visited":["Exordium","TheCity","TheBeyond"],"potions_floor_usage":[37],"damage_taken":[{"damage":3.0,"enemies":"2 Louse","floor":1.0,"turns":2.0},{"damage":8.0,"enemies":"Jaw Worm","floor":2.0,"turns":2.0},{"damage":6.0,"enemies":"Cultist","floor":3.0,"turns":1.0},{"damage":8.0,"enemies":"3 Sentries","floor":7.0,"turns":3.0},{"damage":0.0,"enemies":"2 Fungi Beasts","floor":11.0,"turns":1.0},{"damage":2.0,"enemies":"Large Slime","floor":12.0,"turns":2.0},{"damage":3.0,"enemies":"Looter","floor":13.0,"turns":2.0},{"damage":6.0,"enemies":"Lagavulin","floor":14.0,"turns":4.0},{"damage":10.0,"enemies":"Slime Boss","floor":16.0,"turns":3.0},{"damage":2.0,"enemies":"Shell Parasite","floor":18.0,"turns":2.0},{"damage":0.0,"enemies":"3 Byrds","floor":21.0,"turns":1.0},{"damage":2.0,"enemies":"Gremlin Leader","floor":23.0,"turns":2.0},{"damage":12.0,"enemies":"Centurion and Healer","floor":25.0,"turns":2.0},{"damage":2.0,"enemies":"Shelled Parasite and Fungi","floor":29.0,"turns":2.0},{"damage":6.0,"enemies":"Slavers","floor":30.0,"turns":1.0},{"damage":2.0,"enemies":"Collector","floor":33.0,"turns":2.0},{"damage":6,"enemies":"Orb Walker","floor":35,"turns":1},{"damage":8,"enemies":"Mind Bloom Boss Battle","floor":37,"turns":2},{"damage":0,"enemies":"3 Shapes","floor":39,"turns":1},{"damage":2,"enemies":"Reptomancer","floor":41,"turns":2},{"damage":2,"enemies":"2 Orb Walkers","floor":45,"turns":2},{"damage":2,"enemies":"Sphere and 2 Shapes","floor":48,"turns":2},{"damage":8,"enemies":"Awakened One","floor":50,"turns":2},{"damage":20,"enemies":"Time Eater","floor":51,"turns":3}],"seed_played":"2393534630975087438","potions_obtained":[{"floor":7.0,"key":"LiquidMemories"},{"floor":11.0,"key":"LiquidBronze"},{"floor":13.0,"key":"FearPotion"},{"floor":30.0,"key":"Fruit Juice"},{"floor":35,"key":"Strength Potion"},{"floor":37,"key":"Fruit Juice"},{"floor":45,"key":"SneckoOil"}],"is_trial":false,"path_per_floor":["M","M","M","?","?","R","E","R","T","$","M","M","M","E","R","B",null,"M","?","$","M","$","E","R","M","T","R","?","M","E","$","R","B",null,"M","?","?","$","M","R","E","R","T","?","?","?","$","M","R","B","B",null],"character_chosen":"IRONCLAD","items_purchased":["OrangePellets","Power Through","Oddly Smooth Stone","Orrery"],"campfire_rested":0,"item_purchase_floors":[20,22,31,47],"current_hp_per_floor":[71,69,69,69,69,69,67,67,67,67,75,75,75,75,75,71,74,75,75,75,75,75,75,75,75,75,75,75,75,94,94,94,94,94,94,77,99,99,99,99,99,99,99,99,99,99,99,99,99,97,88],"gold":175,"neow_bonus":"ONE_RANDOM_RARE_CARD","is_daily":false,"chose_seed":false,"campfire_upgraded":9,"win_rate":0.0,"timestamp":1607692688,"path_taken":["M","M","M","?","?","R","E","R","T","$","M","?","M","E","R","BOSS","M","?","$","M","$","E","R","M","T","R","?","M","E","$","R","BOSS","M","?","?","$","M","R","E","R","T","?","?","?","$","M","R","BOSS","BOSS"],"items_purchased_type":["Relic","Card","Relic","Relic"],"build_version":"2020-11-30","purchased_purges":3,"victory":true,"max_hp_per_floor":[75,75,75,75,75,75,75,75,75,75,75,75,75,75,75,75,75,75,75,75,75,75,75,75,75,75,75,75,75,94,94,94,94,94,94,94,99,99,99,99,99,99,99,99,99,99,99,99,99,99,99],"card_choices":[{"not_picked":["Warcry","Perfected Strike"],"picked":"Cleave","floor":1.0},{"not_picked":["Feel No Pain","Sword Boomerang","Dropkick"],"picked":"Whirlwind","floor":2.0},{"not_picked":["Dual Wield","Clash","Havoc"],"picked":"Body Slam","floor":3.0},{"not_picked":["Shrug It Off","Combust","Power Through"],"picked":"Fiend Fire","floor":7.0},{"not_picked":["Intimidate","Perfected Strike","Sentinel"],"picked":"Power Through","floor":11.0},{"not_picked":["Cleave","Headbutt","Whirlwind"],"picked":"Second Wind","floor":12.0},{"not_picked":["Power Through","Heavy Blade","Disarm"],"picked":"True Grit","floor":13.0},{"not_picked":["Pommel Strike","Fire Breathing","Battle Trance","Searing Blow"],"picked":"SKIP","floor":14.0},{"not_picked":["MostiFishMod:Mania","MostiFishMod:FireWorks","MostiFishMod:UniRed"],"picked":"MostiFishMod:OrdinaryWorld","floor":16.0},{"not_picked":["Warcry","Heavy Blade","Second Wind+1","Clash"],"picked":"SKIP","floor":18.0},{"not_picked":["Pummel","Carnage","Sword Boomerang"],"picked":"Metallicize","floor":21.0},{"not_picked":["Dropkick+1","Cleave+1","Reckless Charge+1"],"picked":"Pommel Strike+1","floor":23.0},{"not_picked":["Sever Soul+1","Pommel Strike+1","Power Through","Perfected Strike+1"],"picked":"SKIP","floor":25.0},{"not_picked":["MostiFishMod:BrandingRite","Whirlwind+1","Bloodletting"],"picked":"Body Slam+1","floor":29.0},{"not_picked":["Sever Soul+1","Pommel Strike+1","Inflame+1"],"picked":"Limit Break","floor":30.0},{"not_picked":["Offering","Immolate+1","MostiFishMod:Mania"],"picked":"MostiFishMod:UltimateDefense","floor":33.0},{"not_picked":["True Grit","Heavy Blade+1","Anger+1","Flex"],"picked":"SKIP","floor":35},{"not_picked":["Intimidate+1","Wild Strike+1","Anger+1","Cleave+1"],"picked":"SKIP","floor":39},{"not_picked":["Warcry","Headbutt+1","Clothesline+1","Clash+1"],"picked":"SKIP","floor":41},{"not_picked":["Carnage+1","Twin Strike+1","Hemokinesis+1"],"picked":"MostiFishMod:RacingGame","floor":45},{"not_picked":["Clash+1","Dropkick+1","Whirlwind+1"],"picked":"Entrench","floor":47},{"not_picked":["MostiFishMod:PerfectStrikeMKII+1","Headbutt+1","Twin Strike+1"],"picked":"Sword Boomerang+1","floor":48}],"player_experience":228944,"relics_obtained":[{"floor":1.0,"key":"Question Card"},{"floor":7.0,"key":"Pantograph"},{"floor":9.0,"key":"Dota2Spire:LinkenSphere"},{"floor":14.0,"key":"SentryEyes"},{"floor":16.0,"key":"ImportantClient"},{"floor":23.0,"key":"Molten Egg 2"},{"floor":26.0,"key":"Dota2Spire:CrimsonGuard"},{"floor":30.0,"key":"Mango"},{"floor":37,"key":"Dota2Spire:DivineRapier"},{"floor":41,"key":"Dota2Spire:PhaseBoots"},{"floor":43,"key":"Dota2Spire:AghanimScepter"},{"floor":45,"key":"Bird Faced Urn"}],"event_choices":[{"damage_healed":0.0,"max_hp_gain":0.0,"max_hp_loss":0.0,"gold_gain":0.0,"cards_transformed":["Strike_R"],"event_name":"Living Wall","player_choice":"Change","floor":4.0,"gold_loss":0.0,"damage_taken":0.0,"cards_obtained":["MostiFishMod:ChineseTea"]},{"damage_healed":0.0,"max_hp_gain":0.0,"max_hp_loss":0.0,"gold_gain":0.0,"event_name":"Accursed Blacksmith","player_choice":"Forge","floor":5.0,"gold_loss":0.0,"damage_taken":0.0,"cards_upgraded":["Whirlwind"]},{"damage_healed":0.0,"max_hp_gain":0.0,"max_hp_loss":0.0,"gold_gain":0.0,"event_name":"The Mausoleum","player_choice":"Ignored","floor":19.0,"gold_loss":0.0,"damage_taken":0.0},{"damage_healed":0.0,"max_hp_gain":0.0,"max_hp_loss":0.0,"gold_gain":0.0,"event_name":"Vampires","player_choice":"Ignored","floor":28.0,"gold_loss":0.0,"damage_taken":0.0},{"damage_healed":0,"gold_gain":0,"player_choice":"Embrace Madness","damage_taken":17,"max_hp_gain":0,"max_hp_loss":0,"event_name":"Winding Halls","floor":36,"gold_loss":0,"cards_obtained":["Madness","Madness"]},{"damage_healed":0,"gold_gain":0,"player_choice":"Fight","damage_taken":0,"max_hp_gain":0,"max_hp_loss":0,"event_name":"MindBloom","floor":37,"gold_loss":0},{"damage_healed":0,"gold_gain":0,"player_choice":"Ignored","damage_taken":0,"max_hp_gain":0,"max_hp_loss":0,"event_name":"Tomb of Lord Red Mask","floor":44,"gold_loss":0},{"damage_healed":0,"gold_gain":0,"player_choice":"Fight","damage_taken":0,"max_hp_gain":0,"max_hp_loss":0,"event_name":"Mysterious Sphere","floor":45,"gold_loss":0},{"damage_healed":0,"gold_gain":50,"player_choice":"Pray","damage_taken":0,"max_hp_gain":0,"max_hp_loss":0,"event_name":"Golden Shrine","floor":46,"gold_loss":0}],"is_beta":false,"boss_relics":[{"not_picked":["MostiFishMod:Hod","NightmareShop"],"picked":"SlaversCollar"},{"not_picked":["Black Blood","BloodWine"],"picked":"Coffee Dripper"}],"items_purged_floors":[10,31,38],"is_endless":false,"potions_floor_spawned":[7,11,13,16,29,30,35,37,45,48],"ascension_level":20}}