{"host":"be5hvki5gkosi5aw","time":1607670095,"event":{"mods":["AchievementEnabler","Act Like it!","Astrologer","BaseMod","Colored Map","Hallownest","Hermit","Hubris","Infinite Spire","Koishi","Minty Spire (QoL Compilation)","Replay The Spire","StSLib","The Administrix","The Alterego","The Vixen"],"gold_per_floor":[114,114,125,142,142,142,167,167,193,203,89,124,124,155,155,252,252,263,263,283,283,293,293,293],"floor_reached":23,"playtime":1611,"items_purged":["astrologer:Strike"],"score":209,"play_id":"f2b0185a-e903-45a6-af54-f39e814c22d5","local_time":"20201211020135","is_ascension_mode":false,"campfire_choices":[{"data":"astrologer:NorthStar","floor":6,"key":"SMITH"},{"data":"astrologer:Strike","floor":8,"key":"SMITH"},{"floor":15,"key":"REST"}],"circlet_count":0,"master_deck":["astrologer:Strike","astrologer:Strike+1","astrologer:Defend","astrologer:Defend","astrologer:Defend","astrologer:NorthStar+1","astrologer:TheFool","astrologer:Stardust","astrologer:LonelyStar","astrologer:MeteorShower","astrologer:MeteorShower","astrologer:Justice","astrologer:TheMagician","astrologer:TheStar+1","astrologer:TheHierophant","astrologer:SolarFlare"],"relics":["infinitespire:Cupcake","Hallownest:DreamNailRelic","Letter Opener","hubris:64BitClover","hubris:RunicObelisk"],"acts_visited":["Exordium","Hallownest:Greenpath"],"potions_floor_usage":[5,7,14,16,22],"damage_taken":[{"damage":0,"enemies":"Hallownest:monsterHuskWarrior","floor":1,"turns":3},{"damage":0,"enemies":"Hallownest:2_Tiktiks_and_1_Crawlid","floor":3,"turns":3},{"damage":0,"enemies":"Hallownest:2_MossCreeps","floor":4,"turns":6},{"damage":6,"enemies":"Hallownest:monsterMarmu","floor":5,"turns":9},{"damage":28,"enemies":"Hallownest:eliteVengeflyKing","floor":7,"turns":8},{"damage":6,"enemies":"Hallownest:Wandering_and_Horned","floor":10,"turns":5},{"damage":6,"enemies":"Hallownest:eliteMossKnight","floor":12,"turns":12},{"damage":14,"enemies":"Hallownest:eliteCrystalGuardian","floor":14,"turns":7},{"damage":17,"enemies":"Hallownest:BossFalseKnight","floor":16,"turns":11},{"damage":25,"enemies":"Hallownest:Flukemon_and_Top","floor":18,"turns":6},{"damage":0,"enemies":"Hallownest:3_Youths","floor":20,"turns":6},{"damage":15,"enemies":"Hallownest:monsterMisterMushroom","floor":22,"turns":7},{"damage":38,"enemies":"Nightmare","floor":23,"turns":5}],"seed_played":"-4509414197360747034","potions_obtained":[{"floor":1,"key":"Adrenaline Potion"},{"floor":3,"key":"SteroidPotion"},{"floor":10,"key":"Dexterity Potion"},{"floor":12,"key":"SteroidPotion"},{"floor":14,"key":"Adrenaline Potion"},{"floor":16,"key":"LifebloodPotion"}],"is_trial":false,"path_per_floor":["M","?","M","M","?","R","E","R","T","M","$","E","?","E","R","B",null,"M","?","M","?","M","NM"],"character_chosen":"ASTROLOGER","items_purchased":["astrologer:MeteorShower"],"campfire_rested":1,"item_purchase_floors":[11],"current_hp_per_floor":[70,70,70,70,64,64,36,36,36,30,30,24,24,10,31,14,70,45,45,45,45,30,0,0],"gold":293,"neow_bonus":"BOSS_RELIC","is_daily":false,"chose_seed":false,"campfire_upgraded":2,"win_rate":0.0,"timestamp":1607670095,"path_taken":["M","?","M","M","?","R","E","R","T","M","$","E","?","E","R","BOSS","M","?","M","?","M","NM"],"items_purchased_type":["Card"],"build_version":"2020-11-30","purchased_purges":1,"victory":false,"max_hp_per_floor":[70,70,70,70,70,70,70,70,70,70,70,70,70,70,70,70,70,70,70,70,70,70,70,70],"card_choices":[{"not_picked":["astrologer:Still","astrologer:StarOfRegret"],"picked":"astrologer:Stardust","floor":1},{"not_picked":["astrologer:Divination","astrologer:Still","astrologer:Opposition"],"picked":"SKIP","floor":3},{"not_picked":["astrologer:Moonlight","astrologer:Eclipse","astrologer:SpaceDust"],"picked":"SKIP","floor":4},{"not_picked":["astrologer:RejectReality","astrologer:CometStrike","astrologer:HeatDeath"],"picked":"SKIP","floor":7},{"not_picked":["astrologer:Radiance","astrologer:CometStrike"],"picked":"astrologer:LonelyStar","floor":10},{"not_picked":["astrologer:TheTower","astrologer:Still"],"picked":"astrologer:Justice","floor":12},{"not_picked":["astrologer:MeteorShower","astrologer:Still","astrologer:CometStrike"],"picked":"SKIP","floor":14},{"not_picked":["astrologer:BlackHole","astrologer:HeatDeath"],"picked":"astrologer:TheMagician","floor":16},{"not_picked":["astrologer:CosmicExpanse","astrologer:Eclipse+1"],"picked":"astrologer:TheStar","floor":18},{"not_picked":["astrologer:Stardust","astrologer:Glimpse+1"],"picked":"astrologer:TheHierophant","floor":20},{"not_picked":["astrologer:Conjunction","astrologer:Moonlight"],"picked":"astrologer:SolarFlare","floor":22}],"player_experience":129760,"relics_obtained":[{"floor":7,"key":"Letter Opener"},{"floor":12,"key":"hubris:64BitClover"}],"event_choices":[],"is_beta":false,"boss_relics":[{"not_picked":["hubris:HollowSoul","Runic Pyramid"],"picked":"hubris:RunicObelisk"}],"items_purged_floors":[11],"is_endless":false,"potions_floor_spawned":[1,3,10,12,14,16],"killed_by":"Nightmare","ascension_level":0}}