{"host":"woah5shdh5xsovm3","time":1607712711,"event":{"mods":["BaseMod","BetterRewards","Downfall","Hermit","Hubris","Infinite Spire","Koishi","LagranYue(???·?)","Marisa????????","Minty Spire (QoL Compilation)","Remilia??????","Replay The Spire","Shop Mod","StSLib","SuperFastMode","The Animator","The Bug Knight","The Construct","The Cursed","The Disciple","The Hierophant","The Necromancer","The Poker Player","The Runesmith","The Servant 0.9.4"],"gold_per_floor":[115,115,125,125,145,145,175,175,248,248,264,293,293,309,309,409,409,428,428,428,445,457,482,482,502,502,512,522,612,622,637,637,637,637],"floor_reached":33,"playtime":1633,"items_purged":[],"score":281,"play_id":"4b2c7c0c-9e71-4cf7-bfae-089210ef2f9b","local_time":"20201211125151","is_ascension_mode":false,"campfire_choices":[{"data":"hermit:Combo","floor":6,"key":"SMITH"},{"data":"hermit:CalledShot","floor":8,"key":"SMITH"},{"data":"hermit:PistolWhip","floor":13,"key":"SMITH"},{"floor":24,"key":"REST"},{"floor":32,"key":"REST"}],"circlet_count":0,"master_deck":["hermit:Strike_Hermit+1","hermit:Strike_Hermit+1","hermit:Strike_Hermit+1","hermit:Strike_Hermit+1","hermit:Defend_Hermit+1","hermit:Defend_Hermit+1","hermit:Defend_Hermit+1","hermit:Snapshot+1","hermit:Covet+1","hermit:LoneWolf+1","hermit:CalledShot+1","hermit:Combo+1","hermit:PistolWhip+1","hermit:TrackingShot","hermit:Snipe","hermit:Deadeye","hermit:Gambit"],"relics":["hermit:Momento","LagranYue:RandomDrawCardRelic","NeowsBlessing","hubris:MysteriousPyramids","hubris:PeanutButter","hubris:Metronome","HollowMod:LifeEnderRelic","Black Star","Frozen Egg 2","Replay:Accelerometer","Gremlin Food","Gremlin Horn"],"acts_visited":["Exordium","TheCity"],"potions_floor_usage":[12,23,31],"damage_taken":[{"damage":0,"enemies":"Small Slimes","floor":1,"turns":1},{"damage":0,"enemies":"infinitespire:Voidling","floor":3,"turns":1},{"damage":0,"enemies":"Cultist","floor":5,"turns":1},{"damage":5,"enemies":"HollowMod:MossKnight","floor":7,"turns":4},{"damage":0,"enemies":"Red Slaver","floor":11,"turns":4},{"damage":7,"enemies":"Lagavulin","floor":12,"turns":5},{"damage":0,"enemies":"3 Louse","floor":14,"turns":1},{"damage":36,"enemies":"Hexaghost","floor":16,"turns":6},{"damage":2,"enemies":"Shell Parasite","floor":18,"turns":4},{"damage":12,"enemies":"2 Thieves","floor":21,"turns":3},{"damage":5,"enemies":"Centurion and Healer","floor":22,"turns":5},{"damage":12,"enemies":"HollowMod:Nosk","floor":23,"turns":5},{"damage":12,"enemies":"Snake Plant","floor":25,"turns":5},{"damage":6,"enemies":"Sentry and Sphere","floor":27,"turns":6},{"damage":4,"enemies":"3 Cultists","floor":28,"turns":3},{"damage":5,"enemies":"Snake Plant","floor":30,"turns":3},{"damage":17,"enemies":"Sentry and Sphere","floor":31,"turns":5},{"damage":69,"enemies":"Collector","floor":33,"turns":5}],"seed_played":"2393135662490990232","potions_obtained":[{"floor":7,"key":"Adrenaline Potion"},{"floor":11,"key":"Swift Potion"},{"floor":16,"key":"FairyPotion"},{"floor":18,"key":"CultistPotion"},{"floor":25,"key":"hermit:Tonic"},{"floor":30,"key":"Adrenaline Potion"}],"is_trial":false,"path_per_floor":["M","?","M","$","M","R","E","R","T","T","M","E","R","M","R","B",null,"M","?","?","M","M","E","R","M","T","M","M","?","M","M","R","B"],"character_chosen":"HERMIT","items_purchased":[],"campfire_rested":2,"item_purchase_floors":[],"current_hp_per_floor":[75,75,75,75,75,75,70,70,70,70,70,63,63,63,75,39,75,73,73,73,61,56,44,66,54,54,48,44,32,27,10,32,0,0],"gold":637,"neow_bonus":"THREE_ENEMY_KILL","is_daily":false,"chose_seed":false,"campfire_upgraded":3,"win_rate":0.0,"timestamp":1607712711,"path_taken":["M","?","M","$","?","R","E","R","T","?","M","E","R","M","R","BOSS","M","?","?","M","M","E","R","M","T","?","M","?","?","M","R","BOSS"],"items_purchased_type":[],"build_version":"2020-11-30","purchased_purges":0,"victory":false,"max_hp_per_floor":[75,75,75,75,75,75,75,75,75,75,75,75,75,75,75,75,75,75,75,75,75,75,75,75,75,75,75,75,75,75,75,75,75,75],"card_choices":[{"not_picked":["hermit:SprayPray","hermit:Manifest"],"picked":"hermit:LoneWolf","floor":1},{"not_picked":["hermit:CursedWeapon","hermit:Desperado"],"picked":"hermit:CalledShot","floor":3},{"not_picked":["hermit:Vantage","hermit:TakeAim"],"picked":"hermit:Combo","floor":5},{"not_picked":["hermit:Coalescence","hermit:FatalDesire","hermit:TrackingShot"],"picked":"SKIP","floor":7},{"not_picked":["hermit:Coalescence","hermit:CursedWeapon","hermit:Gestalt"],"picked":"SKIP","floor":11},{"not_picked":["hermit:Combo","hermit:Maintenance"],"picked":"hermit:PistolWhip","floor":12},{"not_picked":["hermit:HoleUp","hermit:Vantage"],"picked":"hermit:TrackingShot","floor":14},{"not_picked":["hermit:Dive+1","hermit:Malice","hermit:ItchyTrigger"],"picked":"SKIP","floor":18},{"not_picked":["hermit:Vantage","hermit:LowProfile+1"],"picked":"hermit:Snipe","floor":21},{"not_picked":["hermit:Feint","hermit:Virtue+1","hermit:FatalDesire+1"],"picked":"SKIP","floor":22},{"not_picked":["hermit:Brawl+1","hermit:Misfire","hermit:Scavenge+1"],"picked":"SKIP","floor":23},{"not_picked":["hermit:HoleUp","hermit:Desperado+1","hermit:Combo+1"],"picked":"SKIP","floor":25},{"not_picked":["hermit:ItchyTrigger","hermit:BodyArmor"],"picked":"hermit:Deadeye","floor":27},{"not_picked":["hermit:LoneWolf","hermit:Manifest+1","hermit:TrackingShot"],"picked":"SKIP","floor":28},{"not_picked":["hermit:Manifest","hermit:SprayPray"],"picked":"hermit:Gambit","floor":30},{"not_picked":["hermit:Maintenance","hermit:Dive","hermit:Malice"],"picked":"SKIP","floor":31}],"player_experience":381733,"relics_obtained":[{"floor":7,"key":"hubris:MysteriousPyramids"},{"floor":9,"key":"hubris:PeanutButter"},{"floor":10,"key":"hubris:Metronome"},{"floor":12,"key":"HollowMod:LifeEnderRelic"},{"floor":23,"key":"Replay:Accelerometer"},{"floor":23,"key":"Gremlin Food"},{"floor":26,"key":"Gremlin Horn"}],"event_choices":[{"cards_removed":["hermit:Defend_Hermit"],"damage_healed":0,"gold_gain":0,"player_choice":"Offered Basic","damage_taken":0,"max_hp_gain":0,"max_hp_loss":0,"event_name":"Bonfire Elementals","floor":2,"gold_loss":0},{"damage_healed":0,"gold_gain":0,"player_choice":"Simplicity","damage_taken":0,"max_hp_gain":0,"max_hp_loss":0,"event_name":"Back to Basics","floor":19,"gold_loss":0,"cards_upgraded":["hermit:Strike_Hermit","hermit:Strike_Hermit","hermit:Strike_Hermit","hermit:Strike_Hermit","hermit:Defend_Hermit","hermit:Defend_Hermit","hermit:Defend_Hermit"]},{"damage_healed":0,"gold_gain":0,"player_choice":"Gave Potion","damage_taken":0,"relics_obtained":["Frozen Egg 2"],"max_hp_gain":0,"max_hp_loss":0,"event_name":"WeMeetAgain","floor":20,"gold_loss":0},{"damage_healed":0,"gold_gain":90,"player_choice":"GOLD ","damage_taken":12,"max_hp_gain":0,"max_hp_loss":0,"event_name":"Knowing Skull","floor":29,"potions_obtained":[],"gold_loss":0,"cards_obtained":[]}],"is_beta":false,"boss_relics":[{"not_picked":["construct:WeddingRing","Runesmith:UraniumAnvil"],"picked":"Black Star"}],"items_purged_floors":[],"is_endless":false,"potions_floor_spawned":[7,11,16,18,25,30],"killed_by":"Collector","ascension_level":0}}