{"host":"201alm3szw4w07u0","time":1607696721,"event":{"mods":["AchievementEnabler","BaseMod","Colored Map","Colored Powertips","Minty Spire (QoL Compilation)","Quick Restart","StSLib","SuperFastMode"],"gold_per_floor":[114,114,37,37,51,51,66,83,83,83,110,121,134,59,59,155,155,165,178,191,191,211,211,37,37,37,37,49,131,131,131],"floor_reached":30,"playtime":698,"items_purged":["Strike_G","Strike_G"],"score":222,"play_id":"531d4738-329b-4242-be28-c9a46d7632c7","local_time":"20201211232521","is_ascension_mode":false,"campfire_choices":[{"data":"Glass Knife","floor":6,"key":"SMITH"},{"data":"Dagger Spray","floor":15,"key":"SMITH"},{"data":"Envenom","floor":23,"key":"SMITH"},{"data":"Envenom","floor":25,"key":"SMITH"}],"circlet_count":0,"master_deck":["Strike_G","Defend_G","Defend_G","Defend_G","Defend_G","Survivor","Neutralize","Impatience","Dagger Spray+1","Glass Knife+1","Tactician","Terror","Caltrops","Envenom+1","Bane","Dagger Spray","Sucker Punch","Envenom+1","Poisoned Stab","Noxious Fumes","A Thousand Cuts"],"relics":["Ring of the Snake","HornCleat","Regal Pillow","Blood Vial","Velvet Choker","Molten Egg 2","Bottled Tornado"],"acts_visited":["Exordium","TheCity"],"potions_floor_usage":[16,16,20,30,30],"damage_taken":[{"damage":2,"enemies":"2 Louse","floor":1,"turns":4},{"damage":0,"enemies":"Small Slimes","floor":5,"turns":3},{"damage":0,"enemies":"Jaw Worm","floor":7,"turns":2},{"damage":0,"enemies":"Large Slime","floor":8,"turns":4},{"damage":0,"enemies":"Exordium Wildlife","floor":12,"turns":3},{"damage":13,"enemies":"Red Slaver","floor":13,"turns":2},{"damage":24,"enemies":"Slime Boss","floor":16,"turns":6},{"damage":14,"enemies":"Spheric Guardian","floor":18,"turns":4},{"damage":1,"enemies":"Chosen","floor":19,"turns":4},{"damage":26,"enemies":"Centurion and Healer","floor":20,"turns":4},{"damage":3,"enemies":"Snecko","floor":22,"turns":4},{"damage":20,"enemies":"Snake Plant","floor":28,"turns":3},{"damage":20,"enemies":"3 Cultists","floor":30,"turns":4}],"seed_played":"-7177085836805648223","potions_obtained":[{"floor":7,"key":"Strength Potion"},{"floor":8,"key":"Strength Potion"},{"floor":12,"key":"SteroidPotion"},{"floor":13,"key":"ColorlessPotion"},{"floor":18,"key":"Explosive Potion"},{"floor":22,"key":"LiquidMemories"},{"floor":28,"key":"PowerPotion"}],"is_trial":false,"path_per_floor":["M","?","$","?","M","R","M","M","T","?","T","M","M","$","R","B",null,"M","M","M","?","M","R","$","R","T","?","M","T","M"],"character_chosen":"THE_SILENT","items_purchased":["Glass Knife","Noxious Fumes"],"campfire_rested":0,"item_purchase_floors":[3,24],"current_hp_per_floor":[68,50,50,50,50,50,50,50,50,55,55,57,46,46,46,24,75,61,62,38,38,37,37,37,37,37,31,13,13,0,0],"gold":131,"neow_bonus":"RANDOM_COLORLESS","is_daily":false,"chose_seed":false,"campfire_upgraded":4,"win_rate":0.0,"timestamp":1607696721,"path_taken":["M","?","$","?","?","R","M","M","T","?","?","?","?","$","R","BOSS","M","M","M","?","M","R","$","R","T","?","?","?","M"],"items_purchased_type":["Card","Card"],"build_version":"2020-11-30","purchased_purges":2,"victory":false,"max_hp_per_floor":[70,70,70,70,70,70,70,70,70,75,75,75,75,75,75,75,75,75,75,75,75,75,75,75,75,75,75,75,75,75,75],"card_choices":[{"not_picked":["Mind Blast","Flash of Steel"],"picked":"Impatience","floor":0},{"not_picked":["Deadly Poison","Finisher"],"picked":"Dagger Spray","floor":1},{"not_picked":["Flying Knee","Bouncing Flask"],"picked":"Terror","floor":5},{"not_picked":["Acrobatics","Dagger Throw"],"picked":"Caltrops","floor":7},{"not_picked":["Flying Knee","Backflip","Reflex"],"picked":"SKIP","floor":8},{"not_picked":["Caltrops","Slice","Predator"],"picked":"SKIP","floor":12},{"not_picked":["PiercingWail","Noxious Fumes","Poisoned Stab"],"picked":"SKIP","floor":13},{"not_picked":["Storm of Steel","Wraith Form v2"],"picked":"Envenom","floor":16},{"not_picked":["Riddle With Holes","Backflip","Outmaneuver"],"picked":"SKIP","floor":18},{"not_picked":["Acrobatics","Bouncing Flask"],"picked":"Bane","floor":19},{"not_picked":["Blade Dance","Sucker Punch"],"picked":"Dagger Spray","floor":20},{"not_picked":["Underhanded Strike","Dodge and Roll"],"picked":"Poisoned Stab","floor":22},{"not_picked":["Dodge and Roll","Outmaneuver"],"picked":"A Thousand Cuts","floor":28}],"player_experience":481242,"relics_obtained":[{"floor":9,"key":"Regal Pillow"},{"floor":11,"key":"Blood Vial"},{"floor":26,"key":"Molten Egg 2"},{"floor":29,"key":"Bottled Tornado"}],"event_choices":[{"damage_healed":0,"gold_gain":0,"player_choice":"Success","damage_taken":18,"relics_obtained":["HornCleat"],"max_hp_gain":0,"max_hp_loss":0,"event_name":"Scrap Ooze","floor":2,"gold_loss":0},{"damage_healed":0,"gold_gain":0,"cards_transformed":["Strike_G"],"player_choice":"Change","damage_taken":0,"max_hp_gain":0,"max_hp_loss":0,"event_name":"Living Wall","floor":4,"gold_loss":0,"cards_obtained":["Tactician"]},{"damage_healed":0,"gold_gain":0,"player_choice":"Donut","damage_taken":0,"max_hp_gain":5,"max_hp_loss":0,"event_name":"Big Fish","floor":10,"gold_loss":0},{"damage_healed":0,"gold_gain":0,"cards_transformed":["Defend_G","Strike_G"],"player_choice":"Became Test Subject","damage_taken":0,"max_hp_gain":0,"max_hp_loss":0,"event_name":"Drug Dealer","floor":21,"gold_loss":0,"cards_obtained":["Sucker Punch","Envenom"]},{"damage_healed":0,"gold_gain":0,"player_choice":"","damage_taken":6,"max_hp_gain":0,"max_hp_loss":0,"event_name":"Knowing Skull","floor":27,"potions_obtained":[],"gold_loss":0,"cards_obtained":[]}],"is_beta":false,"boss_relics":[{"not_picked":["SlaversCollar","Empty Cage"],"picked":"Velvet Choker"}],"items_purged_floors":[14,24],"is_endless":false,"potions_floor_spawned":[7,8,12,13,18,22,28],"killed_by":"3 Cultists","ascension_level":0}}