{"host":"nvwxkcurnqq848ao","time":1607647155,"event":{"mods":["BaseMod","Block Reminder","Downfall","Infinite Spire","Minty Spire (QoL Compilation)","Relic Sorter","Replay The Spire","StSLib"],"gold_per_floor":[110,125,138,138,188,188,220,239,311,311,327,327,48,64,64,183,183,208,234,236,236],"floor_reached":20,"playtime":943,"items_purged":["ReplayTheSpireMod:Doomed"],"score":246,"play_id":"5cb85b07-96e4-4162-a277-db8ef36c8e6e","local_time":"20201210183915","is_ascension_mode":true,"campfire_choices":[{"data":"Recycle","floor":6,"key":"SMITH"},{"floor":15,"key":"REST"}],"circlet_count":0,"master_deck":["Strike_B","Strike_B+1","Defend_B","Defend_B","Defend_B","Zap","Dualcast","Hello World","Recycle+1","ReplayGash+1","Hallucinations","Steam Power","Decay","Time Bomb+1","FTL","Turbo","Sunder","ReplayGash","Replay:Hysterical Blindness","ReplayRNGCard","All For One+1","Barrage+1","Hyperbeam+1","Rebound+1","BasicCrystalCard+1"],"relics":["Cracked Core","NeowsBlessing","infinitespire:Golems Mask","Ring of Fury","Ring of Greed","Membership Card","MealTicket","PreservedInsect","infinitespire:Midas Blood","Frozen Eye","Whetstone","Astrolabe"],"acts_visited":["Exordium","TheCity"],"potions_floor_usage":[8,11],"damage_taken":[{"damage":0,"enemies":"Cultist","floor":1,"turns":1},{"damage":0,"enemies":"2 Louse","floor":2,"turns":1},{"damage":0,"enemies":"Small Slimes","floor":3,"turns":1},{"damage":13,"enemies":"3 Sentries","floor":7,"turns":5},{"damage":22,"enemies":"Gremlin Gang","floor":8,"turns":5},{"damage":2,"enemies":"Blue Slaver","floor":11,"turns":3},{"damage":27,"enemies":"Exordium Wildlife","floor":14,"turns":3},{"damage":21,"enemies":"Hexaghost","floor":16,"turns":6},{"damage":31,"enemies":"Spheric Guardian","floor":18,"turns":4},{"damage":21,"enemies":"Shell Parasite","floor":19,"turns":3},{"damage":14,"enemies":"Centurion and Healer","floor":20,"turns":1}],"seed_played":"5249581474310711045","potions_obtained":[{"floor":1,"key":"DuplicationPotion"},{"floor":8,"key":"Weak Potion"}],"is_trial":false,"path_per_floor":["M","M","M","?","?","R","E","M","T","?","M","?","$","M","R","B",null,"M","M","M"],"character_chosen":"DEFECT","items_purchased":["FTL","Frozen Eye","Turbo","Sunder","Whetstone"],"campfire_rested":1,"item_purchase_floors":[13,13,13,13,13],"current_hp_per_floor":[68,68,68,61,61,61,48,26,26,26,24,24,39,12,34,13,60,29,8,0,0],"gold":236,"neow_bonus":"THREE_ENEMY_KILL","is_daily":false,"chose_seed":false,"campfire_upgraded":1,"win_rate":0.0,"timestamp":1607647155,"path_taken":["M","M","?","?","?","R","E","M","T","?","?","?","$","M","R","BOSS","M","M","?"],"items_purchased_type":["Card","Relic","Card","Card","Relic"],"build_version":"2020-11-30","purchased_purges":1,"victory":false,"max_hp_per_floor":[75,75,75,75,75,75,75,75,75,75,75,75,75,75,75,75,75,75,75,75,75],"card_choices":[{"not_picked":["Leap","Rebound"],"picked":"Hello World","floor":1},{"not_picked":["Streamline","Ball Lightning"],"picked":"Recycle","floor":2},{"not_picked":["Tempest","BasicCrystalCard"],"picked":"ReplayGash","floor":3},{"not_picked":["Fission","BasicCrystalCard","Thunder Strike"],"picked":"SKIP","floor":7},{"not_picked":["Chaos","Turbo"],"picked":"Steam Power","floor":8},{"not_picked":["Redo","Steam"],"picked":"Time Bomb","floor":11},{"not_picked":["Hologram","Redo"],"picked":"ReplayGash","floor":14},{"not_picked":["Machine Learning","Thunder Strike"],"picked":"ReplayRNGCard","floor":16},{"not_picked":["Leap","Streamline"],"picked":"Rebound+1","floor":18},{"not_picked":["Leap","Static Discharge"],"picked":"BasicCrystalCard+1","floor":19}],"player_experience":507306,"relics_obtained":[{"floor":5,"key":"Ring of Fury"},{"floor":5,"key":"Ring of Greed"},{"floor":5,"key":"Membership Card"},{"floor":5,"key":"MealTicket"},{"floor":7,"key":"PreservedInsect"},{"floor":9,"key":"infinitespire:Midas Blood"}],"event_choices":[{"damage_healed":0,"gold_gain":0,"player_choice":"Success","damage_taken":7,"relics_obtained":["infinitespire:Golems Mask"],"max_hp_gain":0,"max_hp_loss":0,"event_name":"Scrap Ooze","floor":4,"gold_loss":0},{"damage_healed":0,"gold_gain":0,"player_choice":"Cursed","damage_taken":0,"max_hp_gain":0,"max_hp_loss":0,"event_name":"Wheel of Change","floor":10,"gold_loss":0,"cards_obtained":["Decay"]},{"damage_healed":0,"gold_gain":0,"player_choice":"Upgraded","damage_taken":0,"max_hp_gain":0,"max_hp_loss":0,"event_name":"Upgrade Shrine","floor":12,"gold_loss":0,"cards_upgraded":["Time Bomb"]}],"is_beta":false,"boss_relics":[{"not_picked":["Painkiller Herb","Busted Crown"],"picked":"Astrolabe"}],"items_purged_floors":[13],"is_endless":false,"potions_floor_spawned":[1,8],"killed_by":"Centurion and Healer","ascension_level":8}}