{"host":"dbo0lztt1pyfwysk","time":1607682232,"event":{"mods":["Act Like it!","BaseMod","Conspire","Downfall","Gensokyo","GifTheSpireLib","Hubris","Infinite Spire","KinomotoSakuraMod(????)","Koishi","Luminous","Marisa????????","Minty Spire (QoL Compilation)","Prisma Mod","Remilia??????","Replay The Spire","Shade Mod","Shop Mod","StSLib","The Gatherer"],"gold_per_floor":[366,44,64,76,76,76,123,123,123,142,160,160,15,27,27,122,122,135,135,135,152,166,166,177,177,256,266,266,266,366,400,400,498,498,512,562,562,562,562,562,577,577,595,595,595,231,231,231,231,249,249,249],"floor_reached":53,"playtime":11107,"items_purged":["Looming Evil","conspire:GhostlyStrike","conspire:GhostlyDefend","conspire:GhostlyDefend"],"score":830,"play_id":"8c0acdc9-6f9f-4d81-9470-6802ef786f39","local_time":"20201211112352","is_ascension_mode":true,"campfire_choices":[{"data":"PrismaMod:MiyuOrbIncreasePerm","floor":6,"key":"SMITH"},{"data":"PrismaMod:MiyuCheapChannelAttack","floor":8,"key":"SMITH"},{"data":"PrismaMod:MiyuCheapChannelDefend","floor":12,"key":"SMITH"},{"data":"PrismaMod:MiyuUncommonDexBuff","floor":15,"key":"SMITH"},{"data":"PrismaMod:MiyuDefendChannelDefend","floor":23,"key":"SMITH"},{"data":"PrismaMod:MiyuChannelDefendEvoke","floor":25,"key":"SMITH"},{"data":"PrismaMod:MiyuAttackChannelAttack","floor":29,"key":"SMITH"},{"data":"PrismaMod:MiyuUncommonStrBuff","floor":32,"key":"SMITH"},{"data":"Panache","floor":42,"key":"SMITH"},{"data":"PrismaMod:MiyuCheapDefend2","floor":47,"key":"SMITH"},{"data":"PrismaMod:MiyuAttackChannelAttack","floor":49,"key":"SMITH"},{"data":"PrismaMod:MiyuUncommonDefend","floor":51,"key":"SMITH"}],"circlet_count":0,"master_deck":["conspire:GhostlyDefend","conspire:GhostlyDefend","conspire:GhostlyDefend","conspire:GhostlyStrike","conspire:GhostlyStrike","conspire:GhostlyStrike","PrismaMod:MiyuCheapChannelAttack+1","PrismaMod:MiyuCheapChannelDefend+1","PrismaMod:MiyuOrbIncreasePerm+1","PrismaMod:MiyuChannelDefendEvoke+1","PrismaMod:MiyuAttackChannelAttack+1","PrismaMod:MiyuUncommonDexBuff+1","PrismaMod:MiyuDefendChannelDefend+1","PrismaMod:MiyuUncommonDefend+1","Decay","PrismaMod:MiyuAttackChannelAttack+1","PrismaMod:MiyuUncommonStrBuff+1","PrismaMod:MiyuCheapDefend2+1","PrismaMod:MiyuOrbIncreasePerm+1","PrismaMod:MiyuOrbIncreasePerm+1","Panache+1","PrismaMod:MiyuUncommonDefend+1"],"relics":["PrismaMod:PrismaSapphire","Mercury Hourglass","Blood Vial","Bird Faced Urn","conspire:RunicOctahedron","infinitespire:CheckeredPen","Sozu","Boot","Replay:Multitool","Kunai","hubris:TinFlute","Philosopher\u0027s Stone","hubris:Spice","hubris:AstralHammer","Membership Card","hubris:SlimyHat","hubris:ToyBattleship"],"acts_visited":["Exordium","TheCity","TheBeyond"],"potions_floor_usage":[16,30,33,33],"damage_taken":[{"damage":3,"enemies":"2 Louse","floor":1,"turns":3},{"damage":0,"enemies":"conspire:RoseBush","floor":3,"turns":4},{"damage":7,"enemies":"Jaw Worm","floor":4,"turns":3},{"damage":13,"enemies":"conspire:MimicChest","floor":7,"turns":10},{"damage":4,"enemies":"Blue Slaver","floor":10,"turns":3},{"damage":0,"enemies":"2 Fungi Beasts","floor":11,"turns":3},{"damage":2,"enemies":"Red Slaver","floor":14,"turns":3},{"damage":12,"enemies":"The Guardian","floor":16,"turns":13},{"damage":9,"enemies":"conspire:FuzzyDice","floor":18,"turns":7},{"damage":2,"enemies":"3 Byrds","floor":21,"turns":5},{"damage":16,"enemies":"Snake Plant","floor":22,"turns":7},{"damage":0,"enemies":"conspire:HollyBat","floor":24,"turns":9},{"damage":0,"enemies":"Snecko","floor":27,"turns":5},{"damage":0,"enemies":"Colosseum Slavers","floor":30,"turns":4},{"damage":19,"enemies":"Colosseum Nobs","floor":30,"turns":4},{"damage":5,"enemies":"Replay:Snechameleon","floor":31,"turns":6},{"damage":45,"enemies":"hubris:MusketHawk","floor":33,"turns":7},{"damage":0,"enemies":"Orb Walker","floor":35,"turns":4},{"damage":0,"enemies":"Mind Bloom Boss Battle","floor":36,"turns":3},{"damage":12,"enemies":"3 Darklings","floor":41,"turns":3},{"damage":0,"enemies":"Sphere and 2 Shapes","floor":43,"turns":3},{"damage":13,"enemies":"Spire Growth","floor":50,"turns":4},{"damage":21,"enemies":"infinitespire:MassOfShapes","floor":52,"turns":16}],"seed_played":"-6199133218623559294","potions_obtained":[{"floor":1,"key":"SpeedPotion"},{"floor":4,"key":"Milkshake"},{"floor":14,"key":"AttackPotion"},{"floor":18,"key":"Fire Potion"},{"floor":27,"key":"SpeedPotion"}],"is_trial":false,"path_per_floor":["M","$","M","M","?","R","?","R","T","M","M","R","$","M","R","B",null,"M","?","?","M","M","R","M","R","T","M","AVR","R","?","E","R","B",null,"M","?","PTL","PTL","?","?","M","R","M","?","T","$","R","?","R","M","R","B",null],"character_chosen":"MIYU","items_purchased":["Mercury Hourglass","PrismaMod:MiyuUncommonDexBuff","Membership Card","hubris:SlimyHat","hubris:ToyBattleship"],"campfire_rested":0,"item_purchase_floors":[2,13,46,46,46],"current_hp_per_floor":[65,65,65,58,58,58,45,45,45,43,45,45,45,47,47,39,66,61,61,61,63,51,51,55,55,55,59,59,59,48,47,47,8,58,62,76,76,76,76,76,72,72,80,80,80,80,80,80,80,72,72,59],"gold":249,"neow_bonus":"TWO_FIFTY_GOLD","is_daily":false,"chose_seed":false,"campfire_upgraded":12,"win_rate":0.0,"timestamp":1607682232,"path_taken":["M","$","M","M","?","R","?","R","T","M","M","R","?","M","R","BOSS","M","?","?","M","M","R","?","R","T","M","AVR","R","?","E","R","BOSS","M","?","PTL","PTL","?","?","M","R","M","?","T","$","R","?","R","M","R","BOSS"],"items_purchased_type":["Relic","Card","Relic","Relic","Relic"],"build_version":"2020-11-30","purchased_purges":4,"victory":true,"max_hp_per_floor":[75,75,75,75,75,75,75,75,75,75,75,75,75,75,75,75,75,75,75,75,75,75,75,75,75,75,75,75,75,75,75,75,75,75,75,83,83,83,83,83,83,83,83,83,83,83,83,83,83,83,83,83],"card_choices":[{"not_picked":["PrismaMod:MiyuEvokeBuffStr","PrismaMod:MiyuChristmas","PrismaMod:MiyuUberAttack"],"picked":"SKIP","floor":1},{"not_picked":["PrismaMod:MiyuCarnivalAttack","PrismaMod:MiyuDevil"],"picked":"PrismaMod:MiyuOrbIncreasePerm","floor":3},{"not_picked":["PrismaMod:MiyuCheapChannelVul","PrismaMod:MiyuCheapChannelRandom","PrismaMod:MiyuCheapEvoke"],"picked":"SKIP","floor":4},{"not_picked":["PrismaMod:MiyuEvokeAll","PrismaMod:MiyuCheapChannelRandom"],"picked":"PrismaMod:MiyuChannelDefendEvoke","floor":7},{"not_picked":["PrismaMod:MiyuEvokeBuffStr","PrismaMod:MiyuEvokeAll","PrismaMod:MiyuCheapAttack2"],"picked":"SKIP","floor":10},{"not_picked":["PrismaMod:MiyuUberAOEAttack","PrismaMod:MiyuUncommonAttack"],"picked":"PrismaMod:MiyuAttackChannelAttack","floor":11},{"not_picked":["PrismaMod:MiyuDefenseExplosion","PrismaMod:MiyuUberAttack","PrismaMod:MiyuCheapChannelWeak"],"picked":"SKIP","floor":14},{"not_picked":["PrismaMod:MiyuEvokeAllAttack","PrismaMod:MiyuDefenseAbsorbMinor"],"picked":"PrismaMod:MiyuDefendChannelDefend","floor":16},{"not_picked":["PrismaMod:MiyuCheapEvoke","PrismaMod:MiyuAttackChannelVul"],"picked":"PrismaMod:MiyuUncommonDefend","floor":18},{"not_picked":["PrismaMod:MiyuCheapStrBuff","PrismaMod:MiyuUncommonAOEAttack+1","PrismaMod:MiyuCheapChannelWeak"],"picked":"SKIP","floor":21},{"not_picked":["PrismaMod:MiyuEvokeCheapAttack+1","PrismaMod:MiyuDefenseExplosion","PrismaMod:MiyuUberAttack+1"],"picked":"SKIP","floor":22},{"not_picked":["PrismaMod:MiyuCheapChannelWeak","PrismaMod:MiyuCheapPlate","PrismaMod:MiyuDefenseExplosion"],"picked":"SKIP","floor":24},{"not_picked":["PrismaMod:MiyuAttackChannelWeak","PrismaMod:MiyuCommonAOEAttack"],"picked":"PrismaMod:MiyuAttackChannelAttack","floor":27},{"not_picked":["PrismaMod:MiyuDefenseExplosion","PrismaMod:MiyuCheapAttack1"],"picked":"PrismaMod:MiyuUncommonStrBuff","floor":31},{"not_picked":["PrismaMod:MiyuEvokeAllDefend","PrismaMod:MiyuChannelDefendEvoke"],"picked":"PrismaMod:MiyuCheapDefend2","floor":33},{"not_picked":["PrismaMod:MiyuCarnivalAttack","PrismaMod:MiyuEvokeBuffStr"],"picked":"PrismaMod:MiyuOrbIncreasePerm+1","floor":35},{"not_picked":["PrismaMod:MiyuEvokeBuffStr","PrismaMod:MiyuUberAttack"],"picked":"PrismaMod:MiyuOrbIncreasePerm+1","floor":36},{"not_picked":["Bandage Up","expansioncontent:Corrupt"],"picked":"Panache","floor":40},{"not_picked":["PrismaMod:MiyuCheapChannelVul","PrismaMod:MiyuUberAOEAttack"],"picked":"PrismaMod:MiyuUncommonDefend+1","floor":41},{"not_picked":["PrismaMod:MiyuCommonAOEAttack","PrismaMod:MiyuCheapAttack1+1","PrismaMod:MiyuChristmas"],"picked":"SKIP","floor":43},{"not_picked":["PrismaMod:MiyuUncommonAttack","PrismaMod:MiyuUncommonDefend+1","PrismaMod:MiyuEvokeAll+1"],"picked":"SKIP","floor":50}],"player_experience":585093,"relics_obtained":[{"floor":7,"key":"Blood Vial"},{"floor":9,"key":"Bird Faced Urn"},{"floor":26,"key":"infinitespire:CheckeredPen"},{"floor":30,"key":"Replay:Multitool"},{"floor":30,"key":"Kunai"},{"floor":31,"key":"hubris:TinFlute"},{"floor":36,"key":"hubris:Spice"},{"floor":45,"key":"hubris:AstralHammer"}],"event_choices":[{"damage_healed":0,"gold_gain":0,"player_choice":"Agree","damage_taken":0,"max_hp_gain":0,"max_hp_loss":0,"event_name":"conspire:LoneGhost","floor":5,"gold_loss":0},{"damage_healed":0,"gold_gain":0,"player_choice":"Cursed","damage_taken":0,"max_hp_gain":0,"max_hp_loss":0,"event_name":"Wheel of Change","floor":20,"gold_loss":0,"cards_obtained":["Decay"]},{"damage_healed":0,"gold_gain":0,"player_choice":"Fight","damage_taken":0,"max_hp_gain":0,"max_hp_loss":0,"event_name":"Colosseum","floor":30,"gold_loss":0},{"damage_healed":0,"gold_gain":0,"player_choice":"Fought Nobs","damage_taken":0,"max_hp_gain":0,"max_hp_loss":0,"event_name":"Colosseum","floor":30,"gold_loss":0},{"damage_healed":0,"gold_gain":0,"player_choice":"Fight","damage_taken":0,"max_hp_gain":0,"max_hp_loss":0,"event_name":"MindBloom","floor":36,"gold_loss":0},{"damage_healed":0,"gold_gain":0,"player_choice":"Memory 1","damage_taken":0,"max_hp_gain":0,"max_hp_loss":0,"event_name":"SensoryStone","floor":40,"gold_loss":0},{"damage_healed":0,"gold_gain":0,"player_choice":"Leave","damage_taken":0,"max_hp_gain":0,"max_hp_loss":0,"event_name":"conspire:Investor","floor":44,"gold_loss":0},{"cards_removed":["conspire:GhostlyStrike"],"damage_healed":0,"gold_gain":0,"player_choice":"Removed Attack","damage_taken":0,"max_hp_gain":0,"max_hp_loss":0,"event_name":"Falling","floor":48,"gold_loss":0}],"is_beta":false,"boss_relics":[{"not_picked":["Astrolabe","Ectoplasm"],"picked":"conspire:RunicOctahedron"},{"not_picked":["Velvet Choker","Replay:Bronze Core"],"picked":"Philosopher\u0027s Stone"}],"items_purged_floors":[2,13,28,46],"is_endless":false,"potions_floor_spawned":[1,4,14,18,21,27,31,35],"ascension_level":7}}