{"host":"78hrz0ylpj9lzvi8","time":1607645566,"event":{"mods":["BaseMod","Bestiary","Minty Spire (QoL Compilation)","Quick Restart","Random Character Button","Relic Stats","StSLib"],"gold_per_floor":[119,133,153,153,172,172,206,206,206,206,238,238,250,270,270,346,346,361,361,371,23,23,53,64,98,121,121,121,121,155,175,175,249,249,264,29,39,39,56,87,87,87,87],"floor_reached":42,"playtime":1775,"items_purged":["Strike_P"],"score":992,"play_id":"602dd7ee-5230-420c-aefb-8947bac122c2","local_time":"20201210211246","is_ascension_mode":true,"campfire_choices":[{"data":"Eruption","floor":6.0,"key":"SMITH"},{"data":"EmptyFist","floor":8.0,"key":"SMITH"},{"data":"FearNoEvil","floor":10.0,"key":"SMITH"},{"data":"CutThroughFate","floor":12.0,"key":"SMITH"},{"floor":15.0,"key":"REST"},{"data":"Vengeance","floor":27.0,"key":"SMITH"},{"floor":29.0,"key":"REST"},{"floor":32.0,"key":"REST"}],"circlet_count":0,"master_deck":["AscendersBane","Strike_P+1","Defend_P","Defend_P","Defend_P+1","Eruption+1","Vigilance+1","FearNoEvil+1","CutThroughFate+1","EmptyFist+1","LessonLearned","Fasting2+1","CarveReality+1","Adaptation+1","DevaForm+1","Fasting2+1","FlyingSleeves+1","Vengeance+1","EmptyMind+1","Wallop+1","Wallop+1","Ragnarok+1","Judgement+1","SpiritShield+1","FlyingSleeves+1","LikeWater+1","SandsOfTime"],"relics":["Sozu","Mercury Hourglass","Frozen Egg 2","Singing Bowl","Snecko Eye","StrikeDummy","Bottled Tornado","Toy Ornithopter","Anchor","Bag of Preparation","Strawberry","Astrolabe","Whetstone","Kunai"],"acts_visited":["Exordium","TheCity","TheBeyond"],"potions_floor_usage":[],"damage_taken":[{"damage":4.0,"enemies":"Jaw Worm","floor":1.0,"turns":4.0},{"damage":4.0,"enemies":"Cultist","floor":2.0,"turns":5.0},{"damage":2.0,"enemies":"Small Slimes","floor":3.0,"turns":3.0},{"damage":0.0,"enemies":"Gremlin Gang","floor":5.0,"turns":5.0},{"damage":16.0,"enemies":"Gremlin Nob","floor":7.0,"turns":3.0},{"damage":14.0,"enemies":"Lagavulin","floor":11.0,"turns":5.0},{"damage":1.0,"enemies":"Blue Slaver","floor":13.0,"turns":2.0},{"damage":0.0,"enemies":"Large Slime","floor":14.0,"turns":3.0},{"damage":31.0,"enemies":"The Guardian","floor":16.0,"turns":8.0},{"damage":1.0,"enemies":"Spheric Guardian","floor":18.0,"turns":3.0},{"damage":0.0,"enemies":"Chosen","floor":20.0,"turns":2.0},{"damage":19.0,"enemies":"Book of Stabbing","floor":23.0,"turns":4.0},{"damage":0.0,"enemies":"3 Cultists","floor":24.0,"turns":4.0},{"damage":25.0,"enemies":"Gremlin Leader","floor":25.0,"turns":5.0},{"damage":7.0,"enemies":"Colosseum Slavers","floor":28.0,"turns":2.0},{"damage":19.0,"enemies":"Slavers","floor":30.0,"turns":4.0},{"damage":9.0,"enemies":"Shelled Parasite and Fungi","floor":31.0,"turns":4.0},{"damage":2,"enemies":"Collector","floor":33,"turns":8},{"damage":0,"enemies":"3 Shapes","floor":35,"turns":3},{"damage":1,"enemies":"Orb Walker","floor":37,"turns":2},{"damage":0,"enemies":"4 Shapes","floor":39,"turns":5},{"damage":41,"enemies":"Nemesis","floor":40,"turns":5},{"damage":39,"enemies":"Reptomancer","floor":42,"turns":4}],"seed_played":"-4869027611910073756","potions_obtained":[],"is_trial":false,"path_per_floor":["M","M","M","?","M","R","E","R","T","R","E","R","M","M","R","B",null,"M","T","M","$","?","E","M","E","T","R","?","R","E","M","R","B",null,"M","$","M","$","M","E","?","E"],"character_chosen":"WATCHER","items_purchased":["Bottled Tornado","Fasting2+1","Whetstone"],"campfire_rested":3,"item_purchase_floors":[21,21,36],"current_hp_per_floor":[57,53,51,51,51,51,35,35,35,35,21,21,20,20,40,9,53,54,54,56,56,56,37,37,12,12,12,5,26,14,5,28,26,66,68,68,67,67,67,28,28,0,0],"gold":87,"neow_bonus":"BOSS_RELIC","is_daily":false,"chose_seed":false,"campfire_upgraded":5,"win_rate":0.0,"timestamp":1607645566,"path_taken":["M","M","M","?","M","R","E","R","T","R","E","R","M","M","R","BOSS","M","?","M","$","?","E","?","E","T","R","?","R","E","M","R","BOSS","M","$","M","$","M","E","?","E"],"items_purchased_type":["Relic","Undefined","Relic"],"build_version":"2020-11-30","purchased_purges":1,"victory":false,"max_hp_per_floor":[68,68,68,68,68,68,68,68,68,68,68,68,68,68,68,68,68,70,70,72,72,72,72,72,72,72,72,72,72,79,79,79,79,79,81,81,81,81,81,83,83,83,83],"relic_stats":{"Sozu":11,"Singing Bowl":8,"counters":[23,93],"Astrolabe":["Judgement","SpiritShield","FlyingSleeves"],"Snecko Eye":[106,106,93,115],"Bag of Preparation":[18],"Whetstone":["Wallop","Ragnarok"],"Kunai":[3],"obtain_stats":[{"Singing Bowl":11,"Astrolabe":34,"Bag of Preparation":26,"Whetstone":36,"Frozen Egg 2":9,"Bottled Tornado":21,"Mercury Hourglass":7,"Sozu":0,"Anchor":25,"Strawberry":30,"Snecko Eye":17,"Kunai":40,"PureWater":0,"StrikeDummy":19,"Toy Ornithopter":23},{"Singing Bowl":6,"Astrolabe":18,"Bag of Preparation":14,"Whetstone":19,"Frozen Egg 2":5,"Bottled Tornado":11,"Mercury Hourglass":5,"Sozu":0,"Anchor":14,"Strawberry":16,"Snecko Eye":9,"Kunai":22,"PureWater":0,"StrikeDummy":10,"Toy Ornithopter":12},{"Singing Bowl":25,"Astrolabe":74,"Bag of Preparation":56,"Whetstone":77,"Frozen Egg 2":20,"Bottled Tornado":43,"Mercury Hourglass":20,"Sozu":0,"Anchor":56,"Strawberry":62,"Snecko Eye":38,"Kunai":89,"PureWater":0,"StrikeDummy":41,"Toy Ornithopter":47}],"Toy Ornithopter":0,"Mercury Hourglass":[304]},"card_choices":[{"not_picked":["FlurryOfBlows","Protect"],"picked":"FearNoEvil","floor":1.0},{"not_picked":["Sanctity","FlurryOfBlows"],"picked":"CutThroughFate","floor":2.0},{"not_picked":["Nirvana","Protect"],"picked":"Swivel","floor":3.0},{"not_picked":["Crescendo","DeceiveReality"],"picked":"EmptyFist","floor":5.0},{"not_picked":["WheelKick","BattleHymn"],"picked":"LessonLearned","floor":7.0},{"not_picked":["BowlingBash","Halt"],"picked":"Fasting2+1","floor":11.0},{"not_picked":["Wireheading+1","EmptyBody"],"picked":"CarveReality","floor":13.0},{"not_picked":["FlurryOfBlows","Sanctity"],"picked":"Adaptation+1","floor":14.0},{"not_picked":["Omniscience","Alpha"],"picked":"DevaForm+1","floor":16.0},{"not_picked":["PathToVictory+1","FollowUp","Consecrate"],"picked":"Singing Bowl","floor":18.0},{"not_picked":["PathToVictory","ThirdEye","BowlingBash"],"picked":"Singing Bowl","floor":20.0},{"not_picked":["SignatureMove+1","Consecrate"],"picked":"FlyingSleeves","floor":23.0},{"not_picked":["EmptyBody","Brilliance"],"picked":"Vengeance","floor":24.0},{"not_picked":["ForeignInfluence","Weave+1"],"picked":"EmptyMind","floor":25.0},{"not_picked":["DeceiveReality","PathToVictory"],"picked":"Wallop","floor":30.0},{"not_picked":["ClearTheMind","SashWhip"],"picked":"Wallop+1","floor":31.0},{"not_picked":["Wish","Scrawl"],"picked":"Ragnarok","floor":33},{"not_picked":["BowlingBash+1","FlyingSleeves+1","EmptyFist"],"picked":"Singing Bowl","floor":35},{"not_picked":["WreathOfFlame+1","CrushJoints"],"picked":"LikeWater+1","floor":37},{"not_picked":["Worship","BowlingBash"],"picked":"SandsOfTime","floor":39},{"not_picked":["ThirdEye+1","SashWhip","SignatureMove"],"picked":"Singing Bowl","floor":40}],"player_experience":914815,"relics_obtained":[{"floor":7.0,"key":"Mercury Hourglass"},{"floor":9.0,"key":"Frozen Egg 2"},{"floor":11.0,"key":"Singing Bowl"},{"floor":19.0,"key":"StrikeDummy"},{"floor":23.0,"key":"Toy Ornithopter"},{"floor":25.0,"key":"Anchor"},{"floor":26.0,"key":"Bag of Preparation"},{"floor":30.0,"key":"Strawberry"},{"floor":40,"key":"Kunai"}],"event_choices":[{"damage_healed":0.0,"max_hp_gain":0.0,"max_hp_loss":0.0,"gold_gain":0.0,"event_name":"Lab","player_choice":"Got Potions","floor":4.0,"gold_loss":0.0,"damage_taken":0.0},{"damage_healed":0.0,"max_hp_gain":0.0,"max_hp_loss":0.0,"gold_gain":0.0,"event_name":"FaceTrader","player_choice":"Leave","floor":22.0,"gold_loss":0.0,"damage_taken":0.0},{"damage_healed":0.0,"max_hp_gain":0.0,"max_hp_loss":0.0,"gold_gain":0.0,"event_name":"Colosseum","player_choice":"Fight","floor":28.0,"gold_loss":0.0,"damage_taken":0.0},{"damage_healed":0.0,"max_hp_gain":0.0,"max_hp_loss":0.0,"gold_gain":0.0,"event_name":"Colosseum","player_choice":"Fled From Nobs","floor":28.0,"gold_loss":0.0,"damage_taken":0.0},{"cards_removed":["Swivel"],"damage_healed":0,"gold_gain":0,"player_choice":"Removed Skill","damage_taken":0,"max_hp_gain":0,"max_hp_loss":0,"event_name":"Falling","floor":41,"gold_loss":0}],"is_beta":false,"boss_relics":[{"not_picked":["Calling Bell","Cursed Key"],"picked":"Snecko Eye"},{"not_picked":["SlaversCollar","Black Star"],"picked":"Astrolabe"}],"items_purged_floors":[36],"is_endless":false,"potions_floor_spawned":[2,5,14,18,23,24,28,31,35,40],"killed_by":"Reptomancer","ascension_level":20}}