{"host":"axrdhsaugr8t8srp","time":1607694158,"event":{"mods":["BaseMod","Minty Spire (QoL Compilation)","StSLib"],"gold_per_floor":[113,113,126,142,215,245,245,245,245],"floor_reached":8,"playtime":276,"items_purged":[],"score":101,"play_id":"95e6fc16-d153-4ff7-bf69-1f1b247866c0","local_time":"20201212004238","is_ascension_mode":true,"campfire_choices":[{"data":"Pummel","floor":7,"key":"SMITH"}],"circlet_count":0,"master_deck":["AscendersBane","Strike_R","Strike_R","Strike_R","Strike_R","Strike_R","Defend_R","Defend_R","Defend_R","Defend_R","Bash+1","Battle Trance+1","Pummel+1","Rupture","Reaper"],"relics":["Burning Blood","Bottled Tornado"],"acts_visited":["Exordium"],"potions_floor_usage":[6],"damage_taken":[{"damage":2,"enemies":"2 Louse","floor":1,"turns":3},{"damage":6,"enemies":"Cultist","floor":3,"turns":3},{"damage":1,"enemies":"Jaw Worm","floor":4,"turns":5},{"damage":46,"enemies":"Lagavulin","floor":6,"turns":6},{"damage":50,"enemies":"3 Sentries","floor":8,"turns":7}],"seed_played":"-3724755088406001542","potions_obtained":[{"floor":1,"key":"SteroidPotion"},{"floor":6,"key":"FearPotion"}],"is_trial":false,"path_per_floor":["M","?","M","M","?","E","R","E"],"character_chosen":"IRONCLAD","items_purchased":[],"campfire_rested":0,"item_purchase_floors":[],"current_hp_per_floor":[72,72,72,75,75,35,35,0,0],"gold":245,"neow_bonus":"UPGRADE_CARD","is_daily":false,"chose_seed":false,"campfire_upgraded":1,"win_rate":0.0,"timestamp":1607694158,"path_taken":["M","?","?","M","?","E","R","E"],"items_purchased_type":[],"build_version":"2020-11-30","purchased_purges":0,"victory":false,"max_hp_per_floor":[75,75,75,75,75,75,75,75,75],"card_choices":[{"not_picked":["Dropkick","Wild Strike"],"picked":"Battle Trance","floor":1},{"not_picked":["Feel No Pain","Dual Wield"],"picked":"Pummel","floor":3},{"not_picked":["Twin Strike","True Grit"],"picked":"Rupture","floor":4},{"not_picked":["Clothesline","Evolve"],"picked":"Reaper","floor":6}],"player_experience":788597,"relics_obtained":[{"floor":6,"key":"Bottled Tornado"}],"event_choices":[{"damage_healed":0,"gold_gain":0,"player_choice":"Upgraded","damage_taken":0,"max_hp_gain":0,"max_hp_loss":0,"event_name":"Upgrade Shrine","floor":2,"gold_loss":0,"cards_upgraded":["Battle Trance"]},{"damage_healed":0,"gold_gain":73,"player_choice":"Gained Gold","damage_taken":0,"max_hp_gain":0,"max_hp_loss":0,"event_name":"Golden Wing","floor":5,"gold_loss":0}],"is_beta":false,"boss_relics":[],"items_purged_floors":[],"is_endless":false,"potions_floor_spawned":[1,6],"killed_by":"3 Sentries","ascension_level":16}}