{"host":"4par9lyhj7bf4dsa","time":1607729430,"event":{"mods":["AchievementEnabler","BaseMod","Colored Map","Minty Spire (QoL Compilation)","Relic Stats","StSLib"],"gold_per_floor":[118,44,63,63,84,84,117,117,117,142,142,168,187,222,222,351,351,291,291,291,291,291,291,291,291,291,291,291,291,291,291,291,291,291,291,291,291,291,291,291,291,291,291,291,291,291,291,291,291,291,291,291,137,137,137],"floor_reached":56,"playtime":3712,"items_purged":["Strike_G"],"score":2392,"play_id":"b8bc5d1c-a598-4e65-9252-6f5a45dc5909","local_time":"20201212103030","is_ascension_mode":true,"campfire_choices":[{"data":"Dash","floor":6,"key":"SMITH"},{"data":"Bouncing Flask","floor":8,"key":"SMITH"},{"data":"Burst","floor":11,"key":"SMITH"},{"data":"Footwork","floor":15,"key":"SMITH"},{"data":"Noxious Fumes","floor":23,"key":"SMITH"},{"data":"Crippling Poison","floor":27,"key":"SMITH"},{"data":"Footwork","floor":30,"key":"SMITH"},{"data":"Dash","floor":32,"key":"SMITH"},{"data":"Bouncing Flask","floor":45,"key":"SMITH"},{"floor":47,"key":"RECALL"},{"data":"Crippling Poison","floor":49,"key":"SMITH"},{"data":"Malaise","floor":52,"key":"SMITH"}],"circlet_count":0,"master_deck":["AscendersBane","Strike_G","Strike_G","Strike_G","Defend_G","Defend_G","Defend_G","Defend_G","Defend_G","Survivor","Neutralize","All Out Attack","Dash+1","Noxious Fumes+1","Bouncing Flask+1","Burst+1","Footwork+1","Crippling Poison+1","Malaise+1","Dash","Ghostly","Ghostly","Ghostly","Ghostly","Ghostly","Leg Sweep+1","Dash+1","Footwork+1","Bullet Time","Dash","Dodge and Roll+1","Crippling Poison+1","Dodge and Roll+1","Bouncing Flask+1","Burst+1","Bouncing Flask"],"relics":["Snecko Eye","Bloody Idol","Paper Crane","Odd Mushroom","Sundial","Ectoplasm","Bottled Flame","Blood Vial","Happy Flower","StoneCalendar","Philosopher\u0027s Stone","Torii","HornCleat","Vajra","Mummified Hand","Calipers","Anchor"],"acts_visited":["Exordium","TheCity","TheBeyond","TheEnding"],"potions_floor_usage":[14,20,25,33,55,55,55],"damage_taken":[{"damage":0,"enemies":"Cultist","floor":1,"turns":5},{"damage":0,"enemies":"Jaw Worm","floor":3,"turns":4},{"damage":0,"enemies":"2 Louse","floor":5,"turns":2},{"damage":0,"enemies":"Gremlin Nob","floor":7,"turns":3},{"damage":0,"enemies":"2 Fungi Beasts","floor":10,"turns":2},{"damage":2,"enemies":"The Mushroom Lair","floor":12,"turns":4},{"damage":7,"enemies":"Lots of Slimes","floor":13,"turns":4},{"damage":0,"enemies":"3 Sentries","floor":14,"turns":7},{"damage":23,"enemies":"The Guardian","floor":16,"turns":9},{"damage":24,"enemies":"2 Thieves","floor":18,"turns":4},{"damage":6,"enemies":"Spheric Guardian","floor":20,"turns":6},{"damage":0,"enemies":"3 Cultists","floor":21,"turns":6},{"damage":9,"enemies":"Gremlin Leader","floor":25,"turns":7},{"damage":0,"enemies":"Book of Stabbing","floor":28,"turns":7},{"damage":0,"enemies":"Snake Plant","floor":29,"turns":3},{"damage":2,"enemies":"Gremlin Leader","floor":31,"turns":6},{"damage":0,"enemies":"Collector","floor":33,"turns":9},{"damage":0,"enemies":"3 Darklings","floor":35,"turns":6},{"damage":0,"enemies":"3 Shapes","floor":36,"turns":3},{"damage":0,"enemies":"Maw","floor":37,"turns":7},{"damage":0,"enemies":"2 Orb Walkers","floor":39,"turns":6},{"damage":0,"enemies":"Nemesis","floor":40,"turns":9},{"damage":0,"enemies":"Jaw Worm Horde","floor":41,"turns":4},{"damage":0,"enemies":"Reptomancer","floor":42,"turns":7},{"damage":1,"enemies":"Transient","floor":44,"turns":5},{"damage":0,"enemies":"Giant Head","floor":48,"turns":9},{"damage":0,"enemies":"Awakened One","floor":50,"turns":15},{"damage":0,"enemies":"Shield and Spear","floor":54,"turns":7},{"damage":0,"enemies":"The Heart","floor":55,"turns":11}],"seed_played":"5818376121247468122","potions_obtained":[{"floor":1,"key":"EssenceOfSteel"},{"floor":3,"key":"BlessingOfTheForge"},{"floor":16,"key":"Strength Potion"},{"floor":18,"key":"DistilledChaos"},{"floor":20,"key":"Strength Potion"},{"floor":31,"key":"LiquidMemories"},{"floor":33,"key":"CunningPotion"},{"floor":35,"key":"Ancient Potion"},{"floor":36,"key":"SpeedPotion"}],"is_trial":false,"path_per_floor":["M","$","M","?","M","R","E","R","T","M","R","?","M","E","R","B",null,"M","?","M","M","?","R","?","E","T","R","E","M","R","E","R","B",null,"M","M","M","?","?","E","M","E","T","M","R","?","R","E","R","B",null,"R","$","E","B",null],"character_chosen":"THE_SILENT","items_purchased":["Dash","Bouncing Flask"],"campfire_rested":0,"item_purchase_floors":[2,53],"current_hp_per_floor":[63,63,63,63,63,63,63,63,63,63,63,61,54,54,54,31,57,33,32,26,26,26,26,26,17,17,17,19,21,21,21,21,23,30,32,32,32,32,32,32,32,32,32,31,31,31,31,32,32,32,32,32,32,32,32],"gold":137,"neow_bonus":"BOSS_RELIC","is_daily":false,"chose_seed":false,"campfire_upgraded":11,"win_rate":0.0,"timestamp":1607729430,"path_taken":["M","$","M","?","M","R","E","R","T","M","R","?","M","E","R","BOSS","M","?","M","M","?","R","?","E","T","R","E","M","R","E","R","BOSS","M","?","M","?","?","E","M","E","T","M","R","?","R","E","R","BOSS","R","$","E","BOSS"],"items_purchased_type":["Card","Card"],"build_version":"2020-11-30","purchased_purges":1,"victory":true,"max_hp_per_floor":[70,70,70,65,65,65,65,65,65,65,65,65,65,65,65,65,65,65,32,32,32,32,32,32,32,32,32,32,32,32,32,32,32,32,32,32,32,32,32,32,32,32,32,32,32,32,32,32,32,32,32,32,32,32,32],"relic_stats":{"Blood Vial":11,"Happy Flower":[35],"Torii":0,"counters":[29,177],"Sundial":[20],"Mummified Hand":[28],"Bloody Idol":0,"Snecko Eye":[293,277,287,296],"StoneCalendar":[398],"Ectoplasm":552,"obtain_stats":[{"Calipers":48,"Happy Flower":28,"Torii":39,"Golden Idol":4,"Vajra":42,"StoneCalendar":31,"Paper Crane":7,"Odd Mushroom":12,"Blood Vial":26,"Bottled Flame":25,"Anchor":54,"HornCleat":40,"Sundial":14,"Mummified Hand":43,"Bloody Idol":22,"Snecko Eye":0,"Philosopher\u0027s Stone":34,"Ectoplasm":17,"Ring of the Snake":0},{"Calipers":26,"Happy Flower":14,"Torii":21,"Golden Idol":2,"Vajra":24,"StoneCalendar":16,"Paper Crane":4,"Odd Mushroom":6,"Blood Vial":13,"Bottled Flame":13,"Anchor":28,"HornCleat":22,"Sundial":8,"Mummified Hand":24,"Bloody Idol":12,"Snecko Eye":0,"Philosopher\u0027s Stone":17,"Ectoplasm":9,"Ring of the Snake":0},{"Calipers":144,"Happy Flower":70,"Torii":110,"Golden Idol":9,"Vajra":130,"StoneCalendar":79,"Paper Crane":14,"Odd Mushroom":20,"Blood Vial":63,"Bottled Flame":63,"Anchor":166,"HornCleat":119,"Sundial":31,"Mummified Hand":130,"Bloody Idol":56,"Snecko Eye":0,"Philosopher\u0027s Stone":88,"Ectoplasm":40,"Ring of the Snake":0}]},"card_choices":[{"not_picked":["Bane","Terror"],"picked":"All Out Attack","floor":1},{"not_picked":["Cloak And Dagger","Outmaneuver"],"picked":"Noxious Fumes","floor":3},{"not_picked":["Poisoned Stab","Deadly Poison"],"picked":"Bouncing Flask","floor":5},{"not_picked":["Flying Knee","Quick Slash"],"picked":"Burst","floor":7},{"not_picked":["Prepared","Flying Knee","Dagger Throw"],"picked":"SKIP","floor":10},{"not_picked":["Flying Knee","Deadly Poison"],"picked":"Footwork","floor":13},{"not_picked":["Terror","Cloak And Dagger"],"picked":"Crippling Poison","floor":14},{"not_picked":["Grand Finale","Envenom"],"picked":"Malaise","floor":16},{"not_picked":["Acrobatics+1","Bouncing Flask"],"picked":"Dash","floor":18},{"not_picked":["Slice","Noxious Fumes"],"picked":"Leg Sweep+1","floor":20},{"not_picked":["Slice","Cloak And Dagger","Riddle With Holes"],"picked":"SKIP","floor":21},{"not_picked":["Dagger Throw","Distraction+1","Reflex+1"],"picked":"SKIP","floor":25},{"not_picked":["Underhanded Strike","Deflect+1"],"picked":"Dash","floor":28},{"not_picked":["Well Laid Plans+1","Backflip"],"picked":"Footwork","floor":29},{"not_picked":["Sucker Punch","Skewer","Prepared+1"],"picked":"SKIP","floor":31},{"not_picked":["Unload","Envenom"],"picked":"Bullet Time","floor":33},{"not_picked":["Escape Plan","Riddle With Holes"],"picked":"Dash","floor":35},{"not_picked":["Poisoned Stab+1","Deflect+1"],"picked":"Dodge and Roll+1","floor":36},{"not_picked":["Bane+1","Finisher"],"picked":"Crippling Poison","floor":37},{"not_picked":["Tactician","Slice+1"],"picked":"Dodge and Roll+1","floor":39},{"not_picked":["Flying Knee+1","Setup+1","Tactician"],"picked":"SKIP","floor":40},{"not_picked":["Adrenaline","Dodge and Roll","Outmaneuver+1"],"picked":"SKIP","floor":41},{"not_picked":["Escape Plan","Eviscerate+1"],"picked":"Bouncing Flask","floor":42},{"not_picked":["Flying Knee","Poisoned Stab","Reflex"],"picked":"SKIP","floor":44},{"not_picked":["Backstab+1","Sucker Punch","Poisoned Stab+1"],"picked":"SKIP","floor":48},{"not_picked":["Reflex+1","Slice","Dagger Throw+1"],"picked":"SKIP","floor":54}],"player_experience":827823,"relics_obtained":[{"floor":7,"key":"Paper Crane"},{"floor":12,"key":"Odd Mushroom"},{"floor":14,"key":"Sundial"},{"floor":25,"key":"Bottled Flame"},{"floor":26,"key":"Blood Vial"},{"floor":28,"key":"Happy Flower"},{"floor":31,"key":"StoneCalendar"},{"floor":39,"key":"Torii"},{"floor":40,"key":"HornCleat"},{"floor":42,"key":"Vajra"},{"floor":43,"key":"Mummified Hand"},{"floor":48,"key":"Calipers"},{"floor":54,"key":"Anchor"}],"event_choices":[{"damage_healed":0,"gold_gain":0,"player_choice":"Lose Max HP","damage_taken":0,"relics_obtained":["Golden Idol"],"max_hp_gain":0,"max_hp_loss":5,"event_name":"Golden Idol","floor":4,"gold_loss":0},{"damage_healed":0,"gold_gain":0,"player_choice":"Fought Mushrooms","damage_taken":0,"max_hp_gain":0,"max_hp_loss":0,"event_name":"Mushrooms","floor":12,"gold_loss":0},{"damage_healed":0,"gold_gain":0,"player_choice":"Became a Ghost","damage_taken":0,"max_hp_gain":0,"max_hp_loss":33,"event_name":"Ghosts","floor":19,"gold_loss":0,"cards_obtained":["Ghostly","Ghostly","Ghostly","Ghostly","Ghostly"]},{"damage_healed":0,"gold_gain":0,"player_choice":"Gave Idol","damage_taken":0,"relics_obtained":["Bloody Idol"],"max_hp_gain":0,"max_hp_loss":0,"event_name":"Forgotten Altar","floor":22,"relics_lost":["Golden Idol"],"gold_loss":0},{"cards_removed":["Strike_G"],"damage_healed":0,"gold_gain":0,"player_choice":"Offered Basic","damage_taken":0,"max_hp_gain":0,"max_hp_loss":0,"event_name":"Bonfire Elementals","floor":24,"gold_loss":0},{"damage_healed":0,"gold_gain":0,"player_choice":"Ignored","damage_taken":0,"max_hp_gain":0,"max_hp_loss":0,"event_name":"Tomb of Lord Red Mask","floor":38,"gold_loss":0},{"damage_healed":0,"gold_gain":0,"player_choice":"Fight","damage_taken":0,"max_hp_gain":0,"max_hp_loss":0,"event_name":"Mysterious Sphere","floor":39,"gold_loss":0},{"damage_healed":0,"gold_gain":0,"player_choice":"Copied","damage_taken":0,"max_hp_gain":0,"max_hp_loss":0,"event_name":"Duplicator","floor":46,"gold_loss":0,"cards_obtained":["Burst"]}],"is_beta":false,"boss_relics":[{"not_picked":["Velvet Choker","HoveringKite"],"picked":"Ectoplasm"},{"not_picked":["WristBlade","Tiny House"],"picked":"Philosopher\u0027s Stone"}],"items_purged_floors":[53],"is_endless":false,"potions_floor_spawned":[1,3,16,18,20,31,33,35,36,40,48],"ascension_level":10}}