{"host":"u2dm6glrpyjr66v9","time":1607670768,"event":{"mods":["AchievementEnabler","BaseMod","CapriCore","Colored Map","Colored Powertips","DeckTracker","Friendly Minions","Minty Spire (QoL Compilation)","Quick Restart","StSLib","SuperFastMode","The Immortal"],"gold_per_floor":[112,126,142,158,12,12,37,37,37,71,88,108,124,299,299,299,299],"floor_reached":16,"playtime":537,"items_purged":[],"score":114,"play_id":"87dbbe4a-d3c7-42e0-965f-f3aec019da76","local_time":"20201211161248","is_ascension_mode":false,"campfire_choices":[{"floor":6,"key":"REST"},{"data":"Poisoned Stab","floor":8,"key":"SMITH"},{"floor":15,"key":"REST"}],"circlet_count":0,"master_deck":["Strike_G","Strike_G","Strike_G","Strike_G","Strike_G","Defend_G","Defend_G","Defend_G","Defend_G","Defend_G","Survivor","Neutralize","Shame","Bane","Catalyst","Outmaneuver","Poisoned Stab+1","Backstab","Deflect","Doubt"],"relics":["Ring of the Snake","Lizard Tail","Bronze Scales","Anchor","Bottled Flame","Shovel"],"acts_visited":["Exordium"],"potions_floor_usage":[7,10,10],"damage_taken":[{"damage":6,"enemies":"Cultist","floor":1,"turns":6},{"damage":17,"enemies":"Jaw Worm","floor":2,"turns":5},{"damage":7,"enemies":"Small Slimes","floor":3,"turns":5},{"damage":14,"enemies":"3 Louse","floor":4,"turns":6},{"damage":60,"enemies":"Lagavulin","floor":7,"turns":12},{"damage":16,"enemies":"Gremlin Nob","floor":10,"turns":3},{"damage":0,"enemies":"Looter","floor":11,"turns":2},{"damage":0,"enemies":"Lots of Slimes","floor":12,"turns":3},{"damage":0,"enemies":"Exordium Thugs","floor":13,"turns":3},{"damage":35,"enemies":"Slime Boss","floor":16,"turns":3}],"seed_played":"6223309820926422981","potions_obtained":[{"floor":1,"key":"GamblersBrew"},{"floor":3,"key":"SpeedPotion"},{"floor":7,"key":"SteroidPotion"},{"floor":12,"key":"SteroidPotion"}],"is_trial":false,"path_per_floor":["M","M","M","M","$","R","E","R","T","E","M","M","M","?","R","B"],"character_chosen":"THE_SILENT","items_purchased":["Bronze Scales"],"campfire_rested":2,"item_purchase_floors":[5],"current_hp_per_floor":[64,47,40,26,26,47,22,22,22,6,6,6,6,6,27,0,0],"gold":299,"neow_bonus":"ONE_RARE_RELIC","is_daily":false,"chose_seed":false,"campfire_upgraded":1,"win_rate":0.0,"timestamp":1607670768,"path_taken":["M","M","?","M","$","R","E","R","T","E","M","M","M","?","R","BOSS"],"items_purchased_type":["Relic"],"build_version":"2020-11-30","purchased_purges":0,"victory":false,"max_hp_per_floor":[70,70,70,70,70,70,70,70,70,70,70,70,70,70,70,70,70],"card_choices":[{"not_picked":["Dagger Throw","Reflex"],"picked":"Bane","floor":1},{"not_picked":["Backflip","Infinite Blades"],"picked":"Catalyst","floor":2},{"not_picked":["PiercingWail","Eviscerate"],"picked":"Outmaneuver","floor":3},{"not_picked":["Dodge and Roll","Prepared","Distraction"],"picked":"SKIP","floor":4},{"not_picked":["Skewer","Infinite Blades"],"picked":"Poisoned Stab","floor":7},{"not_picked":["Acrobatics","Grand Finale"],"picked":"Backstab","floor":10},{"not_picked":["Calculated Gamble","Blade Dance","Dagger Spray"],"picked":"SKIP","floor":11},{"not_picked":["Skewer","Prepared","Heel Hook"],"picked":"SKIP","floor":12},{"not_picked":["PiercingWail","Footwork"],"picked":"Deflect","floor":13}],"player_experience":45601,"relics_obtained":[{"floor":7,"key":"Anchor"},{"floor":9,"key":"Bottled Flame"},{"floor":10,"key":"Shovel"}],"event_choices":[{"damage_healed":0,"gold_gain":175,"player_choice":"AGREE","damage_taken":0,"max_hp_gain":0,"max_hp_loss":0,"event_name":"Liars Game","floor":14,"gold_loss":0,"cards_obtained":["Doubt"]}],"is_beta":false,"boss_relics":[],"items_purged_floors":[],"is_endless":false,"potions_floor_spawned":[1,3,7,12],"killed_by":"Slime Boss","ascension_level":0}}