{"host":"jpcy2bclvs7juczu","time":1607694920,"event":{"mods":["BaseMod","Bestiary","Block Reminder","Colored Map","Colored Powertips","Curses Come First","Filter the Spire","Minty Spire (QoL Compilation)","Quick Restart","Relic Stats","StSLib","everything is the same but u backflip on backflip","ojb\u0027s Better Paths Mod","ojb\u0027s Info Mod","slay the spire mod where everything is the same but ironclad has a cowboy hat"],"gold_per_floor":[111,127,127,127,52,52,92,92,92,135,44,44,88,102,102,196,196,219,243,99,99,99,99,137,155,155,155,195,195,215,20,20,109,109,123,123,142,166,66,66,101,101,101,101,101,125,148,148,148,148,148],"floor_reached":50,"playtime":2610,"items_purged":["Defend_B","Pain"],"score":1098,"play_id":"e0841884-ed7e-481d-8a8e-2c9602d30502","local_time":"20201211085520","is_ascension_mode":true,"campfire_choices":[{"data":"Ball Lightning","floor":6.0,"key":"SMITH"},{"data":"Streamline","floor":8.0,"key":"SMITH"},{"data":"Seek","floor":15.0,"key":"SMITH"},{"data":"Hologram","floor":23.0,"key":"SMITH"},{"data":"Chill","floor":27.0,"key":"SMITH"},{"data":"Beam Cell","floor":32.0,"key":"SMITH"},{"data":"Echo Form","floor":40.0,"key":"SMITH"},{"data":"Aggregate","floor":42.0,"key":"SMITH"},{"floor":49,"key":"RECALL"}],"circlet_count":0,"master_deck":["AscendersBane","Strike_B","Defend_B","Defend_B","Defend_B","Zap","Dualcast","CurseOfTheBell","FTL","Ball Lightning+1","Seek+1","Streamline+1","All For One","Flash of Steel","Gash","Streamline","Core Surge","Gash+1","Steam Power","Hologram+1","Self Repair","Seek+1","Chill+1","Scrape","Electrodynamics","Beam Cell+1","Echo Form+1","Conserve Battery+1","Aggregate+1","Hologram+1","Purity","Steam Power+1","Doubt"],"relics":["Calling Bell","Art of War","Pantograph","FossilizedHelix","Golden Idol","MealTicket","Ancient Tea Set","Girya","Coffee Dripper","Strawberry","Bottled Tornado","Bag of Marbles","WarpedTongs","Frozen Eye","Runic Pyramid","Emotion Chip","The Courier"],"acts_visited":["TheCity","TheBeyond"],"potions_floor_usage":[],"damage_taken":[{"damage":0.0,"enemies":"Jaw Worm","floor":1.0,"turns":3.0},{"damage":0.0,"enemies":"Cultist","floor":2.0,"turns":4.0},{"damage":25.0,"enemies":"3 Sentries","floor":7.0,"turns":6.0},{"damage":5.0,"enemies":"Lagavulin","floor":10.0,"turns":6.0},{"damage":0.0,"enemies":"Gremlin Nob","floor":13.0,"turns":3.0},{"damage":0.0,"enemies":"Small Slimes","floor":14.0,"turns":2.0},{"damage":56.0,"enemies":"Hexaghost","floor":16.0,"turns":8.0},{"damage":16.0,"enemies":"Shell Parasite","floor":18.0,"turns":4.0},{"damage":7.0,"enemies":"3 Byrds","floor":19.0,"turns":4.0},{"damage":35.0,"enemies":"Book of Stabbing","floor":24.0,"turns":4.0},{"damage":0.0,"enemies":"Cultist and Chosen","floor":25.0,"turns":5.0},{"damage":8.0,"enemies":"Gremlin Leader","floor":28.0,"turns":6.0},{"damage":4.0,"enemies":"Centurion and Healer","floor":30.0,"turns":4.0},{"damage":41.0,"enemies":"Collector","floor":33.0,"turns":4.0},{"damage":0.0,"enemies":"3 Shapes","floor":35.0,"turns":4.0},{"damage":1.0,"enemies":"Orb Walker","floor":37.0,"turns":3.0},{"damage":5.0,"enemies":"3 Darklings","floor":38.0,"turns":4.0},{"damage":59.0,"enemies":"Reptomancer","floor":41.0,"turns":5.0},{"damage":0.0,"enemies":"Transient","floor":46.0,"turns":6.0},{"damage":7,"enemies":"Jaw Worm Horde","floor":47,"turns":4},{"damage":73,"enemies":"Donu and Deca","floor":50,"turns":5}],"seed_played":"9115165951683228059","potions_obtained":[{"floor":2.0,"key":"PotionOfCapacity"},{"floor":14.0,"key":"FocusPotion"},{"floor":19.0,"key":"Block Potion"},{"floor":24.0,"key":"Weak Potion"},{"floor":30.0,"key":"DistilledChaos"},{"floor":33.0,"key":"Ancient Potion"},{"floor":37.0,"key":"CultistPotion"},{"floor":47,"key":"PotionOfCapacity"}],"is_trial":false,"path_per_floor":["M","M","?","?","$","R","E","R","T","E","$","?","E","M","R","B",null,"M","M","$","?","?","R","E","M","T","R","E","?","M","$","R","B",null,"M","?","M","M","$","R","E","R","T","?","?","M","M","?","R","B"],"character_chosen":"DEFECT","items_purchased":["Flash of Steel","Hologram","Self Repair","Frozen Eye","Beam Cell"],"campfire_rested":0,"item_purchase_floors":[11,20,20,31,31],"current_hp_per_floor":[64,64,64,64,64,64,39,39,39,34,49,49,49,49,49,8,50,34,27,42,42,42,42,21,28,28,28,27,27,30,45,45,36,62,71,71,71,71,71,71,22,22,22,22,22,32,35,71,71,0,0],"gold":148,"neow_bonus":"BOSS_RELIC","is_daily":false,"chose_seed":false,"campfire_upgraded":8,"win_rate":0.0,"timestamp":1607694920,"path_taken":["M","M","?","?","$","R","E","R","T","E","$","?","E","M","R","BOSS","M","M","$","?","?","R","E","?","T","R","E","?","?","$","R","BOSS","M","?","?","M","$","R","E","R","T","?","?","M","M","?","R","BOSS"],"items_purchased_type":["Card","Card","Card","Relic","Card"],"build_version":"2020-11-30","purchased_purges":2,"victory":false,"max_hp_per_floor":[71,71,64,64,64,64,64,64,64,64,64,64,64,64,64,64,64,64,64,64,64,64,64,71,71,71,71,71,71,71,71,71,71,71,71,71,71,71,71,71,71,71,71,71,71,71,71,71,71,71,71],"relic_stats":{"Emotion Chip":[7,7,0,0,0],"counters":[21,94],"Golden Idol":129,"Pantograph":40,"MealTicket":45,"Art of War":[3],"obtain_stats":[{"Girya":13,"Golden Idol":3,"The Courier":43,"Bottled Tornado":26,"Ancient Tea Set":10,"WarpedTongs":29,"Calling Bell":0,"Frozen Eye":31,"Emotion Chip":41,"Pantograph":0,"Strawberry":24,"MealTicket":7,"Art of War":0,"Coffee Dripper":17,"Bag of Marbles":28,"Cracked Core":0,"FossilizedHelix":0,"Runic Pyramid":34},{"Girya":5,"Golden Idol":2,"The Courier":18,"Bottled Tornado":11,"Ancient Tea Set":4,"WarpedTongs":12,"Calling Bell":0,"Frozen Eye":13,"Emotion Chip":18,"Pantograph":0,"Strawberry":10,"MealTicket":3,"Art of War":0,"Coffee Dripper":7,"Bag of Marbles":12,"Cracked Core":0,"FossilizedHelix":0,"Runic Pyramid":14},{"Girya":22,"Golden Idol":7,"The Courier":79,"Bottled Tornado":49,"Ancient Tea Set":19,"WarpedTongs":55,"Calling Bell":0,"Frozen Eye":59,"Emotion Chip":79,"Pantograph":0,"Strawberry":44,"MealTicket":13,"Art of War":0,"Coffee Dripper":32,"Bag of Marbles":55,"Cracked Core":0,"FossilizedHelix":0,"Runic Pyramid":63}],"WarpedTongs":[39]},"card_choices":[{"not_picked":["Conserve Battery","Go for the Eyes"],"picked":"FTL","floor":1.0},{"not_picked":["Scrape","Hologram"],"picked":"Ball Lightning","floor":2.0},{"not_picked":["Self Repair","Skim"],"picked":"Streamline","floor":7.0},{"not_picked":["Leap","Melter"],"picked":"All For One","floor":10.0},{"not_picked":["Turbo","Coolheaded"],"picked":"Gash","floor":13.0},{"not_picked":["Turbo","Stack"],"picked":"Streamline","floor":14.0},{"not_picked":["Seek","Thunder Strike"],"picked":"Core Surge","floor":16.0},{"not_picked":["Beam Cell","Barrage"],"picked":"Gash+1","floor":18.0},{"not_picked":["Loop","Rebound"],"picked":"Steam Power","floor":19.0},{"not_picked":["Rainbow","Double Energy"],"picked":"Chill","floor":24.0},{"not_picked":["Ball Lightning","Streamline"],"picked":"Scrape","floor":25.0},{"not_picked":["Hello World","Barrage","Ball Lightning"],"picked":"SKIP","floor":28.0},{"not_picked":["Heatsinks","Go for the Eyes"],"picked":"Electrodynamics","floor":30.0},{"not_picked":["Creative AI","Core Surge"],"picked":"Echo Form","floor":33.0},{"not_picked":["Fusion+1","Turbo"],"picked":"Conserve Battery+1","floor":35.0},{"not_picked":["Redo","Barrage"],"picked":"Hologram+1","floor":37.0},{"not_picked":["Ball Lightning","Conserve Battery","Melter"],"picked":"SKIP","floor":38.0},{"not_picked":["Rebound","Multi-Cast","Sunder"],"picked":"SKIP","floor":41.0},{"not_picked":["Mayhem","Impatience"],"picked":"Purity","floor":44.0},{"not_picked":["Cold Snap","Steam","Streamline"],"picked":"SKIP","floor":46.0},{"not_picked":["Loop+1","Reinforced Body"],"picked":"Steam Power+1","floor":47}],"player_experience":1476506,"relics_obtained":[{"floor":0.0,"key":"Art of War"},{"floor":0.0,"key":"Pantograph"},{"floor":0.0,"key":"FossilizedHelix"},{"floor":7.0,"key":"MealTicket"},{"floor":10.0,"key":"Ancient Tea Set"},{"floor":13.0,"key":"Girya"},{"floor":24.0,"key":"Strawberry"},{"floor":26.0,"key":"Bottled Tornado"},{"floor":28.0,"key":"Bag of Marbles"},{"floor":41.0,"key":"Emotion Chip"},{"floor":43.0,"key":"The Courier"}],"event_choices":[{"damage_healed":0.0,"max_hp_gain":0.0,"max_hp_loss":7.0,"gold_gain":0.0,"event_name":"Golden Idol","player_choice":"Lose Max HP","floor":3.0,"gold_loss":0.0,"damage_taken":0.0,"relics_obtained":["Golden Idol"]},{"damage_healed":0.0,"max_hp_gain":0.0,"max_hp_loss":0.0,"gold_gain":0.0,"cards_transformed":["Strike_B"],"event_name":"Living Wall","player_choice":"Change","floor":4.0,"gold_loss":0.0,"damage_taken":0.0,"cards_obtained":["Seek"]},{"cards_removed":["Strike_B"],"damage_healed":0.0,"max_hp_gain":0.0,"max_hp_loss":0.0,"gold_gain":0.0,"event_name":"Bonfire Elementals","player_choice":"Offered Basic","floor":12.0,"gold_loss":0.0,"damage_taken":0.0},{"damage_healed":0.0,"max_hp_gain":0.0,"max_hp_loss":0.0,"gold_gain":0.0,"event_name":"The Mausoleum","player_choice":"Ignored","floor":21.0,"gold_loss":0.0,"damage_taken":0.0},{"damage_healed":0.0,"max_hp_gain":0.0,"max_hp_loss":0.0,"gold_gain":0.0,"event_name":"Duplicator","player_choice":"Copied","floor":22.0,"gold_loss":0.0,"damage_taken":0.0,"cards_obtained":["Seek"]},{"damage_healed":0.0,"max_hp_gain":0.0,"max_hp_loss":0.0,"gold_gain":0.0,"event_name":"Accursed Blacksmith","player_choice":"Rummage","floor":29.0,"gold_loss":0.0,"damage_taken":0.0,"relics_obtained":["WarpedTongs"],"cards_obtained":["Pain"]},{"damage_healed":0.0,"max_hp_gain":0.0,"max_hp_loss":0.0,"gold_gain":0.0,"cards_transformed":["Strike_B"],"event_name":"Transmorgrifier","player_choice":"Transformed","floor":36.0,"gold_loss":0.0,"damage_taken":0.0,"cards_obtained":["Aggregate"]},{"damage_healed":0.0,"max_hp_gain":0.0,"max_hp_loss":0.0,"gold_gain":0.0,"event_name":"SensoryStone","player_choice":"Memory 1","floor":44.0,"gold_loss":0.0,"damage_taken":0.0},{"damage_healed":0.0,"max_hp_gain":0.0,"max_hp_loss":0.0,"gold_gain":0.0,"event_name":"Mysterious Sphere","player_choice":"Ignored","floor":45.0,"gold_loss":0.0,"damage_taken":0.0},{"damage_healed":36,"gold_gain":0,"player_choice":"Heal","damage_taken":0,"max_hp_gain":0,"max_hp_loss":0,"event_name":"MindBloom","floor":48,"gold_loss":0,"cards_obtained":["Doubt"]}],"is_beta":false,"boss_relics":[{"not_picked":["Cursed Key","Fusion Hammer"],"picked":"Coffee Dripper"},{"not_picked":["Busted Crown","Black Star"],"picked":"Runic Pyramid"}],"items_purged_floors":[5,39],"is_endless":false,"potions_floor_spawned":[2,14,19,24,30,33,37,47],"killed_by":"Donu and Deca","ascension_level":20}}