{"host":"ljavmhyz2e552xgo","time":1607710584,"event":{"mods":["BaseMod","Better Third Choice","Friendly Minions","Googly Eyes","Hermit","Jorbs\u0027s Wanderer Trilogy","Minty Spire (QoL Compilation)","Permanent Neow","Relic Stats","Robot Space Explorer","Shop Mod","Spicy Shops","StSLib"],"gold_per_floor":[116,127,127,141,153,153,4,4,31,31,43,72,85,85,85,183,183,153,153],"floor_reached":18,"playtime":1028,"items_purged":[],"score":162,"play_id":"39872dc1-4b66-4db9-92be-64a1d5ac10e0","local_time":"20201211121624","is_ascension_mode":false,"campfire_choices":[{"data":"hermit:ShadowCloak","floor":6.0,"key":"SMITH"},{"data":"hermit:Vantage","floor":8.0,"key":"SMITH"},{"data":"hermit:Snapshot","floor":10.0,"key":"SMITH"},{"data":"hermit:FlashPowder","floor":15.0,"key":"SMITH"}],"circlet_count":0,"master_deck":["hermit:Strike_Hermit","hermit:Strike_Hermit","hermit:Strike_Hermit","hermit:Strike_Hermit","hermit:Defend_Hermit","hermit:Defend_Hermit","hermit:Defend_Hermit","hermit:Defend_Hermit","hermit:Snapshot+1","hermit:Covet+1","hermit:RoundhouseKick","hermit:Vantage+1","hermit:HoleUp+1","hermit:ShadowCloak+1","hermit:Horror","hermit:DeadMansHand+1","hermit:FlashPowder+1","hermit:Snipe","hermit:Gambit"],"relics":["hermit:Momento","Pocketwatch","PreservedInsect","War Paint","Snecko Eye"],"acts_visited":["Exordium","TheCity"],"potions_floor_usage":[],"damage_taken":[{"damage":0.0,"enemies":"2 Louse","floor":1.0,"turns":2.0},{"damage":1.0,"enemies":"Jaw Worm","floor":2.0,"turns":3.0},{"damage":0.0,"enemies":"Small Slimes","floor":4.0,"turns":3.0},{"damage":0.0,"enemies":"Gremlin Gang","floor":5.0,"turns":2.0},{"damage":0.0,"enemies":"3 Louse","floor":11.0,"turns":1.0},{"damage":9.0,"enemies":"Gremlin Nob","floor":12.0,"turns":3.0},{"damage":0.0,"enemies":"Blue Slaver","floor":13.0,"turns":4.0},{"damage":5.0,"enemies":"The Guardian","floor":16.0,"turns":16.0},{"damage":5,"enemies":"2 Thieves","floor":18,"turns":2}],"seed_played":"5506998091412556593","potions_obtained":[{"floor":1.0,"key":"DistilledChaos"},{"floor":4.0,"key":"SpeedPotion"},{"floor":5.0,"key":"LiquidBronze"},{"floor":13.0,"key":"FearPotion"}],"is_trial":false,"path_per_floor":["M","M","?","M","M","R","$","R","T","R","M","E","M","?","R","B",null,"M"],"character_chosen":"HERMIT","items_purchased":["Pocketwatch"],"campfire_rested":0,"item_purchase_floors":[7],"current_hp_per_floor":[54,53,53,53,53,53,53,53,53,53,53,44,44,44,44,39,75,70,70],"gold":153,"neow_bonus":"THREE_RARE_CARDS","is_daily":false,"chose_seed":false,"campfire_upgraded":4,"win_rate":0.0,"timestamp":1607710584,"path_taken":["M","M","?","M","M","R","$","R","T","R","M","E","M","?","R","BOSS","M"],"items_purchased_type":["Relic"],"build_version":"2020-11-30","purchased_purges":0,"victory":false,"max_hp_per_floor":[75,75,75,75,75,75,75,75,75,75,75,75,75,75,75,75,75,75,75],"relic_stats":{"counters":[9,36],"Snecko Eye":[3,3,3,4],"PreservedInsect":21,"War Paint":["hermit:DeadMansHand","hermit:Covet"],"obtain_stats":[{"Snecko Eye":17,"PreservedInsect":9,"War Paint":12,"hermit:Momento":0,"Pocketwatch":7},{"Snecko Eye":8,"PreservedInsect":4,"War Paint":6,"hermit:Momento":0,"Pocketwatch":4},{"Snecko Eye":34,"PreservedInsect":10,"War Paint":14,"hermit:Momento":0,"Pocketwatch":10}],"Pocketwatch":[36]},"card_choices":[{"not_picked":["hermit:FinalCanter","hermit:Reprieve"],"picked":"hermit:RoundhouseKick","floor":0.0},{"not_picked":["hermit:Cheat","hermit:Manifest"],"picked":"hermit:Vantage","floor":1.0},{"not_picked":["hermit:TrackingShot","hermit:Ricochet"],"picked":"hermit:HoleUp","floor":2.0},{"not_picked":["hermit:EternalForm","hermit:Virtue"],"picked":"hermit:ShadowCloak","floor":4.0},{"not_picked":["hermit:Deadeye","hermit:Ricochet"],"picked":"hermit:Horror","floor":5.0},{"not_picked":["hermit:Ricochet","hermit:NoHoldsBarred"],"picked":"hermit:DeadMansHand","floor":11.0},{"not_picked":["hermit:BigShot","hermit:Quickdraw"],"picked":"hermit:FlashPowder","floor":12.0},{"not_picked":["hermit:ItchyTrigger","hermit:Malice"],"picked":"hermit:Snipe","floor":13.0},{"not_picked":["hermit:EternalForm","hermit:RoundhouseKick"],"picked":"hermit:Gambit","floor":16.0}],"player_experience":1365747,"relics_obtained":[{"floor":9.0,"key":"PreservedInsect"},{"floor":12.0,"key":"War Paint"}],"event_choices":[{"damage_healed":0.0,"max_hp_gain":0.0,"max_hp_loss":0.0,"gold_gain":0.0,"event_name":"Living Wall","player_choice":"Grow","floor":3.0,"gold_loss":0.0,"damage_taken":0.0,"cards_upgraded":["hermit:HoleUp"]},{"damage_healed":0.0,"max_hp_gain":0.0,"max_hp_loss":0.0,"gold_gain":0.0,"event_name":"Golden Idol","player_choice":"Ignored","floor":14.0,"gold_loss":0.0,"damage_taken":0.0}],"is_beta":false,"boss_relics":[{"not_picked":["Velvet Choker","Pandora\u0027s Box"],"picked":"Snecko Eye"}],"items_purged_floors":[],"is_endless":false,"potions_floor_spawned":[1,4,5,13],"killed_by":"2 Thieves","ascension_level":0}}