{"host":"00f1p9ihhzi7hxfk","time":1607695337,"event":{"mods":["BaseMod","Colored Map","Colored Powertips","Minty Spire (QoL Compilation)","Rare Cards Sparkle","Relic Stats"],"gold_per_floor":[112,125,16,36,46,46,60,80,80,80,91,107,117,131,131,131,131],"floor_reached":16,"playtime":1498,"items_purged":["Strike_G"],"score":100,"play_id":"8de4256d-277f-425d-9d83-6f46424a8b01","local_time":"20201211150217","is_ascension_mode":false,"campfire_choices":[{"data":"PiercingWail","floor":6,"key":"SMITH"},{"floor":10,"key":"REST"},{"data":"PanicButton","floor":15,"key":"SMITH"}],"circlet_count":0,"master_deck":["Strike_G","Strike_G","Strike_G","Strike_G","Defend_G","Defend_G","Defend_G","Defend_G","Defend_G","Survivor","Neutralize","PanicButton+1","Dodge and Roll","PiercingWail+1","Flechettes","Bane","Poisoned Stab","Skewer","Prepared","Poisoned Stab","Die Die Die","Crippling Poison+1","Flechettes"],"relics":["Ring of the Snake","Toxic Egg 2"],"acts_visited":["Exordium"],"potions_floor_usage":[],"damage_taken":[{"damage":9,"enemies":"Cultist","floor":1,"turns":5},{"damage":3,"enemies":"Jaw Worm","floor":2,"turns":9},{"damage":7,"enemies":"Small Slimes","floor":4,"turns":5},{"damage":3,"enemies":"Blue Slaver","floor":5,"turns":8},{"damage":0,"enemies":"Large Slime","floor":7,"turns":6},{"damage":13,"enemies":"2 Fungi Beasts","floor":8,"turns":4},{"damage":20,"enemies":"3 Louse","floor":11,"turns":5},{"damage":20,"enemies":"Large Slime","floor":12,"turns":6},{"damage":9,"enemies":"2 Fungi Beasts","floor":13,"turns":3},{"damage":0,"enemies":"3 Louse","floor":14,"turns":3},{"damage":9,"enemies":"The Guardian","floor":16,"turns":2}],"seed_played":"-127426267193253638","potions_obtained":[{"floor":5,"key":"FearPotion"},{"floor":11,"key":"LiquidBronze"},{"floor":12,"key":"Block Potion"}],"is_trial":false,"path_per_floor":["M","M","$","M","M","R","M","M","T","R","M","M","M","M","R","B"],"character_chosen":"THE_SILENT","items_purchased":["Flechettes"],"campfire_rested":1,"item_purchase_floors":[3],"current_hp_per_floor":[61,58,58,51,48,48,48,35,35,56,36,16,7,7,7,0,0],"gold":131,"neow_bonus":"RANDOM_COLORLESS","is_daily":false,"chose_seed":false,"campfire_upgraded":2,"win_rate":0.0,"timestamp":1607695337,"path_taken":["M","?","$","M","M","R","M","M","T","R","M","M","?","M","R","BOSS"],"items_purchased_type":["Card"],"build_version":"2020-11-30","purchased_purges":1,"victory":false,"max_hp_per_floor":[70,70,70,70,70,70,70,70,70,70,70,70,70,70,70,70,70],"relic_stats":{"counters":[11,56],"obtain_stats":[{"Toxic Egg 2":9,"Ring of the Snake":0},{"Toxic Egg 2":6,"Ring of the Snake":0},{"Toxic Egg 2":37,"Ring of the Snake":0}],"Ring of the Snake":[22]},"card_choices":[{"not_picked":["Panacea","Enlightenment"],"picked":"PanicButton","floor":0},{"not_picked":["Dagger Spray","Dagger Throw"],"picked":"Dodge and Roll","floor":1},{"not_picked":["Masterful Stab","Dodge and Roll"],"picked":"PiercingWail","floor":2},{"not_picked":["Escape Plan","Glass Knife"],"picked":"Bane","floor":4},{"not_picked":["Acrobatics","Outmaneuver"],"picked":"Poisoned Stab","floor":5},{"not_picked":["Sucker Punch","Calculated Gamble"],"picked":"Skewer","floor":7},{"not_picked":["Dash","Dagger Throw"],"picked":"Prepared","floor":8},{"not_picked":["Underhanded Strike","All Out Attack"],"picked":"Poisoned Stab","floor":11},{"not_picked":["Blade Dance+1","Crippling Poison+1"],"picked":"Die Die Die","floor":12},{"not_picked":["Dagger Throw","Predator"],"picked":"Crippling Poison+1","floor":13},{"not_picked":["Tactician+1","Escape Plan+1"],"picked":"Flechettes","floor":14}],"player_experience":31163,"relics_obtained":[{"floor":9,"key":"Toxic Egg 2"}],"event_choices":[],"is_beta":false,"boss_relics":[],"items_purged_floors":[3],"is_endless":false,"potions_floor_spawned":[5,11,12,13,14],"killed_by":"The Guardian","ascension_level":0}}