{"host":"f55lpzc7830gmx23","time":1607713568,"event":{"mods":["BaseMod","Better Note","Downfall","Hermit","Minty Spire (QoL Compilation)","StSLib","The Blackbeard","The Cursed","The Necromancer"],"gold_per_floor":[212,212,228,73,73,107,107,107,107,282,307,317,317,99,99,99,99],"floor_reached":16,"playtime":701,"items_purged":["Doubt"],"score":117,"play_id":"c0edfce8-eb39-4956-bf91-14c8db69df67","local_time":"20201211200608","is_ascension_mode":true,"campfire_choices":[{"floor":7.0,"key":"REST"},{"floor":15.0,"key":"REST"}],"circlet_count":0,"master_deck":["Strike_R","Strike_R","Strike_R","Strike_R","Strike_R","Defend_R","Defend_R","Defend_R","Defend_R","Bash","Body Slam","Body Slam+1","True Grit","Metallicize","Armaments"],"relics":["Burning Blood","Juzu Bracelet","HornCleat","NlothsMask","Anchor","Dream Catcher","Oddly Smooth Stone"],"acts_visited":["Exordium"],"potions_floor_usage":[16,16],"damage_taken":[{"damage":1.0,"enemies":"Cultist","floor":1.0,"turns":4.0},{"damage":1.0,"enemies":"2 Louse","floor":3.0,"turns":3.0},{"damage":54.0,"enemies":"Lagavulin","floor":6.0,"turns":6.0},{"damage":50.0,"enemies":"Gremlin Nob","floor":11.0,"turns":5.0},{"damage":0.0,"enemies":"Jaw Worm","floor":12.0,"turns":2.0},{"damage":42,"enemies":"Slime Boss","floor":16,"turns":8}],"seed_played":"7845468160224718258","potions_obtained":[{"floor":2.0,"key":"HeartOfIron"},{"floor":2.0,"key":"FearPotion"},{"floor":2.0,"key":"SteroidPotion"},{"floor":12.0,"key":"Weak Potion"}],"is_trial":false,"path_per_floor":["M","?","M","$","?","E","R","?","T","?","E","M","T","$","R","B"],"character_chosen":"IRONCLAD","items_purchased":["Juzu Bracelet","Oddly Smooth Stone"],"campfire_rested":2,"item_purchase_floors":[4,14],"current_hp_per_floor":[80,80,80,80,80,32,56,56,56,56,12,18,18,18,42,0,0],"gold":99,"neow_bonus":"HUNDRED_GOLD","is_daily":false,"chose_seed":false,"campfire_upgraded":0,"win_rate":0.0,"timestamp":1607713568,"path_taken":["M","?","M","?","?","E","R","?","T","?","E","M","?","$","R","BOSS"],"items_purchased_type":["Relic","Relic"],"build_version":"2020-11-30","purchased_purges":1,"victory":false,"max_hp_per_floor":[80,80,80,80,80,80,80,80,80,80,80,80,80,80,80,80,80],"card_choices":[{"not_picked":["Armaments","Havoc"],"picked":"Body Slam","floor":1.0},{"not_picked":["Headbutt","Wild Strike"],"picked":"Body Slam","floor":3.0},{"not_picked":["Pummel","Reckless Charge"],"picked":"True Grit","floor":6.0},{"not_picked":["Clothesline","Infernal Blade"],"picked":"Metallicize","floor":11.0},{"not_picked":["Pummel","Iron Wave","Burning Pact"],"picked":"SKIP","floor":12.0},{"not_picked":["Rage","Entrench"],"picked":"Armaments","floor":15.0}],"player_experience":391163,"relics_obtained":[{"floor":6.0,"key":"HornCleat"},{"floor":11.0,"key":"Anchor"},{"floor":13.0,"key":"Dream Catcher"}],"event_choices":[{"damage_healed":0.0,"max_hp_gain":0.0,"max_hp_loss":0.0,"gold_gain":0.0,"event_name":"Lab","player_choice":"Got Potions","floor":2.0,"gold_loss":0.0,"damage_taken":0.0},{"damage_healed":0.0,"max_hp_gain":0.0,"max_hp_loss":0.0,"gold_gain":0.0,"event_name":"Living Wall","player_choice":"Grow","floor":5.0,"gold_loss":0.0,"damage_taken":0.0,"cards_upgraded":["Body Slam"]},{"damage_healed":0.0,"max_hp_gain":0.0,"max_hp_loss":0.0,"gold_gain":0.0,"event_name":"FaceTrader","player_choice":"Trade","floor":8.0,"gold_loss":0.0,"damage_taken":0.0,"relics_obtained":["NlothsMask"]},{"damage_healed":0.0,"max_hp_gain":0.0,"max_hp_loss":0.0,"gold_gain":175.0,"event_name":"Liars Game","player_choice":"AGREE","floor":10.0,"gold_loss":0.0,"damage_taken":0.0,"cards_obtained":["Doubt"]}],"is_beta":false,"boss_relics":[],"items_purged_floors":[14],"is_endless":false,"potions_floor_spawned":[12],"killed_by":"Slime Boss","ascension_level":2}}