{"host":"2tm6xm08dp1xm6bk","time":1607724501,"event":{"mods":["2.2 Compatiblity","AchievementEnabler","BaseMod","Colored Map","Conspire","Downfall","Hermit","Minty Spire (QoL Compilation)","Replay The Spire","StSLib","The Cursed","The Servant 0.9.4"],"gold_per_floor":[99,110,130,140,158,71,71,88,88,88],"floor_reached":9,"playtime":741,"items_purged":[],"score":55,"play_id":"06d08e3e-51cb-4320-8654-f4c26f4c67cd","local_time":"20201211230821","is_ascension_mode":false,"campfire_choices":[{"data":"Slimebound:Split","floor":1,"key":"SMITH"}],"circlet_count":0,"master_deck":["Slimebound:Strike_Slimebound","Slimebound:Strike_Slimebound","Slimebound:Strike_Slimebound","Slimebound:Tackle","Slimebound:Defend_Slimebound","Slimebound:Defend_Slimebound","Slimebound:Defend_Slimebound","Slimebound:Defend_Slimebound","Slimebound:Split+1","Slimebound:CorrosiveSpit","Slimebound:SplitAcid","Slimebound:GoopSpray","Slimebound:SlimeTap","Slimebound:LeechingTouch","Slimebound:ViciousTackle","Slimebound:SplitBruiser","Slimebound:LeadByExample"],"relics":["Slimebound:AbsorbEndCombat","Mummified Hand"],"acts_visited":["Exordium"],"potions_floor_usage":[3],"damage_taken":[{"damage":7,"enemies":"2 Louse","floor":2,"turns":3},{"damage":16,"enemies":"Cultist","floor":3,"turns":3},{"damage":10,"enemies":"Small Slimes","floor":4,"turns":3},{"damage":21,"enemies":"Blue Slaver","floor":5,"turns":3},{"damage":15,"enemies":"downfall:FleeingMerchant","floor":6,"turns":4},{"damage":38,"enemies":"Red Slaver","floor":8,"turns":4},{"damage":44,"enemies":"Gremlin Nob","floor":9,"turns":3}],"seed_played":"-8607748316760780832","potions_obtained":[{"floor":3,"key":"EntropicBrew"}],"is_trial":false,"path_per_floor":["R","M","M","M","M","$","T","M","E"],"character_chosen":"SLIMEBOUND","items_purchased":["Slimebound:ViciousTackle","Slimebound:SplitBruiser"],"campfire_rested":0,"item_purchase_floors":[6,6],"current_hp_per_floor":[60,53,53,58,53,54,54,32,0,0],"gold":88,"neow_bonus":"","is_daily":false,"chose_seed":false,"campfire_upgraded":1,"win_rate":0.0,"timestamp":1607724501,"path_taken":["R","M","M","M","M","$","T","M","E"],"items_purchased_type":["Card","Card"],"build_version":"2020-11-30","purchased_purges":0,"victory":false,"max_hp_per_floor":[60,60,60,60,60,60,60,60,60,60],"card_choices":[{"not_picked":["Slimebound:SplitBruiser","Slimebound:DisruptingSlam"],"picked":"Slimebound:SplitAcid","floor":2},{"not_picked":["Slimebound:SplitBruiser","Slimebound:HauntingLick"],"picked":"Slimebound:GoopSpray","floor":3},{"not_picked":["Slimebound:FlameTackle","Slimebound:TongueLash"],"picked":"Slimebound:SlimeTap","floor":4},{"not_picked":["Slimebound:SplitLeeching","Slimebound:SamplingLick"],"picked":"Slimebound:LeechingTouch","floor":5},{"not_picked":["Slimebound:LeechEnergy","Slimebound:RejuvenatingLick"],"picked":"Slimebound:LeadByExample","floor":8}],"player_experience":0,"relics_obtained":[{"floor":7,"key":"Mummified Hand"}],"event_choices":[],"is_beta":false,"boss_relics":[],"items_purged_floors":[],"is_endless":false,"potions_floor_spawned":[3],"killed_by":"Gremlin Nob","ascension_level":0}}