{"host":"121m0oxswv9tg9hk","time":1607707611,"event":{"mods":["AchievementEnabler","Aspiration","BaseMod","Better Third Choice","Downfall","Hermit","Hubris","Infinite Spire","MarisaÅiñ∂âJÅ@ñÇóùçπÅj","Minty Spire (QoL Compilation)","Replay The Spire","Shade Mod","StSLib","The Construct","The Cursed","The Dragon Tamer","The Gatherer","The Hierophant","The Mystic"],"gold_per_floor":[87,114,114,140,140,160,160,264,264,369,475,475,613,705,705,818,818,897,988,1024,450,494,494,569,569,569,556,556,632,244,342,342,393,393,508,508,672,672,578,578,633,633,656,656,831,635,857,1009,1009,829],"floor_reached":51,"playtime":3377,"items_purged":["hierophant:BulkyChest+1","hierophant:Defend_Hierophant","Injury"],"score":808,"play_id":"5a58777f-2a4a-4c7c-87fc-182c3532ed3a","local_time":"20201211182651","is_ascension_mode":true,"campfire_choices":[{"data":"hierophant:ChurchCoffers","floor":7.0,"key":"SMITH"},{"floor":12.0,"key":"REST"},{"data":"expansioncontent:TimeRipple","floor":15.0,"key":"SMITH"},{"floor":23.0,"key":"REST"},{"floor":25.0,"key":"REST"},{"data":"hierophant:WrathOfGod","floor":28.0,"key":"SMITH"},{"floor":32.0,"key":"REST"},{"data":"hierophant:Punish","floor":40,"key":"SMITH"},{"floor":44,"key":"RECALL"},{"data":"hierophant:Charity","floor":49,"key":"SMITH"}],"circlet_count":0,"master_deck":["hierophant:Strike_Hierophant+1","hierophant:Strike_Hierophant+1","hierophant:Strike_Hierophant+1","hierophant:Punish+1","hierophant:Defend_Hierophant","hierophant:Defend_Hierophant","hierophant:Defend_Hierophant","hierophant:ChurchCoffers+1","expansioncontent:TimeRipple+1","hierophant:Doubloon","hierophant:Smite+1","hierophant:Bribe+1","hierophant:Martyrdom","hierophant:RustyCrate+1","hierophant:Doubloon+1","hierophant:Doubloon+1","hierophant:Encroach+1","hierophant:EyeForCoin+1","hierophant:Doubloon+1","hierophant:WrathOfGod+1","hierophant:Encroach+1","hierophant:Doubloon+1","hierophant:ArchangelShield","hierophant:RepressedViolence","hierophant:Refuge","hierophant:Doubloon+1","hierophant:AuricBeam","hierophant:Dazzle+1","hierophant:Doubloon+1","hierophant:Sermon+1","hierophant:SecretStash+1","hierophant:Doubloon+1","hierophant:Dazzle+1","hierophant:AuricForm","hierophant:Doubloon+1","hierophant:Cornucopia+1","hierophant:Smite+1","hierophant:Bribe+1","Swift Strike","hierophant:Doomsaying+1","hierophant:Doubloon+1","hierophant:Charity+1","hierophant:Doubloon+1"],"relics":["hierophant:PropheticMaskRelic","Toxic Egg 2","Replay:Rubber Ducky","hubris:Icosahedron","Toy Ornithopter","infinitespire:BottledMercury","Bottled Flame","hubris:ScarierMask","Red Mask","hubris:Potato","Ornamental Fan","Mercury Hourglass","Orichalcum","Regal Pillow","infinitespire:EvilPickle","aspiration:SecretTechniqueScroll","Replay:Bottled Eggs"],"acts_visited":["Exordium","TheCity","TheBeyond"],"potions_floor_usage":[39,50],"damage_taken":[{"damage":0.0,"enemies":"Jaw Worm","floor":1.0,"turns":4.0},{"damage":2.0,"enemies":"2 Louse","floor":2.0,"turns":3.0},{"damage":8.0,"enemies":"Gremlin Nob","floor":6.0,"turns":3.0},{"damage":0.0,"enemies":"Small Slimes","floor":8.0,"turns":2.0},{"damage":6.0,"enemies":"2 Fungi Beasts","floor":10.0,"turns":3.0},{"damage":29.0,"enemies":"Lagavulin","floor":11.0,"turns":10.0},{"damage":8.0,"enemies":"Red Slaver","floor":13.0,"turns":2.0},{"damage":6.0,"enemies":"Blue Slaver","floor":14.0,"turns":4.0},{"damage":41.0,"enemies":"Slime Boss","floor":16.0,"turns":17.0},{"damage":33.0,"enemies":"Spheric Guardian","floor":18.0,"turns":4.0},{"damage":25.0,"enemies":"2 Thieves","floor":19.0,"turns":3.0},{"damage":2.0,"enemies":"Masked Bandits","floor":20.0,"turns":3.0},{"damage":0.0,"enemies":"3 Cultists","floor":22.0,"turns":2.0},{"damage":14.0,"enemies":"Slavers","floor":24.0,"turns":2.0},{"damage":15.0,"enemies":"Replay:Snechameleon","floor":27.0,"turns":7.0},{"damage":0.0,"enemies":"Sentry and Sphere","floor":29.0,"turns":4.0},{"damage":0.0,"enemies":"Centurion and Healer","floor":31.0,"turns":3.0},{"damage":6.0,"enemies":"Pondfish","floor":33.0,"turns":6.0},{"damage":0,"enemies":"3 Shapes","floor":35,"turns":1},{"damage":1,"enemies":"Orb Walker","floor":37,"turns":4},{"damage":8,"enemies":"Transient","floor":39,"turns":4},{"damage":0,"enemies":"Reptomancer","floor":41,"turns":3},{"damage":5,"enemies":"Sphere and 2 Shapes","floor":45,"turns":3},{"damage":6,"enemies":"3 Darklings","floor":48,"turns":3},{"damage":14,"enemies":"infinitespire:MassOfShapes","floor":50,"turns":7}],"seed_played":"8531017905933528091","potions_obtained":[{"floor":2.0,"key":"Energy Potion"},{"floor":11.0,"key":"Adrenaline Potion"},{"floor":14.0,"key":"Doom Potion"},{"floor":22.0,"key":"SmokeBomb"},{"floor":31.0,"key":"Languid Potion"},{"floor":45,"key":"DuplicationPotion"}],"is_trial":false,"path_per_floor":["M","M","?","T","?","E","R","M","T","M","E","R","M","M","R","B",null,"M","M","?","$","M","R","E","R","T","E","R","M","$","M","R","B",null,"M","?","M","?","M","R","E","?","T","R","M","$","?","M","R","B",null],"character_chosen":"HIEROPHANT","items_purchased":["hierophant:Refuge","hubris:Potato","hierophant:AuricBeam","hierophant:Dazzle+1","Regal Pillow","hierophant:AuricForm","hierophant:Doomsaying+1"],"campfire_rested":4,"item_purchase_floors":[21,21,21,21,30,30,46],"current_hp_per_floor":[75,73,73,73,73,65,65,65,65,59,30,52,49,43,43,2,75,42,17,15,15,15,37,23,45,45,30,30,30,30,30,67,61,75,75,75,74,74,71,71,71,71,71,71,66,66,66,60,60,51],"gold":829,"neow_bonus":"RANDOM_COLORLESS","is_daily":false,"chose_seed":false,"campfire_upgraded":5,"win_rate":0.0,"timestamp":1607707611,"path_taken":["M","M","?","?","?","E","R","M","T","?","E","R","M","M","R","BOSS","M","M","?","$","M","R","E","R","T","E","R","M","$","M","R","BOSS","M","?","M","?","M","R","E","?","T","R","?","$","?","M","R","BOSS"],"items_purchased_type":["Card","Relic","Card","Card","Relic","Card","Card"],"build_version":"2020-11-30","purchased_purges":3,"victory":true,"max_hp_per_floor":[75,75,75,75,75,75,75,75,75,75,75,75,75,75,75,75,75,75,75,75,75,75,75,75,75,75,75,75,75,75,75,75,75,75,75,75,75,75,75,75,75,75,75,75,75,75,75,75,75,75],"card_choices":[{"not_picked":["expansioncontent:Chronoboost","expansioncontent:ChargeUp"],"picked":"expansioncontent:TimeRipple","floor":0.0},{"not_picked":["hierophant:TollTheBells","hierophant:Remorse"],"picked":"hierophant:Doubloon","floor":1.0},{"not_picked":["hierophant:FieryStrike","hierophant:SealAway"],"picked":"hierophant:Smite","floor":2.0},{"not_picked":["hierophant:SolarFlare","hierophant:MirrorShield+1"],"picked":"hierophant:BulkyChest+1","floor":6.0},{"not_picked":["hierophant:CursedGold","hierophant:SealAway"],"picked":"hierophant:Bribe+1","floor":8.0},{"not_picked":["hierophant:Empathy+1","hierophant:Purify"],"picked":"hierophant:Martyrdom","floor":10.0},{"not_picked":["hierophant:Prophecy+1","hierophant:Dazzle+1"],"picked":"hierophant:RustyCrate+1","floor":11.0},{"not_picked":["hierophant:ThreeLashes","hierophant:ArchangelShield"],"picked":"hierophant:Encroach+1","floor":13.0},{"not_picked":["hierophant:ArchangelShield","hierophant:PassingBell"],"picked":"hierophant:EyeForCoin+1","floor":14.0},{"not_picked":["hierophant:Batter","hierophant:MintersHammer"],"picked":"hierophant:WrathOfGod","floor":16.0},{"not_picked":["hierophant:Shelter+1","hierophant:SealAway"],"picked":"hierophant:Encroach+1","floor":18.0},{"not_picked":["hierophant:FlamingChariot","hierophant:ThreeLashes"],"picked":"hierophant:ArchangelShield","floor":19.0},{"not_picked":["hierophant:Upheaval","hierophant:ThreeLashes"],"picked":"hierophant:RepressedViolence","floor":20.0},{"not_picked":["hierophant:Remorse+1","hierophant:ThreeLashes+1"],"picked":"hierophant:Sermon+1","floor":22.0},{"not_picked":["hierophant:Martyrdom+1","hierophant:Bribe+1"],"picked":"hierophant:SecretStash+1","floor":24.0},{"not_picked":["hierophant:HolyVerse+1","hierophant:Racketeering+1"],"picked":"hierophant:Dazzle+1","floor":27.0},{"not_picked":["hierophant:MorningPrayer+1","hierophant:Prophecy+1","hierophant:Mercenaries"],"picked":"SKIP","floor":29.0},{"not_picked":["hierophant:RepressedViolence","hierophant:ThreeLashes","hierophant:SealAway"],"picked":"SKIP","floor":31.0},{"not_picked":["hierophant:Determination","hierophant:AuricForm"],"picked":"hierophant:Cornucopia+1","floor":33.0},{"not_picked":["hierophant:OrnateBuckler+1","hierophant:SolarFlare+1","hierophant:TollTheBells+1"],"picked":"SKIP","floor":35},{"not_picked":["hierophant:Encroach+1","hierophant:RustyCrate+1"],"picked":"hierophant:Smite+1","floor":37},{"not_picked":["hierophant:EyeForCoin+1","hierophant:MintersHammer"],"picked":"hierophant:Bribe+1","floor":41},{"not_picked":["hierophant:MirrorShield+1","hierophant:OrnateBuckler+1","hierophant:Shelter+1"],"picked":"SKIP","floor":45},{"not_picked":["hierophant:SealAway","hierophant:AuricBeam+1"],"picked":"hierophant:Charity","floor":48}],"player_experience":2806859,"relics_obtained":[{"floor":4.0,"key":"Replay:Rubber Ducky"},{"floor":6.0,"key":"Toy Ornithopter"},{"floor":9.0,"key":"infinitespire:BottledMercury"},{"floor":11.0,"key":"Bottled Flame"},{"floor":20.0,"key":"Red Mask"},{"floor":24.0,"key":"Ornamental Fan"},{"floor":26.0,"key":"Mercury Hourglass"},{"floor":27.0,"key":"Orichalcum"},{"floor":41,"key":"Replay:Bottled Eggs"}],"event_choices":[{"damage_healed":0.0,"max_hp_gain":0.0,"max_hp_loss":0.0,"gold_gain":0.0,"event_name":"Masked Bandits","player_choice":"Fought Bandits","floor":20.0,"gold_loss":0.0,"damage_taken":0.0},{"cards_removed":["hierophant:Strike_Hierophant"],"damage_healed":0,"gold_gain":0,"player_choice":"Removed Attack","damage_taken":0,"max_hp_gain":0,"max_hp_loss":0,"event_name":"Falling","floor":36,"gold_loss":0},{"damage_healed":0,"gold_gain":0,"player_choice":"1 cards matched","damage_taken":0,"max_hp_gain":0,"max_hp_loss":0,"event_name":"Match and Keep!","floor":42,"gold_loss":0,"cards_obtained":["Swift Strike"]},{"damage_healed":0,"gold_gain":222,"player_choice":"Wore Mask","damage_taken":0,"max_hp_gain":0,"max_hp_loss":0,"event_name":"Tomb of Lord Red Mask","floor":47,"gold_loss":0}],"is_beta":false,"boss_relics":[{"not_picked":["Busted Crown","Painkiller Herb"],"picked":"hubris:ScarierMask"},{"not_picked":["Honey Jar","Velvet Choker"],"picked":"aspiration:SecretTechniqueScroll"}],"items_purged_floors":[21,30,46],"is_endless":false,"potions_floor_spawned":[2,11,14,22,31,39,45],"ascension_level":1}}