{"host":"hfxp6ue4pvwo3fit","time":1607673271,"event":{"mods":["AchievementEnabler","BaseMod","Colored Map","Colored Powertips","Highlight Path","Minty Spire (QoL Compilation)","StSLib","SuperFastMode"],"gold_per_floor":[116,27,45,45,145,145,178,189,189,189,43,59,73,108,108,204,204,222,235,195,205,215,215,215,215,215],"floor_reached":25,"playtime":834,"items_purged":["Strike_B"],"score":341,"play_id":"48480270-fcd9-4dda-baea-7d82adf826a5","local_time":"20201211015431","is_ascension_mode":true,"campfire_choices":[{"data":"Zap","floor":6,"key":"SMITH"},{"floor":10,"key":"REST"},{"data":"Barrage","floor":15,"key":"SMITH"},{"data":"Self Repair","floor":23,"key":"SMITH"}],"circlet_count":0,"master_deck":["AscendersBane","Strike_B+1","Defend_B","Defend_B","Defend_B+1","Defend_B","Zap+1","Dualcast","Streamline","Darkness","Chill","Glacier","Storm","Self Repair+1","Barrage+1","Coolheaded","Electrodynamics","Redo","FTL+1","Gash","Necronomicurse"],"relics":["Cracked Core","StoneCalendar","Torii","Symbiotic Virus","Coffee Dripper","Necronomicon"],"acts_visited":["Exordium","TheCity"],"potions_floor_usage":[7,14,16,16,22],"damage_taken":[{"damage":1,"enemies":"Cultist","floor":1,"turns":4},{"damage":7,"enemies":"Jaw Worm","floor":3,"turns":3},{"damage":10,"enemies":"Gremlin Nob","floor":7,"turns":3},{"damage":8,"enemies":"2 Louse","floor":8,"turns":2},{"damage":0,"enemies":"Gremlin Gang","floor":12,"turns":6},{"damage":1,"enemies":"Exordium Wildlife","floor":13,"turns":4},{"damage":19,"enemies":"3 Sentries","floor":14,"turns":7},{"damage":2,"enemies":"The Guardian","floor":16,"turns":9},{"damage":18,"enemies":"2 Thieves","floor":18,"turns":4},{"damage":31,"enemies":"Chosen","floor":19,"turns":5},{"damage":6,"enemies":"Snecko","floor":21,"turns":4},{"damage":21,"enemies":"Cultist and Chosen","floor":22,"turns":6},{"damage":9,"enemies":"Centurion and Healer","floor":25,"turns":1}],"seed_played":"-6636303221369071590","potions_obtained":[{"floor":8,"key":"AttackPotion"},{"floor":12,"key":"BlessingOfTheForge"},{"floor":14,"key":"PowerPotion"},{"floor":19,"key":"Explosive Potion"}],"is_trial":false,"path_per_floor":["M","$","M","?","?","R","E","M","T","R","$","M","M","E","R","B",null,"M","M","?","M","M","R","?","M"],"character_chosen":"DEFECT","items_purchased":["Darkness","PowerPotion","Self Repair"],"campfire_rested":1,"item_purchase_floors":[2,2,11],"current_hp_per_floor":[49,49,42,27,27,27,17,9,9,31,31,38,44,32,32,37,66,55,31,31,32,18,18,2,0,0],"gold":215,"neow_bonus":"REMOVE_TWO","is_daily":false,"chose_seed":false,"campfire_upgraded":3,"win_rate":0.0,"timestamp":1607673271,"path_taken":["M","$","M","?","?","R","E","M","T","R","$","?","M","E","R","BOSS","M","M","?","?","M","R","?","M"],"items_purchased_type":["Card","Potion","Card"],"build_version":"2020-11-30","purchased_purges":1,"victory":false,"max_hp_per_floor":[75,75,75,75,75,75,75,75,75,75,75,75,75,75,75,75,75,75,75,75,75,75,75,75,75,75],"card_choices":[{"not_picked":["Redo","Rebound"],"picked":"Streamline","floor":1},{"not_picked":["Darkness","Turbo"],"picked":"Chill","floor":3},{"not_picked":["Go for the Eyes","Seek"],"picked":"Glacier","floor":7},{"not_picked":["Conserve Battery","Chill"],"picked":"Storm","floor":8},{"not_picked":["Reinforced Body","Stack"],"picked":"Barrage","floor":12},{"not_picked":["Steam","Turbo","Streamline"],"picked":"SKIP","floor":13},{"not_picked":["White Noise","Hello World"],"picked":"Coolheaded","floor":14},{"not_picked":["Creative AI","All For One"],"picked":"Electrodynamics","floor":16},{"not_picked":["Beam Cell","Reprogram"],"picked":"Redo","floor":18},{"not_picked":["Sweeping Beam","Turbo+1"],"picked":"FTL","floor":19},{"not_picked":["BootSequence","Sunder","Rebound"],"picked":"SKIP","floor":21},{"not_picked":["Conserve Battery","Compile Driver"],"picked":"Gash","floor":22}],"player_experience":351990,"relics_obtained":[{"floor":7,"key":"StoneCalendar"},{"floor":9,"key":"Torii"},{"floor":14,"key":"Symbiotic Virus"},{"floor":24,"key":"Necronomicon"}],"event_choices":[{"damage_healed":0,"gold_gain":0,"player_choice":"Entered Light","damage_taken":15,"max_hp_gain":0,"max_hp_loss":0,"event_name":"Shining Light","floor":4,"gold_loss":0,"cards_upgraded":["Strike_B","Defend_B"]},{"damage_healed":0,"gold_gain":100,"player_choice":"Pray","damage_taken":0,"max_hp_gain":0,"max_hp_loss":0,"event_name":"Golden Shrine","floor":5,"gold_loss":0},{"damage_healed":0,"gold_gain":0,"player_choice":"Upgrade","damage_taken":0,"max_hp_gain":0,"max_hp_loss":0,"event_name":"Designer","floor":20,"gold_loss":40,"cards_upgraded":["FTL"]},{"damage_healed":0,"gold_gain":0,"player_choice":"Obtained Book","damage_taken":16,"max_hp_gain":0,"max_hp_loss":0,"event_name":"Cursed Tome","floor":24,"gold_loss":0}],"is_beta":false,"boss_relics":[{"not_picked":["Pandora\u0027s Box","Ectoplasm"],"picked":"Coffee Dripper"}],"items_purged_floors":[11],"is_endless":false,"potions_floor_spawned":[8,12,13,14,19],"killed_by":"Centurion and Healer","ascension_level":12}}