{"host":"aw5aop3hbkunav4s","time":1607659835,"event":{"mods":["2.2 Compatiblity","AchievementEnabler","BaseMod","Colored Map","Minty Spire (QoL Compilation)","Relic Stats"],"gold_per_floor":[116,116,116,191,43,43,76,76,100,112,137,165,177,221,233,346,358,389,416,443,470,71,100,120,120,147,174,188,205,216,250,250,354,354,373,373,167,181,181,181,211,229,229,18,293,323,334,345,345,345,345,345,17,43,43],"floor_reached":56,"playtime":6300,"items_purged":["Regret","Consume","Self Repair+1"],"score":1528,"play_id":"a02554e3-9a4c-4888-96da-7484ae0cee17","local_time":"20201210231035","is_ascension_mode":true,"campfire_choices":[{"data":"Zap","floor":6,"key":"SMITH"},{"data":"Dualcast","floor":8,"key":"SMITH"},{"data":"Self Repair","floor":10,"key":"SMITH"},{"data":"Hologram","floor":13,"key":"SMITH"},{"data":"Glacier","floor":15,"key":"SMITH"},{"data":"Buffer","floor":25,"key":"SMITH"},{"data":"Machine Learning","floor":32,"key":"SMITH"},{"floor":40,"key":"RECALL"},{"floor":49,"key":"REST"},{"floor":52,"key":"REST"}],"circlet_count":0,"master_deck":["Zap+1","Dualcast+1","Leap+1","Electrodynamics+1","Glacier+1","Chill","Hologram+1","Storm","Reboot","Conserve Battery","Steam Power","Thunder Strike","Rainbow","Ball Lightning+1","Tempest","Buffer+1","Machine Learning+1","Skim","Biased Cognition","Coolheaded+1","Aggregate+1","Reboot","Static Discharge","Glacier+1","Force Field+1","Heatsinks","Storm"],"relics":["Astrolabe","Vajra","Boot","StoneCalendar","MawBank","Thread and Needle","Pandora\u0027s Box","Matryoshka","Smiling Mask","Centennial Puzzle","Omamori","Sundial","Mercury Hourglass","Fusion Hammer","Membership Card","Bottled Tornado","Anchor","HornCleat","PreservedInsect","Strange Spoon","Unceasing Top","Cables"],"acts_visited":["Exordium","TheCity","TheBeyond","TheEnding"],"potions_floor_usage":[19,31,41,50,55,55,55],"damage_taken":[{"damage":0,"enemies":"2 Louse","floor":1,"turns":2},{"damage":13,"enemies":"Gremlin Nob","floor":7,"turns":5},{"damage":2,"enemies":"Jaw Worm","floor":11,"turns":2},{"damage":0,"enemies":"Small Slimes","floor":12,"turns":4},{"damage":0,"enemies":"3 Sentries","floor":14,"turns":2},{"damage":24,"enemies":"The Guardian","floor":16,"turns":10},{"damage":0,"enemies":"3 Byrds","floor":18,"turns":2},{"damage":0,"enemies":"Chosen","floor":19,"turns":5},{"damage":1,"enemies":"Snecko","floor":20,"turns":5},{"damage":0,"enemies":"Snake Plant","floor":21,"turns":4},{"damage":10,"enemies":"Slavers","floor":23,"turns":3},{"damage":3,"enemies":"Centurion and Healer","floor":24,"turns":6},{"damage":1,"enemies":"Gremlin Leader","floor":27,"turns":7},{"damage":0,"enemies":"Cultist and Chosen","floor":28,"turns":5},{"damage":6,"enemies":"Snake Plant","floor":29,"turns":4},{"damage":12,"enemies":"Centurion and Healer","floor":30,"turns":3},{"damage":17,"enemies":"Book of Stabbing","floor":31,"turns":6},{"damage":6,"enemies":"Collector","floor":33,"turns":10},{"damage":0,"enemies":"Orb Walker","floor":35,"turns":4},{"damage":0,"enemies":"3 Shapes","floor":38,"turns":2},{"damage":35,"enemies":"Nemesis","floor":41,"turns":7},{"damage":3,"enemies":"Transient","floor":42,"turns":5},{"damage":0,"enemies":"Giant Head","floor":46,"turns":5},{"damage":0,"enemies":"Jaw Worm Horde","floor":47,"turns":3},{"damage":2,"enemies":"3 Darklings","floor":48,"turns":2},{"damage":15,"enemies":"Time Eater","floor":50,"turns":10},{"damage":11,"enemies":"Shield and Spear","floor":54,"turns":5},{"damage":23,"enemies":"The Heart","floor":55,"turns":11}],"seed_played":"-335614142275652979","potions_obtained":[{"floor":12,"key":"ColorlessPotion"},{"floor":18,"key":"Dexterity Potion"},{"floor":23,"key":"ColorlessPotion"},{"floor":27,"key":"PotionOfCapacity"},{"floor":29,"key":"ColorlessPotion"},{"floor":31,"key":"Ancient Potion"},{"floor":35,"key":"GamblersBrew"},{"floor":42,"key":"SkillPotion"}],"is_trial":false,"path_per_floor":["M","?","?","?","$","R","E","R","T","R","M","M","R","E","R","B",null,"M","M","M","M","$","E","M","R","T","E","M","M","M","E","R","B",null,"M","?","$","M","?","R","E","M","T","$","?","E","M","M","R","B",null,"R","$","E","B",null],"character_chosen":"DEFECT","items_purchased":["Self Repair","Matryoshka","Buffer","Membership Card","HornCleat","Static Discharge","Ancient Potion","Strange Spoon","Unceasing Top","Heatsinks","Dexterity Potion"],"campfire_rested":2,"item_purchase_floors":[5,22,22,37,44,44,44,53,53,53,53],"current_hp_per_floor":[75,72,72,61,61,61,55,55,55,55,63,73,73,73,73,59,71,75,75,75,75,75,75,72,72,72,75,75,75,73,66,66,70,74,75,75,75,75,75,75,50,57,57,57,57,67,75,75,75,70,74,75,75,64,41],"gold":43,"neow_bonus":"BOSS_RELIC","is_daily":false,"chose_seed":false,"campfire_upgraded":7,"win_rate":0.0,"timestamp":1607659835,"path_taken":["M","?","?","?","$","R","E","R","T","R","M","M","R","E","R","BOSS","M","M","M","M","$","E","M","R","T","E","M","M","M","E","R","BOSS","M","?","$","M","?","R","E","M","T","$","?","E","?","M","R","BOSS","R","$","E","BOSS"],"items_purchased_type":["Card","Relic","Card","Relic","Relic","Card","Potion","Relic","Relic","Card","Potion"],"build_version":"2020-11-30","purchased_purges":3,"victory":true,"max_hp_per_floor":[75,75,75,75,75,75,75,75,75,75,75,75,75,75,75,75,75,75,75,75,75,75,75,75,75,75,75,75,75,75,75,75,75,75,75,75,75,75,75,75,75,75,75,75,75,75,75,75,75,75,75,75,75,75,75],"relic_stats":{"counters":[28,139],"Astrolabe":["Leap","Compile Driver","Electrodynamics"],"StoneCalendar":[266],"PreservedInsect":68,"Boot":[8],"MawBank":156,"Smiling Mask":13,"Mercury Hourglass":[207],"Cables":[11,5,6,0,0],"Strange Spoon":[4],"Centennial Puzzle":[33],"Sundial":[22],"Pandora\u0027s Box":["Conserve Battery","Consume","Steam Power","Thunder Strike","Rainbow"],"obtain_stats":[{"Astrolabe":0,"Vajra":2,"StoneCalendar":7,"Thread and Needle":14,"PreservedInsect":46,"Omamori":26,"Bottled Tornado":41,"Boot":3,"MawBank":9,"Smiling Mask":23,"Mercury Hourglass":31,"Cables":54,"Strange Spoon":53,"Centennial Puzzle":26,"Anchor":43,"Matryoshka":22,"HornCleat":44,"Sundial":27,"Pandora\u0027s Box":17,"Fusion Hammer":34,"Membership Card":37,"Cracked Core":0,"Unceasing Top":53},{"Astrolabe":0,"Vajra":1,"StoneCalendar":2,"Thread and Needle":5,"PreservedInsect":23,"Omamori":12,"Bottled Tornado":21,"Boot":1,"MawBank":2,"Smiling Mask":11,"Mercury Hourglass":17,"Cables":27,"Strange Spoon":26,"Centennial Puzzle":12,"Anchor":22,"Matryoshka":10,"HornCleat":22,"Sundial":13,"Pandora\u0027s Box":6,"Fusion Hammer":18,"Membership Card":19,"Cracked Core":0,"Unceasing Top":26},{"Astrolabe":0,"Vajra":2,"StoneCalendar":7,"Thread and Needle":15,"PreservedInsect":108,"Omamori":50,"Bottled Tornado":98,"Boot":2,"MawBank":7,"Smiling Mask":44,"Mercury Hourglass":75,"Cables":128,"Strange Spoon":123,"Centennial Puzzle":50,"Anchor":103,"Matryoshka":41,"HornCleat":103,"Sundial":57,"Pandora\u0027s Box":25,"Fusion Hammer":85,"Membership Card":89,"Cracked Core":0,"Unceasing Top":123}],"Unceasing Top":[0]},"card_choices":[{"not_picked":["Steam","Go for the Eyes"],"picked":"Glacier","floor":1},{"not_picked":["Redo","Rip and Tear"],"picked":"Chill","floor":7},{"not_picked":["Sweeping Beam","Melter"],"picked":"Hologram","floor":11},{"not_picked":["Ball Lightning","Sweeping Beam"],"picked":"Storm","floor":12},{"not_picked":["Ball Lightning","Leap","Self Repair"],"picked":"SKIP","floor":14},{"not_picked":["Creative AI","Seek"],"picked":"Reboot","floor":16},{"not_picked":["Cold Snap+1","Undo"],"picked":"Ball Lightning+1","floor":18},{"not_picked":["Steam Power","Hologram+1"],"picked":"Tempest","floor":19},{"not_picked":["Leap","Ball Lightning+1","Streamline+1"],"picked":"SKIP","floor":20},{"not_picked":["Gash","Go for the Eyes","Barrage"],"picked":"SKIP","floor":21},{"not_picked":["Blizzard","Reprogram","Steam"],"picked":"SKIP","floor":23},{"not_picked":["Hello World","Streamline","Redo"],"picked":"SKIP","floor":24},{"not_picked":["Consume+1","Hologram","Streamline"],"picked":"SKIP","floor":27},{"not_picked":["Stack","Reprogram","Sweeping Beam+1"],"picked":"SKIP","floor":28},{"not_picked":["Stack","Reprogram","Sweeping Beam+1"],"picked":"SKIP","floor":28},{"not_picked":["Conserve Battery","Compile Driver+1"],"picked":"Machine Learning","floor":29},{"not_picked":["Compile Driver+1","Turbo","Rip and Tear+1"],"picked":"SKIP","floor":30},{"not_picked":["Barrage","Meteor Strike"],"picked":"Skim","floor":31},{"not_picked":["Meteor Strike","Thunder Strike"],"picked":"Biased Cognition","floor":33},{"not_picked":["Lockon","Force Field"],"picked":"Coolheaded+1","floor":35},{"not_picked":["Go for the Eyes","Darkness+1","Stack+1"],"picked":"SKIP","floor":38},{"not_picked":["Coolheaded+1","Chill"],"picked":"Aggregate+1","floor":41},{"not_picked":["Scrape","Darkness"],"picked":"Reboot","floor":42},{"not_picked":["Turbo+1","Ball Lightning","Stack"],"picked":"SKIP","floor":46},{"not_picked":["Redo","Streamline"],"picked":"Glacier+1","floor":47},{"not_picked":["Rebound+1","Reinforced Body+1"],"picked":"Force Field+1","floor":48},{"not_picked":["Barrage","Fusion+1"],"picked":"Storm","floor":54}],"player_experience":253971,"relics_obtained":[{"floor":7,"key":"StoneCalendar"},{"floor":9,"key":"MawBank"},{"floor":14,"key":"Thread and Needle"},{"floor":23,"key":"Smiling Mask"},{"floor":26,"key":"Centennial Puzzle"},{"floor":26,"key":"Omamori"},{"floor":27,"key":"Sundial"},{"floor":31,"key":"Mercury Hourglass"},{"floor":41,"key":"Bottled Tornado"},{"floor":43,"key":"Anchor"},{"floor":46,"key":"PreservedInsect"},{"floor":54,"key":"Cables"}],"event_choices":[{"damage_healed":0,"gold_gain":0,"player_choice":"Success","damage_taken":3,"relics_obtained":["Vajra"],"max_hp_gain":0,"max_hp_loss":0,"event_name":"Scrap Ooze","floor":2,"gold_loss":0},{"damage_healed":0,"gold_gain":0,"player_choice":"Box","damage_taken":0,"relics_obtained":["Boot"],"max_hp_gain":0,"max_hp_loss":0,"event_name":"Big Fish","floor":3,"gold_loss":0,"cards_obtained":["Regret"]},{"damage_healed":0,"gold_gain":75,"player_choice":"Gather Gold","damage_taken":11,"max_hp_gain":0,"max_hp_loss":0,"event_name":"World of Goop","floor":4,"gold_loss":0},{"damage_healed":19,"gold_gain":0,"player_choice":"Writhe","damage_taken":0,"max_hp_gain":0,"max_hp_loss":0,"event_name":"Winding Halls","floor":36,"gold_loss":0,"cards_obtained":["Writhe"]},{"cards_removed":["Compile Driver"],"damage_healed":0,"gold_gain":0,"player_choice":"Removed Attack","damage_taken":0,"max_hp_gain":0,"max_hp_loss":0,"event_name":"Falling","floor":39,"gold_loss":0},{"damage_healed":0,"gold_gain":275,"player_choice":"Desecrate","damage_taken":0,"max_hp_gain":0,"max_hp_loss":0,"event_name":"Golden Shrine","floor":45,"gold_loss":0,"cards_obtained":["Regret"]}],"is_beta":false,"boss_relics":[{"not_picked":["Snecko Eye","Busted Crown"],"picked":"Pandora\u0027s Box"},{"not_picked":["Tiny House","Nuclear Battery"],"picked":"Fusion Hammer"}],"items_purged_floors":[5,37,53],"is_endless":false,"potions_floor_spawned":[12,18,23,27,29,30,31,35,42,46],"ascension_level":5}}