{"host":"c5ukdwo3xwa4ucd0","time":1607698558,"event":{"mods":["AchievementEnabler","BaseMod","Colored Powertips","Minty Spire (QoL Compilation)","Quick Restart"],"gold_per_floor":[114,114,129,129,144,144,159,159,159,159,174,174,26,56,56,156,156,171,86,86,101,116,116,131,131,131],"floor_reached":25,"playtime":1043,"items_purged":[],"score":203,"play_id":"580bbe00-9cdb-428e-aaaa-6e5b81a7131f","local_time":"20201211155558","daily_mods":["Heirloom","Green Cards","DeadlyEvents"],"is_ascension_mode":false,"campfire_choices":[{"data":"EmptyFist","floor":6.0,"key":"SMITH"},{"data":"Blade Dance","floor":8.0,"key":"SMITH"},{"floor":10.0,"key":"REST"},{"data":"Dash","floor":12.0,"key":"SMITH"},{"floor":15.0,"key":"REST"},{"data":"Night Terror","floor":23,"key":"SMITH"}],"circlet_count":0,"master_deck":["Strike_P","Strike_P","Strike_P","Strike_P","Defend_P","Defend_P","Defend_P","Defend_P","Eruption","Vigilance","Blade Dance+1","EmptyFist+1","Dash+1","WreathOfFlame","BowlingBash","MasterReality+1","Night Terror+1","Night Terror","Dodge and Roll+1","RitualDagger","FlurryOfBlows","Swivel","Flying Knee"],"relics":["PureWater","Mango","Matryoshka","Mummified Hand","Frozen Egg 2","Bag of Marbles","Black Star","Orichalcum"],"acts_visited":["Exordium","TheCity"],"potions_floor_usage":[16,21],"damage_taken":[{"damage":0.0,"enemies":"2 Louse","floor":1.0,"turns":2.0},{"damage":10.0,"enemies":"Small Slimes","floor":3.0,"turns":2.0},{"damage":11.0,"enemies":"Jaw Worm","floor":5.0,"turns":2.0},{"damage":10.0,"enemies":"Looter","floor":7.0,"turns":2.0},{"damage":0.0,"enemies":"3 Louse","floor":11.0,"turns":2.0},{"damage":33.0,"enemies":"Lagavulin","floor":14.0,"turns":8.0},{"damage":63,"enemies":"The Guardian","floor":16,"turns":13},{"damage":7,"enemies":"3 Byrds","floor":18,"turns":6},{"damage":4,"enemies":"Chosen","floor":21,"turns":4},{"damage":7,"enemies":"Sentry and Sphere","floor":22,"turns":3},{"damage":41,"enemies":"Centurion and Healer","floor":24,"turns":7},{"damage":22,"enemies":"Book of Stabbing","floor":25,"turns":4}],"seed_played":"-551933171069321123","potions_obtained":[{"floor":7.0,"key":"Regen Potion"},{"floor":16,"key":"SkillPotion"},{"floor":24,"key":"Swift Potion"}],"is_trial":false,"path_per_floor":["M","?","M","?","M","R","M","R","T","R","M","R","$","E","R","B",null,"M","?","?","M","M","R","M","E"],"character_chosen":"WATCHER","items_purchased":["MasterReality+1"],"campfire_rested":2,"item_purchase_floors":[13],"current_hp_per_floor":[86,83,73,73,62,62,52,52,52,77,77,77,77,44,69,11,86,79,79,73,69,62,62,21,0,0],"gold":131,"neow_bonus":"","is_daily":true,"chose_seed":false,"campfire_upgraded":4,"win_rate":0.0,"timestamp":1607698558,"path_taken":["M","?","M","?","M","R","M","R","T","R","M","R","$","E","R","BOSS","M","?","?","M","?","R","M","?"],"items_purchased_type":["Undefined"],"build_version":"2020-11-30","purchased_purges":0,"victory":false,"max_hp_per_floor":[86,86,86,86,86,86,86,86,86,86,86,86,86,86,86,86,86,86,86,86,86,86,86,86,86,86],"card_choices":[{"not_picked":["Prostrate","SashWhip"],"picked":"Blade Dance","floor":1.0},{"not_picked":["Outmaneuver","Collect"],"picked":"EmptyFist","floor":3.0},{"not_picked":["ReachHeaven","Adaptation"],"picked":"Dash","floor":5.0},{"not_picked":["Sucker Punch","Protect"],"picked":"WreathOfFlame","floor":7.0},{"not_picked":["Crippling Poison","Adaptation+1"],"picked":"BowlingBash","floor":11.0},{"not_picked":["CutThroughFate","Deadly Poison"],"picked":"Night Terror","floor":14.0},{"not_picked":["Unload","Brilliance"],"picked":"Night Terror","floor":16},{"not_picked":["Deadly Poison","SashWhip+1"],"picked":"Dodge and Roll+1","floor":18},{"not_picked":["Crescendo","SandsOfTime"],"picked":"FlurryOfBlows","floor":21},{"not_picked":["Choke","Worship"],"picked":"Swivel","floor":22},{"not_picked":["Predator","Acrobatics"],"picked":"Flying Knee","floor":24}],"player_experience":295273,"relics_obtained":[{"floor":9.0,"key":"Mummified Hand"},{"floor":9.0,"key":"Frozen Egg 2"},{"floor":14.0,"key":"Bag of Marbles"}],"event_choices":[{"damage_healed":0.0,"max_hp_gain":0.0,"max_hp_loss":0.0,"gold_gain":0.0,"event_name":"Scrap Ooze","player_choice":"Success","floor":2.0,"gold_loss":0.0,"damage_taken":3.0,"relics_obtained":["Matryoshka"]},{"damage_healed":0.0,"max_hp_gain":0.0,"max_hp_loss":0.0,"gold_gain":0.0,"event_name":"Liars Game","player_choice":"Ignored","floor":4.0,"gold_loss":0.0,"damage_taken":0.0},{"damage_healed":0,"gold_gain":0,"player_choice":"Obtained Relic","damage_taken":0,"relics_obtained":["Orichalcum"],"max_hp_gain":0,"max_hp_loss":0,"event_name":"Addict","floor":19,"gold_loss":85},{"damage_healed":0,"gold_gain":0,"player_choice":"Joined the Cult","damage_taken":6,"max_hp_gain":0,"max_hp_loss":0,"event_name":"Nest","floor":20,"gold_loss":0,"cards_obtained":["RitualDagger"]}],"is_beta":false,"boss_relics":[{"not_picked":["Empty Cage","Calling Bell"],"picked":"Black Star"}],"items_purged_floors":[],"is_endless":false,"potions_floor_spawned":[7,16,24],"killed_by":"Book of Stabbing","ascension_level":0}}