{"host":"1t0llcfp0lo7rmr4","time":1607698590,"event":{"mods":["AchievementEnabler","Aspiration","BaseMod","Beaked The Cultist","Better Note","Block Reminder","Colored Powertips","Downfall","GifTheSpireLib","Hermit","Hubris","Jorbs\u0027s Wanderer Trilogy","Minty Spire (QoL Compilation)","Permanent Neow","Potionbrewer","Quick Restart","Relic Filter","Replay The Spire","StSLib","SuperFastMode","The Bladedancer","The Bug Knight","The Cursed","The Death Knight","The Druid","The Elementalist","The Exalted","The Forsaken","The Judge","The Poker Player","The Runesmith","vexMod"],"gold_per_floor":[114,126,126,141,156,156,187,187,234,74,74,3,23,23,23,125,125,140,140,65,79,161,192,192,206,230,253,253,274,307,406,406,506,506,522,276,287,6,6,6,32,63,86,86,86,86,86,110,110,114,114,114,76,78,78,78],"floor_reached":54,"playtime":2408,"items_purged":["Regret","PokerPlayerMod:Diamond3"],"score":550,"play_id":"6f3d29c4-6034-4d18-928c-bc6b5756d998","local_time":"20201212015630","is_ascension_mode":false,"metric_token":2066,"campfire_choices":[{"floor":6,"key":"RECALL"},{"floor":8,"key":"REST"},{"floor":28,"key":"REST"},{"floor":32,"key":"REST"},{"data":"PokerPlayerMod:CardPrinter","floor":40,"key":"SMITH"},{"data":"PokerPlayerMod:CardPrinter+1","floor":44,"key":"SMITH"},{"data":"PokerPlayerMod:CardPrinter+2","floor":46,"key":"SMITH"},{"floor":49,"key":"REST"},{"data":"PokerPlayerMod:CardPrinter+3","floor":52,"key":"SMITH"}],"circlet_count":0,"master_deck":["PokerPlayerMod:Diamond1","PokerPlayerMod:Diamond3","PokerPlayerMod:Diamond4","PokerPlayerMod:Diamond5","PokerPlayerMod:Spade1","PokerPlayerMod:Spade2","PokerPlayerMod:Spade3","PokerPlayerMod:Spade4","PokerPlayerMod:Club1","PokerPlayerMod:Club2","PokerPlayerMod:Heart3","PokerPlayerMod:TrumpStrike+1","PokerPlayerMod:BadJoker","PokerPlayerMod:Mulligan","PokerPlayerMod:FillThePot","PokerPlayerMod:DamnStraight","PokerPlayerMod:ClubDance","PokerPlayerMod:ClubShade","PokerPlayerMod:VarietyAttack+1","PokerPlayerMod:Harden","PokerPlayerMod:HiddenCard","PokerPlayerMod:SecretDealer+1","PokerPlayerMod:Club6","PokerPlayerMod:CardPrinter+4","PokerPlayerMod:GamblerForm+1","PokerPlayerMod:ClubShade","PokerPlayerMod:Heart5","PokerPlayerMod:HeartStrike","PokerPlayerMod:Promotion+1","PokerPlayerMod:FlyingCard","PokerPlayerMod:Heart10+","PokerPlayerMod:Heart10+","PokerPlayerMod:Diamond5","PokerPlayerMod:Promotion+1","PokerPlayerMod:Diamond6","PokerPlayerMod:Club6"],"relics":["PokerPlayerMod:DeckCase","Simple Rune","Oddly Smooth Stone","TungstenRod","MealTicket","Replay:Bandana","Dream Catcher","aspiration:SecretTechniqueScroll","Blue Doll","Guide Book","ReplayTheSpireMod:Lightbulb"],"acts_visited":["Exordium","TheCity","TheBeyond","TheEnding"],"potions_floor_usage":[16,21,23,23,33,54],"damage_taken":[{"damage":0,"enemies":"Cultist","floor":1,"turns":2},{"damage":2,"enemies":"2 Louse","floor":2,"turns":2},{"damage":2,"enemies":"Small Slimes","floor":4,"turns":2},{"damage":6,"enemies":"3 Louse","floor":5,"turns":3},{"damage":8,"enemies":"Gremlin Nob","floor":7,"turns":4},{"damage":15,"enemies":"Exordium Thugs","floor":13,"turns":3},{"damage":9,"enemies":"Fading Forest","floor":16,"turns":11},{"damage":3,"enemies":"2 Thieves","floor":18,"turns":2},{"damage":9,"enemies":"3 Byrds","floor":21,"turns":4},{"damage":23,"enemies":"Slavers","floor":23,"turns":3},{"damage":17,"enemies":"Snecko","floor":25,"turns":5},{"damage":15,"enemies":"Snake Plant","floor":27,"turns":4},{"damage":14,"enemies":"Centurion and Healer","floor":29,"turns":3},{"damage":10,"enemies":"HollowMod:Nosk","floor":30,"turns":5},{"damage":47,"enemies":"Automaton","floor":33,"turns":14},{"damage":5,"enemies":"Orb Walker","floor":35,"turns":2},{"damage":0,"enemies":"3 Darklings","floor":37,"turns":1},{"damage":48,"enemies":"Transient","floor":41,"turns":5},{"damage":12,"enemies":"Jaw Worm Horde","floor":42,"turns":3},{"damage":38,"enemies":"Sphere and 2 Shapes","floor":48,"turns":5},{"damage":20,"enemies":"Replay:Hell Engine","floor":50,"turns":9},{"damage":76,"enemies":"Shield and Spear","floor":54,"turns":3}],"seed_played":"-2167729625742403777","potions_obtained":[{"floor":1,"key":"Elixir"},{"floor":7,"key":"Elixir"},{"floor":16,"key":"GamblersBrew"},{"floor":18,"key":"DeathKnight:RimePotion"},{"floor":21,"key":"SkillPotion"},{"floor":30,"key":"LifebloodPotion"},{"floor":33,"key":"SpeedPotion"},{"floor":42,"key":"SteroidPotion"},{"floor":48,"key":"Weak Potion"}],"is_trial":false,"path_per_floor":["M","M","?","M","M","R","E","R","T","$","?","$","M","?","R","B",null,"M","?","$","M","T","E","$","M","T","M","R","M","E","?","R","B",null,"M","$","M","$","?","R","M","M","T","R","?","R","$","M","R","B",null,"R","$","E"],"character_chosen":"THE_POKER_PLAYER","items_purchased":["PokerPlayerMod:VarietyAttack","PokerPlayerMod:Harden","Blue Doll","Guide Book","PokerPlayerMod:Heart10+","PokerPlayerMod:Club6"],"campfire_rested":4,"item_purchase_floors":[10,12,36,38,38,53],"current_hp_per_floor":[52,50,40,42,39,39,34,49,49,49,49,49,37,37,52,46,52,49,49,49,43,49,26,41,36,36,24,41,27,17,17,34,6,58,53,58,58,58,58,58,32,44,44,44,44,44,58,24,41,53,58,58,58,0,0,0],"gold":78,"neow_bonus":"RANDOM_COMMON_RELIC","is_daily":false,"chose_seed":false,"campfire_upgraded":4,"win_rate":0.0,"timestamp":1607698590,"path_taken":["M","?","?","M","M","R","E","R","T","$","?","$","M","?","R","BOSS","M","?","$","?","?","E","$","M","T","M","R","M","E","?","R","BOSS","M","$","M","$","?","R","M","?","T","R","?","R","$","M","R","BOSS","R","$","E"],"items_purchased_type":["Card","Card","Relic","Relic","Potion","Card"],"build_version":"2020-11-30","purchased_purges":2,"victory":false,"max_hp_per_floor":[52,52,52,52,52,52,52,52,52,52,52,52,52,52,52,52,52,52,52,52,52,58,58,58,58,58,58,58,58,58,58,58,58,58,58,58,58,58,58,58,58,58,58,58,58,58,58,58,58,58,58,58,58,58,58,58],"card_choices":[{"not_picked":["PokerPlayerMod:HotShotCut","PokerPlayerMod:Diamond1","PokerPlayerMod:DiamondStrike"],"picked":"SKIP","floor":1},{"not_picked":["PokerPlayerMod:Diamond5","PokerPlayerMod:Fold"],"picked":"PokerPlayerMod:FillThePot","floor":2},{"not_picked":["PokerPlayerMod:Diamond2","PokerPlayerMod:Fold"],"picked":"PokerPlayerMod:DamnStraight","floor":4},{"not_picked":["PokerPlayerMod:Diamond1","PokerPlayerMod:Club4"],"picked":"PokerPlayerMod:ClubDance","floor":5},{"not_picked":["PokerPlayerMod:Spade1","PokerPlayerMod:Diamond4"],"picked":"PokerPlayerMod:ClubShade","floor":7},{"not_picked":["PokerPlayerMod:Club1","PokerPlayerMod:Raise"],"picked":"PokerPlayerMod:HiddenCard","floor":13},{"not_picked":["PokerPlayerMod:Spade10+","PokerPlayerMod:Heart8"],"picked":"PokerPlayerMod:SecretDealer","floor":16},{"not_picked":["PokerPlayerMod:DartThrow+1","PokerPlayerMod:HotShotCut+1"],"picked":"PokerPlayerMod:Club6","floor":18},{"not_picked":["PokerPlayerMod:ClubsClub","PokerPlayerMod:MagicTrick"],"picked":"PokerPlayerMod:CardPrinter","floor":21},{"not_picked":["PokerPlayerMod:CardBurn","PokerPlayerMod:Spade5"],"picked":"PokerPlayerMod:GamblerForm","floor":23},{"not_picked":["PokerPlayerMod:CloakAndDiamond","PokerPlayerMod:Club2"],"picked":"PokerPlayerMod:ClubShade","floor":25},{"not_picked":["PokerPlayerMod:FillThePot+1","PokerPlayerMod:Spade4","PokerPlayerMod:Diamond1"],"picked":"SKIP","floor":27},{"not_picked":["PokerPlayerMod:ClubShade","PokerPlayerMod:Diamond2","PokerPlayerMod:Extraction"],"picked":"SKIP","floor":29},{"not_picked":["PokerPlayerMod:Spade9","PokerPlayerMod:Diamond2"],"picked":"PokerPlayerMod:Heart5","floor":30},{"not_picked":["PokerPlayerMod:ClubsClub","PokerPlayerMod:HiddenCard+1"],"picked":"PokerPlayerMod:HeartStrike","floor":32},{"not_picked":["PokerPlayerMod:Diamond8","PokerPlayerMod:TheDieIsCast"],"picked":"PokerPlayerMod:Promotion","floor":33},{"not_picked":["PokerPlayerMod:MagicTrick","PokerPlayerMod:Diamond6"],"picked":"PokerPlayerMod:FlyingCard","floor":35},{"not_picked":["PokerPlayerMod:Club1","PokerPlayerMod:MagicTrick","PokerPlayerMod:Diamond1"],"picked":"SKIP","floor":37},{"not_picked":["PokerPlayerMod:Raise+1","PokerPlayerMod:HeartStrike","PokerPlayerMod:SpadeStrike+1"],"picked":"SKIP","floor":41},{"not_picked":["PokerPlayerMod:CardPrinter+1","PokerPlayerMod:Diamond7"],"picked":"PokerPlayerMod:Diamond5","floor":42},{"not_picked":["PokerPlayerMod:SpadeStrike","PokerPlayerMod:Diamond4"],"picked":"PokerPlayerMod:Diamond6","floor":48}],"player_experience":893194,"relics_obtained":[{"floor":7,"key":"Oddly Smooth Stone"},{"floor":22,"key":"vexMod:BerryBomb"},{"floor":23,"key":"MealTicket"},{"floor":26,"key":"Replay:Bandana"},{"floor":30,"key":"Dream Catcher"},{"floor":43,"key":"ReplayTheSpireMod:Lightbulb"}],"event_choices":[{"damage_healed":0,"gold_gain":0,"player_choice":"Entered Light","damage_taken":10,"max_hp_gain":0,"max_hp_loss":0,"event_name":"Shining Light","floor":3,"gold_loss":0,"cards_upgraded":["PokerPlayerMod:Heart3","PokerPlayerMod:Diamond3"]},{"damage_healed":0,"gold_gain":0,"player_choice":"Ignored","damage_taken":0,"max_hp_gain":0,"max_hp_loss":0,"event_name":"Liars Game","floor":11,"gold_loss":0},{"damage_healed":0,"gold_gain":0,"player_choice":"Box","damage_taken":0,"relics_obtained":["TungstenRod"],"max_hp_gain":0,"max_hp_loss":0,"event_name":"Big Fish","floor":14,"gold_loss":0,"cards_obtained":["Regret"]},{"cards_removed":["Regret"],"damage_healed":0,"gold_gain":0,"player_choice":"Give","damage_taken":0,"max_hp_gain":0,"max_hp_loss":0,"event_name":"betterNote:BetterNote","floor":19,"gold_loss":0,"cards_obtained":["stsjorbsmod:Strike_Wanderer"]},{"damage_healed":0,"gold_gain":99,"player_choice":"Stole From Cult","damage_taken":0,"max_hp_gain":0,"max_hp_loss":0,"event_name":"Nest","floor":31,"gold_loss":0},{"damage_healed":0,"gold_gain":0,"player_choice":"Upgraded","damage_taken":0,"max_hp_gain":0,"max_hp_loss":0,"event_name":"Upgrade Shrine","floor":39,"gold_loss":0,"cards_upgraded":["PokerPlayerMod:GamblerForm"]},{"damage_healed":0,"gold_gain":0,"player_choice":"Copied","damage_taken":0,"max_hp_gain":0,"max_hp_loss":0,"event_name":"Duplicator","floor":45,"gold_loss":0,"cards_obtained":["PokerPlayerMod:Promotion"]}],"is_beta":false,"boss_relics":[{"not_picked":["Calling Bell","ChewingGum","hubris:BlackHole"]},{"not_picked":["Abe\u0027s Treasure","Coffee Dripper"],"picked":"aspiration:SecretTechniqueScroll"}],"items_purged_floors":[20,36],"is_endless":false,"potions_floor_spawned":[1,7,16,18,21,30,33,42,48],"killed_by":"Shield and Spear","ascension_level":0}}