{"host":"fevvm7bbzuh4s1jc","time":1607652938,"event":{"mods":["BaseMod","Highlight Path","Minty Spire (QoL Compilation)","Relic Stats"],"gold_per_floor":[118,134,134,158,187,187,214,214,238,238,280,17,17,42,42,128,128,143,143,23,34,43,43,78,95,143,161,195,213,213,213],"floor_reached":30,"playtime":1360,"items_purged":["Strike_G"],"score":610,"play_id":"b21e2ba9-c6a5-4253-a533-1537472c5dd6","local_time":"20201210211538","is_ascension_mode":true,"campfire_choices":[{"data":"Dash","floor":6.0,"key":"SMITH"},{"floor":8.0,"key":"REST"},{"data":"Blade Dance","floor":10.0,"key":"SMITH"},{"data":"Blade Dance","floor":13.0,"key":"SMITH"},{"data":"Deadly Poison","floor":15.0,"key":"SMITH"},{"floor":23.0,"key":"REST"}],"circlet_count":0,"master_deck":["AscendersBane","Strike_G","Strike_G","Defend_G","Defend_G","Defend_G","Defend_G","Defend_G","Survivor","Neutralize","Quick Slash","Dash+1","Deadly Poison+1","Blade Dance+1","Blade Dance+1","After Image","Burst+1","Backflip+1","RitualDagger","Expertise+1"],"relics":["Sozu","CeramicFish","Pen Nib","Bag of Marbles","Bottled Flame","Toxic Egg 2","Empty Cage","Anchor","Lantern","Bronze Scales"],"acts_visited":["Exordium","TheCity"],"potions_floor_usage":[],"damage_taken":[{"damage":0.0,"enemies":"2 Louse","floor":1.0,"turns":3.0},{"damage":0.0,"enemies":"Small Slimes","floor":2.0,"turns":4.0},{"damage":0.0,"enemies":"Jaw Worm","floor":4.0,"turns":4.0},{"damage":2.0,"enemies":"2 Fungi Beasts","floor":5.0,"turns":3.0},{"damage":25.0,"enemies":"3 Sentries","floor":7.0,"turns":8.0},{"damage":0.0,"enemies":"Gremlin Nob","floor":11.0,"turns":3.0},{"damage":0.0,"enemies":"Exordium Thugs","floor":14.0,"turns":3.0},{"damage":7.0,"enemies":"Hexaghost","floor":16.0,"turns":9.0},{"damage":7.0,"enemies":"Spheric Guardian","floor":18.0,"turns":5.0},{"damage":7.0,"enemies":"2 Thieves","floor":21.0,"turns":4.0},{"damage":16.0,"enemies":"Slavers","floor":24.0,"turns":9.0},{"damage":0.0,"enemies":"Snake Plant","floor":25.0,"turns":4.0},{"damage":17,"enemies":"Cultist and Chosen","floor":27,"turns":4},{"damage":2,"enemies":"Book of Stabbing","floor":28,"turns":4},{"damage":4,"enemies":"Sentry and Sphere","floor":29,"turns":7},{"damage":19,"enemies":"Gremlin Leader","floor":30,"turns":4}],"seed_played":"-2057984318178968139","potions_obtained":[],"is_trial":false,"path_per_floor":["M","M","?","M","M","R","E","R","T","R","E","$","R","M","R","B",null,"M","?","$","M","?","R","E","M","T","M","E","M","E"],"character_chosen":"THE_SILENT","items_purchased":["Toxic Egg 2","Backflip+1"],"campfire_rested":2,"item_purchase_floors":[12,20],"current_hp_per_floor":[59,59,41,41,39,39,14,33,33,33,33,33,33,33,33,26,56,49,49,49,42,36,55,39,39,39,22,20,16,0,0],"gold":213,"neow_bonus":"BOSS_RELIC","is_daily":false,"chose_seed":false,"campfire_upgraded":4,"win_rate":0.0,"timestamp":1607652938,"path_taken":["M","M","?","M","M","R","E","R","T","R","E","$","R","M","R","BOSS","M","?","$","M","?","R","E","M","T","M","E","M","E"],"items_purchased_type":["Relic","Undefined"],"build_version":"2020-11-30","purchased_purges":1,"victory":false,"max_hp_per_floor":[66,66,66,66,66,66,66,66,66,66,66,66,66,66,66,66,66,66,66,66,66,66,66,66,66,66,66,66,66,66,66],"relic_stats":{"Sozu":6,"counters":[16,78],"CeramicFish":72,"Bronze Scales":[6],"Pen Nib":[18],"obtain_stats":[{"Sozu":0,"Bottled Flame":11,"Anchor":24,"Lantern":26,"CeramicFish":3,"Bronze Scales":28,"Pen Nib":7,"Bag of Marbles":9,"Toxic Egg 2":12,"Empty Cage":17,"Ring of the Snake":0},{"Sozu":0,"Bottled Flame":6,"Anchor":11,"Lantern":12,"CeramicFish":2,"Bronze Scales":14,"Pen Nib":5,"Bag of Marbles":5,"Toxic Egg 2":6,"Empty Cage":8,"Ring of the Snake":0},{"Sozu":0,"Bottled Flame":25,"Anchor":55,"Lantern":59,"CeramicFish":7,"Bronze Scales":67,"Pen Nib":22,"Bag of Marbles":22,"Toxic Egg 2":25,"Empty Cage":37,"Ring of the Snake":0}]},"card_choices":[{"not_picked":["Flying Knee","Deadly Poison"],"picked":"Quick Slash","floor":1.0},{"not_picked":["Masterful Stab","Acrobatics"],"picked":"Dash","floor":2.0},{"not_picked":["Slice","Dodge and Roll"],"picked":"Deadly Poison","floor":4.0},{"not_picked":["Acrobatics","Flechettes"],"picked":"Blade Dance","floor":5.0},{"not_picked":["Cloak And Dagger","Escape Plan","Flechettes"],"picked":"SKIP","floor":7.0},{"not_picked":["Well Laid Plans","Escape Plan"],"picked":"Blade Dance","floor":11.0},{"not_picked":["Escape Plan+1","Cloak And Dagger+1"],"picked":"After Image","floor":14.0},{"not_picked":["Tools of the Trade","Doppelganger+1"],"picked":"Burst+1","floor":16.0},{"not_picked":["Outmaneuver+1","Infinite Blades","Slice"],"picked":"SKIP","floor":18.0},{"not_picked":["Dagger Spray","Predator","Caltrops"],"picked":"SKIP","floor":21.0},{"not_picked":["Dagger Throw","Quick Slash","Dagger Spray"],"picked":"SKIP","floor":24.0},{"not_picked":["Sucker Punch","Bane","Riddle With Holes"],"picked":"SKIP","floor":25.0},{"not_picked":["Bane","Dagger Throw","Outmaneuver+1"],"picked":"SKIP","floor":27},{"not_picked":["Bouncing Flask+1","Endless Agony"],"picked":"Expertise+1","floor":28},{"not_picked":["Dagger Throw+1","Calculated Gamble+1","Finisher"],"picked":"SKIP","floor":29}],"player_experience":2529772,"relics_obtained":[{"floor":7.0,"key":"Pen Nib"},{"floor":9.0,"key":"Bag of Marbles"},{"floor":11.0,"key":"Bottled Flame"},{"floor":24.0,"key":"Anchor"},{"floor":26.0,"key":"Lantern"},{"floor":28,"key":"Bronze Scales"}],"event_choices":[{"damage_healed":0.0,"max_hp_gain":0.0,"max_hp_loss":0.0,"gold_gain":0.0,"event_name":"Scrap Ooze","player_choice":"Success","floor":3.0,"gold_loss":0.0,"damage_taken":18.0,"relics_obtained":["CeramicFish"]},{"damage_healed":0.0,"max_hp_gain":0.0,"max_hp_loss":0.0,"gold_gain":0.0,"event_name":"The Mausoleum","player_choice":"Ignored","floor":19.0,"gold_loss":0.0,"damage_taken":0.0},{"damage_healed":0.0,"max_hp_gain":0.0,"max_hp_loss":0.0,"gold_gain":0.0,"event_name":"Nest","player_choice":"Joined the Cult","floor":22.0,"gold_loss":0.0,"damage_taken":6.0,"cards_obtained":["RitualDagger"]}],"is_beta":false,"boss_relics":[{"not_picked":["Busted Crown","Astrolabe"],"picked":"Empty Cage"}],"items_purged_floors":[20],"is_endless":false,"potions_floor_spawned":[5,7,14,21,25,27,29],"killed_by":"Gremlin Leader","ascension_level":20}}