{"host":"f3zi5bw4of71qj4o","time":1607681633,"event":{"mods":["BaseMod","DeckTracker","Highlight Path","Minty Spire (QoL Compilation)","Relic Stats","StSLib","SuperFastMode"],"gold_per_floor":[109,120,135,135,159,159,159,159,185,219,251,283,295,322,334,346,346],"floor_reached":16,"playtime":960,"items_purged":[],"score":208,"play_id":"614cf569-1f43-4d64-ad25-cd743d7a631a","local_time":"20201211111353","is_ascension_mode":true,"campfire_choices":[{"data":"Intimidate","floor":6,"key":"SMITH"},{"data":"Cleave","floor":8,"key":"SMITH"},{"data":"Pommel Strike","floor":13,"key":"SMITH"},{"data":"Reaper","floor":15,"key":"SMITH"}],"circlet_count":0,"master_deck":["AscendersBane","Strike_R","Strike_R","Strike_R","Strike_R","Defend_R+1","Defend_R","Defend_R+1","Defend_R","Bash+1","Cleave+1","Reckless Charge","Thunderclap","Intimidate+1","Cleave","Pommel Strike+1","Dropkick","Reaper+1"],"relics":["Burning Blood","Golden Idol","War Paint","MawBank"],"acts_visited":["Exordium"],"potions_floor_usage":[10,10,16],"damage_taken":[{"damage":2,"enemies":"Cultist","floor":1,"turns":4},{"damage":5,"enemies":"Small Slimes","floor":2,"turns":3},{"damage":0,"enemies":"2 Louse","floor":3,"turns":2},{"damage":35,"enemies":"Gremlin Gang","floor":5,"turns":4},{"damage":5,"enemies":"Lagavulin","floor":10,"turns":6},{"damage":4,"enemies":"3 Louse","floor":11,"turns":2},{"damage":0,"enemies":"Exordium Wildlife","floor":12,"turns":2},{"damage":9,"enemies":"Red Slaver","floor":14,"turns":3},{"damage":35,"enemies":"The Guardian","floor":16,"turns":8}],"seed_played":"-8595208497606948354","potions_obtained":[{"floor":3,"key":"HeartOfIron"},{"floor":5,"key":"Explosive Potion"},{"floor":11,"key":"ColorlessPotion"}],"is_trial":false,"path_per_floor":["M","M","M","?","M","R","?","R","T","E","M","M","R","M","R","B"],"character_chosen":"IRONCLAD","items_purchased":[],"campfire_rested":0,"item_purchase_floors":[],"current_hp_per_floor":[72,73,75,49,20,20,20,20,20,21,23,29,29,26,26,0,0],"gold":346,"neow_bonus":"UPGRADE_CARD","is_daily":false,"chose_seed":false,"campfire_upgraded":4,"win_rate":0.0,"timestamp":1607681633,"path_taken":["M","?","M","?","M","R","?","R","T","E","?","M","R","M","R","BOSS"],"items_purchased_type":[],"build_version":"2020-11-30","purchased_purges":0,"victory":false,"max_hp_per_floor":[75,75,75,75,75,75,75,75,75,75,75,75,75,75,75,75,75],"relic_stats":{"counters":[9,34],"Golden Idol":23,"War Paint":["Defend_R","Defend_R"],"MawBank":72,"obtain_stats":[{"Golden Idol":4,"War Paint":9,"MawBank":10,"Burning Blood":0},{"Golden Idol":3,"War Paint":4,"MawBank":5,"Burning Blood":0},{"Golden Idol":9,"War Paint":13,"MawBank":19,"Burning Blood":0}],"Burning Blood":44},"card_choices":[{"not_picked":["Wild Strike","Dark Embrace"],"picked":"Cleave","floor":1},{"not_picked":["Iron Wave","Fire Breathing"],"picked":"Reckless Charge","floor":2},{"not_picked":["Wild Strike","Dark Embrace"],"picked":"Thunderclap","floor":3},{"not_picked":["Thunderclap","True Grit"],"picked":"Intimidate","floor":5},{"not_picked":["Rupture","Blood for Blood"],"picked":"Pommel Strike","floor":10},{"not_picked":["Anger","True Grit"],"picked":"Dropkick","floor":11},{"not_picked":["Blood for Blood","Iron Wave","Combust"],"picked":"SKIP","floor":12},{"not_picked":["Shockwave","Dual Wield"],"picked":"Reaper","floor":14}],"player_experience":2524967,"relics_obtained":[{"floor":9,"key":"War Paint"},{"floor":10,"key":"MawBank"}],"event_choices":[{"damage_healed":0,"gold_gain":0,"player_choice":"Take Damage","damage_taken":26,"relics_obtained":["Golden Idol"],"max_hp_gain":0,"max_hp_loss":0,"event_name":"Golden Idol","floor":4,"gold_loss":0},{"damage_healed":0,"gold_gain":0,"cards_transformed":["Strike_R"],"player_choice":"Transformed","damage_taken":0,"max_hp_gain":0,"max_hp_loss":0,"event_name":"Transmorgrifier","floor":7,"gold_loss":0,"cards_obtained":["Cleave"]}],"is_beta":false,"boss_relics":[],"items_purged_floors":[],"is_endless":false,"potions_floor_spawned":[3,5,11],"killed_by":"The Guardian","ascension_level":20}}