{"host":"8d3fefv2347kqkpz","time":1607681829,"event":{"mods":["BaseMod","Colored Map","Downfall","Minty Spire (QoL Compilation)","Quick Restart","StSLib","Waifu the Spire"],"gold_per_floor":[115,135,151,163,238,238,39,64,64,78,78,78,2,13,13,118,168,184,195,214,229,244,244,244],"floor_reached":23,"playtime":1140,"items_purged":[],"score":197,"play_id":"cefaa426-1c0a-425d-a339-8182ce3e3358","local_time":"20201211181709","is_ascension_mode":false,"campfire_choices":[{"data":"Wild Strike","floor":6,"key":"SMITH"},{"floor":11,"key":"REST"},{"floor":15,"key":"REST"}],"circlet_count":0,"master_deck":["Strike_R","Strike_R","Strike_R","Strike_R","Strike_R","Defend_R","Defend_R","Defend_R","Bash","Flex","Carnage","Anger","Wild Strike+1","Perfected Strike","Blood for Blood","Bludgeon","Impervious+1","Rage","Sever Soul+1","Rage+1","Inflame","Armaments"],"relics":["Burning Blood","Vajra","Regal Pillow","Red Skull","HornCleat","Tiny House"],"acts_visited":["Exordium","TheCity"],"potions_floor_usage":[4,21],"damage_taken":[{"damage":13,"enemies":"Cultist","floor":1,"turns":5},{"damage":13,"enemies":"Jaw Worm","floor":2,"turns":3},{"damage":0,"enemies":"Small Slimes","floor":3,"turns":3},{"damage":6,"enemies":"3 Louse","floor":4,"turns":4},{"damage":36,"enemies":"Lagavulin","floor":8,"turns":4},{"damage":13,"enemies":"Exordium Wildlife","floor":10,"turns":3},{"damage":7,"enemies":"Exordium Thugs","floor":14,"turns":3},{"damage":45,"enemies":"The Guardian","floor":16,"turns":7},{"damage":10,"enemies":"Chosen","floor":18,"turns":3},{"damage":21,"enemies":"3 Byrds","floor":19,"turns":7},{"damage":18,"enemies":"Cultist and Chosen","floor":20,"turns":6},{"damage":40,"enemies":"Centurion and Healer","floor":21,"turns":8},{"damage":0,"enemies":"Snecko","floor":22,"turns":3},{"damage":59,"enemies":"Cultist and Chosen","floor":23,"turns":5}],"seed_played":"4101860856802243993","potions_obtained":[{"floor":2,"key":"hexamod:EctoCoolerPotion"},{"floor":3,"key":"BlessingOfTheForge"},{"floor":8,"key":"LiquidMemories"},{"floor":17,"key":"BloodPotion"},{"floor":19,"key":"Strength Potion"},{"floor":22,"key":"SmokeBomb"}],"is_trial":false,"path_per_floor":["M","M","M","M","?","R","$","E","T","M","R","?","$","M","R","B",null,"M","M","M","M","M","M"],"character_chosen":"IRONCLAD","items_purchased":["Perfected Strike","Vajra","Bludgeon"],"campfire_rested":2,"item_purchase_floors":[7,7,13],"current_hp_per_floor":[73,66,72,72,61,61,61,31,31,24,63,60,60,59,80,41,85,81,66,54,37,43,0,0],"gold":244,"neow_bonus":"REMOVE_CARD","is_daily":false,"chose_seed":false,"campfire_upgraded":1,"win_rate":0.0,"timestamp":1607681829,"path_taken":["M","M","M","M","?","R","$","E","T","M","R","?","$","M","R","BOSS","M","M","M","M","M","M"],"items_purchased_type":["Card","Relic","Card"],"build_version":"2020-11-30","purchased_purges":0,"victory":false,"max_hp_per_floor":[80,80,80,80,80,80,80,80,80,80,80,80,80,80,80,80,85,85,85,85,85,85,85,85],"card_choices":[{"not_picked":["Clothesline","Sword Boomerang"],"picked":"Flex","floor":1},{"not_picked":["Body Slam","Cleave"],"picked":"Carnage","floor":2},{"not_picked":["Havoc","Heavy Blade"],"picked":"Anger","floor":3},{"not_picked":["Pommel Strike","Sword Boomerang"],"picked":"Wild Strike","floor":4},{"not_picked":["Power Through","Fiend Fire","Heavy Blade"],"picked":"SKIP","floor":8},{"not_picked":["Pummel","Intimidate"],"picked":"Blood for Blood","floor":10},{"not_picked":["Headbutt","True Grit","Disarm"],"picked":"SKIP","floor":14},{"not_picked":["Fiend Fire","Limit Break"],"picked":"Impervious","floor":16},{"not_picked":["Shrug It Off","Reckless Charge"],"picked":"Rage","floor":18},{"not_picked":["Heavy Blade","Pummel"],"picked":"Sever Soul+1","floor":19},{"not_picked":["Flame Barrier","Bloodletting+1"],"picked":"Rage+1","floor":20},{"not_picked":["Heavy Blade+1","Reckless Charge"],"picked":"Inflame","floor":21},{"not_picked":["Cleave","Wild Strike"],"picked":"Armaments","floor":22}],"player_experience":30758,"relics_obtained":[{"floor":8,"key":"Regal Pillow"},{"floor":9,"key":"Red Skull"}],"event_choices":[{"damage_healed":0,"gold_gain":75,"player_choice":"Gather Gold","damage_taken":11,"max_hp_gain":0,"max_hp_loss":0,"event_name":"World of Goop","floor":5,"gold_loss":0},{"damage_healed":0,"gold_gain":0,"player_choice":"Success","damage_taken":3,"relics_obtained":["HornCleat"],"max_hp_gain":0,"max_hp_loss":0,"event_name":"Scrap Ooze","floor":12,"gold_loss":0}],"is_beta":false,"boss_relics":[{"not_picked":["Velvet Choker","Busted Crown"],"picked":"Tiny House"}],"items_purged_floors":[],"is_endless":false,"potions_floor_spawned":[2,3,8,19,22],"killed_by":"Cultist and Chosen","ascension_level":0}}