{"host":"c4mm8falyg7qgorf","time":1607678865,"event":{"mods":["BaseMod","FoggyMod","Minty Spire (QoL Compilation)","Replay The Spire","Shop Mod","StSLib","Thieving Mod","UnlockEverythingMod","vexMod","¡¾ÒÅÎï¿¨ÅÆ¡¿REMEMod","óô»ðÖ¸ÄÏ"],"gold_per_floor":[113,113,128,128,128,161,161,195,222,222,247,247,247],"floor_reached":12,"playtime":444,"items_purged":[],"score":188,"play_id":"36bc5f14-b14f-4c11-946d-73210d0c243a","local_time":"20201211172745","daily_mods":["Draft","Vintage","Colorless Cards","Heirloom","Time Dilation","DeadlyEvents","Elite Swarm","Uncertain Future"],"is_ascension_mode":true,"campfire_choices":[{"floor":7,"key":"RECALL"},{"floor":10,"key":"REST"}],"circlet_count":0,"master_deck":["AscendersBane","Prepared","ReplayTheSpireMod:Scrap Shanks","Cloak And Dagger","Slice","ReplayTheSpireMod:The Works","Setup","Noxious Fumes+1","Cloak And Dagger","Slice+1","Good Instincts","Deflect","Cloak And Dagger","Slice","Discovery","Acrobatics","Feed","Corpse Explosion","Magnetism","Bandage Up","REME_MagicPocketWatch","Tools of the Trade"],"relics":["Ring of the Snake","replay:Trail_Library","REME_ComplimentaryCards","Turnip","vexMod:FocusSash","Shuriken","NeowsBlessing","REME_HandOfSuture","Dream Catcher","Snake Skull","Pocketwatch"],"acts_visited":["Exordium"],"potions_floor_usage":[3,6,12],"damage_taken":[{"damage":2,"enemies":"Jaw Worm","floor":1,"turns":2},{"damage":0,"enemies":"Cultist","floor":3,"turns":2},{"damage":5,"enemies":"Gremlin Nob","floor":6,"turns":3},{"damage":30,"enemies":"Lagavulin","floor":8,"turns":4},{"damage":27,"enemies":"Gremlin Nob","floor":11,"turns":4},{"damage":10,"enemies":"3 Sentries","floor":12,"turns":2}],"seed_played":"1721634994021019350","potions_obtained":[{"floor":1,"key":"SkillPotion"},{"floor":11,"key":"Cursed Concoction"}],"is_trial":true,"path_per_floor":["M","?","M","?","WH","E","R","E","T","R","E","E"],"character_chosen":"THE_SILENT","items_purchased":[],"campfire_rested":1,"item_purchase_floors":[],"current_hp_per_floor":[57,57,60,39,39,34,34,4,4,24,1,0,0],"gold":247,"neow_bonus":"THREE_ENEMY_KILL","is_daily":false,"chose_seed":false,"campfire_upgraded":0,"win_rate":0.0,"timestamp":1607678865,"path_taken":["M","?","?","?","WH","E","R","E","T","R","E","?"],"items_purchased_type":[],"build_version":"2020-11-30","purchased_purges":0,"victory":false,"max_hp_per_floor":[66,66,69,69,69,69,69,69,69,69,69,69,69],"card_choices":[{"not_picked":["Hidden Blade","Flying Knee"],"picked":"Prepared","floor":0},{"not_picked":["Reflex","Good Instincts"],"picked":"ReplayTheSpireMod:Scrap Shanks","floor":0},{"not_picked":["Heel Hook","ReplayTheSpireMod:Shiv Toss"],"picked":"Cloak And Dagger","floor":0},{"not_picked":["Deflect","Bouncing Flask"],"picked":"Slice","floor":0},{"not_picked":["Dagger Spray","Backflip"],"picked":"ReplayTheSpireMod:The Works","floor":0},{"not_picked":["Replay:Poison Smokescreen","Dagger Spray"],"picked":"Setup","floor":0},{"not_picked":["Quick Slash","Flash of Steel"],"picked":"Noxious Fumes","floor":0},{"not_picked":["Dagger Spray","Outmaneuver"],"picked":"Cloak And Dagger","floor":0},{"not_picked":["Dagger Spray","Specialist"],"picked":"Slice","floor":0},{"not_picked":["Poisoned Stab","Bane"],"picked":"Good Instincts","floor":0},{"not_picked":["Flying Knee","Bane"],"picked":"Deflect","floor":0},{"not_picked":["Panacea","Good Instincts"],"picked":"Cloak And Dagger","floor":0},{"not_picked":["Cloak And Dagger","Deflect"],"picked":"Slice","floor":0},{"not_picked":["Deadly Poison","Purity"],"picked":"Discovery","floor":0},{"not_picked":["Caltrops","Finesse"],"picked":"Acrobatics","floor":0},{"not_picked":["Thinking Ahead","Secret Weapon"],"picked":"Corpse Explosion","floor":6},{"not_picked":["ReplayTheSpireMod:Brewmster","A Thousand Cuts"],"picked":"Magnetism","floor":8},{"not_picked":["Toxin Wave","Footwork"],"picked":"REME_MagicPocketWatch","floor":10},{"not_picked":["Metamorphosis","Chrysalis"],"picked":"Tools of the Trade","floor":11}],"player_experience":162260,"relics_obtained":[{"floor":1,"key":"vexMod:FocusSash"},{"floor":3,"key":"Shuriken"},{"floor":6,"key":"REME_HandOfSuture"},{"floor":8,"key":"Dream Catcher"},{"floor":9,"key":"Snake Skull"},{"floor":11,"key":"Pocketwatch"}],"event_choices":[{"damage_healed":0,"gold_gain":0,"player_choice":"Ignored","damage_taken":0,"max_hp_gain":0,"max_hp_loss":0,"event_name":"Purifier","floor":2,"gold_loss":0},{"damage_healed":0,"gold_gain":0,"player_choice":"Entered Light","damage_taken":21,"max_hp_gain":0,"max_hp_loss":0,"event_name":"Shining Light","floor":4,"gold_loss":0,"cards_upgraded":["Slice","Noxious Fumes"]}],"is_beta":false,"boss_relics":[],"items_purged_floors":[],"is_endless":false,"potions_floor_spawned":[1,11],"killed_by":"3 Sentries","ascension_level":20}}