{"host":"j4tm1fhkymdbe3p9","time":1607670551,"event":{"mods":["A Magickal Journey","BaseMod","Better Third Choice","BetterRewards","Chen","Downfall","Hermit","Hubris","Infinite Spire","Koishi","Luminous","Marisa????????","Mimic Mod","Minty Spire (QoL Compilation)","Reimu??????","Remilia??????","Replay The Spire","Shade Mod","Shop Mod","StSLib","The Animator","The Blackbeard","The Bladedancer","The Construct","The Cursed","The Disciple","The Druid","The Exalted","The Gatherer","The Hierophant","The Mystic","The Necromancer","The Runesmith","The Servant 0.9.4","The Spell Scribe","TheSwordswoman","??????REMEMod"],"gold_per_floor":[116,128,143,143,19,46,56,67,92,108,124,140,140,153,153,257,257,271,288,288,298,298,298,324,352,388,408,220,270,284,294,294,395,395,410,360,370,387,387,417,432,459,459,459,459],"floor_reached":44,"playtime":3443,"items_purged":["Strike_RM","Strike_RM"],"score":723,"play_id":"b576c073-4235-43c3-9ccb-52fb19c2c580","local_time":"20201211020911","is_ascension_mode":false,"campfire_choices":[{"floor":15.0,"key":"REST"},{"data":"ScarletMeister","floor":23.0,"key":"SMITH"},{"floor":32.0,"key":"REST"}],"circlet_count":0,"master_deck":["Strike_RM","Strike_RM","Defend_RM","Defend_RM","Defend_RM","Defend_RM","RedMoon","ScarletShoot+1","ScarletImprint","Stigmanizer","BloodAndWine","EndlessAdversity","ReplayTheSpireMod:Trickstab","TransientEternity","MillenniumVampire","StarOfDavid","DiffusionOfMisfortune","BombardNight","ScarletDevil","ScarletImprint","ScarletMeister+1","ScarletDevil+1","EmergencyRegeneration","infinitespire:UltimateForm","BombardNight","UnstableMagic+1","UnderTheZenith","UnderTheZenith","UnstableMagic","ChaoticDestiny","ForecastOfChange","ReincarnationDial","DiffusionOfMisfortune","BombardNight+1","infinitespire:Punishment","MiserableFate","ScarletMeister"],"relics":["ScarletHat","REME_ComplimentaryCards","infinitespire:PuzzleCube","Tiny Chest","infinitespire:Bottled Soul","Philosopher\u0027s Stone","Strawberry","hubris:BottledRain","InkBottle","Membership Card","ChewingGum","infinitespire:CheckeredPen","Bromod:ArcanePistoleer","Replay:Wax Seal","hubris:PeanutButter"],"acts_visited":["Exordium","TheCity","TheBeyond"],"potions_floor_usage":[33,38,42,44],"damage_taken":[{"damage":0.0,"enemies":"Small Slimes","floor":1.0,"turns":3.0},{"damage":0.0,"enemies":"Cultist","floor":2.0,"turns":3.0},{"damage":0.0,"enemies":"2 Louse","floor":3.0,"turns":3.0},{"damage":2.0,"enemies":"2 Louse","floor":4.0,"turns":6.0},{"damage":13.0,"enemies":"3 Sentries","floor":6.0,"turns":10.0},{"damage":10.0,"enemies":"Exordium Wildlife","floor":7.0,"turns":5.0},{"damage":1.0,"enemies":"Gremlin Gang","floor":8.0,"turns":3.0},{"damage":16.0,"enemies":"Red Slaver","floor":10.0,"turns":1.0},{"damage":0.0,"enemies":"Lots of Slimes","floor":11.0,"turns":5.0},{"damage":3.0,"enemies":"3 Louse","floor":12.0,"turns":2.0},{"damage":0.0,"enemies":"Looter","floor":14.0,"turns":2.0},{"damage":33.0,"enemies":"The Guardian","floor":16.0,"turns":8.0},{"damage":4.0,"enemies":"2 Thieves","floor":18.0,"turns":2.0},{"damage":0.0,"enemies":"Chosen","floor":19.0,"turns":3.0},{"damage":27.0,"enemies":"Snecko","floor":21.0,"turns":5.0},{"damage":40.0,"enemies":"Slavers","floor":25.0,"turns":3.0},{"damage":3.0,"enemies":"Centurion and Healer","floor":26.0,"turns":7.0},{"damage":0.0,"enemies":"Centurion and Healer","floor":27.0,"turns":4.0},{"damage":1.0,"enemies":"Shelled Parasite and Fungi","floor":30.0,"turns":4.0},{"damage":67.0,"enemies":"Snake Plant","floor":31.0,"turns":5.0},{"damage":81,"enemies":"Pondfish","floor":33,"turns":7},{"damage":0,"enemies":"3 Darklings","floor":35,"turns":5},{"damage":30,"enemies":"Orb Walker","floor":37,"turns":4},{"damage":21,"enemies":"Transient","floor":38,"turns":5},{"damage":0,"enemies":"Giant Head","floor":40,"turns":4},{"damage":9,"enemies":"Jaw Worm Horde","floor":41,"turns":3},{"damage":15,"enemies":"Nemesis","floor":42,"turns":5}],"seed_played":"-824580432238682943","potions_obtained":[{"floor":2.0,"key":"Languid Potion"},{"floor":6.0,"key":"Reflective Coating"},{"floor":8.0,"key":"GrandPatriotsElixir:ReiMu"},{"floor":11.0,"key":"ZuzhouPotion:ReiMu"},{"floor":12.0,"key":"Languid Potion"},{"floor":14.0,"key":"PowerPotion"},{"floor":19.0,"key":"FearPotion"},{"floor":25.0,"key":"Fire Potion"},{"floor":27.0,"key":"Slimebound:ThreeZeroPotion"},{"floor":33,"key":"EssenceOfSteel"},{"floor":35,"key":"Toxic Potion"},{"floor":41,"key":"Weak Potion"},{"floor":42,"key":"Weak Potion"}],"is_trial":false,"path_per_floor":["M","M","M","?","$","E","M","M","T","M","M","M","$","M","R","B",null,"M","M","?","M","?","R","T","E","MIM","M","$","?","M","M","R","B",null,"M","$","M","M","AVR","E","M","E","T","M"],"character_chosen":"REMILIA","items_purchased":["BloodAndWine","EndlessAdversity","infinitespire:Bottled Soul","Membership Card"],"campfire_rested":2,"item_purchase_floors":[5,5,13,28],"current_hp_per_floor":[75,75,75,74,74,63,53,52,52,36,41,38,21,21,43,16,75,71,71,54,55,55,55,62,22,24,25,25,25,24,15,39,18,82,82,82,67,77,77,82,75,72,72,0,0],"gold":459,"neow_bonus":"UPGRADE_CARD","is_daily":false,"chose_seed":false,"campfire_upgraded":1,"win_rate":0.0,"timestamp":1607670551,"path_taken":["M","M","M","?","?","E","?","?","T","M","M","M","?","M","R","BOSS","M","M","?","M","?","R","?","E","MIM","M","$","?","M","M","R","BOSS","M","$","M","M","AVR","E","M","E","T","?"],"items_purchased_type":["Card","Card","Relic","Relic"],"build_version":"2020-11-30","purchased_purges":2,"victory":false,"max_hp_per_floor":[75,75,75,75,75,75,75,75,75,75,75,75,75,75,75,75,75,75,75,75,75,75,75,82,82,82,82,82,82,82,82,82,82,82,82,82,82,82,82,82,82,82,82,82,82],"card_choices":[{"not_picked":["UnstableMagic","CharismaGuard"],"picked":"ScarletImprint","floor":1.0},{"not_picked":["ScarletDevil","NightDance"],"picked":"Stigmanizer","floor":2.0},{"not_picked":["BloodyTrap","AfternoonTea","VampireSweep"],"picked":"SKIP","floor":3.0},{"not_picked":["UnderTheZenith","Stigmanizer"],"picked":"TransientEternity","floor":6.0},{"not_picked":["ScarletSymphony","CharismaGuard"],"picked":"MillenniumVampire","floor":7.0},{"not_picked":["FitfulNightmare","FavorOfDestiny"],"picked":"StarOfDavid","floor":8.0},{"not_picked":["ReincarnationDial","SuperhumanBloodyKnife"],"picked":"DiffusionOfMisfortune","floor":10.0},{"not_picked":["FavorOfDestiny","NightDance"],"picked":"BombardNight","floor":11.0},{"not_picked":["MillenniumVampire","BloodySeventeenLaser"],"picked":"ScarletDevil","floor":12.0},{"not_picked":["VampireKiss","BloodHunter"],"picked":"ScarletImprint","floor":14.0},{"not_picked":["KillingBlow","BloodyHallows"],"picked":"ScarletMeister","floor":16.0},{"not_picked":["EndlessAdversity","Stigmanizer+1"],"picked":"ScarletDevil+1","floor":18.0},{"not_picked":["DiffusionOfMisfortune","ReincarnationDial"],"picked":"EmergencyRegeneration","floor":19.0},{"not_picked":["ReplayTheSpireMod:Black Plague","infinitespire:FinalStrike"],"picked":"infinitespire:UltimateForm","floor":20.0},{"not_picked":["Septette","EndlessAdversity"],"picked":"BombardNight","floor":21.0},{"not_picked":["Ultimatum","ScarletGensokyo+1"],"picked":"UnstableMagic+1","floor":25.0},{"not_picked":["CharismaGuard","ScarletSymphony"],"picked":"UnderTheZenith","floor":26.0},{"not_picked":["VampirishNight","StarOfDavid"],"picked":"UnderTheZenith","floor":27.0},{"not_picked":["VampireClaw+1","Ultimatum"],"picked":"UnstableMagic","floor":30.0},{"not_picked":["BombardNight+1","UnderTheZenith"],"picked":"ChaoticDestiny","floor":31.0},{"not_picked":["BloodRain","TricksterDevil"],"picked":"ForecastOfChange","floor":33},{"not_picked":["StarOfDavid","ScarletImprint+1"],"picked":"ReincarnationDial","floor":35},{"not_picked":["ScarletGensokyo+1","CharismaGuard+1"],"picked":"DiffusionOfMisfortune","floor":37},{"not_picked":["NightDance","ChainGang+1"],"picked":"BombardNight+1","floor":38},{"not_picked":["CharismaGuard","ScarletSymphony","EmergencyRegeneration+1"],"picked":"SKIP","floor":40},{"not_picked":["CharismaGuard","ScarletSymphony","EmergencyRegeneration+1"],"picked":"SKIP","floor":40},{"not_picked":["VampireKiss","BombardNight"],"picked":"MiserableFate","floor":41},{"not_picked":["MastersStateliness","Septette"],"picked":"ScarletMeister","floor":42}],"player_experience":559262,"relics_obtained":[{"floor":6.0,"key":"infinitespire:PuzzleCube"},{"floor":9.0,"key":"Tiny Chest"},{"floor":24.0,"key":"Strawberry"},{"floor":25.0,"key":"hubris:BottledRain"},{"floor":26.0,"key":"InkBottle"},{"floor":40,"key":"Bromod:ArcanePistoleer"},{"floor":42,"key":"Replay:Wax Seal"},{"floor":43,"key":"hubris:PeanutButter"}],"event_choices":[{"damage_healed":0.0,"max_hp_gain":0.0,"max_hp_loss":0.0,"gold_gain":100.0,"event_name":"The Joust","player_choice":"Bet on Murderer","floor":29.0,"gold_loss":50.0,"damage_taken":0.0}],"is_beta":false,"boss_relics":[{"not_picked":["hubris:HollowSoul","Bromod:ArcaneBarrier"],"picked":"Philosopher\u0027s Stone"},{"not_picked":["Replay:Drink Me","Replay:Wanted Poster"],"picked":"ChewingGum"}],"items_purged_floors":[28,36],"is_endless":false,"potions_floor_spawned":[2,6,11,12,14,19,25,27,33,35,41,42],"killed_by":"4 Shapes","ascension_level":0}}