{"host":"usewcu4ohw2wtmxk","time":1607725359,"event":{"mods":["AchievementEnabler","BaseMod","BetterRewards","Colored Powertips","Minty Spire (QoL Compilation)","Permanent Neow","Quick Restart","Relic Sorter","Relic Stats","Shop Mod","StSLib","UnlockEverythingMod"],"gold_per_floor":[20,20,32,42,54,54,66,66,66],"floor_reached":8,"playtime":2566,"items_purged":[],"score":100,"play_id":"e73f1abe-03e3-4eac-b341-bbd6a9635bb2","local_time":"20201212062239","is_ascension_mode":true,"campfire_choices":[{"data":"Bloodletting","floor":6,"key":"SMITH"}],"circlet_count":0,"master_deck":["AscendersBane","Strike_R","Strike_R","Strike_R","Strike_R","Defend_R","Defend_R","Defend_R","Defend_R","Bash","Shrug It Off","Bloodletting+1","Power Through"],"relics":["Burning Blood","Dead Branch"],"acts_visited":["Exordium"],"potions_floor_usage":[],"damage_taken":[{"damage":14.0,"enemies":"Jaw Worm","floor":1.0,"turns":5.0},{"damage":1.0,"enemies":"Small Slimes","floor":3.0,"turns":4.0},{"damage":9,"enemies":"Cultist","floor":4,"turns":4},{"damage":6,"enemies":"Exordium Wildlife","floor":5,"turns":5},{"damage":0,"enemies":"3 Louse","floor":7,"turns":7},{"damage":0,"enemies":"Lagavulin","floor":8,"turns":1}],"seed_played":"3685496885178572","potions_obtained":[{"floor":1.0,"key":"BloodPotion"},{"floor":5,"key":"Swift Potion"}],"is_trial":false,"path_per_floor":["M","?","M","M","M","R","M","E"],"character_chosen":"IRONCLAD","items_purchased":[],"campfire_rested":0,"item_purchase_floors":[],"current_hp_per_floor":[60,60,65,62,62,62,68,68,68],"gold":66,"neow_bonus":"ONE_RARE_RELIC","is_daily":false,"chose_seed":false,"campfire_upgraded":1,"win_rate":0.0,"timestamp":1607725359,"path_taken":["M","?","M","M","M","R","M","E"],"items_purchased_type":[],"build_version":"2020-11-30","purchased_purges":0,"victory":false,"max_hp_per_floor":[75,75,75,75,75,75,75,75,75],"relic_stats":{"counters":[6,26],"Dead Branch":[5],"obtain_stats":[{"Dead Branch":0,"Burning Blood":0},{"Dead Branch":0,"Burning Blood":0},{"Dead Branch":0,"Burning Blood":0}],"Burning Blood":30},"card_choices":[{"not_picked":["Sentinel","True Grit"],"picked":"Shrug It Off","floor":1.0},{"not_picked":["Heavy Blade","Thunderclap"],"picked":"Bloodletting","floor":3.0},{"not_picked":["Iron Wave","Headbutt","Cleave"],"picked":"SKIP","floor":4},{"not_picked":["Sword Boomerang","Iron Wave","Headbutt"],"picked":"SKIP","floor":5},{"not_picked":["True Grit","Berserk"],"picked":"Power Through","floor":7}],"player_experience":241739,"relics_obtained":[],"event_choices":[{"cards_removed":["Strike_R"],"damage_healed":0.0,"max_hp_gain":0.0,"max_hp_loss":0.0,"gold_gain":0.0,"event_name":"Living Wall","player_choice":"Forget","floor":2.0,"gold_loss":0.0,"damage_taken":0.0}],"is_beta":false,"boss_relics":[],"items_purged_floors":[],"is_endless":false,"potions_floor_spawned":[1,5],"killed_by":"Lagavulin","ascension_level":20}}