{"host":"63howft1cojq0ioc","time":1607699035,"event":{"mods":["Act Like it!","Aspiration","BaseMod","DeckTracker","Downfall","Hermit","Infinite Spire","Minty Spire (QoL Compilation)","Quick Restart","Relic Stats","Replay The Spire","StSLib","SuperFastMode","The Jungle"],"gold_per_floor":[116,133,133,133,5,5,5,32,32,42,77,105,4,32,32,129,129,141,66,76,86,86,86,86],"floor_reached":23,"playtime":960,"items_purged":["Strike_R"],"score":260,"play_id":"c03c2cb3-97af-4cb9-a159-86e40c8b4406","local_time":"20201211130355","is_ascension_mode":true,"campfire_choices":[{"data":"Cleave","floor":6,"key":"SMITH"},{"floor":15,"key":"REST"}],"circlet_count":0,"master_deck":["Strike_R","Strike_R","Strike_R","Defend_R","Defend_R+1","Defend_R","Bash","Blind","Cleave+1","Flex","Thunderclap+1","Flex","Twin Strike","Demonic Infusion+1","Spot Weakness","Offering","Inflame"],"relics":["Burning Blood","WingedGreaves","Blue Doll","Bottled Flame","aspiration:TomeofQuesting","Replay:Mystery Machine","Garlic","aspiration:FrozenJewel"],"acts_visited":["Exordium","TheCity"],"potions_floor_usage":[12,23,23],"damage_taken":[{"damage":18,"enemies":"infinitespire:Voidling","floor":1,"turns":5},{"damage":3,"enemies":"2 Louse","floor":2,"turns":2},{"damage":25,"enemies":"Gremlin Nob","floor":8,"turns":4},{"damage":1,"enemies":"Jaw Worm","floor":10,"turns":3},{"damage":15,"enemies":"3 Sentries","floor":11,"turns":4},{"damage":3,"enemies":"Gremlin Nob","floor":12,"turns":4},{"damage":23,"enemies":"Replay:BlueRogue","floor":14,"turns":5},{"damage":49,"enemies":"The Guardian","floor":16,"turns":8},{"damage":18,"enemies":"Shell Parasite","floor":18,"turns":4},{"damage":16,"enemies":"2 Thieves","floor":20,"turns":2},{"damage":21,"enemies":"Snake Plant","floor":21,"turns":3},{"damage":62,"enemies":"Book of Stabbing","floor":23,"turns":5}],"seed_played":"1699202738647459360","potions_obtained":[{"floor":10,"key":"Block Potion"},{"floor":14,"key":"sneckomod:MuddlingPotion"},{"floor":16,"key":"BloodPotion"},{"floor":20,"key":"PowerPotion"}],"is_trial":false,"path_per_floor":["M","M","?","T","$","R","?","E","T","M","E","E","$","E","R","B",null,"M","?","M","M","AVR","E"],"character_chosen":"IRONCLAD","items_purchased":["Flex","Demonic Infusion+1"],"campfire_rested":1,"item_purchase_floors":[5,13],"current_hp_per_floor":[77,80,80,80,80,80,80,61,61,66,57,60,60,43,67,24,80,68,68,58,43,43,0,0],"gold":86,"neow_bonus":"RANDOM_COLORLESS","is_daily":false,"chose_seed":false,"campfire_upgraded":1,"win_rate":0.0,"timestamp":1607699035,"path_taken":["M","?","?","?","?","R","?","E","T","M","E","E","$","E","R","BOSS","M","?","M","M","AVR","E"],"items_purchased_type":["Card","Undefined"],"build_version":"2020-11-30","purchased_purges":1,"victory":false,"max_hp_per_floor":[80,80,80,80,80,80,80,80,80,80,80,80,80,80,80,80,80,80,80,80,80,80,80,80],"relic_stats":{"counters":[12,49],"obtain_stats":[{"Bottled Flame":9,"Blue Doll":8,"aspiration:TomeofQuesting":11,"WingedGreaves":4,"Garlic":14,"Replay:Mystery Machine":12,"Burning Blood":0,"aspiration:FrozenJewel":22},{"Bottled Flame":3,"Blue Doll":3,"aspiration:TomeofQuesting":5,"WingedGreaves":2,"Garlic":7,"Replay:Mystery Machine":6,"Burning Blood":0,"aspiration:FrozenJewel":11},{"Bottled Flame":11,"Blue Doll":11,"aspiration:TomeofQuesting":18,"WingedGreaves":7,"Garlic":27,"Replay:Mystery Machine":22,"Burning Blood":0,"aspiration:FrozenJewel":44}],"Burning Blood":66},"card_choices":[{"not_picked":["Replay:SS_fish_1","expansioncontent:BronzeBeam"],"picked":"Blind","floor":0},{"not_picked":["Run Through","Defy Death"],"picked":"Cleave","floor":1},{"not_picked":["Defy Death","Headbutt","Rupture"],"picked":"SKIP","floor":2},{"not_picked":["Dark Embrace","Rupture"],"picked":"Flex","floor":8},{"not_picked":["Run Through","Headbutt","Reckless Charge"],"picked":"SKIP","floor":10},{"not_picked":["Heavy Blade","Metallicize","Shockwave"],"picked":"SKIP","floor":11},{"not_picked":["Havoc","Warcry"],"picked":"Twin Strike","floor":12},{"not_picked":["Body Slam","Clothesline"],"picked":"Spot Weakness","floor":14},{"not_picked":["Double Tap","Immolate"],"picked":"Offering","floor":16},{"not_picked":["Replay:Undeath\u0027s Touch+1","Shockwave","Sword Boomerang"],"picked":"SKIP","floor":18},{"not_picked":["Defy Death","Shrug It Off","Armaments"],"picked":"SKIP","floor":20},{"not_picked":["True Grit","Warcry"],"picked":"Inflame","floor":21}],"player_experience":83906,"relics_obtained":[{"floor":4,"key":"WingedGreaves"},{"floor":8,"key":"Blue Doll"},{"floor":9,"key":"Bottled Flame"},{"floor":11,"key":"aspiration:TomeofQuesting"},{"floor":12,"key":"Replay:Mystery Machine"},{"floor":14,"key":"Garlic"}],"event_choices":[{"cards_removed":["Defend_R"],"damage_healed":0,"gold_gain":0,"player_choice":"Gave Gold","damage_taken":0,"max_hp_gain":0,"max_hp_loss":0,"event_name":"Beggar","floor":19,"gold_loss":75}],"is_beta":false,"boss_relics":[{"not_picked":["Ooze Armor","ReplayTheSpireMod:SealedPack","Replay:Wanted Poster"]}],"items_purged_floors":[5],"is_endless":false,"potions_floor_spawned":[10,14,16,20],"killed_by":"Book of Stabbing","ascension_level":4}}