{"host":"cjhtzh7tp54jdfyv","time":1607667037,"event":{"gold_per_floor":[114,125,143,143,159,159,159,25,25,54,54,67,100,112,112,185,185,195,214,228,228,252,252,278,278,331,362,102,115,115,127,127,202,202,219,169,169,42,83,117,117,149,174,226,281,307,319,361,373,385,385],"floor_reached":50,"playtime":4034,"items_purged":["Pain"],"score":1414,"play_id":"34e9d794-961d-4acc-b608-7cc3b7847049","local_time":"20201211011037","is_ascension_mode":true,"campfire_choices":[{"floor":6,"key":"REST"},{"data":"Conclude","floor":15,"key":"SMITH"},{"floor":23,"key":"REST"},{"floor":25,"key":"REST"},{"floor":32,"key":"REST"},{"floor":41,"key":"REST"},{"floor":47,"key":"REST"},{"floor":49,"key":"RECALL"}],"neow_cost":"NONE","seed_source_timestamp":814005150702200,"circlet_count":0,"master_deck":["AscendersBane","Strike_P","Strike_P+1","Strike_P","Strike_P","Defend_P","Defend_P","Defend_P+1","Eruption+1","Vigilance","TalkToTheHand+1","ReachHeaven","FlurryOfBlows","Wallop","CarveReality","Swivel+1","Worship","Conclude+1","Blasphemy","CutThroughFate","Meditate+1","FlurryOfBlows+1","Ragnarok","Dramatic Entrance","Halt+1","Wish","TalkToTheHand","Adaptation","Crescendo","CutThroughFate"],"relics":["SlaversCollar","Dead Branch","Meat on the Bone","Tiny Chest","War Paint","Fusion Hammer","WarpedTongs","Ancient Tea Set","Letter Opener","Nunchaku","Philosopher\u0027s Stone","Sundial","Mummified Hand","Pantograph","MawBank","Pear"],"potions_floor_usage":[5,5,24,33,33,48,50],"damage_taken":[{"damage":7,"enemies":"Jaw Worm","floor":1,"turns":4},{"damage":5,"enemies":"Small Slimes","floor":2,"turns":4},{"damage":9,"enemies":"2 Louse","floor":3,"turns":2},{"damage":5,"enemies":"Gremlin Gang","floor":5,"turns":2},{"damage":5,"enemies":"3 Sentries","floor":10,"turns":5},{"damage":9,"enemies":"2 Fungi Beasts","floor":12,"turns":9},{"damage":0,"enemies":"Gremlin Nob","floor":13,"turns":2},{"damage":4,"enemies":"Exordium Thugs","floor":14,"turns":2},{"damage":0,"enemies":"Slime Boss","floor":16,"turns":4},{"damage":9,"enemies":"2 Thieves","floor":18,"turns":4},{"damage":8,"enemies":"Shell Parasite","floor":19,"turns":5},{"damage":8,"enemies":"Snecko","floor":20,"turns":6},{"damage":16,"enemies":"Slavers","floor":24,"turns":4},{"damage":0,"enemies":"Gremlin Leader","floor":27,"turns":2},{"damage":13,"enemies":"Centurion and Healer","floor":29,"turns":4},{"damage":14,"enemies":"Snake Plant","floor":31,"turns":5},{"damage":45,"enemies":"Collector","floor":33,"turns":8},{"damage":16,"enemies":"Orb Walker","floor":35,"turns":2},{"damage":11,"enemies":"3 Darklings","floor":39,"turns":4},{"damage":4,"enemies":"Nemesis","floor":40,"turns":3},{"damage":0,"enemies":"Reptomancer","floor":42,"turns":5},{"damage":23,"enemies":"Writhing Mass","floor":44,"turns":6},{"damage":28,"enemies":"4 Shapes","floor":45,"turns":3},{"damage":17,"enemies":"Jaw Worm Horde","floor":46,"turns":2},{"damage":24,"enemies":"Nemesis","floor":48,"turns":3},{"damage":108,"enemies":"Awakened One","floor":50,"turns":7}],"seed_played":"-3228450588105115989","potions_obtained":[{"floor":2,"key":"Explosive Potion"},{"floor":3,"key":"DistilledChaos"},{"floor":13,"key":"Explosive Potion"},{"floor":19,"key":"Block Potion"},{"floor":24,"key":"SteroidPotion"},{"floor":33,"key":"Dexterity Potion"},{"floor":40,"key":"Dexterity Potion"},{"floor":42,"key":"Regen Potion"}],"is_trial":false,"path_per_floor":["M","M","M","?","M","R","?","$","T","E","?","M","E","M","R","B",null,"M","M","M","?","T","R","E","R","T","E","$","M","$","M","R","B",null,"M","?","T","$","M","E","R","E","T","M","M","M","R","E","R","B"],"character_chosen":"WATCHER","items_purchased":["Wallop","Explosive Potion","Ragnarok","Dramatic Entrance","TalkToTheHand","Adaptation"],"campfire_rested":6,"item_purchase_floors":[8,8,28,28,38,38],"current_hp_per_floor":[54,49,40,22,17,37,37,37,37,44,44,35,35,43,43,43,62,53,45,37,37,37,57,41,61,61,61,61,48,48,46,66,33,59,43,43,43,43,44,40,60,60,60,37,21,16,36,39,39,0,0],"gold":385,"neow_bonus":"BOSS_RELIC","is_prod":false,"is_daily":false,"chose_seed":false,"campfire_upgraded":1,"win_rate":0,"timestamp":1607667037,"path_taken":["M","M","M","?","M","R","?","$","T","E","?","M","E","M","R","BOSS","M","M","?","?","?","R","E","R","T","E","$","M","?","?","R","BOSS","M","?","?","$","M","E","R","E","T","M","M","M","R","E","R","BOSS"],"build_version":"2020-11-30","purchased_purges":1,"victory":false,"max_hp_per_floor":[68,68,68,68,68,68,68,68,68,68,68,68,68,68,68,68,68,68,68,68,68,68,68,68,68,68,68,68,68,68,68,68,68,68,68,68,68,68,68,68,68,68,68,68,68,68,68,78,78,78,78],"card_choices":[{"not_picked":["ThirdEye","Weave"],"picked":"TalkToTheHand","floor":1},{"not_picked":["InnerPeace","PathToVictory"],"picked":"ReachHeaven","floor":2},{"not_picked":["WreathOfFlame","JustLucky","Prostrate"],"picked":"SKIP","floor":3},{"not_picked":["EmptyFist","Indignation"],"picked":"FlurryOfBlows","floor":5},{"not_picked":["ConjureBlade","SashWhip"],"picked":"CarveReality","floor":10},{"not_picked":["FlyingSleeves","Worship"],"picked":"Swivel","floor":12},{"not_picked":["EmptyBody","CrushJoints"],"picked":"Worship","floor":13},{"not_picked":["Worship","Weave"],"picked":"Conclude","floor":14},{"not_picked":["Judgement","ConjureBlade"],"picked":"Blasphemy","floor":16},{"not_picked":["ClearTheMind","Halt"],"picked":"CutThroughFate","floor":18},{"not_picked":["Weave","BowlingBash"],"picked":"Meditate+1","floor":19},{"not_picked":["Halt+1","Crescendo"],"picked":"FlurryOfBlows+1","floor":20},{"not_picked":["Perseverance","WindmillStrike","Pray"],"picked":"SKIP","floor":24},{"not_picked":["EmptyBody","SignatureMove","PathToVictory"],"picked":"SKIP","floor":27},{"not_picked":["ThirdEye","EmptyBody","Fasting2"],"picked":"SKIP","floor":29},{"not_picked":["ForeignInfluence","Conclude"],"picked":"Halt+1","floor":31},{"not_picked":["SpiritShield","Alpha"],"picked":"Wish","floor":33},{"not_picked":["SashWhip","EmptyBody+1","PathToVictory"],"picked":"SKIP","floor":35},{"not_picked":["SignatureMove+1","Pray"],"picked":"Crescendo","floor":39},{"not_picked":["FlyingSleeves","Brilliance","CrushJoints"],"picked":"SKIP","floor":40},{"not_picked":["Sanctity","Nirvana"],"picked":"CutThroughFate","floor":42},{"not_picked":["EmptyBody","Nirvana","SandsOfTime"],"picked":"SKIP","floor":44},{"not_picked":["Crescendo","Evaluate+1","SashWhip"],"picked":"SKIP","floor":45},{"not_picked":["ClearTheMind","CrushJoints+1","EmptyBody"],"picked":"SKIP","floor":46},{"not_picked":["JustLucky","CrushJoints+1","ReachHeaven"],"picked":"SKIP","floor":48}],"player_experience":4122403,"relics_obtained":[{"floor":9,"key":"Meat on the Bone"},{"floor":10,"key":"Tiny Chest"},{"floor":13,"key":"War Paint"},{"floor":22,"key":"Ancient Tea Set"},{"floor":24,"key":"Letter Opener"},{"floor":27,"key":"Nunchaku"},{"floor":37,"key":"Sundial"},{"floor":40,"key":"Mummified Hand"},{"floor":42,"key":"Pantograph"},{"floor":43,"key":"MawBank"},{"floor":48,"key":"Pear"}],"event_choices":[{"damage_healed":0,"gold_gain":0,"player_choice":"Success","damage_taken":18,"relics_obtained":["Dead Branch"],"max_hp_gain":0,"max_hp_loss":0,"event_name":"Scrap Ooze","floor":4,"gold_loss":0},{"damage_healed":0,"gold_gain":0,"player_choice":"Grow","damage_taken":0,"max_hp_gain":0,"max_hp_loss":0,"event_name":"Living Wall","floor":7,"gold_loss":0,"cards_upgraded":["TalkToTheHand"]},{"cards_removed":["Defend_P"],"damage_healed":0,"gold_gain":0,"player_choice":"Purged","damage_taken":0,"max_hp_gain":0,"max_hp_loss":0,"event_name":"Purifier","floor":11,"gold_loss":0},{"damage_healed":0,"gold_gain":0,"player_choice":"Rummage","damage_taken":0,"relics_obtained":["WarpedTongs"],"max_hp_gain":0,"max_hp_loss":0,"event_name":"Accursed Blacksmith","floor":21,"gold_loss":0,"cards_obtained":["Pain"]},{"damage_healed":0,"gold_gain":0,"player_choice":"Upgraded Two","damage_taken":0,"max_hp_gain":0,"max_hp_loss":0,"event_name":"Designer","floor":36,"gold_loss":50,"cards_upgraded":["Eruption","Strike_P"]}],"is_beta":false,"boss_relics":[{"not_picked":["Runic Pyramid","Ectoplasm"],"picked":"Fusion Hammer"},{"not_picked":["Empty Cage","Cursed Key"],"picked":"Philosopher\u0027s Stone"}],"items_purged_floors":[28],"is_endless":false,"potions_floor_spawned":[2,3,13,16,19,24,33,40,42,44,46],"killed_by":"Awakened One","ascension_level":20}}