{"host":"p084pgp93u1tv48k","time":1607645670,"event":{"mods":["BaseMod","StSLib","AchievementEnabler","Hermit","Quick Restart","Minty Spire (QoL Compilation)","A Magickal Journey","The Mystic"],"gold_per_floor":[117,117,133,60,70,70,99,99,147,158,188,188,203,233,233,233,233],"floor_reached":16,"playtime":1225,"items_purged":[],"score":135,"play_id":"58d82b13-6fd0-4f2b-8155-d5707c48adab","local_time":"20201210194430","is_ascension_mode":false,"campfire_choices":[{"data":"hermit:Showdown","floor":6,"key":"SMITH"},{"data":"hermit:TakeCover","floor":8,"key":"SMITH"},{"floor":15,"key":"REST"}],"circlet_count":0,"master_deck":["hermit:Strike_Hermit","hermit:Strike_Hermit","hermit:Strike_Hermit","hermit:Strike_Hermit","hermit:Defend_Hermit","hermit:Defend_Hermit","hermit:Defend_Hermit","hermit:Defend_Hermit","hermit:Snapshot","hermit:Showdown+1","hermit:TakeCover+1","hermit:FullyLoaded","hermit:Coalescence","hermit:Quickdraw","hermit:LoneWolf"],"relics":["SacredBark","Bag of Marbles","Bronze Scales","Shuriken"],"acts_visited":["Exordium"],"potions_floor_usage":[11,16,16],"damage_taken":[{"damage":3,"enemies":"Small Slimes","floor":1,"turns":3},{"damage":6,"enemies":"Cultist","floor":3,"turns":3},{"damage":1,"enemies":"2 Louse","floor":5,"turns":2},{"damage":49,"enemies":"Gremlin Nob","floor":7,"turns":5},{"damage":0,"enemies":"Blue Slaver","floor":10,"turns":3},{"damage":0,"enemies":"3 Sentries","floor":11,"turns":8},{"damage":12,"enemies":"Exordium Wildlife","floor":13,"turns":3},{"damage":23,"enemies":"Slime Boss","floor":16,"turns":6}],"seed_played":"1304180062480114340","potions_obtained":[{"floor":1,"key":"Fire Potion"},{"floor":7,"key":"SteroidPotion"},{"floor":10,"key":"Ancient Potion"}],"is_trial":false,"path_per_floor":["M","?","M","$","M","R","E","R","T","M","E","?","M","?","R","B"],"character_chosen":"HERMIT","items_purchased":["hermit:FullyLoaded"],"campfire_rested":1,"item_purchase_floors":[4],"current_hp_per_floor":[72,72,66,66,65,65,16,16,16,16,16,16,4,4,26,3,3],"gold":233,"neow_bonus":"BOSS_RELIC","is_daily":false,"chose_seed":false,"campfire_upgraded":2,"win_rate":0.0,"timestamp":1607645670,"path_taken":["M","?","M","$","?","R","E","R","T","M","E","?","M","?","R","BOSS"],"build_version":"2020-11-30","purchased_purges":0,"victory":false,"max_hp_per_floor":[75,75,75,75,75,75,75,75,75,75,75,75,75,75,75,75,75],"card_choices":[{"not_picked":["hermit:Grudge","hermit:Manifest"],"picked":"hermit:Showdown","floor":1},{"not_picked":["hermit:Virtue","hermit:HighCaliber"],"picked":"hermit:TakeCover","floor":3},{"not_picked":["hermit:BodyArmor","hermit:FlashPowder","hermit:LuckOfTheDraw"],"picked":"SKIP","floor":5},{"not_picked":["hermit:BlackWind","hermit:GoldenBullet","hermit:HoleUp"],"picked":"SKIP","floor":7},{"not_picked":["hermit:Headshot","hermit:SprayPray"],"picked":"hermit:Coalescence","floor":10},{"not_picked":["hermit:Dive","hermit:Cheat"],"picked":"hermit:Quickdraw","floor":11},{"not_picked":["hermit:TakeAim","hermit:HighCaliber"],"picked":"hermit:LoneWolf","floor":13}],"player_experience":83532,"relics_obtained":[{"floor":7,"key":"Bag of Marbles"},{"floor":9,"key":"Bronze Scales"},{"floor":11,"key":"Shuriken"}],"event_choices":[{"cards_removed":["hermit:Covet"],"damage_healed":0,"gold_gain":0,"player_choice":"Purged","damage_taken":0,"max_hp_gain":0,"max_hp_loss":0,"event_name":"Purifier","floor":2,"gold_loss":0},{"damage_healed":0,"gold_gain":0,"player_choice":"Ignored","damage_taken":0,"max_hp_gain":0,"max_hp_loss":0,"event_name":"Liars Game","floor":12,"gold_loss":0},{"damage_healed":0,"gold_gain":30,"player_choice":"Searched \u00271\u0027 times","damage_taken":0,"max_hp_gain":0,"max_hp_loss":0,"event_name":"Dead Adventurer","floor":14,"gold_loss":0}],"is_beta":false,"boss_relics":[],"items_purged_floors":[],"is_endless":false,"potions_floor_spawned":[1,7,10],"killed_by":"Slime Boss","ascension_level":0}}