{"host":"ojme7g6xlqwffsso","time":1607691514,"event":{"mods":["Act Like it!","BaseMod","Downfall","Hermit","MarisaÅiñ∂âJÅ@ñÇóùçπÅj","Minty Spire (QoL Compilation)","Quick Restart","Replay The Spire","Shade Mod","Shop Mod","StSLib","The Cursed","The Hierophant","The Servant 0.9.4"],"gold_per_floor":[116,41,59,234,253,292,292,292,292],"floor_reached":8,"playtime":279,"items_purged":["Pain"],"score":59,"play_id":"fb62724e-322c-4e60-b9b8-d284d810106d","local_time":"20201211215834","is_ascension_mode":true,"campfire_choices":[{"data":"Occultation","floor":7,"key":"SMITH"}],"circlet_count":0,"master_deck":["Strike_MRS","Strike_MRS","Strike_MRS","Strike_MRS","Defend_MRS","Defend_MRS","Defend_MRS","Defend_MRS","MasterSpark","UpSweep","MillisecondPulsars","StarlightTyphoon","NonDirectionalLaser","Doubt","SporeBomb","Occultation+1"],"relics":["MiniHakkero","CeramicFish"],"acts_visited":["Exordium"],"potions_floor_usage":[],"damage_taken":[{"damage":16,"enemies":"Jaw Worm","floor":1,"turns":5},{"damage":0,"enemies":"Small Slimes","floor":3,"turns":3},{"damage":8,"enemies":"2 Louse","floor":5,"turns":2},{"damage":31,"enemies":"Lagavulin","floor":6,"turns":6},{"damage":22,"enemies":"3 Sentries","floor":8,"turns":3}],"seed_played":"-3311078942172652938","potions_obtained":[{"floor":1,"key":"Strength Potion"},{"floor":6,"key":"StarNLove"}],"is_trial":false,"path_per_floor":["M","$","M","?","M","E","R","E"],"character_chosen":"MARISA","items_purchased":[],"campfire_rested":0,"item_purchase_floors":[],"current_hp_per_floor":[59,59,59,59,51,20,20,0,0],"gold":292,"neow_bonus":"THREE_RARE_CARDS","is_daily":false,"chose_seed":false,"campfire_upgraded":1,"win_rate":0.0,"timestamp":1607691514,"path_taken":["M","$","M","?","M","E","R","E"],"items_purchased_type":[],"build_version":"2020-11-30","purchased_purges":1,"victory":false,"max_hp_per_floor":[75,75,75,75,75,75,75,75,75],"card_choices":[{"not_picked":["EscapeVelocity","UltimateShortwave"],"picked":"MillisecondPulsars","floor":0},{"not_picked":["6A","MagicChant"],"picked":"StarlightTyphoon","floor":1},{"not_picked":["GalacticHalo","DC"],"picked":"NonDirectionalLaser","floor":3},{"not_picked":["MeteoricShower","DarkSpark"],"picked":"SporeBomb","floor":5},{"not_picked":["MagicChant","EnergyRecoil"],"picked":"Occultation","floor":6}],"player_experience":805170,"relics_obtained":[{"floor":6,"key":"CeramicFish"}],"event_choices":[{"damage_healed":0,"gold_gain":175,"player_choice":"AGREE","damage_taken":0,"max_hp_gain":0,"max_hp_loss":0,"event_name":"Liars Game","floor":4,"gold_loss":0,"cards_obtained":["Doubt"]}],"is_beta":false,"boss_relics":[],"items_purged_floors":[2],"is_endless":false,"potions_floor_spawned":[1,6],"killed_by":"3 Sentries","ascension_level":1}}