{"host":"f5n4tidiz2n5sooh","time":1607684396,"event":{"mods":["BaseMod","Colored Map","Minty Spire (QoL Compilation)","Relic Stats","StSLib"],"gold_per_floor":[116,126,126,126,136,136,164,164,164,164,164,164],"floor_reached":11,"playtime":311,"items_purged":[],"score":142,"play_id":"455c2e0d-dfb6-4624-9024-b8af06a64c2e","local_time":"20201211045956","is_ascension_mode":true,"campfire_choices":[{"data":"Bludgeon","floor":6,"key":"SMITH"},{"floor":8,"key":"DIG"}],"circlet_count":0,"master_deck":["AscendersBane","Strike_R","Strike_R","Strike_R","Defend_R","Defend_R","Defend_R","Defend_R","Bash","Headbutt","Second Wind","Bludgeon+1","Shrug It Off","Corruption"],"relics":["Burning Blood","Shovel","Akabeko","Gambling Chip"],"acts_visited":["Exordium"],"potions_floor_usage":[7,11],"damage_taken":[{"damage":21,"enemies":"Jaw Worm","floor":1,"turns":6},{"damage":7,"enemies":"Small Slimes","floor":2,"turns":4},{"damage":2,"enemies":"2 Louse","floor":5,"turns":4},{"damage":25,"enemies":"Lagavulin","floor":7,"turns":4},{"damage":61,"enemies":"Gremlin Nob","floor":11,"turns":4}],"seed_played":"-124248344681448173","potions_obtained":[{"floor":1,"key":"DistilledChaos"},{"floor":7,"key":"ColorlessPotion"}],"is_trial":false,"path_per_floor":["M","M","?","?","M","R","E","R","T","?","E"],"character_chosen":"IRONCLAD","items_purchased":[],"campfire_rested":0,"item_purchase_floors":[],"current_hp_per_floor":[60,59,59,52,56,56,37,37,37,37,0,0],"gold":164,"neow_bonus":"TEN_PERCENT_HP_BONUS","is_daily":false,"chose_seed":false,"campfire_upgraded":1,"win_rate":0.0,"timestamp":1607684396,"path_taken":["M","M","?","?","M","R","E","R","T","?","E"],"items_purchased_type":[],"build_version":"2020-11-30","purchased_purges":0,"victory":false,"max_hp_per_floor":[82,82,82,82,82,82,82,82,82,82,82,82],"relic_stats":{"Shovel":1,"counters":[5,22],"Gambling Chip":[4],"obtain_stats":[{"Shovel":7,"Gambling Chip":9,"Burning Blood":0,"Akabeko":8},{"Shovel":4,"Gambling Chip":4,"Burning Blood":0,"Akabeko":4},{"Shovel":18,"Gambling Chip":18,"Burning Blood":0,"Akabeko":18}],"Burning Blood":24},"card_choices":[{"not_picked":["Seeing Red","Sword Boomerang"],"picked":"Headbutt","floor":1},{"not_picked":["Power Through","Sentinel"],"picked":"Second Wind","floor":2},{"not_picked":["Flex","Infernal Blade"],"picked":"Shrug It Off","floor":5},{"not_picked":["Pommel Strike","Anger"],"picked":"Corruption","floor":7}],"player_experience":1869445,"relics_obtained":[{"floor":7,"key":"Shovel"},{"floor":8,"key":"Akabeko"},{"floor":9,"key":"Gambling Chip"}],"event_choices":[{"damage_healed":0,"gold_gain":0,"cards_transformed":["Strike_R"],"player_choice":"Change","damage_taken":0,"max_hp_gain":0,"max_hp_loss":0,"event_name":"Living Wall","floor":3,"gold_loss":0,"cards_obtained":["Bludgeon"]},{"cards_removed":["Strike_R"],"damage_healed":0,"gold_gain":0,"player_choice":"Card Removal","damage_taken":7,"max_hp_gain":0,"max_hp_loss":0,"event_name":"Golden Wing","floor":4,"gold_loss":0},{"damage_healed":0,"gold_gain":0,"player_choice":"Ignored","damage_taken":0,"max_hp_gain":0,"max_hp_loss":0,"event_name":"Shining Light","floor":10,"gold_loss":0}],"is_beta":false,"boss_relics":[],"items_purged_floors":[],"is_endless":false,"potions_floor_spawned":[1,7],"killed_by":"Gremlin Nob","ascension_level":20}}