{"host":"dntw6kil9p09eemm","time":1607645698,"event":{"mods":["2.2 Compatiblity","BaseMod","Colored Powertips","Downfall","Minty Spire (QoL Compilation)","StSLib"],"gold_per_floor":[99,99,99,133,58,74,145,173,98,98,98,115,127,144,164,266,266,266,301,301,317,332,332,359,384,384,413,432,447,461,477,493,596,596,521,534,552,571,601,601,601,611,611,640,670,692,716,744,774,786],"floor_reached":51,"playtime":500,"items_purged":[],"score":1187,"play_id":"b14b4637-e3be-4f1a-8cc0-5c19974a326b","local_time":"20201211091458","is_ascension_mode":false,"campfire_choices":[{"floor":1,"key":"RECALL"},{"data":"hexamod:Float","floor":5,"key":"SMITH"},{"data":"hexamod:PhantomFireball","floor":9,"key":"SMITH"},{"data":"hexamod:ThermalTransfer","floor":18,"key":"SMITH"},{"data":"hexamod:FastForward","floor":23,"key":"SMITH"},{"data":"hexamod:GhostflameBarrier","floor":26,"key":"SMITH"},{"data":"hexamod:FastForward","floor":35,"key":"SMITH"},{"data":"hexamod:SpectralSpark","floor":40,"key":"SMITH"},{"data":"hexamod:TimeWarp","floor":43,"key":"SMITH"}],"circlet_count":0,"master_deck":["hexamod:Strike","hexamod:Strike","hexamod:Strike","hexamod:Defend","hexamod:Defend","hexamod:Defend","hexamod:Sear","hexamod:Float+1","hexamod:SixthSeal","hexamod:PhantomFireball+1","hexamod:ThermalTransfer+1","hexamod:VolcanoVisage","hexamod:BurningTouch+1","hexamod:FastForward+1","hexamod:GhostflameBarrier+1","hexamod:FastForward+1","hexamod:BurningTouch","hexamod:TimeWarp+1","hexamod:ExtraCrispy","hexamod:GhostflameBarrier","hexamod:SpectralSpark+1","hexamod:ThermalTransfer+1","hexamod:SpectralSpark+1","hexamod:Incineration+1"],"relics":["hexamod:SpiritBrand","Ginger","downfall:HeartBlessingRed","Pocketwatch","downfall:HeartBlessingBlue","hexamod:IceCube","Vajra","Toy Ornithopter","Shuriken","Potion Belt","downfall:HeartBlessingGreen","hexamod:MatchstickCase","Mummified Hand","MawBank"],"acts_visited":["Exordium","TheCity","TheBeyond"],"potions_floor_usage":[],"damage_taken":[{"damage":0,"enemies":"Gremlin Nob","floor":4,"turns":1},{"damage":0,"enemies":"2 Louse","floor":6,"turns":1},{"damage":0,"enemies":"3 Sentries","floor":8,"turns":1},{"damage":0,"enemies":"Small Slimes","floor":12,"turns":1},{"damage":0,"enemies":"Cultist","floor":13,"turns":1},{"damage":0,"enemies":"Lots of Slimes","floor":14,"turns":1},{"damage":0,"enemies":"3 Louse","floor":15,"turns":1},{"damage":0,"enemies":"downfall:CharBossWatcher","floor":16,"turns":1},{"damage":0,"enemies":"Book of Stabbing","floor":19,"turns":1},{"damage":0,"enemies":"Chosen","floor":20,"turns":1},{"damage":0,"enemies":"Shell Parasite","floor":21,"turns":1},{"damage":0,"enemies":"3 Cultists","floor":22,"turns":1},{"damage":0,"enemies":"Slavers","floor":25,"turns":1},{"damage":0,"enemies":"Gremlin Leader","floor":27,"turns":1},{"damage":0,"enemies":"Snake Plant","floor":28,"turns":1},{"damage":0,"enemies":"Centurion and Healer","floor":29,"turns":1},{"damage":0,"enemies":"Cultist and Chosen","floor":30,"turns":1},{"damage":0,"enemies":"Snake Plant","floor":31,"turns":1},{"damage":0,"enemies":"Snecko","floor":32,"turns":1},{"damage":0,"enemies":"downfall:CharBossSilent","floor":33,"turns":1},{"damage":0,"enemies":"3 Shapes","floor":36,"turns":1},{"damage":0,"enemies":"3 Darklings","floor":37,"turns":1},{"damage":0,"enemies":"Sphere and 2 Shapes","floor":38,"turns":1},{"damage":0,"enemies":"Reptomancer","floor":39,"turns":1},{"damage":0,"enemies":"Maw","floor":42,"turns":1},{"damage":0,"enemies":"Giant Head","floor":44,"turns":1},{"damage":0,"enemies":"Jaw Worm Horde","floor":45,"turns":1},{"damage":0,"enemies":"Transient","floor":46,"turns":1},{"damage":0,"enemies":"3 Darklings","floor":47,"turns":1},{"damage":0,"enemies":"4 Shapes","floor":48,"turns":1},{"damage":0,"enemies":"Writhing Mass","floor":49,"turns":1},{"damage":0,"enemies":"downfall:CharBossIronclad","floor":50,"turns":1}],"seed_played":"-1714722852497731028","potions_obtained":[{"floor":4,"key":"Regen Potion"},{"floor":8,"key":"EntropicBrew"},{"floor":16,"key":"Dexterity Potion"},{"floor":28,"key":"LiquidBronze"},{"floor":31,"key":"SneckoOil"},{"floor":32,"key":"Explosive Potion"},{"floor":33,"key":"Explosive Potion"}],"is_trial":false,"path_per_floor":["R","?","?","E","R","M","T","E","R","?","?","M","M","M","M","B",null,"R","E","M","M","M","R","T","E","R","E","M","M","M","M","M","B",null,"R","M","M","M","E","R","T","M","R","E","M","M","M","M","M","B",null],"character_chosen":"THE_SPIRIT","items_purchased":[],"campfire_rested":0,"item_purchase_floors":[],"current_hp_per_floor":[70,70,70,70,70,70,70,70,80,80,80,80,80,80,80,80,80,80,80,80,80,80,80,80,80,80,80,80,80,80,80,80,80,80,80,80,80,80,80,80,80,80,80,80,80,80,80,80,80,80],"gold":798,"neow_bonus":"ONE_RANDOM_RARE_CARD","is_daily":false,"chose_seed":false,"campfire_upgraded":8,"win_rate":0.0,"timestamp":1607645698,"path_taken":["R","?","?","E","R","M","T","E","R","?","?","?","M","M","M","BOSS","R","E","M","M","M","R","T","E","R","E","M","M","M","M","M","BOSS","R","M","M","M","E","R","T","M","R","E","M","M","?","M","M","BOSS"],"items_purchased_type":[],"build_version":"2020-11-30","purchased_purges":0,"victory":true,"max_hp_per_floor":[70,70,70,70,70,70,70,70,80,80,80,80,80,80,80,80,80,80,80,80,80,80,80,80,80,80,80,80,80,80,80,80,80,80,80,80,80,80,80,80,80,80,80,80,80,80,80,80,80,80],"card_choices":[{"not_picked":["hexamod:Again","hexamod:GhostShield","hexamod:EtherealExpedition"],"picked":"SKIP","floor":4},{"not_picked":["hexamod:SkipABeat","hexamod:EmpoweredFlame"],"picked":"hexamod:PhantomFireball","floor":6},{"not_picked":["hexamod:NightmareGuise","hexamod:FlamesFromBeyond","hexamod:FirstSeal"],"picked":"SKIP","floor":8},{"not_picked":["hexamod:GhostShield","hexamod:Firestarter"],"picked":"hexamod:ThermalTransfer","floor":12},{"not_picked":["hexamod:SuperheatedStrike","hexamod:PhantomCloak","hexamod:NightmareGuise"],"picked":"SKIP","floor":13},{"not_picked":["hexamod:InspiringFlames","hexamod:Firestarter","hexamod:PhantomCloak"],"picked":"SKIP","floor":14},{"not_picked":["hexamod:Again","hexamod:GhostLash","hexamod:CrushingStance"],"picked":"SKIP","floor":15},{"not_picked":["hexamod:FifthSeal","hexamod:EmpoweringStance"],"picked":"hexamod:VolcanoVisage","floor":16},{"not_picked":["hexamod:NightmareGuise","hexamod:ShieldOfDarkness","hexamod:InspiringFlames"],"picked":"SKIP","floor":19},{"not_picked":["hexamod:DynamicBlow+1","hexamod:GhostLash"],"picked":"hexamod:BurningTouch+1","floor":20},{"not_picked":["hexamod:InspiringFlames","hexamod:GhostShield","hexamod:FlamesFromBeyond"],"picked":"SKIP","floor":21},{"not_picked":["hexamod:Again","hexamod:Hexaguard"],"picked":"hexamod:FastForward","floor":22},{"not_picked":["hexamod:EtherealExpedition","hexamod:HauntingEcho"],"picked":"hexamod:GhostflameBarrier","floor":25},{"not_picked":["hexamod:CatchUp","hexamod:AdvancingGuard+1"],"picked":"hexamod:FastForward","floor":27},{"not_picked":["hexamod:Hexaguard","hexamod:RainOfEmbers+1","hexamod:GhostOfSpirePresent+1"],"picked":"SKIP","floor":28},{"not_picked":["hexamod:PowerFromBeyond","hexamod:ShieldOfDarkness","hexamod:RainOfEmbers"],"picked":"SKIP","floor":29},{"not_picked":["hexamod:VolcanoVisage","hexamod:FourthSeal"],"picked":"hexamod:BurningTouch","floor":30},{"not_picked":["hexamod:AdvancingGuard","hexamod:NightmareStrike+1","hexamod:Firestarter"],"picked":"SKIP","floor":31},{"not_picked":["hexamod:SuperheatedStrike","hexamod:BacktrackSmack","hexamod:FourthSeal"],"picked":"SKIP","floor":32},{"not_picked":["hexamod:UnlimitedPower","hexamod:SixthSeal"],"picked":"hexamod:TimeWarp","floor":33},{"not_picked":["hexamod:InspiringFlames","hexamod:FlamesFromBeyond"],"picked":"hexamod:ExtraCrispy","floor":36},{"not_picked":["hexamod:BacktrackSmack+1","hexamod:SpectersWail"],"picked":"hexamod:GhostflameBarrier","floor":37},{"not_picked":["hexamod:ShieldOfDarkness+1","hexamod:NightmareStrike","hexamod:CatchUp"],"picked":"SKIP","floor":38},{"not_picked":["hexamod:GhostflameBarrier","hexamod:BacktrackSmack+1"],"picked":"hexamod:SpectralSpark","floor":39},{"not_picked":["hexamod:RainOfEmbers","hexamod:AdvancingGuard"],"picked":"hexamod:ThermalTransfer+1","floor":42},{"not_picked":["hexamod:RadiantFlame","hexamod:GhostShield"],"picked":"hexamod:SpectralSpark+1","floor":44},{"not_picked":["hexamod:GhostLash+1","hexamod:BacktrackSmack+1","hexamod:ShieldOfDarkness"],"picked":"SKIP","floor":45},{"not_picked":["hexamod:Firestarter","hexamod:SpectersWail+1","hexamod:ApocalypseNow"],"picked":"SKIP","floor":46},{"not_picked":["hexamod:InspiringFlames+1","hexamod:RecurringNightmare+1","hexamod:AdvancingGuard+1"],"picked":"SKIP","floor":47},{"not_picked":["hexamod:ExtraCrispy","hexamod:GhostShield","hexamod:SkipABeat+1"],"picked":"SKIP","floor":48},{"not_picked":["hexamod:ShieldOfDarkness","hexamod:RainOfEmbers"],"picked":"hexamod:Incineration+1","floor":49}],"player_experience":264933,"relics_obtained":[{"floor":4,"key":"Ginger"},{"floor":8,"key":"Pocketwatch"},{"floor":19,"key":"Vajra"},{"floor":24,"key":"Toy Ornithopter"},{"floor":25,"key":"Shuriken"},{"floor":27,"key":"Potion Belt"},{"floor":39,"key":"hexamod:MatchstickCase"},{"floor":41,"key":"Mummified Hand"},{"floor":44,"key":"MawBank"}],"event_choices":[{"cards_removed":["hexamod:Defend"],"damage_healed":0,"gold_gain":0,"player_choice":"Offered Basic","damage_taken":0,"max_hp_gain":0,"max_hp_loss":0,"event_name":"Bonfire Elementals","floor":11,"gold_loss":0}],"is_beta":false,"boss_relics":[{"not_picked":["Runic Dome","Runic Pyramid"],"picked":"hexamod:IceCube"},{"not_picked":["Philosopher\u0027s Stone","Fusion Hammer","Velvet Choker"]}],"items_purged_floors":[],"is_endless":false,"potions_floor_spawned":[4,8,16,19,25,28,31,32,33,39,44,45],"ascension_level":0}}