{"host":"iirf6tm60n5v4e3j","time":1607675476,"event":{"mods":["BaseMod","Koishi","KomeijiMod","Minty Spire (QoL Compilation)","StSLib","The Alterego","TheSwordswoman"],"gold_per_floor":[116,116,131,31,45,45,78,97,97,97,114,144,144,159,159,230,230,248,163,88,98,108,136,152,177,177,210,210,243,243,271,271,349,349,366,366,385,385,66,95,95,128,204,218,246,246,266,299,299,299,299,299,57,91,91,91],"floor_reached":55,"playtime":4331,"items_purged":["Koishi:BasicStrike","Koishi:BasicDefend"],"score":1552,"play_id":"8f80ea2b-d105-407a-ad34-82e5bda4fae2","local_time":"20201211003116","is_ascension_mode":true,"campfire_choices":[{"data":"Koishi:UnseenTerror","floor":6.0,"key":"SMITH"},{"data":"Koishi:Untouchable","floor":10.0,"key":"SMITH"},{"data":"Koishi:StingingMind","floor":13.0,"key":"SMITH"},{"data":"Koishi:RorschachInDanmaku","floor":15.0,"key":"SMITH"},{"data":"Koishi:TraumaticStroke","floor":28,"key":"SMITH"},{"data":"Koishi:PredatoryInstincts","floor":30,"key":"SMITH"},{"data":"Koishi:RoseHell","floor":32,"key":"SMITH"},{"floor":41,"key":"RECALL"},{"data":"Koishi:TerrifyingSpectre","floor":46,"key":"SMITH"},{"data":"Koishi:PredatoryInstincts","floor":49,"key":"SMITH"},{"data":"Koishi:DanmakuParanoia","floor":52,"key":"SMITH"}],"circlet_count":0,"master_deck":["AscendersBane","Koishi:BasicStrike","Koishi:BasicStrike","Koishi:BasicStrike","Koishi:BasicDefend","Koishi:BasicDefend","Koishi:BasicDefend+1","Koishi:Provoke","Koishi:HauntingSlash","Koishi:PredatoryInstincts+1","Koishi:Whimsy","Koishi:Untouchable+1","Koishi:ReflexRadar","Koishi:UnseenTerror+1","Koishi:PredatoryInstincts+1","Koishi:StingingMind+1","Koishi:CatchAndRose","Koishi:RorschachInDanmaku+1","Koishi:RoseHell+1","Koishi:PredatoryInstincts+1","Koishi:TraumaticStroke+1","Koishi:Untouchable+1","Koishi:StingingMind","Koishi:MindNumbingTerror","Koishi:Catatonia+1","Koishi:DanmakuParanoia+1","Koishi:TremblingHands","Koishi:TerrifyingSpectre+1","Koishi:FidgetySnatcher","Koishi:DanmakuParanoia","Koishi:MindStellarRelief"],"relics":["Koishi:ImaginaryFriend","Dream Catcher","FaceOfCleric","HoshigumaDish","Anchor","Kunai","Velvet Choker","Meat on the Bone","Blue Candle","War Paint","Shuriken","Bag of Preparation","Red Mask","TungstenRod","Busted Crown","WarpedTongs","Bottled Lightning","Regal Pillow","Orichalcum","Nunchaku","Happy Flower","Letter Opener"],"acts_visited":["TheCity","TheBeyond","TheEnding"],"potions_floor_usage":[23,23,25,55,55],"damage_taken":[{"damage":2.0,"enemies":"Small Slimes","floor":1.0,"turns":5.0},{"damage":0.0,"enemies":"Cultist","floor":3.0,"turns":8.0},{"damage":1.0,"enemies":"2 Louse","floor":5.0,"turns":4.0},{"damage":24.0,"enemies":"Lagavulin","floor":7.0,"turns":12.0},{"damage":12.0,"enemies":"Large Slime","floor":8.0,"turns":10.0},{"damage":1.0,"enemies":"Looter","floor":11.0,"turns":4.0},{"damage":31.0,"enemies":"3 Sentries","floor":12.0,"turns":11.0},{"damage":0.0,"enemies":"3 Louse","floor":14.0,"turns":4.0},{"damage":15.0,"enemies":"The Guardian","floor":16.0,"turns":18.0},{"damage":0,"enemies":"Spheric Guardian","floor":18,"turns":4},{"damage":0,"enemies":"Chosen","floor":21,"turns":5},{"damage":18,"enemies":"Snake Plant","floor":22,"turns":5},{"damage":60,"enemies":"Gremlin Leader","floor":23,"turns":9},{"damage":0,"enemies":"Shelled Parasite and Fungi","floor":24,"turns":8},{"damage":46,"enemies":"Slavers","floor":25,"turns":9},{"damage":16,"enemies":"Book of Stabbing","floor":27,"turns":7},{"damage":24,"enemies":"Masked Bandits","floor":29,"turns":6},{"damage":40,"enemies":"Slavers","floor":31,"turns":5},{"damage":42,"enemies":"Automaton","floor":33,"turns":11},{"damage":25,"enemies":"3 Darklings","floor":35,"turns":7},{"damage":0,"enemies":"3 Shapes","floor":37,"turns":7},{"damage":77,"enemies":"Reptomancer","floor":40,"turns":9},{"damage":0,"enemies":"Nemesis","floor":42,"turns":9},{"damage":0,"enemies":"Spire Growth","floor":44,"turns":6},{"damage":0,"enemies":"Reptomancer","floor":45,"turns":8},{"damage":0,"enemies":"Writhing Mass","floor":47,"turns":7},{"damage":4,"enemies":"Nemesis","floor":48,"turns":8},{"damage":24,"enemies":"Awakened One","floor":50,"turns":17},{"damage":18,"enemies":"Shield and Spear","floor":54,"turns":7},{"damage":86,"enemies":"The Heart","floor":55,"turns":9}],"seed_played":"-9078332639794857683","potions_obtained":[{"floor":1.0,"key":"Explosive Potion"},{"floor":3.0,"key":"SpeedPotion"},{"floor":8.0,"key":"AttackPotion"},{"floor":16.0,"key":"SkillPotion"},{"floor":18,"key":"Ancient Potion"},{"floor":22,"key":"Swift Potion"},{"floor":24,"key":"Explosive Potion"},{"floor":33,"key":"Dexterity Potion"},{"floor":37,"key":"BlessingOfTheForge"}],"is_trial":false,"path_per_floor":["M","?","M","$","M","R","E","M","T","R","M","E","R","M","R","B",null,"M","?","?","M","M","E","M","E","T","E","R","?","R","E","R","B",null,"M","?","M","?","$","E","R","E","T","M","E","R","M","E","R","B",null,"R","$","E","B"],"character_chosen":"KOISHI","items_purchased":["Koishi:Untouchable","Koishi:ReflexRadar","Bottled Lightning","Koishi:MindStellarRelief"],"campfire_rested":0,"item_purchase_floors":[4,4,39,53],"current_hp_per_floor":[50,50,58,58,59,59,60,51,51,51,62,59,59,64,64,65,65,66,66,66,67,65,37,66,68,68,72,72,73,73,64,64,75,75,76,76,77,77,77,60,60,79,79,80,81,81,82,83,83,84,84,84,84,85,0,0],"gold":91,"neow_bonus":"RANDOM_COMMON_RELIC","is_daily":false,"chose_seed":false,"campfire_upgraded":10,"win_rate":0.0,"timestamp":1607675476,"path_taken":["M","?","M","$","M","R","E","?","T","R","M","E","R","M","R","BOSS","M","?","?","M","M","E","M","E","T","E","R","?","R","E","R","BOSS","M","?","?","?","?","E","R","E","T","M","E","R","M","E","R","BOSS","R","$","E","BOSS"],"items_purchased_type":["Card","Card","Relic","Card"],"build_version":"2020-11-30","purchased_purges":2,"victory":false,"max_hp_per_floor":[57,57,58,58,59,59,60,61,61,61,62,63,63,64,64,65,65,66,66,66,67,68,69,70,71,71,72,72,73,73,74,74,75,75,76,76,77,77,77,78,78,79,79,80,81,81,82,83,83,84,84,84,84,85,85,85],"card_choices":[{"not_picked":["Koishi:FleetingPhantom","Koishi:UnansweredLove"],"picked":"Koishi:PredatoryInstincts","floor":1.0},{"not_picked":["Koishi:PhantomStrike","Koishi:FourthEye"],"picked":"Koishi:Whimsy","floor":3.0},{"not_picked":["Koishi:Prune","Koishi:ParalyzingFear"],"picked":"Koishi:UnseenTerror","floor":5.0},{"not_picked":["Koishi:SubconsciousSweep","Koishi:Prune"],"picked":"Koishi:PredatoryInstincts","floor":7.0},{"not_picked":["Koishi:CatchAndRose","Koishi:Jaunt"],"picked":"Koishi:StingingMind","floor":8.0},{"not_picked":["Koishi:FadingMemory","Koishi:Prune"],"picked":"Koishi:CatchAndRose","floor":11.0},{"not_picked":["Koishi:SpiritedAway","Koishi:UnconsciousUprising"],"picked":"Koishi:DNAsFlaw","floor":12.0},{"not_picked":["Koishi:PredatoryInstincts","Koishi:DreadfulBlow"],"picked":"Koishi:RorschachInDanmaku","floor":14.0},{"not_picked":["Koishi:FormlessExistence","Koishi:ConditionedTeleport"],"picked":"Koishi:RoseHell","floor":16.0},{"not_picked":["Koishi:ReleaseOfTheId","Koishi:ReflexRadar"],"picked":"Koishi:PredatoryInstincts","floor":18},{"not_picked":["Koishi:PredatoryInstincts","Koishi:Prune"],"picked":"Koishi:TraumaticStroke","floor":21},{"not_picked":["Koishi:Whimsy+1","Koishi:TraumaticStroke"],"picked":"Koishi:Untouchable+1","floor":22},{"not_picked":["Koishi:CatchAndRose+1","Koishi:SprinkleStarAndHeart","Koishi:JumpScare"],"picked":"SKIP","floor":23},{"not_picked":["Koishi:HeartAttack","Koishi:DreadfulBlow"],"picked":"Koishi:StingingMind","floor":24},{"not_picked":["Koishi:ConfinedInnocent","Koishi:JumpScare"],"picked":"Koishi:MindNumbingTerror","floor":25},{"not_picked":["Koishi:FleetingPhantom","Koishi:YoukaiPolygraph"],"picked":"Koishi:Catatonia+1","floor":27},{"not_picked":["Koishi:ReflexRadar+1","Koishi:RoseHell"],"picked":"Koishi:DanmakuParanoia","floor":29},{"not_picked":["Koishi:RacingHeart","Koishi:IdleWhim"],"picked":"Koishi:TremblingHands","floor":31},{"not_picked":["Koishi:Heartbroken","Koishi:Ego"],"picked":"Koishi:TerrifyingSpectre","floor":33},{"not_picked":["Koishi:Possession"],"picked":"SKIP","floor":35},{"not_picked":[],"picked":"Koishi:FidgetySnatcher","floor":37},{"not_picked":[],"picked":"Koishi:DanmakuParanoia","floor":40},{"not_picked":["Koishi:CatchAndRose"],"picked":"SKIP","floor":42},{"not_picked":["Koishi:FleetingPhantom"],"picked":"SKIP","floor":44},{"not_picked":["Koishi:DreadfulBlow"],"picked":"SKIP","floor":45},{"not_picked":["Koishi:Bloodlust"],"picked":"SKIP","floor":47},{"not_picked":["Koishi:CatchAndRose+1"],"picked":"SKIP","floor":48},{"not_picked":["Koishi:UnconsciousUprising"],"picked":"SKIP","floor":54}],"player_experience":288555,"relics_obtained":[{"floor":7.0,"key":"HoshigumaDish"},{"floor":9.0,"key":"Anchor"},{"floor":12.0,"key":"Kunai"},{"floor":23,"key":"Blue Candle"},{"floor":25,"key":"War Paint"},{"floor":26,"key":"Shuriken"},{"floor":27,"key":"Bag of Preparation"},{"floor":29,"key":"Red Mask"},{"floor":31,"key":"TungstenRod"},{"floor":40,"key":"Regal Pillow"},{"floor":42,"key":"Orichalcum"},{"floor":45,"key":"Nunchaku"},{"floor":48,"key":"Happy Flower"},{"floor":54,"key":"Letter Opener"}],"event_choices":[{"damage_healed":0.0,"max_hp_gain":0.0,"max_hp_loss":0.0,"gold_gain":0.0,"event_name":"FaceTrader","player_choice":"Trade","floor":2.0,"gold_loss":0.0,"damage_taken":0.0,"relics_obtained":["FaceOfCleric"]},{"damage_healed":0,"gold_gain":0,"player_choice":"Obtained Relic","damage_taken":0,"relics_obtained":["Meat on the Bone"],"max_hp_gain":0,"max_hp_loss":0,"event_name":"Addict","floor":19,"gold_loss":85},{"cards_removed":["Koishi:DNAsFlaw"],"damage_healed":0,"gold_gain":0,"player_choice":"Gave Gold","damage_taken":0,"max_hp_gain":0,"max_hp_loss":0,"event_name":"Beggar","floor":20,"gold_loss":75},{"damage_healed":0,"gold_gain":0,"player_choice":"Fought Bandits","damage_taken":0,"max_hp_gain":0,"max_hp_loss":0,"event_name":"Masked Bandits","floor":29,"gold_loss":0},{"damage_healed":0,"gold_gain":0,"player_choice":"Rummage","damage_taken":0,"relics_obtained":["WarpedTongs"],"max_hp_gain":0,"max_hp_loss":0,"event_name":"Accursed Blacksmith","floor":36,"gold_loss":0,"cards_obtained":["Pain"]},{"cards_removed":["Pain"],"damage_healed":0,"gold_gain":0,"player_choice":"Purged","damage_taken":0,"max_hp_gain":0,"max_hp_loss":0,"event_name":"Purifier","floor":38,"gold_loss":0}],"is_beta":false,"boss_relics":[{"not_picked":["SacredBark","Ectoplasm"],"picked":"Velvet Choker"},{"not_picked":["Calling Bell","Pandora\u0027s Box"],"picked":"Busted Crown"}],"items_purged_floors":[39,53],"is_endless":false,"potions_floor_spawned":[1,3,8,16,18,22,24,33,37,40,45,47],"killed_by":"The Heart","ascension_level":14}}