{"host":"fxrgx7wt2cpkbhka","time":1607681032,"event":{"mods":["AchievementEnabler","BaseMod","Colored Powertips","Minty Spire (QoL Compilation)","Permanent Neow","Slay-I","StSLib","Waifu the Spire"],"gold_per_floor":[109,129,129,143,158,188,188,188,188,188,153,167,186,186,186,258,258,269,251,64,64,64,64],"floor_reached":22,"playtime":822,"items_purged":[],"score":332,"play_id":"bf7313de-ea66-4f78-a415-ccee32f66983","local_time":"20201211020352","is_ascension_mode":true,"campfire_choices":[{"data":"Dualcast","floor":8,"key":"SMITH"},{"data":"Zap","floor":10,"key":"SMITH"},{"data":"Go for the Eyes","floor":15,"key":"SMITH"}],"circlet_count":0,"master_deck":["AscendersBane","Strike_B","Strike_B","Strike_B","Strike_B","Defend_B","Defend_B","Defend_B","Defend_B+1","Zap+1","Dualcast+1","Cold Snap","Capacitor","FTL","Go for the Eyes+1","Go for the Eyes+1","Fission+1","Go for the Eyes+1","Go for the Eyes","Self Repair","Writhe"],"relics":["Cracked Core","NeowsBlessing","Question Card","Dead Branch","Turnip","Cursed Key","War Paint","Nunchaku"],"acts_visited":["Exordium","TheCity"],"potions_floor_usage":[6,6,16,22],"damage_taken":[{"damage":0,"enemies":"Cultist","floor":1,"turns":1},{"damage":0,"enemies":"Small Slimes","floor":2,"turns":1},{"damage":0,"enemies":"Jaw Worm","floor":4,"turns":1},{"damage":11,"enemies":"Looter","floor":5,"turns":2},{"damage":21,"enemies":"3 Sentries","floor":6,"turns":7},{"damage":9,"enemies":"3 Louse","floor":12,"turns":4},{"damage":1,"enemies":"2 Fungi Beasts","floor":13,"turns":3},{"damage":6,"enemies":"The Guardian","floor":16,"turns":14},{"damage":24,"enemies":"Chosen","floor":18,"turns":6},{"damage":24,"enemies":"2 Thieves","floor":19,"turns":4},{"damage":28,"enemies":"Cultist and Chosen","floor":22,"turns":6}],"seed_played":"8811893724383060947","potions_obtained":[{"floor":2,"key":"Regen Potion"},{"floor":4,"key":"AttackPotion"},{"floor":12,"key":"Block Potion"},{"floor":19,"key":"PowerPotion"}],"is_trial":false,"path_per_floor":["M","M","?","M","M","E","?","R","T","R","?","M","M","?","R","B",null,"M","M","$","?","M"],"character_chosen":"DEFECT","items_purchased":["Self Repair","War Paint"],"campfire_rested":0,"item_purchase_floors":[20,20],"current_hp_per_floor":[68,68,75,75,64,58,58,58,58,58,75,66,65,65,65,59,71,47,23,23,23,0,0],"gold":64,"neow_bonus":"THREE_ENEMY_KILL","is_daily":false,"chose_seed":false,"campfire_upgraded":3,"win_rate":0.0,"timestamp":1607681032,"path_taken":["M","?","?","?","M","E","?","R","T","R","?","M","M","?","R","BOSS","M","M","$","?","M"],"items_purchased_type":["Card","Relic"],"build_version":"2020-11-30","purchased_purges":0,"victory":false,"max_hp_per_floor":[75,75,75,75,75,75,75,75,75,75,75,75,75,75,75,75,75,75,75,75,75,75,75],"card_choices":[{"not_picked":["Compile Driver","Sweeping Beam","Chaos"],"picked":"SKIP","floor":1},{"not_picked":["Gash","FTL"],"picked":"Cold Snap","floor":2},{"not_picked":["Gash","Undo"],"picked":"Capacitor","floor":4},{"not_picked":["Stack","Melter"],"picked":"FTL","floor":5},{"not_picked":["Reboot","Streamline","Sweeping Beam"],"picked":"SKIP","floor":6},{"not_picked":["Redo","Gash","Beam Cell"],"picked":"Go for the Eyes","floor":12},{"not_picked":["Melter","Doom and Gloom","Auto Shields"],"picked":"Go for the Eyes","floor":13},{"not_picked":["Meteor Strike","Core Surge","Buffer"],"picked":"Fission","floor":16},{"not_picked":["Leap","Aggregate","Beam Cell"],"picked":"Go for the Eyes+1","floor":18},{"not_picked":["Tempest+1","Steam","Barrage"],"picked":"Go for the Eyes","floor":19}],"player_experience":662698,"relics_obtained":[{"floor":6,"key":"Question Card"},{"floor":9,"key":"Turnip"}],"event_choices":[{"damage_healed":7,"gold_gain":0,"player_choice":"Full Heal","damage_taken":0,"max_hp_gain":0,"max_hp_loss":0,"event_name":"Wheel of Change","floor":3,"gold_loss":0},{"damage_healed":0,"gold_gain":0,"player_choice":"Searched \u00271\u0027 times","damage_taken":0,"relics_obtained":["Dead Branch"],"max_hp_gain":0,"max_hp_loss":0,"event_name":"Dead Adventurer","floor":7,"gold_loss":0},{"damage_healed":18,"gold_gain":0,"player_choice":"Healed","damage_taken":0,"max_hp_gain":0,"max_hp_loss":0,"event_name":"The Cleric","floor":11,"gold_loss":35},{"damage_healed":0,"gold_gain":0,"player_choice":"Grow","damage_taken":0,"max_hp_gain":0,"max_hp_loss":0,"event_name":"Living Wall","floor":14,"gold_loss":0,"cards_upgraded":["Go for the Eyes"]},{"damage_healed":0,"gold_gain":0,"player_choice":"Opened","damage_taken":0,"relics_obtained":["Nunchaku"],"max_hp_gain":0,"max_hp_loss":0,"event_name":"The Mausoleum","floor":21,"gold_loss":0,"cards_obtained":["Writhe"]}],"is_beta":false,"boss_relics":[{"not_picked":["Philosopher\u0027s Stone","Ectoplasm"],"picked":"Cursed Key"}],"items_purged_floors":[],"is_endless":false,"potions_floor_spawned":[2,4,12,19],"killed_by":"Cultist and Chosen","ascension_level":13}}