{"host":"fhq3k2nq5elnbks3","time":1607718505,"event":{"mods":["2.2 Compatiblity","AchievementEnabler","Act Like it!","AlwaysNeverKeys","Aspiration","Astrologer","Bard","Bartender","BaseMod","Better Altar","Better Skull","Better Vampires","Better-Laid Plans","CCEM","CapriCore","Card Filter","CatGirl Mod","Chen","Colored Powertips","Displayed Cursed Tome","Ekko","Eldritch Tears","Emptier Cage","Fiend Mod","Fireblade Mod","Friendly Minions","FutureSeer","GifTheSpireLib","Gremlin Skip","Hallownest","Hermit","HololiveMod","Hunter ??","Koishi","Mad Scientist","Minty Spire (QoL Compilation)","Onozuka Komachi Mod","Permanent Neow","Potionbrewer","Prisma Mod","Quick Restart","READ ME - Guardian Mod","Reimu??????","Relic Filter","Robot Space Explorer","Shop Mod","Somnambulant","Spikes Relics","StSLib","SuperFastMode","The Animator","The Bug Knight","The Gatherer","The Hierophant","The Immortal","The Necromancer","The Runesmith","The Trickster","The Valiant","The Wild Card","TheBandit","TheFirefly","Transform Curses","Uncapped","Unknown Chances","Virulent Crown","Yohane!","Yuri Mod","Yuyuko","thorton","vexMod"],"gold_per_floor":[118,134,144,144,144,144,164,164,191,205,205,224,224,252,252,252,252],"floor_reached":16,"playtime":973,"items_purged":[],"score":102,"play_id":"2248f604-8585-42e9-b9e5-481d4f6f5c93","local_time":"20201211142825","is_ascension_mode":false,"campfire_choices":[{"data":"RobotSpaceExplorer:MiniDrones","floor":6,"key":"SMITH"},{"data":"RobotSpaceExplorer:MiniLasers","floor":11,"key":"SMITH"},{"data":"RobotSpaceExplorer:Defend","floor":13,"key":"SMITH"},{"data":"RobotSpaceExplorer:Defend","floor":15,"key":"SMITH"}],"circlet_count":0,"master_deck":["RobotSpaceExplorer:Strike","RobotSpaceExplorer:Strike","RobotSpaceExplorer:Strike","RobotSpaceExplorer:Strike","RobotSpaceExplorer:Defend","RobotSpaceExplorer:Defend+1","RobotSpaceExplorer:Defend+1","RobotSpaceExplorer:Defend+1","RobotSpaceExplorer:Scan+1","RobotSpaceExplorer:MiniLasers+1","RobotSpaceExplorer:MiniDrones+1"],"relics":["RobotSpaceExplorer:RoboCore","War Paint","Runesmith:AutoHammer","Pocketwatch"],"acts_visited":["Exordium"],"potions_floor_usage":[16],"damage_taken":[{"damage":0,"enemies":"Cultist","floor":1,"turns":4},{"damage":0,"enemies":"Small Slimes","floor":2,"turns":4},{"damage":0,"enemies":"Jaw Worm","floor":3,"turns":4},{"damage":6,"enemies":"Exordium Wildlife","floor":7,"turns":4},{"damage":0,"enemies":"Looter","floor":10,"turns":3},{"damage":0,"enemies":"2 Fungi Beasts","floor":12,"turns":4},{"damage":6,"enemies":"3 Sentries","floor":14,"turns":8},{"damage":47,"enemies":"Hexaghost","floor":16,"turns":15}],"seed_played":"-7086179832439889526","potions_obtained":[{"floor":2,"key":"Strength Potion"},{"floor":3,"key":"potionbrewer:CleansingPotion"},{"floor":7,"key":"Swift Potion"}],"is_trial":false,"path_per_floor":["M","M","M","?","$","R","M","?","T","M","R","M","R","E","R","B"],"character_chosen":"RobotSpaceExplorer","items_purchased":[],"campfire_rested":0,"item_purchase_floors":[],"current_hp_per_floor":[75,75,75,80,80,80,74,74,74,74,74,74,74,68,68,21,21],"gold":252,"neow_bonus":"RANDOM_COMMON_RELIC","is_daily":false,"chose_seed":false,"campfire_upgraded":4,"win_rate":0.0,"timestamp":1607718505,"path_taken":["M","M","M","?","$","R","M","?","T","M","R","M","R","E","R","BOSS"],"items_purchased_type":[],"build_version":"2020-11-30","purchased_purges":0,"victory":false,"max_hp_per_floor":[75,75,75,80,80,80,80,80,80,80,80,80,80,80,80,80,80],"card_choices":[{"not_picked":["RobotSpaceExplorer:StunGrenade","RobotSpaceExplorer:SwiftStep","RobotSpaceExplorer:Electroshield"],"picked":"SKIP","floor":1},{"not_picked":["RobotSpaceExplorer:SwiftStep","RobotSpaceExplorer:SurgingStrike","RobotSpaceExplorer:Calculate"],"picked":"SKIP","floor":2},{"not_picked":["RobotSpaceExplorer:SurgingShield","RobotSpaceExplorer:GlueSpray"],"picked":"RobotSpaceExplorer:MiniDrones","floor":3},{"not_picked":["RobotSpaceExplorer:StunGrenade","RobotSpaceExplorer:TurboDodge","RobotSpaceExplorer:GlueSpray"],"picked":"SKIP","floor":7},{"not_picked":["RobotSpaceExplorer:ShovelStrike","RobotSpaceExplorer:ScrapToss","RobotSpaceExplorer:SurgingShield"],"picked":"SKIP","floor":10},{"not_picked":["RobotSpaceExplorer:ImprovisedAttack","RobotSpaceExplorer:Pulsar","RobotSpaceExplorer:MetalStrike"],"picked":"SKIP","floor":12},{"not_picked":["RobotSpaceExplorer:ShovelStrike","RobotSpaceExplorer:LuckyStrike","RobotSpaceExplorer:StarDust"],"picked":"SKIP","floor":14}],"player_experience":493209,"relics_obtained":[{"floor":9,"key":"Runesmith:AutoHammer"},{"floor":14,"key":"Pocketwatch"}],"event_choices":[{"damage_healed":0,"gold_gain":0,"player_choice":"Donut","damage_taken":0,"max_hp_gain":5,"max_hp_loss":0,"event_name":"Big Fish","floor":4,"gold_loss":0},{"damage_healed":0,"gold_gain":0,"player_choice":"Ignored","damage_taken":0,"max_hp_gain":0,"max_hp_loss":0,"event_name":"Purifier","floor":8,"gold_loss":0}],"is_beta":false,"boss_relics":[],"items_purged_floors":[],"is_endless":false,"potions_floor_spawned":[2,3,7,10],"killed_by":"Hexaghost","ascension_level":0}}