{"host":"g5ctwwsvxeihc2vr","time":1607646666,"event":{"mods":["Act Like it!","BaseMod","Better Third Choice","Block Reminder","CapriCore","Dio Mod","Downfall","Hallownest","Hermit","Jorbs\u0027s Wanderer Trilogy","Koishi","Luminous","Marisa????????","Minty Spire (QoL Compilation)","Reimu??????","Remilia??????","StSLib","The Alterego","The Animator","The Bug Knight","The Cursed","The Hierophant","The Immortal","The Jungle","The Runesmith","The Servant 0.9.4","The Wild Card","Waifu the Spire"],"gold_per_floor":[112,144,144,162,173,173,173],"floor_reached":6,"playtime":944,"items_purged":[],"score":46,"play_id":"ca986d39-39cf-4af1-a9a7-b05dea8ae826","local_time":"20201210193106","is_ascension_mode":false,"campfire_choices":[],"circlet_count":0,"master_deck":["dioMod:Strike","dioMod:Strike","dioMod:Strike","dioMod:Strike","Bite","dioMod:Defend","dioMod:Defend","dioMod:Defend","dioMod:Defend","dioMod:Roundabout","dioMod:Muda","dioMod:ComboFever","dioMod:GoodbyeJojo"],"relics":["dioMod:VampireBlood","Question Card"],"acts_visited":["Hallownest:Greenpath"],"potions_floor_usage":[2,6],"damage_taken":[{"damage":4,"enemies":"Hallownest:2_MossCreeps","floor":1,"turns":6},{"damage":63,"enemies":"Hallownest:eliteCrystalGuardian","floor":2,"turns":10},{"damage":2,"enemies":"Hallownest:monsterHuskGuard","floor":4,"turns":4},{"damage":0,"enemies":"Hallownest:2_Baldur","floor":5,"turns":5},{"damage":49,"enemies":"Hallownest:eliteMossKnight","floor":6,"turns":27}],"seed_played":"-753741044175096567","potions_obtained":[{"floor":1,"key":"FearPotion"},{"floor":2,"key":"Strength Potion"}],"is_trial":false,"path_per_floor":["M","?","$","M","M","E"],"character_chosen":"THE_DEFAULT","items_purchased":[],"campfire_rested":0,"item_purchase_floors":[],"current_hp_per_floor":[82,32,32,35,47,37,37],"gold":173,"neow_bonus":"TEN_PERCENT_HP_BONUS","is_daily":false,"chose_seed":false,"campfire_upgraded":0,"win_rate":0.0,"timestamp":1607646666,"path_taken":["M","?","$","M","M","E"],"items_purchased_type":[],"build_version":"2020-11-30","purchased_purges":0,"victory":false,"max_hp_per_floor":[82,82,82,82,82,82,82],"card_choices":[{"not_picked":["dioMod:SadisticLaugh","dioMod:CoffinBath"],"picked":"dioMod:Roundabout","floor":1},{"not_picked":["dioMod:LaserVision","dioMod:DaggerToss"],"picked":"dioMod:Muda","floor":2},{"not_picked":["dioMod:DaggerToss","dioMod:BlendIn","dioMod:StreetSign"],"picked":"dioMod:ComboFever","floor":4},{"not_picked":["dioMod:BloodShield","dioMod:Hiss","dioMod:WRYYY"],"picked":"dioMod:GoodbyeJojo","floor":5}],"player_experience":256059,"relics_obtained":[{"floor":2,"key":"Question Card"}],"event_choices":[],"is_beta":false,"boss_relics":[],"items_purged_floors":[],"is_endless":false,"potions_floor_spawned":[1,2],"killed_by":"Hallownest:eliteMossKnight","ascension_level":0}}