{"host":"Crutt","time":1607668254,"event":{"mods":["Aspiration","BaseMod","Downfall","Googly Eyes","Minty Spire (QoL Compilation)","Spicy Shops","StSLib"],"gold_per_floor":[0,107,107,152,152,202,278,278,379,304,340,403,503,571,639,639,639],"floor_reached":16,"playtime":731,"items_purged":[],"score":180,"play_id":"d9dc4cf3-66aa-4fad-ab94-16e956cf6f20","local_time":"20201211003054","is_ascension_mode":true,"campfire_choices":[{"data":"HandOfGreed","floor":1.0,"key":"SMITH"},{"floor":8,"key":"REST"},{"floor":10,"key":"REST"}],"circlet_count":0,"master_deck":["AscendersBane","Guardian:Strike_Guardian+1","Guardian:Strike_Guardian","Guardian:Strike_Guardian+1","Guardian:Strike_Guardian","Guardian:Defend_Guardian","Guardian:Defend_Guardian","Guardian:Defend_Guardian","Guardian:Defend_Guardian+1","Guardian:CurlUp","Guardian:TwinSlam","HandOfGreed+1","Guardian:Planning","Regret","Guardian:AncientConstruct","Guardian:FuturePlans","Guardian:Recover","Guardian:Gem_Green","Guardian:Gem_Red","Guardian:PiercingHide"],"relics":["Guardian:ModeShifter","Vajra","Sundial","Question Card","StrikeDummy","downfall:HeartBlessingGreen"],"acts_visited":["Exordium"],"potions_floor_usage":[9,15,16],"damage_taken":[{"damage":25.0,"enemies":"3 Sentries","floor":2.0,"turns":10.0},{"damage":3.0,"enemies":"Jaw Worm","floor":4.0,"turns":4.0},{"damage":17.0,"enemies":"Lagavulin","floor":6.0,"turns":4.0},{"damage":36,"enemies":"3 Sentries","floor":9,"turns":10},{"damage":7,"enemies":"Small Slimes","floor":11,"turns":2},{"damage":6,"enemies":"2 Louse","floor":12,"turns":5},{"damage":1,"enemies":"Gremlin Gang","floor":14,"turns":6},{"damage":17,"enemies":"3 Louse","floor":15,"turns":5},{"damage":26,"enemies":"downfall:Silent","floor":16,"turns":4}],"seed_played":"1171666692883619180","potions_obtained":[{"floor":4.0,"key":"FearPotion"},{"floor":6.0,"key":"Regen Potion"},{"floor":9,"key":"FearPotion"},{"floor":12,"key":"FearPotion"}],"is_trial":false,"path_per_floor":["R","E","?","M","?","E","T","R","E","R","M","M","?","M","M","B"],"character_chosen":"GUARDIAN","items_purchased":[],"campfire_rested":2,"item_purchase_floors":[],"current_hp_per_floor":[72,47,47,44,44,27,27,51,30,54,47,41,41,40,23,0,0],"gold":639,"neow_bonus":"RANDOM_COLORLESS_2","is_daily":false,"chose_seed":false,"campfire_upgraded":1,"win_rate":0.0,"timestamp":1607668254,"path_taken":["R","E","?","M","?","E","T","R","E","R","M","M","?","M","M","BOSS"],"items_purchased_type":[],"build_version":"2020-12-07","purchased_purges":0,"victory":false,"max_hp_per_floor":[80,80,80,80,80,80,80,80,80,80,80,80,80,80,80,80,80],"card_choices":[{"not_picked":["Master of Strategy","Metamorphosis"],"picked":"HandOfGreed","floor":0.0},{"not_picked":["Guardian:PrimingBeam","Guardian:TimeCapacitor"],"picked":"Guardian:Planning","floor":2.0},{"not_picked":["Guardian:ShieldCharger","Guardian:Recover"],"picked":"Guardian:Gem_Yellow","floor":4.0},{"not_picked":["Guardian:VentSteam","Guardian:TemporalStrike"],"picked":"Guardian:AncientConstruct","floor":6.0},{"not_picked":["Guardian:Clone","Guardian:RollAttack","Guardian:Preprogram"],"picked":"Guardian:FuturePlans","floor":9},{"not_picked":["Guardian:WalkerClaw","Guardian:Planning","Guardian:VentSteam"],"picked":"Guardian:Recover","floor":11},{"not_picked":["Guardian:Planning","Guardian:FuturePlans","Guardian:CrystalBeam"],"picked":"Guardian:Gem_Green","floor":12},{"not_picked":["Guardian:TemporalShield","Guardian:WalkerClaw","Guardian:GuardianWhirl"],"picked":"Guardian:Gem_Red","floor":14},{"not_picked":["Guardian:CrystalBeam","Guardian:Gem_Green","Guardian:RefractedBeam"],"picked":"Guardian:PiercingHide","floor":15}],"player_experience":3054603,"relics_obtained":[{"floor":2.0,"key":"Vajra"},{"floor":6.0,"key":"Sundial"},{"floor":7.0,"key":"Question Card"},{"floor":9,"key":"StrikeDummy"}],"event_choices":[],"is_beta":true,"boss_relics":[],"items_purged_floors":[],"is_endless":false,"potions_floor_spawned":[4,6,9,12],"killed_by":"downfall:Silent","ascension_level":10}}