{"host":"z4fpy6l2lm2b2le0","time":1607692977,"event":{"mods":["AchievementEnabler","BaseMod","Bestiary","Better Note","Block Reminder","Colored Map","Colored Powertips","DeckTracker","Defuse TimeMaze Blight","Displayed Cursed Tome","Highlight Path","Key Reminder","Minty Spire (QoL Compilation)","Rare Cards Sparkle","Relic Stats","StSLib","SuperFastMode","Unceasing Turn Reminder","everything is the same but u backflip on backflip"],"gold_per_floor":[118,133,113,129,129,160,160,175,175,198,273,198,234,16,16,137,137,161,43,56,56,76,76,97,117,117,130,151,205,244,265,265,390,390,413,746,968,986,1035,1035,1085,1102,1152,1166,1166,1197,411,427,427,427],"floor_reached":51,"playtime":4107,"items_purged":["Strike_R","Strike_R"],"score":666,"play_id":"8c50b328-6cc2-42fa-a87c-175d667b441d","local_time":"20201211222257","is_ascension_mode":false,"campfire_choices":[{"floor":7.0,"key":"REST"},{"floor":15.0,"key":"REST"},{"data":"Pommel Strike","floor":23.0,"key":"SMITH"},{"floor":32,"key":"REST"},{"floor":40,"key":"REST"},{"data":"Impervious","floor":45,"key":"SMITH"},{"data":"Sword Boomerang","floor":49,"key":"SMITH"}],"circlet_count":0,"master_deck":["Strike_R","Strike_R","Strike_R","Defend_R","Defend_R","Defend_R","Defend_R","Bash","Pommel Strike+1","Pummel","Reaper","Shrug It Off","Pummel","Sword Boomerang","Inflame+1","Inflame+1","Impervious+1","Battle Trance","Berserk+1","Warcry+1","Inflame+1","Shrug It Off","Pommel Strike+1","Body Slam+1","Flex+1","Twin Strike+1","Sword Boomerang+1","Disarm+1","Burning Pact+1","Bloodletting+1","Shrug It Off","Whirlwind","Flex+1"],"relics":["Burning Blood","Self Forming Clay","Shuriken","Frozen Egg 2","Philosopher\u0027s Stone","Pen Nib","Regal Pillow","Red Mask","Sozu","Torii","TungstenRod","Dream Catcher","Orichalcum","FossilizedHelix","ClockworkSouvenir","Bottled Lightning"],"acts_visited":["TheBeyond"],"potions_floor_usage":[],"damage_taken":[{"damage":6.0,"enemies":"Jaw Worm","floor":1.0,"turns":5.0},{"damage":1.0,"enemies":"Cultist","floor":2.0,"turns":4.0},{"damage":7.0,"enemies":"Small Slimes","floor":4.0,"turns":4.0},{"damage":23.0,"enemies":"Gremlin Nob","floor":6.0,"turns":5.0},{"damage":6.0,"enemies":"Looter","floor":8.0,"turns":5.0},{"damage":14.0,"enemies":"Blue Slaver","floor":10.0,"turns":5.0},{"damage":28.0,"enemies":"Lagavulin","floor":13.0,"turns":10.0},{"damage":9.0,"enemies":"The Guardian","floor":16.0,"turns":9.0},{"damage":4.0,"enemies":"Chosen","floor":18.0,"turns":3.0},{"damage":6.0,"enemies":"Spheric Guardian","floor":20.0,"turns":3.0},{"damage":4.0,"enemies":"Cultist and Chosen","floor":22.0,"turns":4.0},{"damage":22.0,"enemies":"Sentry and Sphere","floor":24.0,"turns":5.0},{"damage":4.0,"enemies":"Chosen and Byrds","floor":25.0,"turns":5.0},{"damage":34,"enemies":"Centurion and Healer","floor":27,"turns":4},{"damage":0,"enemies":"Snecko","floor":28,"turns":2},{"damage":10,"enemies":"Masked Bandits","floor":30,"turns":3},{"damage":15,"enemies":"3 Cultists","floor":31,"turns":4},{"damage":31,"enemies":"Champ","floor":33,"turns":6},{"damage":8,"enemies":"Orb Walker","floor":35,"turns":2},{"damage":0,"enemies":"3 Darklings","floor":38,"turns":4},{"damage":42,"enemies":"2 Orb Walkers","floor":39,"turns":5},{"damage":14,"enemies":"Mind Bloom Boss Battle","floor":41,"turns":5},{"damage":16,"enemies":"Writhing Mass","floor":42,"turns":3},{"damage":2,"enemies":"Sphere and 2 Shapes","floor":44,"turns":4},{"damage":9,"enemies":"Reptomancer","floor":46,"turns":5},{"damage":10,"enemies":"4 Shapes","floor":48,"turns":2},{"damage":52,"enemies":"Awakened One","floor":50,"turns":7}],"seed_played":"3427647870355079309","potions_obtained":[{"floor":1.0,"key":"BloodPotion"},{"floor":3.0,"key":"HeartOfIron"},{"floor":6.0,"key":"Fruit Juice"},{"floor":10.0,"key":"Dexterity Potion"},{"floor":13.0,"key":"SmokeBomb"},{"floor":22.0,"key":"DistilledChaos"}],"is_trial":false,"path_per_floor":["M","M","?","M","?","E","R","M","T","M","?","$","E","$","R","B",null,"M","$","M","?","M","R","M","M","T","M","M","T","?","M","R","B",null,"M","?","?","M","?","R","?","M","T","M","R","E","$","M","R","B",null],"character_chosen":"IRONCLAD","items_purchased":["Inflame+1","Impervious","Battle Trance","Inflame+1","Shrug It Off","FossilizedHelix","ClockworkSouvenir","Bottled Lightning"],"campfire_rested":4,"item_purchase_floors":[14,14,14,19,19,47,47,47],"current_hp_per_floor":[80,80,80,79,59,47,72,76,76,72,61,61,39,39,64,61,85,85,85,85,85,85,85,71,85,85,67,73,73,69,60,85,60,85,83,83,83,85,49,85,77,67,67,71,71,85,85,81,81,35],"gold":427,"neow_bonus":"","is_daily":false,"chose_seed":false,"campfire_upgraded":3,"win_rate":0.0,"timestamp":1607692977,"path_taken":["M","M","?","?","?","E","R","M","T","M","?","?","E","$","R","BOSS","M","$","M","?","M","R","?","M","T","M","M","?","?","M","R","BOSS","M","?","?","?","?","R","?","M","T","M","R","E","$","M","R","BOSS"],"items_purchased_type":["Undefined","Card","Card","Undefined","Card","Relic","Relic","Relic"],"build_version":"2020-11-30","purchased_purges":2,"victory":true,"max_hp_per_floor":[80,80,80,80,80,85,85,85,85,85,85,85,85,85,85,85,85,85,85,85,85,85,85,85,85,85,85,85,85,85,85,85,85,85,85,85,85,85,85,85,85,85,85,85,85,85,85,85,85,85],"relic_stats":{"Sozu":1,"Regal Pillow":11,"Dream Catcher":0,"Torii":22,"counters":[27,123],"Self Forming Clay":[150],"Shuriken":[30],"Pen Nib":[12],"Orichalcum":[18],"obtain_stats":[{"Regal Pillow":29,"Torii":39,"Golden Idol":5,"Self Forming Clay":6,"Pen Nib":26,"Frozen Egg 2":13,"Orichalcum":46,"Burning Blood":0,"ClockworkSouvenir":47,"Sozu":34,"Dream Catcher":43,"Shuriken":9,"Philosopher\u0027s Stone":17,"Red Mask":30,"Bottled Lightning":47,"TungstenRod":41,"FossilizedHelix":47},{"Regal Pillow":15,"Torii":21,"Golden Idol":3,"Self Forming Clay":4,"Pen Nib":13,"Frozen Egg 2":7,"Orichalcum":25,"Burning Blood":0,"ClockworkSouvenir":25,"Sozu":18,"Dream Catcher":23,"Shuriken":5,"Philosopher\u0027s Stone":8,"Red Mask":16,"Bottled Lightning":25,"TungstenRod":22,"FossilizedHelix":25},{"Regal Pillow":73,"Torii":97,"Golden Idol":13,"Self Forming Clay":18,"Pen Nib":67,"Frozen Egg 2":38,"Orichalcum":114,"Burning Blood":0,"ClockworkSouvenir":114,"Sozu":86,"Dream Catcher":105,"Shuriken":23,"Philosopher\u0027s Stone":47,"Red Mask":76,"Bottled Lightning":114,"TungstenRod":102,"FossilizedHelix":114}],"Burning Blood":142,"TungstenRod":18},"card_choices":[{"not_picked":["Thunderclap","Cleave"],"picked":"Pommel Strike","floor":1.0},{"not_picked":["Headbutt","Blood for Blood"],"picked":"Pummel","floor":2.0},{"not_picked":["Perfected Strike","Thunderclap"],"picked":"Reaper","floor":4.0},{"not_picked":["Armaments","Warcry"],"picked":"Shrug It Off","floor":6.0},{"not_picked":["Entrench","Disarm"],"picked":"Pummel","floor":8.0},{"not_picked":["Cleave","Warcry"],"picked":"Sword Boomerang","floor":10.0},{"not_picked":["Pommel Strike","Perfected Strike"],"picked":"Inflame+1","floor":13.0},{"not_picked":["Bludgeon","Double Tap"],"picked":"Berserk+1","floor":16.0},{"not_picked":["True Grit","Flex"],"picked":"Warcry+1","floor":18.0},{"not_picked":["Battle Trance","Clash+1","Ghostly Armor"],"picked":"SKIP","floor":20.0},{"not_picked":["Second Wind","Clothesline+1"],"picked":"Pommel Strike+1","floor":22.0},{"not_picked":["Body Slam+1","Rupture+1","Headbutt"],"picked":"SKIP","floor":24.0},{"not_picked":["Rupture+1","Headbutt"],"picked":"Body Slam+1","floor":24.0},{"not_picked":["Berserk+1","Iron Wave"],"picked":"Flex+1","floor":25.0},{"not_picked":["Bloodletting","Iron Wave","Searing Blow"],"picked":"SKIP","floor":27},{"not_picked":["Flame Barrier","Iron Wave+1"],"picked":"Twin Strike+1","floor":28},{"not_picked":["Headbutt","Uppercut"],"picked":"Sword Boomerang","floor":30},{"not_picked":["Carnage","Sever Soul"],"picked":"Disarm+1","floor":31},{"not_picked":["Armaments","Iron Wave+1","Warcry"],"picked":"SKIP","floor":35},{"not_picked":["Flex","Ghostly Armor+1"],"picked":"Burning Pact+1","floor":38},{"not_picked":["Flex","Iron Wave"],"picked":"Bloodletting+1","floor":39},{"not_picked":["Iron Wave+1","Dual Wield+1"],"picked":"Shrug It Off","floor":41},{"not_picked":["Hemokinesis+1","Clothesline+1","Power Through"],"picked":"SKIP","floor":42},{"not_picked":["Uppercut","Rupture+1"],"picked":"Whirlwind","floor":44},{"not_picked":["Bloodletting+1","Clash"],"picked":"Flex+1","floor":46},{"not_picked":["Thunderclap","Burning Pact","True Grit"],"picked":"SKIP","floor":48}],"player_experience":0,"relics_obtained":[{"floor":6.0,"key":"Self Forming Clay"},{"floor":9.0,"key":"Shuriken"},{"floor":13.0,"key":"Frozen Egg 2"},{"floor":26,"key":"Pen Nib"},{"floor":29,"key":"Regal Pillow"},{"floor":30,"key":"Red Mask"},{"floor":39,"key":"Torii"},{"floor":41,"key":"TungstenRod"},{"floor":43,"key":"Dream Catcher"},{"floor":46,"key":"Orichalcum"}],"event_choices":[{"damage_healed":0.0,"max_hp_gain":0.0,"max_hp_loss":0.0,"gold_gain":0.0,"event_name":"The Woman in Blue","player_choice":"Bought 1 Potion","floor":3.0,"gold_loss":0.0,"damage_taken":0.0},{"damage_healed":0.0,"max_hp_gain":0.0,"max_hp_loss":0.0,"gold_gain":0.0,"event_name":"Golden Idol","player_choice":"Take Damage","floor":5.0,"gold_loss":0.0,"damage_taken":20.0,"relics_obtained":["Golden Idol"]},{"damage_healed":0.0,"max_hp_gain":0.0,"max_hp_loss":0.0,"gold_gain":75.0,"event_name":"World of Goop","player_choice":"Gather Gold","floor":11.0,"gold_loss":0.0,"damage_taken":11.0},{"cards_removed":["Strike_R"],"damage_healed":0.0,"max_hp_gain":0.0,"max_hp_loss":0.0,"gold_gain":0.0,"event_name":"betterNote:BetterNote","player_choice":"Give","floor":21.0,"gold_loss":0.0,"damage_taken":0.0,"cards_obtained":["None"]},{"damage_healed":0,"gold_gain":0,"player_choice":"Fought Bandits","damage_taken":0,"max_hp_gain":0,"max_hp_loss":0,"event_name":"Masked Bandits","floor":30,"gold_loss":0},{"damage_healed":0,"gold_gain":333,"player_choice":"Gave Idol","damage_taken":0,"max_hp_gain":0,"max_hp_loss":0,"event_name":"The Moai Head","floor":36,"relics_lost":["Golden Idol"],"gold_loss":0},{"damage_healed":0,"gold_gain":222,"player_choice":"Wore Mask","damage_taken":0,"max_hp_gain":0,"max_hp_loss":0,"event_name":"Tomb of Lord Red Mask","floor":37,"gold_loss":0},{"damage_healed":0,"gold_gain":0,"player_choice":"Fight","damage_taken":0,"max_hp_gain":0,"max_hp_loss":0,"event_name":"Mysterious Sphere","floor":39,"gold_loss":0},{"damage_healed":0,"gold_gain":0,"player_choice":"Fight","damage_taken":0,"max_hp_gain":0,"max_hp_loss":0,"event_name":"MindBloom","floor":41,"gold_loss":0}],"is_beta":false,"boss_relics":[{"not_picked":["Calling Bell","Black Blood"],"picked":"Philosopher\u0027s Stone"},{"not_picked":["Runic Dome","Black Star"],"picked":"Sozu"}],"items_purged_floors":[12,47],"is_endless":false,"potions_floor_spawned":[1,6,10,13,22,24,25,31,33,38,42,48],"ascension_level":0}}