{"host":"zi8o4akxlgxypwgb","time":1607709340,"event":{"mods":["BaseMod","Minty Spire (QoL Compilation)","Replay The Spire","StSLib","SuperFastMode"],"gold_per_floor":[118,118,138,149,149,190,217,241,241,241,266,266,289,318,318,427,508,532,550,573,97,123,161,161,181,207,207,242,242,242],"floor_reached":29,"playtime":1042,"items_purged":["Grand Finale+1"],"score":383,"play_id":"2543caf1-3785-4751-bd36-bd35efae63f9","local_time":"20201212015540","is_ascension_mode":true,"campfire_choices":[{"data":"A Thousand Cuts","floor":10.0,"key":"SMITH"},{"data":"Hidden Blade","floor":12.0,"key":"SMITH"},{"data":"Acrobatics","floor":15.0,"key":"SMITH"},{"data":"Backstab","floor":24,"key":"SMITH"},{"data":"Terror","floor":27,"key":"SMITH"}],"circlet_count":0,"master_deck":["Survivor","Flying Knee","Terror+1","Blade Dance","Acrobatics","A Thousand Cuts+1","Outmaneuver","Hidden Blade+1","Noxious Fumes","Acrobatics+1","Adrenaline+1","Escape Plan","ReplayTheSpireMod:From All Sides+1","Toxin Wave","Backstab","Heel Hook","ReplayTheSpireMod:Shiv Toss","Leg Sweep","Slice","Flying Knee","Doppelganger+1","Choke+1","Backstab+1","Expertise+1","ReplayTheSpireMod:Scrap Shanks+1","Outmaneuver+1","Replay:Sssssssssstrike+1","Flying Knee+1","Backstab+1","Underhanded Strike+1","Sucker Punch"],"relics":["Ring of the Snake","NeowsBlessing","CeramicFish","Golden Egg","Pandora\u0027s Box","Membership Card","Vajra","ReplayTheSpireMod:Lightbulb","Gremlin Horn","Art of War","Darkstone Periapt"],"acts_visited":["Exordium","TheCity"],"potions_floor_usage":[28],"damage_taken":[{"damage":0.0,"enemies":"Jaw Worm","floor":1.0,"turns":1.0},{"damage":0.0,"enemies":"Cultist","floor":3.0,"turns":1.0},{"damage":0.0,"enemies":"2 Louse","floor":4.0,"turns":1.0},{"damage":15.0,"enemies":"3 Sentries","floor":6.0,"turns":6.0},{"damage":2.0,"enemies":"Exordium Thugs","floor":7.0,"turns":4.0},{"damage":0.0,"enemies":"Lots of Slimes","floor":8.0,"turns":3.0},{"damage":20.0,"enemies":"Gremlin Gang","floor":11.0,"turns":3.0},{"damage":20.0,"enemies":"Large Slime","floor":13.0,"turns":5.0},{"damage":6.0,"enemies":"3 Louse","floor":14.0,"turns":3.0},{"damage":0.0,"enemies":"Slime Boss","floor":16.0,"turns":8.0},{"damage":16.0,"enemies":"2 Thieves","floor":18.0,"turns":4.0},{"damage":12.0,"enemies":"Shell Parasite","floor":20.0,"turns":3.0},{"damage":0,"enemies":"Snake Plant","floor":22,"turns":2},{"damage":10,"enemies":"Gremlin Leader","floor":23,"turns":4},{"damage":0,"enemies":"3 Cultists","floor":25,"turns":2},{"damage":22,"enemies":"Slavers","floor":28,"turns":3},{"damage":0,"enemies":"Cultist and Chosen","floor":29,"turns":1}],"seed_played":"-3439820466449896815","potions_obtained":[{"floor":1.0,"key":"BlessingOfTheForge"},{"floor":5.0,"key":"Fire Potion"},{"floor":5.0,"key":"Block Potion"},{"floor":6.0,"key":"Weak Potion"},{"floor":7.0,"key":"Elixir"},{"floor":11.0,"key":"SpeedPotion"},{"floor":13.0,"key":"Fire Potion"},{"floor":14.0,"key":"BlessingOfTheForge"},{"floor":20.0,"key":"Explosive Potion"},{"floor":25,"key":"ColorlessPotion"},{"floor":28,"key":"Reflective Coating"}],"is_trial":false,"path_per_floor":["M","?","M","M","?","E","M","M","T","R","M","R","M","M","R","B",null,"M","?","M","$","M","E","R","M","T","R","E","M"],"character_chosen":"THE_SILENT","items_purchased":["Membership Card","Backstab","Expertise","ReplayTheSpireMod:Scrap Shanks","Outmaneuver","Vajra","ReplayTheSpireMod:Lightbulb","Replay:Sssssssssstrike"],"campfire_rested":0,"item_purchase_floors":[21,21,21,21,21,21,21,21],"current_hp_per_floor":[70,70,70,70,70,55,53,53,53,53,33,33,13,7,7,7,70,54,54,42,42,42,32,32,32,32,32,10,10,10],"gold":242,"neow_bonus":"THREE_ENEMY_KILL","is_daily":false,"chose_seed":false,"campfire_upgraded":5,"win_rate":0.0,"timestamp":1607709340,"path_taken":["M","?","?","M","?","E","M","M","T","R","?","R","?","?","R","BOSS","M","?","M","$","M","E","R","M","T","R","E","M"],"items_purchased_type":["Relic","Card","Card","Card","Card","Relic","Relic","Card"],"build_version":"2020-11-30","purchased_purges":1,"victory":false,"max_hp_per_floor":[70,70,70,70,70,70,70,70,70,70,70,70,70,70,70,70,70,70,70,70,70,70,70,70,70,70,70,70,70,70],"card_choices":[{"not_picked":["Riddle With Holes","Eviscerate"],"picked":"Flying Knee","floor":1.0},{"not_picked":["Tactician","Flying Knee"],"picked":"Terror","floor":3.0},{"not_picked":["Accuracy","Escape Plan"],"picked":"Blade Dance","floor":4.0},{"not_picked":["Caltrops","Masterful Stab"],"picked":"Acrobatics","floor":6.0},{"not_picked":["Bouncing Flask","Underhanded Strike"],"picked":"A Thousand Cuts","floor":7.0},{"not_picked":["Blade Dance","Deflect"],"picked":"Outmaneuver","floor":8.0},{"not_picked":["Poisoned Stab","Catalyst"],"picked":"Hidden Blade","floor":11.0},{"not_picked":["Catalyst","Deflect"],"picked":"Noxious Fumes","floor":13.0},{"not_picked":["Terror","Escape Plan"],"picked":"Acrobatics","floor":14.0},{"not_picked":["Replay:Bag of Tricks","Poison Darts"],"picked":"Adrenaline","floor":16.0},{"not_picked":["Deadly Poison","Deflect"],"picked":"Slice","floor":18.0},{"not_picked":["Hidden Blade","Quick Slash"],"picked":"Choke+1","floor":20.0},{"not_picked":["Draining Mist+1","Infinite Blades"],"picked":"Flying Knee+1","floor":22},{"not_picked":["Catalyst+1","Dodge and Roll"],"picked":"Backstab","floor":23},{"not_picked":["Acrobatics","Dagger Throw"],"picked":"Underhanded Strike+1","floor":25},{"not_picked":["Deflect+1","Malaise"],"picked":"Sucker Punch","floor":28}],"player_experience":283239,"relics_obtained":[{"floor":6.0,"key":"CeramicFish"},{"floor":9.0,"key":"Golden Egg"},{"floor":23,"key":"Gremlin Horn"},{"floor":26,"key":"Art of War"},{"floor":28,"key":"Darkstone Periapt"}],"event_choices":[{"cards_removed":["Strike_G"],"damage_healed":0.0,"max_hp_gain":0.0,"max_hp_loss":0.0,"gold_gain":0.0,"event_name":"Purifier","player_choice":"Purged","floor":2.0,"gold_loss":0.0,"damage_taken":0.0},{"damage_healed":0.0,"max_hp_gain":0.0,"max_hp_loss":0.0,"gold_gain":0.0,"event_name":"Lab","player_choice":"Got Potions","floor":5.0,"gold_loss":0.0,"damage_taken":0.0},{"damage_healed":0.0,"max_hp_gain":0.0,"max_hp_loss":0.0,"gold_gain":0.0,"cards_transformed":["Neutralize","Noxious Fumes"],"event_name":"Drug Dealer","player_choice":"Became Test Subject","floor":19.0,"gold_loss":0.0,"damage_taken":0.0,"cards_obtained":["Flying Knee","Doppelganger"]}],"is_beta":false,"boss_relics":[{"not_picked":["SlaversCollar","Calling Bell"],"picked":"Pandora\u0027s Box"}],"items_purged_floors":[21],"is_endless":false,"potions_floor_spawned":[1,6,7,11,13,14,20,25,28],"killed_by":"Cultist and Chosen","ascension_level":4}}