{"host":"f55lpzc7830gmx23","time":1607714252,"event":{"mods":["BaseMod","Better Note","Downfall","Hermit","Minty Spire (QoL Compilation)","StSLib","The Blackbeard","The Cursed","The Necromancer"],"gold_per_floor":[115,115,115,115,128,167,167,0,0,18,37,37,84,103,103,103,103],"floor_reached":16,"playtime":657,"items_purged":[],"score":138,"play_id":"767ac6bd-a27e-4233-a65e-e32a8cb6285d","local_time":"20201211201732","is_ascension_mode":true,"campfire_choices":[{"floor":12,"key":"REST"},{"floor":15,"key":"REST"}],"circlet_count":0,"master_deck":["Strike_R","Strike_R","Strike_R","Strike_R","Strike_R","Defend_R","Defend_R","Defend_R","Defend_R","Bash","Shrug It Off+1","Combust","Armaments","Flame Barrier","True Grit"],"relics":["Burning Blood","NeowsBlessing","Dream Catcher","Golden Idol","Unceasing Top","Sundial","Orichalcum"],"acts_visited":["Exordium"],"potions_floor_usage":[8,16],"damage_taken":[{"damage":0,"enemies":"Jaw Worm","floor":1,"turns":1},{"damage":0,"enemies":"Small Slimes","floor":5,"turns":1},{"damage":0,"enemies":"Gremlin Nob","floor":6,"turns":1},{"damage":3,"enemies":"Cultist","floor":10,"turns":4},{"damage":8,"enemies":"Gremlin Gang","floor":11,"turns":4},{"damage":14,"enemies":"Blue Slaver","floor":14,"turns":3},{"damage":77,"enemies":"Hexaghost","floor":16,"turns":12}],"seed_played":"1884326651557428782","potions_obtained":[{"floor":5,"key":"FearPotion"},{"floor":11,"key":"Explosive Potion"}],"is_trial":false,"path_per_floor":["M","?","?","?","M","E","?","$","T","M","M","R","T","M","R","B"],"character_chosen":"IRONCLAD","items_purchased":["Combust","Fruit Juice"],"campfire_rested":2,"item_purchase_floors":[8,8],"current_hp_per_floor":[80,80,80,74,74,74,74,79,79,79,77,79,79,71,79,2,2],"gold":103,"neow_bonus":"THREE_ENEMY_KILL","is_daily":false,"chose_seed":false,"campfire_upgraded":0,"win_rate":0.0,"timestamp":1607714252,"path_taken":["M","?","?","?","M","E","?","$","T","?","?","R","?","M","R","BOSS"],"items_purchased_type":["Card","Potion"],"build_version":"2020-11-30","purchased_purges":0,"victory":false,"max_hp_per_floor":[80,80,80,74,74,74,74,79,79,79,79,79,79,79,79,79,79],"card_choices":[{"not_picked":["Battle Trance","Flex"],"picked":"Shrug It Off","floor":1},{"not_picked":["Clothesline","Thunderclap","Sword Boomerang"],"picked":"SKIP","floor":5},{"not_picked":["Hemokinesis","Thunderclap","Wild Strike"],"picked":"SKIP","floor":6},{"not_picked":["Searing Blow","Headbutt","Perfected Strike"],"picked":"SKIP","floor":10},{"not_picked":["Twin Strike","Thunderclap","Dual Wield"],"picked":"SKIP","floor":11},{"not_picked":["Shrug It Off","Twin Strike"],"picked":"Armaments","floor":12},{"not_picked":["Fire Breathing","Dual Wield"],"picked":"Flame Barrier","floor":14},{"not_picked":["Exhume","Perfected Strike"],"picked":"True Grit","floor":15}],"player_experience":391864,"relics_obtained":[{"floor":6,"key":"Unceasing Top"},{"floor":9,"key":"Sundial"},{"floor":13,"key":"Orichalcum"}],"event_choices":[{"damage_healed":0,"gold_gain":0,"player_choice":"Box","damage_taken":0,"relics_obtained":["Dream Catcher"],"max_hp_gain":0,"max_hp_loss":0,"event_name":"Big Fish","floor":2,"gold_loss":0,"cards_obtained":["Regret"]},{"damage_healed":0,"gold_gain":0,"player_choice":"Grow","damage_taken":0,"max_hp_gain":0,"max_hp_loss":0,"event_name":"Living Wall","floor":3,"gold_loss":0,"cards_upgraded":["Shrug It Off"]},{"damage_healed":0,"gold_gain":0,"player_choice":"Lose Max HP","damage_taken":0,"relics_obtained":["Golden Idol"],"max_hp_gain":0,"max_hp_loss":6,"event_name":"Golden Idol","floor":4,"gold_loss":0},{"cards_removed":["Regret"],"damage_healed":0,"gold_gain":0,"player_choice":"Purged","damage_taken":0,"max_hp_gain":0,"max_hp_loss":0,"event_name":"Purifier","floor":7,"gold_loss":0}],"is_beta":false,"boss_relics":[],"items_purged_floors":[],"is_endless":false,"potions_floor_spawned":[5,11],"killed_by":"Hexaghost","ascension_level":2}}