{"host":"p6y17sixyu8q9v1f","time":1607694781,"event":{"mods":["BaseMod","Colored Map","Minty Spire (QoL Compilation)"],"gold_per_floor":[119,135,13,13,13,38,38,72,72,90,90,116,291,1,1,97,97,114,29,45,45,45,45,55,75,101,135,135,135,148,148,148,251,251,271,271,321,333,353,353,74,74,151,184,195,210,432,206,206,206,206,206,33,62,62,62],"floor_reached":55,"playtime":4500,"items_purged":["Strike_G","Doubt","Injury"],"score":933,"play_id":"dda37e45-1b39-4ba7-97d4-33d8caa912f4","local_time":"20201211075301","is_ascension_mode":true,"campfire_choices":[{"data":"Cloak And Dagger","floor":7,"key":"SMITH"},{"data":"Infinite Blades","floor":11,"key":"SMITH"},{"floor":15,"key":"REST"},{"data":"Apotheosis","floor":23,"key":"SMITH"},{"floor":28,"key":"REST"},{"floor":32,"key":"REST"},{"floor":40,"key":"RECALL"},{"floor":42,"key":"REST"},{"floor":49,"key":"REST"},{"floor":52,"key":"REST"}],"circlet_count":0,"master_deck":["Strike_G+1","Strike_G+1","Strike_G+1","Strike_G+1","Defend_G+1","Defend_G+1","Defend_G+1","Defend_G+1","Defend_G+1","Survivor","Neutralize+1","Blade Dance","Deflect","Cloak And Dagger+1","Blind","Neutralize+1","Infinite Blades+1","Choke+1","Apotheosis+1","A Thousand Cuts","Masterful Stab+1","Infinite Blades+1","Cloak And Dagger","Blade Dance","Venomology","Blade Dance+1","Flash of Steel+1","Cloak And Dagger+1","Envenom","Deflect+1","Footwork+1","Footwork","Noxious Fumes","Panache","Catalyst+1"],"relics":["Ring of the Snake","NeowsBlessing","Molten Egg 2","Strawberry","Ornamental Fan","Nunchaku","Philosopher\u0027s Stone","Torii","Nilry\u0027s Codex","Bag of Preparation","Red Mask","Fusion Hammer","Unceasing Top","Lee\u0027s Waffle","Bronze Scales","Lantern","Whetstone"],"acts_visited":["Exordium","TheCity","TheBeyond","TheEnding"],"potions_floor_usage":[8,12,16,24,25,37,37,37,39,44,44,45,50,54,54,55,55,55],"damage_taken":[{"damage":0,"enemies":"Small Slimes","floor":1,"turns":1},{"damage":0,"enemies":"Cultist","floor":2,"turns":1},{"damage":0,"enemies":"3 Sentries","floor":6,"turns":1},{"damage":31,"enemies":"Gremlin Nob","floor":8,"turns":5},{"damage":0,"enemies":"2 Louse","floor":10,"turns":3},{"damage":0,"enemies":"Lagavulin","floor":12,"turns":9},{"damage":20,"enemies":"Slime Boss","floor":16,"turns":10},{"damage":7,"enemies":"3 Byrds","floor":18,"turns":4},{"damage":18,"enemies":"Spheric Guardian","floor":20,"turns":4},{"damage":1,"enemies":"Centurion and Healer","floor":24,"turns":3},{"damage":9,"enemies":"Snake Plant","floor":25,"turns":4},{"damage":14,"enemies":"Masked Bandits","floor":27,"turns":4},{"damage":20,"enemies":"Shelled Parasite and Fungi","floor":30,"turns":4},{"damage":3,"enemies":"Collector","floor":33,"turns":8},{"damage":15,"enemies":"3 Darklings","floor":35,"turns":6},{"damage":0,"enemies":"Mind Bloom Boss Battle","floor":37,"turns":6},{"damage":17,"enemies":"3 Shapes","floor":38,"turns":9},{"damage":12,"enemies":"Jaw Worm Horde","floor":39,"turns":3},{"damage":26,"enemies":"Reptomancer","floor":44,"turns":6},{"damage":9,"enemies":"Writhing Mass","floor":45,"turns":6},{"damage":8,"enemies":"3 Darklings","floor":46,"turns":3},{"damage":1,"enemies":"Donu and Deca","floor":50,"turns":5},{"damage":18,"enemies":"Shield and Spear","floor":54,"turns":6},{"damage":81,"enemies":"The Heart","floor":55,"turns":8}],"seed_played":"6271236451704626308","potions_obtained":[{"floor":1,"key":"FearPotion"},{"floor":8,"key":"ColorlessPotion"},{"floor":12,"key":"Swift Potion"},{"floor":20,"key":"DistilledChaos"},{"floor":24,"key":"DistilledChaos"},{"floor":33,"key":"DuplicationPotion"},{"floor":37,"key":"PowerPotion"},{"floor":38,"key":"AttackPotion"},{"floor":46,"key":"SpeedPotion"},{"floor":54,"key":"Regen Potion"}],"is_trial":false,"path_per_floor":["M","M","$","?","$","E","R","E","T","M","R","E","?","$","R","B",null,"M","?","M","$","?","R","M","M","T","?","R","?","M","?","R","B",null,"M","?","?","M","M","R","$","R","T","E","M","M","?","$","R","B",null,"R","$","E","B"],"character_chosen":"THE_SILENT","items_purchased":["Cloak And Dagger","Apotheosis","Lee\u0027s Waffle","Lantern","Noxious Fumes","Panache"],"campfire_rested":6,"item_purchase_floors":[3,14,41,48,48,53],"current_hp_per_floor":[70,70,70,70,70,70,70,46,46,46,46,46,46,46,69,49,77,70,70,52,52,36,36,35,26,26,12,35,35,15,15,38,35,77,62,62,62,45,33,33,84,84,84,67,58,50,50,50,75,74,84,84,84,66,0,0],"gold":62,"neow_bonus":"THREE_ENEMY_KILL","is_daily":false,"chose_seed":false,"campfire_upgraded":3,"win_rate":0.0,"timestamp":1607694781,"path_taken":["M","M","$","?","?","E","R","E","T","?","R","E","?","$","R","BOSS","M","?","M","$","?","R","?","M","T","?","R","?","M","?","R","BOSS","M","?","?","?","M","R","$","R","T","E","M","M","?","$","R","BOSS","R","$","E","BOSS"],"items_purchased_type":["Card","Card","Relic","Relic","Card","Card"],"build_version":"2020-11-30","purchased_purges":3,"victory":false,"max_hp_per_floor":[70,70,70,70,70,70,70,77,77,77,77,77,77,77,77,77,77,77,77,77,77,77,77,77,77,77,77,77,77,77,77,77,77,77,77,77,77,77,77,77,84,84,84,84,84,84,84,84,84,84,84,84,84,84,84,84],"card_choices":[{"not_picked":["Heel Hook","Prepared"],"picked":"Blade Dance","floor":1},{"not_picked":["Dash","Dagger Spray"],"picked":"Deflect","floor":2},{"not_picked":["Bane+1","Calculated Gamble","Dagger Throw+1"],"picked":"SKIP","floor":6},{"not_picked":["Dagger Spray+1","Noxious Fumes"],"picked":"Infinite Blades","floor":8},{"not_picked":["Quick Slash+1","Sucker Punch+1","Underhanded Strike+1"],"picked":"SKIP","floor":10},{"not_picked":["Unload+1","Riddle With Holes+1"],"picked":"Choke+1","floor":12},{"not_picked":["Unload+1","Tools of the Trade"],"picked":"A Thousand Cuts","floor":16},{"not_picked":["Flying Knee+1","Reflex+1"],"picked":"Masterful Stab+1","floor":18},{"not_picked":["Underhanded Strike+1","Slice+1"],"picked":"Infinite Blades+1","floor":20},{"not_picked":["Catalyst","Masterful Stab+1"],"picked":"Cloak And Dagger","floor":24},{"not_picked":["Deadly Poison","Flying Knee+1","Underhanded Strike+1"],"picked":"SKIP","floor":25},{"not_picked":["Dagger Spray+1","Dodge and Roll+1"],"picked":"Blade Dance","floor":30},{"not_picked":["Unload+1","Corpse Explosion"],"picked":"Venomology","floor":33},{"not_picked":["Flying Knee+1","Bane+1"],"picked":"Blade Dance+1","floor":35},{"not_picked":["Madness","Enlightenment"],"picked":"Flash of Steel+1","floor":36},{"not_picked":["Bane+1","Leg Sweep+1"],"picked":"Cloak And Dagger+1","floor":37},{"not_picked":["Backflip","Dodge and Roll"],"picked":"Envenom","floor":38},{"not_picked":["Slice+1","Acrobatics+1"],"picked":"Deflect+1","floor":39},{"not_picked":["Blade Dance","Leg Sweep"],"picked":"Footwork+1","floor":44},{"not_picked":["Dagger Spray+1","PiercingWail","Slice+1"],"picked":"SKIP","floor":45},{"not_picked":["Terror+1","Flechettes+1"],"picked":"Footwork","floor":46},{"not_picked":["All Out Attack+1","Blade Dance+1"],"picked":"Catalyst+1","floor":54}],"player_experience":725600,"relics_obtained":[{"floor":6,"key":"Molten Egg 2"},{"floor":8,"key":"Strawberry"},{"floor":9,"key":"Ornamental Fan"},{"floor":12,"key":"Nunchaku"},{"floor":22,"key":"Nilry\u0027s Codex"},{"floor":26,"key":"Bag of Preparation"},{"floor":27,"key":"Red Mask"},{"floor":37,"key":"Unceasing Top"},{"floor":44,"key":"Bronze Scales"},{"floor":54,"key":"Whetstone"}],"event_choices":[{"damage_healed":0,"gold_gain":0,"player_choice":"3 cards matched","damage_taken":0,"max_hp_gain":0,"max_hp_loss":0,"event_name":"Match and Keep!","floor":4,"gold_loss":0,"cards_obtained":["Injury","Blind","Neutralize"]},{"damage_healed":0,"gold_gain":175,"player_choice":"AGREE","damage_taken":0,"max_hp_gain":0,"max_hp_loss":0,"event_name":"Liars Game","floor":13,"gold_loss":0,"cards_obtained":["Doubt"]},{"damage_healed":0,"gold_gain":0,"player_choice":"Obtained Relic","damage_taken":0,"relics_obtained":["Torii"],"max_hp_gain":0,"max_hp_loss":0,"event_name":"Addict","floor":19,"gold_loss":85},{"damage_healed":0,"gold_gain":0,"player_choice":"Obtained Book","damage_taken":16,"max_hp_gain":0,"max_hp_loss":0,"event_name":"Cursed Tome","floor":22,"gold_loss":0},{"damage_healed":0,"gold_gain":0,"player_choice":"Fought Bandits","damage_taken":0,"max_hp_gain":0,"max_hp_loss":0,"event_name":"Masked Bandits","floor":27,"gold_loss":0},{"damage_healed":0,"gold_gain":0,"player_choice":"Simplicity","damage_taken":0,"max_hp_gain":0,"max_hp_loss":0,"event_name":"Back to Basics","floor":29,"gold_loss":0,"cards_upgraded":["Strike_G","Strike_G","Strike_G","Strike_G","Defend_G","Defend_G","Defend_G","Defend_G","Defend_G"]},{"damage_healed":0,"gold_gain":0,"player_choice":"Ignored","damage_taken":0,"max_hp_gain":0,"max_hp_loss":0,"event_name":"Ghosts","floor":31,"gold_loss":0},{"damage_healed":0,"gold_gain":0,"player_choice":"Memory 1","damage_taken":0,"max_hp_gain":0,"max_hp_loss":0,"event_name":"SensoryStone","floor":36,"gold_loss":0},{"damage_healed":0,"gold_gain":0,"player_choice":"Fight","damage_taken":0,"max_hp_gain":0,"max_hp_loss":0,"event_name":"MindBloom","floor":37,"gold_loss":0},{"damage_healed":0,"gold_gain":222,"player_choice":"Wore Mask","damage_taken":0,"max_hp_gain":0,"max_hp_loss":0,"event_name":"Tomb of Lord Red Mask","floor":47,"gold_loss":0}],"is_beta":false,"boss_relics":[{"not_picked":["Snecko Eye","Runic Dome"],"picked":"Philosopher\u0027s Stone"},{"not_picked":["Cursed Key","Runic Pyramid"],"picked":"Fusion Hammer"}],"items_purged_floors":[3,14,41],"is_endless":false,"potions_floor_spawned":[1,8,12,20,24,33,37,38,46,54],"killed_by":"The Heart","ascension_level":4}}