{"host":"e8rlfedn69rz2s07","time":1607703374,"event":{"mods":["AchievementEnabler","BaseMod","Minty Spire (QoL Compilation)","Permanent Neow","Relic Stats"],"gold_per_floor":[109,128,139,139,9,41,41,67,67,67,99,69,82,101,101,172,172,128,200,216,234,245,245,245,245,245,264,264,21,36,36,36,110,110,129,143,143,158,28,72,72,99,99,177,177,198,219,261,261,261,261,261],"floor_reached":51,"playtime":14619,"items_purged":["Strike_B","Decay"],"score":1429,"play_id":"c1a009ea-f884-4836-80a6-eacefde91f79","local_time":"20201211181614","is_ascension_mode":true,"campfire_choices":[{"floor":7.0,"key":"REST"},{"floor":10.0,"key":"REST"},{"data":"Defragment","floor":15.0,"key":"SMITH"},{"data":"Fission","floor":23.0,"key":"SMITH"},{"data":"Genetic Algorithm","floor":25.0,"key":"SMITH"},{"data":"Consume","floor":28.0,"key":"SMITH"},{"floor":32.0,"key":"REST"},{"floor":41.0,"key":"RECALL"},{"floor":45.0,"key":"REST"},{"floor":49.0,"key":"REST"}],"circlet_count":0,"master_deck":["AscendersBane","Dualcast+1","Streamline","Genetic Algorithm","Rebound","Conserve Battery","Cold Snap","Glacier","Genetic Algorithm+1","Doom and Gloom","Darkness","Conserve Battery","Defragment+1","Coolheaded","Fission+1","Sunder","Doom and Gloom","Scrape","Loop","Storm","Biased Cognition","Glacier","Loop","Redo","Capacitor+1","Reboot","Consume+1","Self Repair","Loop","Buffer","Creative AI","Leap+1","Fission","Apotheosis","Apotheosis","Bandage Up","Regret","Capacitor+1","Conserve Battery+1","Glacier"],"relics":["Cracked Core","Ice Cream","Prayer Wheel","Du-Vu Doll","Happy Flower","Pandora\u0027s Box","Mercury Hourglass","Membership Card","Cursed Key","ClockworkSouvenir","CeramicFish","Frozen Egg 2","Centennial Puzzle"],"acts_visited":["Exordium","TheCity","TheBeyond"],"potions_floor_usage":[50,50],"damage_taken":[{"damage":2.0,"enemies":"2 Louse","floor":1.0,"turns":2.0},{"damage":1.0,"enemies":"Cultist","floor":2.0,"turns":3.0},{"damage":7.0,"enemies":"Jaw Worm","floor":3.0,"turns":3.0},{"damage":24.0,"enemies":"Gremlin Nob","floor":6.0,"turns":4.0},{"damage":15.0,"enemies":"3 Sentries","floor":8.0,"turns":11.0},{"damage":9.0,"enemies":"Lagavulin","floor":11.0,"turns":6.0},{"damage":0.0,"enemies":"Red Slaver","floor":13.0,"turns":4.0},{"damage":1.0,"enemies":"Looter","floor":14.0,"turns":3.0},{"damage":13.0,"enemies":"Hexaghost","floor":16.0,"turns":11.0},{"damage":15.0,"enemies":"2 Thieves","floor":18.0,"turns":5.0},{"damage":0.0,"enemies":"3 Byrds","floor":20.0,"turns":5.0},{"damage":5.0,"enemies":"Snake Plant","floor":21.0,"turns":3.0},{"damage":24.0,"enemies":"Centurion and Healer","floor":22.0,"turns":7.0},{"damage":0.0,"enemies":"Cultist and Chosen","floor":27.0,"turns":5.0},{"damage":20.0,"enemies":"Snake Plant","floor":30.0,"turns":6.0},{"damage":11.0,"enemies":"Automaton","floor":33.0,"turns":17.0},{"damage":2.0,"enemies":"3 Shapes","floor":35.0,"turns":6.0},{"damage":6.0,"enemies":"Orb Walker","floor":36.0,"turns":3.0},{"damage":1.0,"enemies":"Spire Growth","floor":38.0,"turns":4.0},{"damage":17.0,"enemies":"Giant Head","floor":40.0,"turns":12.0},{"damage":38.0,"enemies":"3 Darklings","floor":46.0,"turns":9.0},{"damage":0.0,"enemies":"Sphere and 2 Shapes","floor":47.0,"turns":6.0},{"damage":46.0,"enemies":"Reptomancer","floor":48.0,"turns":8.0},{"damage":36,"enemies":"Awakened One","floor":50,"turns":19},{"damage":20,"enemies":"Time Eater","floor":51,"turns":3}],"seed_played":"-6059744000996479040","potions_obtained":[{"floor":3.0,"key":"Weak Potion"},{"floor":6.0,"key":"Energy Potion"},{"floor":11.0,"key":"Dexterity Potion"},{"floor":12.0,"key":"CultistPotion"},{"floor":12.0,"key":"Weak Potion"},{"floor":21.0,"key":"Regen Potion"},{"floor":33.0,"key":"BlessingOfTheForge"},{"floor":35.0,"key":"LiquidBronze"},{"floor":48.0,"key":"Fire Potion"}],"is_trial":false,"path_per_floor":["M","M","M","?","$","E","R","E","T","R","E","?","M","M","R","B",null,"M","T","M","M","M","R","?","R","T","M","R","$","M","?","R","B",null,"M","M","?","M","$","E","R","?","T","T","R","M","M","E","R","B","B"],"character_chosen":"DEFECT","items_purchased":["Cold Snap","Membership Card","Self Repair","Swift Potion","ClockworkSouvenir"],"campfire_rested":5,"item_purchase_floors":[5,29,29,29,39],"current_hp_per_floor":[62,61,54,33,33,9,30,19,19,40,31,31,31,30,30,17,58,43,43,43,38,29,29,29,29,29,29,29,29,16,16,37,33,62,67,61,61,60,60,50,50,40,40,40,61,39,53,13,34,14,0,0],"gold":261,"neow_bonus":"TRANSFORM_CARD","is_daily":false,"chose_seed":false,"campfire_upgraded":4,"win_rate":0.0,"timestamp":1607703374,"path_taken":["M","M","M","?","$","E","R","E","T","R","E","?","M","M","R","BOSS","M","?","M","M","M","R","?","R","T","M","R","$","?","?","R","BOSS","M","M","?","M","$","E","R","?","T","?","R","M","M","E","R","BOSS","BOSS"],"items_purchased_type":["Card","Relic","Card","Potion","Relic"],"build_version":"2020-11-30","purchased_purges":2,"victory":false,"max_hp_per_floor":[71,71,71,71,71,71,71,71,71,71,71,71,71,71,71,71,71,71,71,71,71,71,71,71,71,71,71,71,71,71,71,71,71,71,71,71,71,71,71,71,71,71,71,71,71,71,71,71,71,71,71,71],"relic_stats":{"Centennial Puzzle":[6],"Happy Flower":[45],"counters":[25,163],"CeramicFish":72,"Prayer Wheel":13,"Pandora\u0027s Box":["Sunder","Doom and Gloom","Scrape","Loop","Storm","Biased Cognition"],"Cursed Key":1,"obtain_stats":[{"Ice Cream":6,"Happy Flower":11,"CeramicFish":40,"Frozen Egg 2":44,"Cursed Key":34,"Mercury Hourglass":19,"ClockworkSouvenir":39,"Du-Vu Doll":9,"Centennial Puzzle":48,"Prayer Wheel":8,"Pandora\u0027s Box":17,"Membership Card":29,"Cracked Core":0},{"Ice Cream":4,"Happy Flower":6,"CeramicFish":20,"Frozen Egg 2":20,"Cursed Key":16,"Mercury Hourglass":10,"ClockworkSouvenir":19,"Du-Vu Doll":5,"Centennial Puzzle":23,"Prayer Wheel":5,"Pandora\u0027s Box":9,"Membership Card":14,"Cracked Core":0},{"Ice Cream":12,"Happy Flower":29,"CeramicFish":119,"Frozen Egg 2":119,"Cursed Key":95,"Mercury Hourglass":52,"ClockworkSouvenir":107,"Du-Vu Doll":23,"Centennial Puzzle":141,"Prayer Wheel":23,"Pandora\u0027s Box":47,"Membership Card":72,"Cracked Core":0}],"Mercury Hourglass":[485]},"card_choices":[{"not_picked":["Barrage","Melter"],"picked":"Genetic Algorithm","floor":1.0},{"not_picked":["Streamline","Steam"],"picked":"Rebound","floor":2.0},{"not_picked":["Genetic Algorithm","Blizzard"],"picked":"Conserve Battery","floor":3.0},{"not_picked":["Force Field","All For One"],"picked":"Glacier","floor":6.0},{"not_picked":["Streamline","Force Field"],"picked":"Genetic Algorithm","floor":8.0},{"not_picked":["Rip and Tear","Darkness"],"picked":"Doom and Gloom","floor":11.0},{"not_picked":["Loop","Compile Driver"],"picked":"Darkness","floor":13.0},{"not_picked":["Ball Lightning","Steam"],"picked":"Conserve Battery","floor":13.0},{"not_picked":["Multi-Cast","Go for the Eyes"],"picked":"Defragment","floor":14.0},{"not_picked":["Melter","Chaos"],"picked":"Coolheaded","floor":14.0},{"not_picked":["Seek","Hyperbeam"],"picked":"Fission","floor":16.0},{"not_picked":["Redo","Rebound"],"picked":"Glacier","floor":18.0},{"not_picked":["Static Discharge","Conserve Battery"],"picked":"Loop","floor":18.0},{"not_picked":["Rebound","Cold Snap"],"picked":"Redo","floor":20.0},{"not_picked":["Force Field","Barrage+1","Reinforced Body"],"picked":"SKIP","floor":20.0},{"not_picked":["Turbo","Darkness"],"picked":"Capacitor+1","floor":21.0},{"not_picked":["Turbo","Gash"],"picked":"Reboot","floor":21.0},{"not_picked":["Turbo","Barrage"],"picked":"Consume","floor":22.0},{"not_picked":["Redo","Rainbow","Ball Lightning"],"picked":"SKIP","floor":22.0},{"not_picked":["Steam","Redo","Coolheaded"],"picked":"SKIP","floor":27.0},{"not_picked":["Fusion","Melter","Reprogram"],"picked":"SKIP","floor":27.0},{"not_picked":["Chaos","Beam Cell"],"picked":"Loop","floor":30.0},{"not_picked":["Skim","Coolheaded","Barrage"],"picked":"SKIP","floor":30.0},{"not_picked":["Fission","Amplify"],"picked":"Buffer","floor":33.0},{"not_picked":["Chaos","Cold Snap","Barrage+1"],"picked":"SKIP","floor":35.0},{"not_picked":["Cold Snap","Hello World","Streamline"],"picked":"SKIP","floor":35.0},{"not_picked":["Heatsinks+1","Hologram","Sweeping Beam"],"picked":"SKIP","floor":36.0},{"not_picked":["Blizzard","Conserve Battery","Ball Lightning"],"picked":"SKIP","floor":36.0},{"not_picked":["Chaos","Gash"],"picked":"Creative AI","floor":38.0},{"not_picked":["Gash","Genetic Algorithm+1"],"picked":"Leap+1","floor":38.0},{"not_picked":["Auto Shields+1","Go for the Eyes"],"picked":"Fission","floor":40.0},{"not_picked":["Trip","Mind Blast"],"picked":"Apotheosis","floor":42.0},{"not_picked":["Impatience","Transmutation"],"picked":"Apotheosis","floor":42.0},{"not_picked":["Sadistic Nature","Mind Blast"],"picked":"Bandage Up","floor":42.0},{"not_picked":["Turbo","Chaos"],"picked":"Capacitor+1","floor":46.0},{"not_picked":["Barrage","Redo","White Noise"],"picked":"SKIP","floor":46.0},{"not_picked":["BootSequence+1","Go for the Eyes"],"picked":"Conserve Battery+1","floor":47.0},{"not_picked":["Redo+1","Hello World+1","Heatsinks+1"],"picked":"SKIP","floor":47.0},{"not_picked":["Go for the Eyes","All For One"],"picked":"Glacier","floor":48.0}],"player_experience":682401,"relics_obtained":[{"floor":6.0,"key":"Ice Cream"},{"floor":8.0,"key":"Prayer Wheel"},{"floor":9.0,"key":"Du-Vu Doll"},{"floor":11.0,"key":"Happy Flower"},{"floor":19.0,"key":"Mercury Hourglass"},{"floor":40.0,"key":"CeramicFish"},{"floor":44.0,"key":"Frozen Egg 2"},{"floor":48.0,"key":"Centennial Puzzle"}],"event_choices":[{"damage_healed":0.0,"max_hp_gain":0.0,"max_hp_loss":0.0,"gold_gain":0.0,"event_name":"Shining Light","player_choice":"Entered Light","floor":4.0,"gold_loss":0.0,"damage_taken":21.0,"cards_upgraded":["Strike_B","Dualcast"]},{"damage_healed":0.0,"max_hp_gain":0.0,"max_hp_loss":0.0,"gold_gain":0.0,"event_name":"The Woman in Blue","player_choice":"Bought 2 Potions","floor":12.0,"gold_loss":0.0,"damage_taken":0.0},{"damage_healed":0.0,"max_hp_gain":0.0,"max_hp_loss":0.0,"gold_gain":0.0,"event_name":"Wheel of Change","player_choice":"Cursed","floor":24.0,"gold_loss":0.0,"damage_taken":0.0,"cards_obtained":["Decay"]},{"damage_healed":0.0,"max_hp_gain":0.0,"max_hp_loss":0.0,"gold_gain":0.0,"event_name":"Vampires","player_choice":"Ignored","floor":31.0,"gold_loss":0.0,"damage_taken":0.0},{"cards_removed":["Zap"],"damage_healed":0.0,"max_hp_gain":0.0,"max_hp_loss":0.0,"gold_gain":0.0,"event_name":"Falling","player_choice":"Removed Skill","floor":37.0,"gold_loss":0.0,"damage_taken":0.0},{"damage_healed":0.0,"max_hp_gain":0.0,"max_hp_loss":0.0,"gold_gain":0.0,"event_name":"SensoryStone","player_choice":"Memory 3","floor":42.0,"gold_loss":0.0,"damage_taken":10.0}],"is_beta":false,"boss_relics":[{"not_picked":["Tiny House","Black Star"],"picked":"Pandora\u0027s Box"},{"not_picked":["Astrolabe","Inserter"],"picked":"Cursed Key"}],"items_purged_floors":[5,39],"is_endless":false,"potions_floor_spawned":[3,6,11,13,14,21,33,35,38,48],"killed_by":"Time Eater","ascension_level":20}}