{"host":"f7oa3d5f3fx74imu","time":1607653350,"event":{"mods":["AchievementEnabler","Aspiration","BaseMod","Better Altar","Better Third Choice","BetterRewards","Conspire","Downfall","Hubris","Infinite Spire","Lobotomy","Minty Spire (QoL Compilation)","Replay The Spire","Shop Mod","Spicy Shops","StSLib"],"gold_per_floor":[116,129,147,147,164,189,207,207,257,257,283,297,297,316,316,381,381,321,335,355,355,372,407,25,40,40,390,390,425,425,459,459,587,587,639,739,739,739],"floor_reached":37,"playtime":3925,"items_purged":["Time Bomb","BeautyBeast","Shame"],"score":1068,"play_id":"b8d5bda0-9f70-4227-bdb8-cf426733acdc","local_time":"20201210182230","is_ascension_mode":true,"campfire_choices":[{"floor":8,"key":"REST"},{"floor":13,"key":"REST"},{"floor":15,"key":"REST"},{"floor":32,"key":"REST"}],"circlet_count":0,"master_deck":["conspire:GhostlyDefend","conspire:GhostlyDefend","conspire:GhostlyDefend","Zap","Dualcast","Murderer","Stack","Ball Lightning","Ball Lightning","Leap","White Noise","BigBird","Pot Of Greed","Pot Of Greed","MHz","Echo Form","Freischutz","Conserve Battery","ShyLook","Machine Learning","Pot Of Greed","CrumblingArmor","Aggregate","Wellcheers","Coolheaded","Gash","Variant","Bite","Bite","Bite","Bite","Bite","WallGazer","Pot Of Greed","ReplaySolidLightProjector","BlackSwan","Barrage","Thunder Strike","Static Discharge","Sweeping Beam","OSAHOGD","Shame","Funeral","Glacier","BodiesMountain","Buffer","Pot Of Greed","Leap+1","ReplayTheSpireMod:Fabricate Wheel","LaLuna","Beam Cell+1","SpiderBud","Shame"],"relics":["Cracked Core","CogitoBucket","Sundial","LuminousBracelet","Dream Catcher","aspiration:ChemicalBlood","Grinning Jar","Fusion Hammer","Omamori","MerchantsRug","Chemical X","PreservedInsect","Frozen Eye","AtMidnight","TreeSap","Toy Ornithopter","Ring of Greed","Old Coin","Tiny Chest","Ring of Misfortune","betterThird:NestCultRelic","Onion Ring","aspiration:PoetsPen","Replay:Bottled Steam","CaptainsWheel","infinitespire:EvilPickle","conspire:RunicOctahedron","Replay:Wanted Poster","OrangePellets"],"acts_visited":["Exordium","TheCity","TheBeyond"],"potions_floor_usage":[6,6,7,16,18,18,18,18,20,20,22,22,23,23,23,23,29,29,29,29,31,31,33,33,33,35,35,35],"damage_taken":[{"damage":4,"enemies":"2 Louse","floor":1,"turns":2},{"damage":0,"enemies":"Small Slimes","floor":2,"turns":3},{"damage":0,"enemies":"Cultist","floor":3,"turns":2},{"damage":14,"enemies":"Blue Slaver","floor":5,"turns":3},{"damage":22,"enemies":"Gremlin Nob","floor":6,"turns":4},{"damage":31,"enemies":"Looter","floor":7,"turns":3},{"damage":19,"enemies":"3 Sentries","floor":11,"turns":4},{"damage":9,"enemies":"Large Slime","floor":12,"turns":5},{"damage":19,"enemies":"Blue Slaver","floor":14,"turns":4},{"damage":40,"enemies":"Slime Boss","floor":16,"turns":11},{"damage":83,"enemies":"3 Byrds","floor":18,"turns":8},{"damage":16,"enemies":"Shell Parasite","floor":19,"turns":7},{"damage":39,"enemies":"Shelled Parasite and Fungi","floor":20,"turns":6},{"damage":14,"enemies":"Sentry and Sphere","floor":22,"turns":6},{"damage":42,"enemies":"conspire:Head Lice","floor":23,"turns":19},{"damage":41,"enemies":"Snake Plant","floor":25,"turns":16},{"damage":65,"enemies":"Book of Stabbing","floor":29,"turns":5},{"damage":50,"enemies":"Nightmare","floor":31,"turns":6},{"damage":97,"enemies":"Pondfish","floor":33,"turns":9},{"damage":66,"enemies":"Orb Walker","floor":35,"turns":2},{"damage":47,"enemies":"3 Shapes","floor":37,"turns":2}],"seed_played":"5452777741639306000","potions_obtained":[{"floor":2,"key":"Adrenaline Potion"},{"floor":3,"key":"Weak Potion"},{"floor":6,"key":"Weak Potion"},{"floor":7,"key":"sneckomod:MuddlingPotion"},{"floor":20,"key":"LiquidMemories"},{"floor":22,"key":"Energy Potion"},{"floor":25,"key":"Elixir"},{"floor":25,"key":"Energy Potion"},{"floor":33,"key":"AttackPotion"},{"floor":35,"key":"Energy Potion"},{"floor":35,"key":"LifebloodPotion"}],"is_trial":false,"path_per_floor":["M","M","M","?","M","E","M","R","T","?","E","M","R","M","R","B",null,"M","M","M","?","M","E","$","M","T","?","?","E","AVR","NM","R","B",null,"M","AVR","M"],"character_chosen":"DEFECT","items_purchased":["MerchantsRug","Chemical X","PreservedInsect","Frozen Eye","Thunder Strike","Static Discharge"],"campfire_rested":4,"item_purchase_floors":[24,24,24,24,24,24],"current_hp_per_floor":[64,64,65,65,52,32,16,43,43,43,27,19,46,29,56,21,73,48,35,10,10,44,51,51,72,72,72,72,46,46,19,40,66,71,23,23,0,0],"gold":739,"neow_bonus":"","is_daily":false,"chose_seed":false,"campfire_upgraded":0,"win_rate":0.0,"timestamp":1607653350,"path_taken":["M","M","M","?","M","E","M","R","T","?","E","?","R","M","R","BOSS","M","M","M","?","M","E","$","M","T","?","?","E","AVR","NM","R","BOSS","M","AVR","M"],"items_purchased_type":["Relic","Relic","Relic","Relic","Card","Card"],"build_version":"2020-11-30","purchased_purges":3,"victory":false,"max_hp_per_floor":[75,75,75,75,75,75,90,90,90,90,90,90,90,90,90,90,90,90,90,90,62,62,52,52,72,72,72,72,72,72,72,72,72,72,72,72,72,72],"card_choices":[{"not_picked":["UniverseFragment","Bloodbath"],"picked":"Murderer","floor":1},{"not_picked":["conspire:SharedLibrary","ReplayTheSpireMod:Repulse"],"picked":"Stack","floor":1},{"not_picked":["MeatLantern","ShyLook"],"picked":"Bloodbath","floor":2},{"not_picked":["Panic Button","Redo"],"picked":"Ball Lightning","floor":2},{"not_picked":["PunishingBird","SpiderBud"],"picked":"BeautyBeast","floor":3},{"not_picked":["ReplayTheSpireMod:Reroute Power","Steam"],"picked":"Ball Lightning","floor":3},{"not_picked":["Stack","Rebound","Glacier"],"picked":"SKIP","floor":5},{"not_picked":["OSAHOGD","FairyFestival","ShyLook"],"picked":"Singing Bowl","floor":6},{"not_picked":["Gash","Stack"],"picked":"Leap","floor":6},{"not_picked":["Heatsinks","Stack"],"picked":"White Noise","floor":7},{"not_picked":["Scarecrow","OSAHOGD"],"picked":"BigBird","floor":7},{"not_picked":["Scorched","MeltingLove"],"picked":"MHz","floor":11},{"not_picked":["Genetic Algorithm","Rebound"],"picked":"Echo Form","floor":11},{"not_picked":["Wellcheers","OSAHOGD"],"picked":"Freischutz","floor":12},{"not_picked":["Blizzard","BasicCrystalCard","Turbo"],"picked":"SKIP","floor":12},{"not_picked":["Turbo","Cold Snap"],"picked":"Conserve Battery","floor":13},{"not_picked":["Scorched","MeltingLove"],"picked":"ShyLook","floor":14},{"not_picked":["Streamline","ReplayTheSpireMod:Calculation Training","Stack"],"picked":"SKIP","floor":14},{"not_picked":["Streamline","ReplayTheSpireMod:GoodbyeWorld"],"picked":"Time Bomb","floor":15},{"not_picked":["hubris:DoWhile","hubris:Prefetch"],"picked":"Machine Learning","floor":16},{"not_picked":["MeatLantern","FairyFestival"],"picked":"CrumblingArmor","floor":16},{"not_picked":["Hello World","Blizzard"],"picked":"Aggregate","floor":18},{"not_picked":["HeroicMonk","RedShoes"],"picked":"Wellcheers","floor":19},{"not_picked":["Panic Button","ReplaySolidLightProjector"],"picked":"Coolheaded","floor":19},{"not_picked":["Panic Button+1","Consume"],"picked":"Gash","floor":20},{"not_picked":["LongBird","BodiesMountain"],"picked":"Variant","floor":20},{"not_picked":["LittleHelper","MeltingLove"],"picked":"WallGazer","floor":22},{"not_picked":["Hologram","Reinforced Body"],"picked":"ReplaySolidLightProjector","floor":22},{"not_picked":["CherryBlossoms","OSAHOGD"],"picked":"BlackSwan","floor":23},{"not_picked":["Beam Cell+1","Compile Driver+1"],"picked":"Barrage","floor":23},{"not_picked":["Consume","BasicCrystalCard+1"],"picked":"Sweeping Beam","floor":25},{"not_picked":["PunishingBird","MeatLantern"],"picked":"OSAHOGD","floor":25},{"not_picked":["UniverseFragment","GreedKing"],"picked":"Funeral","floor":29},{"not_picked":["Coolheaded+1","Go for the Eyes"],"picked":"Glacier","floor":29},{"not_picked":["MeatLantern","Scorched"],"picked":"BodiesMountain","floor":31},{"not_picked":["Go for the Eyes+1","conspire:SharedLibrary"],"picked":"Buffer","floor":31},{"not_picked":["Panic Button","Hologram"],"picked":"Leap+1","floor":32},{"not_picked":["Hyperbeam","hubris:DoWhile"],"picked":"ReplayTheSpireMod:Fabricate Wheel","floor":33},{"not_picked":["SpiderBud","WhitesApple"],"picked":"LaLuna","floor":33},{"not_picked":["Rip and Tear","Cold Snap"],"picked":"Beam Cell+1","floor":35},{"not_picked":["HeroicMonk","Scarecrow"],"picked":"SpiderBud","floor":35}],"player_experience":202687,"relics_obtained":[{"floor":6,"key":"Sundial"},{"floor":9,"key":"Dream Catcher"},{"floor":11,"key":"Grinning Jar"},{"floor":23,"key":"Omamori"},{"floor":25,"key":"AtMidnight"},{"floor":26,"key":"Toy Ornithopter"},{"floor":27,"key":"Ring of Greed"},{"floor":27,"key":"Old Coin"},{"floor":27,"key":"Tiny Chest"},{"floor":27,"key":"Ring of Misfortune"},{"floor":29,"key":"Onion Ring"},{"floor":31,"key":"CaptainsWheel"}],"event_choices":[{"damage_healed":0,"gold_gain":0,"player_choice":"Agree","damage_taken":0,"max_hp_gain":0,"max_hp_loss":0,"event_name":"conspire:LoneGhost","floor":4,"gold_loss":0},{"damage_healed":0,"gold_gain":0,"player_choice":"Gave Potion","damage_taken":0,"relics_obtained":["aspiration:ChemicalBlood"],"max_hp_gain":0,"max_hp_loss":0,"event_name":"WeMeetAgain","floor":10,"gold_loss":0},{"damage_healed":0,"gold_gain":0,"player_choice":"Became a vampire","damage_taken":0,"max_hp_gain":0,"max_hp_loss":28,"event_name":"Vampires","floor":21,"gold_loss":0,"cards_obtained":["Bite","Bite","Bite","Bite","Bite"]},{"damage_healed":0,"gold_gain":0,"player_choice":"Madness","damage_taken":0,"relics_obtained":["betterThird:NestCultRelic"],"max_hp_gain":0,"max_hp_loss":0,"event_name":"betterThird:BetterNest","floor":28,"gold_loss":0}],"is_beta":false,"boss_relics":[{"not_picked":["hubris:RunicObelisk","Replay:Ancient Bell"],"picked":"Fusion Hammer"},{"not_picked":["Runic Pyramid","SlaversCollar"],"picked":"conspire:RunicOctahedron"}],"items_purged_floors":[24,30,36],"is_endless":false,"potions_floor_spawned":[2,3,6,7,20,22],"killed_by":"3 Shapes","ascension_level":9}}