{"host":"5vwo9pnza5wfe8ad","time":1607666905,"event":{"mods":["BaseMod","Better Sensory Stone","Colored Map","Colored Powertips","Key Reminder","Minty Spire (QoL Compilation)","Permanent Neow","Rare Cards Sparkle","Shop Mod","StSLib","UnlockEverythingMod"],"gold_per_floor":[117,74,74,74,23,59,86,137,149,176,188,200,212,224,236,341,353,385,397,384,396,19,19,19,19],"floor_reached":24,"playtime":3849,"items_purged":[],"score":521,"play_id":"4c55ec15-37cd-4dd4-bfda-0273f53ce713","local_time":"20201210220825","is_ascension_mode":true,"campfire_choices":[{"data":"Well Laid Plans","floor":11.0,"key":"SMITH"},{"floor":13.0,"key":"REST"},{"data":"Well Laid Plans","floor":15.0,"key":"SMITH"},{"floor":23.0,"key":"RECALL"}],"circlet_count":0,"master_deck":["AscendersBane","Defend_G","Defend_G","Defend_G","Defend_G","Survivor","Neutralize","Cloak And Dagger","Well Laid Plans+1","Backflip","Well Laid Plans+1","Cloak And Dagger","Caltrops","Tools of the Trade","Backflip","Bite+1","Bite+1","Bite+1","Bite+1","Bite+1","Ghostly","Ghostly","Ghostly","Bullet Time","PiercingWail"],"relics":["Ring of the Snake","NeowsBlessing","Golden Idol","Paper Crane","MawBank","Dream Catcher","Molten Egg 2","SlaversCollar","Happy Flower","keyreminder:keyreminder"],"acts_visited":[],"potions_floor_usage":[24],"damage_taken":[{"damage":0.0,"enemies":"Small Slimes","floor":1.0,"turns":1.0},{"damage":0.0,"enemies":"3 Sentries","floor":6.0,"turns":1.0},{"damage":0.0,"enemies":"Gremlin Nob","floor":8.0,"turns":1.0},{"damage":0.0,"enemies":"Jaw Worm","floor":10.0,"turns":5.0},{"damage":39.0,"enemies":"The Guardian","floor":16.0,"turns":21.0},{"damage":6.0,"enemies":"Shell Parasite","floor":18.0,"turns":16.0},{"damage":33.0,"enemies":"2 Thieves","floor":20.0,"turns":4.0},{"damage":40,"enemies":"Book of Stabbing","floor":24,"turns":8}],"seed_played":"-1565900522857044106","potions_obtained":[{"floor":1.0,"key":"Fruit Juice"},{"floor":8.0,"key":"Block Potion"},{"floor":20.0,"key":"BlessingOfTheForge"}],"is_trial":false,"path_per_floor":["M","$","?","?","$","E","T","E","T","M","R","?","R","?","R","B",null,"M","?","M","?","$","R","E"],"character_chosen":"THE_SILENT","items_purchased":["Well Laid Plans","Backflip","Bullet Time","PiercingWail","Happy Flower"],"campfire_rested":1,"item_purchase_floors":[2,5,22,22,22],"current_hp_per_floor":[64,64,64,40,40,40,40,40,40,40,40,33,54,59,59,20,62,56,53,38,26,26,26,0,0],"gold":19,"neow_bonus":"THREE_ENEMY_KILL","is_daily":false,"chose_seed":false,"campfire_upgraded":2,"win_rate":0.0,"timestamp":1607666905,"path_taken":["M","$","?","?","?","E","?","E","T","M","R","?","R","?","R","BOSS","M","?","M","?","$","R","E"],"items_purchased_type":["Card","Card","Card","Card","Relic"],"build_version":"2020-11-30","purchased_purges":0,"victory":false,"max_hp_per_floor":[71,71,71,71,71,71,71,71,71,71,71,71,71,76,76,76,76,76,53,53,26,26,26,26,26],"card_choices":[{"not_picked":["Flechettes","Skewer"],"picked":"Cloak And Dagger","floor":1.0},{"not_picked":["Underhanded Strike","Corpse Explosion"],"picked":"Well Laid Plans","floor":6.0},{"not_picked":["Unload","Bane"],"picked":"Cloak And Dagger","floor":8.0},{"not_picked":["Crippling Poison","Dodge and Roll"],"picked":"Caltrops","floor":10.0},{"not_picked":["Storm of Steel","Glass Knife+1"],"picked":"Tools of the Trade","floor":16.0},{"not_picked":["Poisoned Stab+1","Prepared+1"],"picked":"Backflip","floor":18.0},{"not_picked":["Finisher+1","Infinite Blades","Prepared"],"picked":"SKIP","floor":20.0}],"player_experience":128205,"relics_obtained":[{"floor":6.0,"key":"Paper Crane"},{"floor":7.0,"key":"MawBank"},{"floor":8.0,"key":"Dream Catcher"},{"floor":9.0,"key":"Molten Egg 2"}],"event_choices":[{"damage_healed":0.0,"max_hp_gain":0.0,"max_hp_loss":0.0,"gold_gain":0.0,"event_name":"The Cleric","player_choice":"Leave","floor":3.0,"gold_loss":0.0,"damage_taken":0.0},{"damage_healed":0.0,"max_hp_gain":0.0,"max_hp_loss":0.0,"gold_gain":0.0,"event_name":"Golden Idol","player_choice":"Take Damage","floor":4.0,"gold_loss":0.0,"damage_taken":24.0,"relics_obtained":["Golden Idol"]},{"cards_removed":["Defend_G"],"damage_healed":0.0,"max_hp_gain":0.0,"max_hp_loss":0.0,"gold_gain":0.0,"event_name":"Golden Wing","player_choice":"Card Removal","floor":12.0,"gold_loss":0.0,"damage_taken":7.0},{"damage_healed":0.0,"max_hp_gain":5.0,"max_hp_loss":0.0,"gold_gain":0.0,"event_name":"Big Fish","player_choice":"Donut","floor":14.0,"gold_loss":0.0,"damage_taken":0.0},{"damage_healed":0.0,"max_hp_gain":0.0,"max_hp_loss":23.0,"gold_gain":0.0,"event_name":"Vampires","player_choice":"Became a vampire","floor":19.0,"gold_loss":0.0,"damage_taken":0.0,"cards_obtained":["Bite","Bite","Bite","Bite","Bite"]},{"damage_healed":0.0,"max_hp_gain":0.0,"max_hp_loss":27.0,"gold_gain":0.0,"event_name":"Ghosts","player_choice":"Became a Ghost","floor":21.0,"gold_loss":0.0,"damage_taken":0.0,"cards_obtained":["Ghostly","Ghostly","Ghostly"]}],"is_beta":false,"boss_relics":[{"not_picked":["Runic Dome","Empty Cage"],"picked":"SlaversCollar"}],"items_purged_floors":[],"is_endless":false,"potions_floor_spawned":[1,8,20],"killed_by":"Book of Stabbing","ascension_level":20}}