{"host":"usrgk25etjl0nf5i","time":1607659706,"event":{"mods":["2.2 Compatiblity","BaseMod","Downfall","Hermit","Hubris","Minty Spire (QoL Compilation)","StSLib","SuperFastMode","The Disciple","The Hierophant"],"gold_per_floor":[113,125,145,320,320,320,345,361,438,473,119,119,136,136,136,246,246,266,293,338,347,376,415,415,415,447,465,499,518,554,554,554],"floor_reached":31,"playtime":1236,"items_purged":[],"score":495,"play_id":"6bbda222-fc68-4b34-879a-fa7a7ce38af2","local_time":"20201210200826","is_ascension_mode":true,"campfire_choices":[{"data":"Fire Breathing","floor":6,"key":"SMITH"},{"data":"Rupture","floor":12,"key":"SMITH"},{"floor":15,"key":"REST"},{"floor":25,"key":"REST"}],"circlet_count":0,"master_deck":["AscendersBane","Defend_R","Defend_R","Defend_R","Bash","Decay","Fire Breathing+1","Iron Wave","Bloodletting","Doubt","Fire Breathing+1","Ghostly Armor","Rupture+1","Hemokinesis","Armaments","Flex","Blood for Blood","Brutality","Flex","Slimebound:Tackle+1","Slimebound:Tackle+1","Slimebound:Tackle+1","Ghostly","Ghostly","Ghostly","Ghostly","Ghostly","hubris:SharpeningStone","Combust","Metallicize","hubris:Wrath","Intimidate","Rupture"],"relics":["Burning Blood","CaptainsWheel","Akabeko","hubris:Metronome","Bag of Marbles","Pen Nib","CeramicFish","Cursed Key","Lizard Tail","Strawberry","Art of War","Darkstone Periapt"],"acts_visited":["Exordium","TheCity"],"potions_floor_usage":[16,23,28,28,30],"damage_taken":[{"damage":13,"enemies":"Cultist","floor":1,"turns":4},{"damage":21,"enemies":"Jaw Worm","floor":2,"turns":5},{"damage":5,"enemies":"Small Slimes","floor":3,"turns":3},{"damage":12,"enemies":"3 Sentries","floor":7,"turns":4},{"damage":12,"enemies":"Gremlin Gang","floor":8,"turns":5},{"damage":11,"enemies":"Gremlin Nob","floor":10,"turns":4},{"damage":6,"enemies":"Large Slime","floor":13,"turns":4},{"damage":10,"enemies":"Slime Boss","floor":16,"turns":6},{"damage":26,"enemies":"3 Byrds","floor":18,"turns":5},{"damage":2,"enemies":"Chosen","floor":22,"turns":3},{"damage":36,"enemies":"Book of Stabbing","floor":23,"turns":6},{"damage":6,"enemies":"Centurion and Healer","floor":27,"turns":6},{"damage":19,"enemies":"Gremlin Leader","floor":28,"turns":7},{"damage":6,"enemies":"3 Cultists","floor":29,"turns":6},{"damage":31,"enemies":"Book of Stabbing","floor":30,"turns":7},{"damage":33,"enemies":"Snecko","floor":31,"turns":5}],"seed_played":"-8328270284690894868","potions_obtained":[{"floor":1,"key":"BlessingOfTheForge"},{"floor":7,"key":"FearPotion"},{"floor":10,"key":"SteroidPotion"},{"floor":22,"key":"CultistPotion"},{"floor":27,"key":"AttackPotion"},{"floor":29,"key":"hexamod:EctoCoolerPotion"}],"is_trial":false,"path_per_floor":["M","M","M","?","?","R","E","M","T","E","$","R","M","?","R","B",null,"M","?","?","?","M","E","?","R","T","M","E","M","E","M"],"character_chosen":"IRONCLAD","items_purchased":["Rupture","Pen Nib","Hemokinesis","Armaments","Flex"],"campfire_rested":2,"item_purchase_floors":[11,11,11,11,11],"current_hp_per_floor":[81,66,67,67,67,67,61,55,55,50,50,50,50,38,66,62,88,68,68,48,48,48,18,18,32,39,39,26,26,28,0,0],"gold":554,"neow_bonus":"TWENTY_PERCENT_HP_BONUS","is_daily":false,"chose_seed":false,"campfire_upgraded":2,"win_rate":0.0,"timestamp":1607659706,"path_taken":["M","?","M","?","?","R","E","M","T","E","$","R","?","?","R","BOSS","M","?","?","?","?","E","?","R","T","M","E","M","E","M"],"items_purchased_type":["Card","Relic","Card","Card","Card"],"build_version":"2020-11-30","purchased_purges":0,"victory":false,"max_hp_per_floor":[96,96,96,96,96,96,96,96,96,96,96,96,96,96,96,96,96,96,96,48,48,48,48,48,48,55,55,55,55,55,55,55],"card_choices":[{"not_picked":["Power Through","Pommel Strike"],"picked":"Fire Breathing","floor":1},{"not_picked":["Sever Soul","Dropkick"],"picked":"Iron Wave","floor":2},{"not_picked":["Anger","Searing Blow"],"picked":"Bloodletting","floor":3},{"not_picked":["True Grit","Rampage","Thunderclap"],"picked":"SKIP","floor":7},{"not_picked":["Sword Boomerang","Body Slam"],"picked":"Fire Breathing","floor":8},{"not_picked":["Iron Wave","Wild Strike"],"picked":"Ghostly Armor","floor":10},{"not_picked":["Twin Strike","Sword Boomerang"],"picked":"Blood for Blood","floor":13},{"not_picked":["hubris:StunningStrike","Barricade"],"picked":"Brutality","floor":16},{"not_picked":["Iron Wave","Rage"],"picked":"Flex","floor":18},{"not_picked":["Body Slam","Power Through+1"],"picked":"Combust","floor":22},{"not_picked":["Searing Blow","Reckless Charge+1"],"picked":"Metallicize","floor":23},{"not_picked":["Body Slam+1","Clothesline","Armaments"],"picked":"SKIP","floor":27},{"not_picked":["Twin Strike","Double Tap"],"picked":"Intimidate","floor":28},{"not_picked":["Body Slam+1","Warcry","Carnage+1"],"picked":"SKIP","floor":29},{"not_picked":["Reckless Charge","Pommel Strike"],"picked":"Rupture","floor":30}],"player_experience":624428,"relics_obtained":[{"floor":7,"key":"Akabeko"},{"floor":9,"key":"hubris:Metronome"},{"floor":10,"key":"Bag of Marbles"},{"floor":23,"key":"Lizard Tail"},{"floor":26,"key":"Strawberry"},{"floor":28,"key":"Art of War"},{"floor":30,"key":"Darkstone Periapt"}],"event_choices":[{"damage_healed":0,"gold_gain":175,"player_choice":"AGREE","damage_taken":0,"max_hp_gain":0,"max_hp_loss":0,"event_name":"Liars Game","floor":4,"gold_loss":0,"cards_obtained":["Doubt"]},{"damage_healed":0,"gold_gain":0,"player_choice":"Gave Potion","damage_taken":0,"relics_obtained":["CaptainsWheel"],"max_hp_gain":0,"max_hp_loss":0,"event_name":"WeMeetAgain","floor":5,"gold_loss":0},{"damage_healed":0,"gold_gain":0,"player_choice":"Success","damage_taken":12,"relics_obtained":["CeramicFish"],"max_hp_gain":0,"max_hp_loss":0,"event_name":"Scrap Ooze","floor":14,"gold_loss":0},{"damage_healed":0,"gold_gain":0,"player_choice":"Became a Ghost","damage_taken":0,"max_hp_gain":0,"max_hp_loss":48,"event_name":"Ghosts","floor":20,"gold_loss":0,"cards_obtained":["Ghostly","Ghostly","Ghostly","Ghostly","Ghostly"]},{"damage_healed":0,"gold_gain":0,"cards_transformed":["Defend_R"],"player_choice":"Transformed","damage_taken":0,"max_hp_gain":0,"max_hp_loss":0,"event_name":"Transmorgrifier","floor":21,"gold_loss":0,"cards_obtained":["hubris:SharpeningStone"]}],"is_beta":false,"boss_relics":[{"not_picked":["SacredBark","Empty Cage"],"picked":"Cursed Key"}],"items_purged_floors":[],"is_endless":false,"potions_floor_spawned":[1,7,10,22,27,29],"killed_by":"Snecko","ascension_level":11}}