{"host":"chv1qanoipyt46jc","time":1607661986,"event":{"mods":["2.2 Compatiblity","AchievementEnabler","BaseMod","BetterRewards","CapriCore","Card Filter","Conspire","Gold Saver","Grow up Mod","Minty Spire (QoL Compilation)","Rare Cards Sparkle","Relic Filter","Remove Card Discount Mod","Reorder Act Four","Robot Space Explorer","StSLib"],"gold_per_floor":[773,773,773,831,841,892,985,1044,1044,1044,1044,1107,1107,1147,1147,1282,1282,1336,1387,1470,1559,1525,1525,1296,1356,1382,1382,1382,1472,1472,1565,1565,1668,1668,1718,1718,1718,1718,1851,1851,1981,2009,2009,2079,2170,2223,2223,2280,2280,2325,2325,2325,2325,2450,2500],"floor_reached":56,"playtime":1740,"items_purged":["RobotSpaceExplorer:Strike","RobotSpaceExplorer:Strike","RobotSpaceExplorer:Strike","RobotSpaceExplorer:Strike","RobotSpaceExplorer:Defend","RobotSpaceExplorer:Defend","RobotSpaceExplorer:Defend","RobotSpaceExplorer:Defend","RobotSpaceExplorer:Scan"],"score":1565,"play_id":"b311f723-d116-4cf2-9b6f-9956337a5549","local_time":"20201210224626","is_ascension_mode":false,"campfire_choices":[{"data":"HandOfGreed+1","floor":13,"key":"SMITH"},{"data":"HandOfGreed+2","floor":15,"key":"SMITH"},{"data":"HandOfGreed+3","floor":23,"key":"SMITH"},{"data":"RobotSpaceExplorer:PowerGlove","floor":28,"key":"SMITH"},{"data":"RobotSpaceExplorer:PowerGlove","floor":30,"key":"SMITH"},{"floor":32,"key":"RECALL"},{"data":"RobotSpaceExplorer:LaserBurst","floor":40,"key":"SMITH"},{"data":"HandOfGreed+4","floor":47,"key":"SMITH"},{"data":"RobotSpaceExplorer:IronShell+2","floor":49,"key":"SMITH"},{"data":"RobotSpaceExplorer:MiniLasers","floor":53,"key":"SMITH"}],"circlet_count":0,"master_deck":["RobotSpaceExplorer:MiniLasers+1","RobotSpaceExplorer:Pulsar+2","RobotSpaceExplorer:PowerGlove+1","RobotSpaceExplorer:IronShell+3","HandOfGreed+5","RobotSpaceExplorer:LaserBurst+1","RobotSpaceExplorer:PowerGlove+1","RobotSpaceExplorer:ChargingLaser"],"relics":["RobotSpaceExplorer:TurboCore","Toxic Egg 2","conspire:InfiniteJournal","Medical Kit","Boot","Membership Card","Darkstone Periapt","Juzu Bracelet","Prayer Wheel","RobotSpaceExplorer:SlideRule","Torii","War Paint","Black Star","Ancient Tea Set","Ice Cream","Omamori","FossilizedHelix","conspire:TopHat","conspire:Dentures","Bronze Scales"],"acts_visited":["Exordium","TheCity","TheBeyond","TheEnding"],"potions_floor_usage":[55,55],"damage_taken":[{"damage":11,"enemies":"Jaw Worm","floor":1,"turns":2},{"damage":0,"enemies":"Small Slimes","floor":4,"turns":2},{"damage":6,"enemies":"conspire:RoseBush","floor":5,"turns":1},{"damage":5,"enemies":"conspire:2 RoseBushes","floor":6,"turns":4},{"damage":27,"enemies":"3 Sentries","floor":7,"turns":9},{"damage":3,"enemies":"2 Fungi Beasts","floor":8,"turns":4},{"damage":0,"enemies":"Large Slime","floor":12,"turns":4},{"damage":4,"enemies":"Red Slaver","floor":14,"turns":3},{"damage":57,"enemies":"Hexaghost","floor":16,"turns":6},{"damage":8,"enemies":"Spheric Guardian","floor":18,"turns":4},{"damage":2,"enemies":"Shell Parasite","floor":19,"turns":3},{"damage":6,"enemies":"Centurion and Healer","floor":20,"turns":3},{"damage":2,"enemies":"Cultist and Chosen","floor":21,"turns":6},{"damage":1,"enemies":"Snecko","floor":25,"turns":3},{"damage":0,"enemies":"Sentry and Sphere","floor":29,"turns":3},{"damage":9,"enemies":"Centurion and Healer","floor":31,"turns":4},{"damage":9,"enemies":"Collector","floor":33,"turns":6},{"damage":0,"enemies":"Orb Walker","floor":35,"turns":2},{"damage":16,"enemies":"3 Shapes","floor":39,"turns":3},{"damage":14,"enemies":"Jaw Worm Horde","floor":41,"turns":4},{"damage":7,"enemies":"Nemesis","floor":42,"turns":3},{"damage":28,"enemies":"Reptomancer","floor":44,"turns":4},{"damage":0,"enemies":"Sphere and 2 Shapes","floor":45,"turns":3},{"damage":0,"enemies":"Spire Growth","floor":46,"turns":3},{"damage":0,"enemies":"Writhing Mass","floor":48,"turns":2},{"damage":116,"enemies":"conspire:OrnateMirror","floor":50,"turns":5},{"damage":0,"enemies":"Shield and Spear","floor":54,"turns":3},{"damage":120,"enemies":"The Heart","floor":55,"turns":6}],"seed_played":"5238182139156823556","potions_obtained":[{"floor":5,"key":"BlessingOfTheForge"},{"floor":14,"key":"Regen Potion"},{"floor":18,"key":"EssenceOfSteel"},{"floor":39,"key":"DuplicationPotion"}],"is_trial":false,"path_per_floor":["M","?","?","M","M","M","E","M","T","T","?","M","R","M","R","B",null,"M","M","M","M","$","R","$","M","T","?","R","M","R","M","R","B",null,"M","$","?","?","M","R","M","E","T","E","M","M","R","M","R","B",null,"$","R","E","B",null],"character_chosen":"RobotSpaceExplorer","items_purchased":["Toxic Egg 2","RobotSpaceExplorer:Pulsar+1","RobotSpaceExplorer:PowerGlove","conspire:InfiniteJournal","RobotSpaceExplorer:PlasmaMissile","Medical Kit","Boot","RobotSpaceExplorer:IronShell+1","Membership Card","HandOfGreed","RobotSpaceExplorer:PowerGlove","RobotSpaceExplorer:SlideRule","Torii"],"campfire_rested":0,"item_purchase_floors":[0,0,0,0,0,0,0,0,0,0,22,24,24],"current_hp_per_floor":[37,35,45,55,59,64,47,54,64,74,84,94,104,110,120,73,255,257,265,269,277,287,297,307,316,326,336,346,356,366,367,377,378,425,435,445,455,465,459,469,465,468,478,460,470,480,490,500,510,404,595,605,615,625,515],"gold":2500,"neow_bonus":"","is_daily":false,"chose_seed":false,"campfire_upgraded":9,"win_rate":0.0,"timestamp":1607661986,"path_taken":["M","?","?","M","M","M","E","M","T","?","?","M","R","M","R","BOSS","M","M","M","M","$","R","$","M","T","?","R","M","R","M","R","BOSS","M","$","?","?","M","R","M","E","T","E","M","M","R","M","R","BOSS","$","R","E","BOSS"],"items_purchased_type":["Relic","Undefined","Card","Relic","Card","Relic","Relic","Undefined","Relic","Card","Card","Relic","Relic"],"build_version":"2020-11-30","purchased_purges":9,"victory":true,"max_hp_per_floor":[95,105,115,125,135,145,155,165,175,185,195,205,215,225,235,245,255,265,275,285,295,305,315,325,335,345,355,365,375,385,395,405,415,425,435,445,455,465,475,485,495,505,515,525,535,545,555,565,575,585,595,605,615,625,635],"card_choices":[{"not_picked":["RobotSpaceExplorer:SwiftStep+1","RobotSpaceExplorer:Ammunition+1","RobotSpaceExplorer:ShockKick"],"picked":"SKIP","floor":1},{"not_picked":["RobotSpaceExplorer:SurgingShield+1","RobotSpaceExplorer:ImprovisedAttack","RobotSpaceExplorer:DoubleFind+1"],"picked":"SKIP","floor":4},{"not_picked":["RobotSpaceExplorer:ScrapMissile","RobotSpaceExplorer:BlastShield+1","RobotSpaceExplorer:ScrapShield+1"],"picked":"SKIP","floor":5},{"not_picked":["RobotSpaceExplorer:ShovelStrike","RobotSpaceExplorer:SurgingStrike"],"picked":"RobotSpaceExplorer:LaserBurst","floor":6},{"not_picked":["RobotSpaceExplorer:Probe","RobotSpaceExplorer:BigMissile","RobotSpaceExplorer:FrostMissile"],"picked":"SKIP","floor":7},{"not_picked":["RobotSpaceExplorer:StunGrenade","RobotSpaceExplorer:ShockKick","RobotSpaceExplorer:SlimeMissile"],"picked":"SKIP","floor":8},{"not_picked":["RobotSpaceExplorer:ScrapMissile","RobotSpaceExplorer:StunGrenade","RobotSpaceExplorer:MetalStrike"],"picked":"SKIP","floor":12},{"not_picked":["RobotSpaceExplorer:StarLightning","RobotSpaceExplorer:ShockKick","RobotSpaceExplorer:ScrapShield+1"],"picked":"SKIP","floor":12},{"not_picked":["RobotSpaceExplorer:TrailblazerForm","RobotSpaceExplorer:StunGrenade","RobotSpaceExplorer:Ammunition+1"],"picked":"SKIP","floor":14},{"not_picked":["RobotSpaceExplorer:MiniDrones","RobotSpaceExplorer:Calculate+1","RobotSpaceExplorer:MetalStrike"],"picked":"SKIP","floor":14},{"not_picked":["RobotSpaceExplorer:MetalStrike+1","RobotSpaceExplorer:SwiftStep+1","RobotSpaceExplorer:FreezingShield+1"],"picked":"SKIP","floor":18},{"not_picked":["RobotSpaceExplorer:DoubleFind+1","RobotSpaceExplorer:Reload+1","RobotSpaceExplorer:FrostMissile+1"],"picked":"SKIP","floor":18},{"not_picked":["RobotSpaceExplorer:Jetpack+1","RobotSpaceExplorer:Counterblock+1","RobotSpaceExplorer:FrostMissile"],"picked":"SKIP","floor":19},{"not_picked":["RobotSpaceExplorer:Reload+1","RobotSpaceExplorer:GlueShot+1","RobotSpaceExplorer:BigMissile"],"picked":"SKIP","floor":19},{"not_picked":["RobotSpaceExplorer:SurgingStrike","RobotSpaceExplorer:Blitz","RobotSpaceExplorer:ShockKick"],"picked":"SKIP","floor":20},{"not_picked":["RobotSpaceExplorer:GearShield+1","RobotSpaceExplorer:ShovelStrike","RobotSpaceExplorer:SurgingShield+1"],"picked":"SKIP","floor":20},{"not_picked":["RobotSpaceExplorer:ShockMissile","RobotSpaceExplorer:BigMissile","RobotSpaceExplorer:JunkDive+1"],"picked":"SKIP","floor":21},{"not_picked":["RobotSpaceExplorer:ShockKick","RobotSpaceExplorer:Counterblock+1","RobotSpaceExplorer:GlueSpray+1"],"picked":"SKIP","floor":21},{"not_picked":["RobotSpaceExplorer:ExhaustFan+1","RobotSpaceExplorer:ShockKick+1","RobotSpaceExplorer:Fix+1"],"picked":"SKIP","floor":25},{"not_picked":["RobotSpaceExplorer:Pulsar+1","RobotSpaceExplorer:LaserBurst","RobotSpaceExplorer:SurgingStrike"],"picked":"SKIP","floor":25},{"not_picked":["RobotSpaceExplorer:SwiftStep+1","RobotSpaceExplorer:Electroshield+1","RobotSpaceExplorer:Fix+1"],"picked":"SKIP","floor":29},{"not_picked":["RobotSpaceExplorer:Ammunition+1","RobotSpaceExplorer:LuckyStrike","RobotSpaceExplorer:SelfCleaning+1"],"picked":"SKIP","floor":29},{"not_picked":["RobotSpaceExplorer:Ammunition+1","RobotSpaceExplorer:FreezeRay+1","RobotSpaceExplorer:ShockKick"],"picked":"SKIP","floor":31},{"not_picked":["RobotSpaceExplorer:ShockKick","RobotSpaceExplorer:FreezeRay","RobotSpaceExplorer:SurgingStrike"],"picked":"SKIP","floor":31},{"not_picked":["RobotSpaceExplorer:Wormhole+1","RobotSpaceExplorer:HighVoltage"],"picked":"RobotSpaceExplorer:ChargingLaser","floor":33},{"not_picked":["RobotSpaceExplorer:Jetpack+1","RobotSpaceExplorer:GearShield+1","RobotSpaceExplorer:IronShell+1"],"picked":"SKIP","floor":35},{"not_picked":["RobotSpaceExplorer:ScrapMissile+1","RobotSpaceExplorer:FrostMissile","RobotSpaceExplorer:ImprovisedAttack+1"],"picked":"SKIP","floor":35},{"not_picked":["RobotSpaceExplorer:FrostMissile","RobotSpaceExplorer:ExhaustFan","RobotSpaceExplorer:PowerCollector+1"],"picked":"SKIP","floor":39},{"not_picked":["RobotSpaceExplorer:ImprovisedAttack","RobotSpaceExplorer:SwiftStep+1","RobotSpaceExplorer:ShockKick+1"],"picked":"SKIP","floor":39},{"not_picked":["RobotSpaceExplorer:SlimeMissile","RobotSpaceExplorer:SwiftStep+1","RobotSpaceExplorer:SelfCleaning+1"],"picked":"SKIP","floor":41},{"not_picked":["RobotSpaceExplorer:FranticSearch+1","RobotSpaceExplorer:LuckyStrike+1","RobotSpaceExplorer:Counterblock+1"],"picked":"SKIP","floor":41},{"not_picked":["RobotSpaceExplorer:FrostMissile","RobotSpaceExplorer:Electroshield+1","RobotSpaceExplorer:RigExplosive+1"],"picked":"SKIP","floor":42},{"not_picked":["RobotSpaceExplorer:FranticSearch+1","RobotSpaceExplorer:BigMissile","RobotSpaceExplorer:ChargingLaser"],"picked":"SKIP","floor":44},{"not_picked":["RobotSpaceExplorer:Jetpack+1","RobotSpaceExplorer:ShovelStrike","RobotSpaceExplorer:SwiftStep+1"],"picked":"SKIP","floor":45},{"not_picked":["RobotSpaceExplorer:ScrapMissile+1","RobotSpaceExplorer:ShockKick+1","RobotSpaceExplorer:DoubleFind+1"],"picked":"SKIP","floor":45},{"not_picked":["RobotSpaceExplorer:Ammunition+1","RobotSpaceExplorer:SurgingStrike+1","RobotSpaceExplorer:ShockKick+1"],"picked":"SKIP","floor":46},{"not_picked":["RobotSpaceExplorer:Smokescreen+1","RobotSpaceExplorer:SelfCleaning+1","RobotSpaceExplorer:GearShield+1"],"picked":"SKIP","floor":46},{"not_picked":["RobotSpaceExplorer:Ammunition+1","RobotSpaceExplorer:SurgingStrike+1","RobotSpaceExplorer:ShovelStrike+1"],"picked":"SKIP","floor":48},{"not_picked":["RobotSpaceExplorer:SurgingStrike","RobotSpaceExplorer:Pulsar+1","RobotSpaceExplorer:GlueShot+1"],"picked":"SKIP","floor":48},{"not_picked":["RobotSpaceExplorer:Probe+1","RobotSpaceExplorer:GlueSpray+1","RobotSpaceExplorer:LaserBurst+1"],"picked":"SKIP","floor":54}],"player_experience":294915,"relics_obtained":[{"floor":7,"key":"Juzu Bracelet"},{"floor":10,"key":"Prayer Wheel"},{"floor":26,"key":"War Paint"},{"floor":42,"key":"Ancient Tea Set"},{"floor":42,"key":"Ice Cream"},{"floor":43,"key":"Omamori"},{"floor":44,"key":"FossilizedHelix"},{"floor":44,"key":"conspire:TopHat"},{"floor":54,"key":"conspire:Dentures"},{"floor":54,"key":"Bronze Scales"}],"event_choices":[{"damage_healed":0,"gold_gain":0,"player_choice":"Success","damage_taken":12,"relics_obtained":["Darkstone Periapt"],"max_hp_gain":0,"max_hp_loss":0,"event_name":"Scrap Ooze","floor":2,"gold_loss":0},{"damage_healed":0,"gold_gain":0,"player_choice":"Leave","damage_taken":0,"max_hp_gain":0,"max_hp_loss":0,"event_name":"The Cleric","floor":3,"gold_loss":0},{"damage_healed":0,"gold_gain":0,"player_choice":"Grow","damage_taken":0,"max_hp_gain":0,"max_hp_loss":0,"event_name":"Living Wall","floor":11,"gold_loss":0,"cards_upgraded":["HandOfGreed"]},{"damage_healed":0,"gold_gain":0,"player_choice":"Leave","damage_taken":0,"max_hp_gain":0,"max_hp_loss":0,"event_name":"conspire:Investor","floor":37,"gold_loss":0},{"cards_removed":["RobotSpaceExplorer:PlasmaMissile"],"damage_healed":0,"gold_gain":0,"player_choice":"Removed Attack","damage_taken":0,"max_hp_gain":0,"max_hp_loss":0,"event_name":"Falling","floor":38,"gold_loss":0}],"is_beta":false,"boss_relics":[{"not_picked":["conspire:SeveredTorchhead","Pandora\u0027s Box"],"picked":"RobotSpaceExplorer:TurboCore"},{"not_picked":["Busted Crown","RobotSpaceExplorer:Reprocessor"],"picked":"Black Star"}],"items_purged_floors":[0,0,0,0,0,0,0,0,0],"is_endless":false,"potions_floor_spawned":[5,6,12,14,18,21,31,33,39,41,42,44],"ascension_level":0}}