{"host":"iml8x8es9od4zowg","time":1607676897,"event":{"mods":["BaseMod","Hermit","Minty Spire (QoL Compilation)","StSLib","The Bug Knight","The Jungle"],"gold_per_floor":[11,86,86,101,124,124,140,159,212,240,258,276,46,63,63,166,166,184,184,197,197,197],"floor_reached":21,"playtime":1823,"items_purged":["Regret"],"score":183,"play_id":"882db01d-a7ca-46c1-adf1-68685293e01d","local_time":"20201211175457","is_ascension_mode":false,"campfire_choices":[{"data":"HollowMod:GrimmsGift","floor":6,"key":"SMITH"},{"floor":15,"key":"REST"}],"circlet_count":0,"master_deck":["HollowMod:NailStrikeStart","HollowMod:NailStrikeStart","HollowMod:QuickDashStart","HollowMod:QuickDashStart+1","HollowMod:QuickDashStart","HollowMod:FocusHealStart+1","HollowMod:PogoStrike","HollowMod:GrimmsGift+1","HollowMod:CornifersMapStart","HollowMod:SiblingsSouls","HollowMod:DoubleDash","HollowMod:Weaversong","HollowMod:SiblingsSouls+1","HollowMod:ZotesMagnificence+1","HollowMod:PureVessel+1","HollowMod:ChannelNail","HollowMod:DashSlash"],"relics":["HollowMod:VesselMask","Calipers","War Paint","Nunchaku","Vajra","Boot","Regal Pillow","Astrolabe"],"acts_visited":["Exordium","TheCity"],"potions_floor_usage":[16,16],"damage_taken":[{"damage":5,"enemies":"Jaw Worm","floor":1,"turns":4},{"damage":10,"enemies":"Cultist","floor":4,"turns":4},{"damage":0,"enemies":"Small Slimes","floor":7,"turns":3},{"damage":16,"enemies":"Red Slaver","floor":8,"turns":3},{"damage":32,"enemies":"Gremlin Nob","floor":10,"turns":4},{"damage":12,"enemies":"3 Louse","floor":11,"turns":4},{"damage":4,"enemies":"Large Slime","floor":12,"turns":3},{"damage":3,"enemies":"HollowMod:HuskWarrior","floor":14,"turns":6},{"damage":53,"enemies":"HollowMod:FalseKnight","floor":16,"turns":12},{"damage":19,"enemies":"HollowMod:HuskSentry","floor":18,"turns":4},{"damage":35,"enemies":"Spheric Guardian","floor":20,"turns":7},{"damage":10,"enemies":"Chosen and Byrds","floor":21,"turns":4}],"seed_played":"-6622142286968081","potions_obtained":[{"floor":1,"key":"Ancient Potion"},{"floor":7,"key":"SpeedPotion"},{"floor":12,"key":"SpeedPotion"},{"floor":14,"key":"SkillPotion"},{"floor":20,"key":"EssenceOfSteel"}],"is_trial":false,"path_per_floor":["M","?","?","M","T","R","M","M","T","E","M","M","$","M","R","B",null,"M","?","M","M"],"character_chosen":"THE_BUGKNIGHT","items_purchased":["Regal Pillow"],"campfire_rested":1,"item_purchase_floors":[13],"current_hp_per_floor":[70,59,59,55,55,55,61,51,51,25,19,15,15,22,59,16,75,62,62,39,29,29],"gold":197,"neow_bonus":"ONE_RARE_RELIC","is_daily":false,"chose_seed":false,"campfire_upgraded":1,"win_rate":0.0,"timestamp":1607676897,"path_taken":["M","?","?","?","?","R","?","?","T","E","M","M","?","M","R","BOSS","M","?","M","M"],"items_purchased_type":["Relic"],"build_version":"2020-11-30","purchased_purges":1,"victory":false,"max_hp_per_floor":[75,75,75,75,75,75,75,75,75,75,75,75,75,75,75,75,75,75,75,75,75,75],"card_choices":[{"not_picked":["HollowMod:ShapeofUnn","HollowMod:VengefulSpirit","HollowMod:FallenFury"],"picked":"SKIP","floor":1},{"not_picked":["HollowMod:HowlingWraiths","HollowMod:CornifersMapStart"],"picked":"HollowMod:GrimmsGift","floor":4},{"not_picked":["HollowMod:InfectedCysts","HollowMod:InfectionAssault"],"picked":"HollowMod:CornifersMapStart","floor":7},{"not_picked":["HollowMod:FallenFury","HollowMod:InfectedAttack","HollowMod:VengefulVoid"],"picked":"SKIP","floor":8},{"not_picked":["HollowMod:LuriensSpire","HollowMod:DungDefenderAura","HollowMod:PureNailStrike"],"picked":"SKIP","floor":10},{"not_picked":["HollowMod:ShadowDash","HollowMod:MawleksShell"],"picked":"HollowMod:SiblingsSouls","floor":11},{"not_picked":["HollowMod:CycloneSlash","HollowMod:NewJinnsSoul"],"picked":"HollowMod:DoubleDash","floor":12},{"not_picked":["HollowMod:HeavyBlow","HollowMod:NewGlowingWomb","HollowMod:InfectedCysts"],"picked":"SKIP","floor":14},{"not_picked":["HollowMod:PureVessel","HollowMod:AwokenDreamNail"],"picked":"HollowMod:Weaversong","floor":16},{"not_picked":["HollowMod:CornifersMapStart+1","HollowMod:GoodIntentions"],"picked":"HollowMod:ChannelNail","floor":18},{"not_picked":["HollowMod:LifebloodCocoon","HollowMod:InfectedAttack"],"picked":"HollowMod:DashSlash","floor":20}],"player_experience":464994,"relics_obtained":[{"floor":5,"key":"Nunchaku"},{"floor":9,"key":"Vajra"},{"floor":10,"key":"Boot"}],"event_choices":[{"damage_healed":0,"gold_gain":75,"player_choice":"Gather Gold","damage_taken":11,"max_hp_gain":0,"max_hp_loss":0,"event_name":"World of Goop","floor":2,"gold_loss":0},{"damage_healed":0,"gold_gain":0,"player_choice":"Box","damage_taken":0,"relics_obtained":["War Paint"],"max_hp_gain":0,"max_hp_loss":0,"event_name":"Big Fish","floor":3,"gold_loss":0,"cards_obtained":["Regret"]},{"damage_healed":0,"gold_gain":0,"player_choice":"Ignored","damage_taken":0,"max_hp_gain":0,"max_hp_loss":0,"event_name":"NoteForYourself","floor":19,"gold_loss":0}],"is_beta":false,"boss_relics":[{"not_picked":["Sozu","Runic Pyramid"],"picked":"Astrolabe"}],"items_purged_floors":[13],"is_endless":false,"potions_floor_spawned":[1,7,12,14,20],"killed_by":"Chosen and Byrds","ascension_level":0}}