{"host":"krw8blyxua7at9ak","time":1607658497,"event":{"mods":["BaseMod","Highlight Path","Minty Spire (QoL Compilation)","ojb\u0027s Info Mod"],"gold_per_floor":[117,192,206,34,52,86,86,86,86],"floor_reached":8,"playtime":302,"items_purged":[],"score":112,"play_id":"ed11e2f5-3b60-41e1-a065-e45ccfcfd7fe","local_time":"20201211044817","is_ascension_mode":true,"campfire_choices":[{"data":"Noxious Fumes","floor":7,"key":"SMITH"}],"circlet_count":0,"master_deck":["AscendersBane","Strike_G","Strike_G","Strike_G","Strike_G","Defend_G","Defend_G","Defend_G","Defend_G","Defend_G","Survivor","Neutralize","Slice","Endless Agony","Flying Knee","Noxious Fumes+1","Predator"],"relics":["Ring of the Snake","TwistedFunnel","Ginger"],"acts_visited":["Exordium"],"potions_floor_usage":[6,6],"damage_taken":[{"damage":5,"enemies":"Small Slimes","floor":1,"turns":5},{"damage":1,"enemies":"Jaw Worm","floor":3,"turns":5},{"damage":0,"enemies":"Cultist","floor":5,"turns":3},{"damage":14,"enemies":"3 Sentries","floor":6,"turns":9},{"damage":46,"enemies":"Lagavulin","floor":8,"turns":6}],"seed_played":"-9119119192027125935","potions_obtained":[{"floor":1,"key":"Regen Potion"},{"floor":5,"key":"BlessingOfTheForge"}],"is_trial":false,"path_per_floor":["M","?","M","$","M","E","R","E"],"character_chosen":"THE_SILENT","items_purchased":["TwistedFunnel"],"campfire_rested":0,"item_purchase_floors":[4],"current_hp_per_floor":[54,43,42,42,42,43,43,0,0],"gold":86,"neow_bonus":"TRANSFORM_CARD","is_daily":false,"chose_seed":false,"campfire_upgraded":1,"win_rate":0.0,"timestamp":1607658497,"path_taken":["M","?","M","?","M","E","R","E"],"items_purchased_type":["Relic"],"build_version":"2020-11-30","purchased_purges":0,"victory":false,"max_hp_per_floor":[66,66,66,66,66,66,66,66,66],"card_choices":[{"not_picked":["Flechettes","Backflip"],"picked":"Endless Agony","floor":1},{"not_picked":["Accuracy","Crippling Poison"],"picked":"Flying Knee","floor":3},{"not_picked":["All Out Attack","Blade Dance"],"picked":"Noxious Fumes","floor":5},{"not_picked":["Flechettes","Tactician"],"picked":"Predator","floor":6}],"player_experience":329803,"relics_obtained":[{"floor":6,"key":"Ginger"}],"event_choices":[{"damage_healed":0,"gold_gain":75,"player_choice":"Gather Gold","damage_taken":11,"max_hp_gain":0,"max_hp_loss":0,"event_name":"World of Goop","floor":2,"gold_loss":0}],"is_beta":false,"boss_relics":[],"items_purged_floors":[],"is_endless":false,"potions_floor_spawned":[1,5],"killed_by":"Lagavulin","ascension_level":20}}