{"host":"mkv3lj8gfkr85ioo","time":1607673884,"event":{"mods":["AchievementEnabler","BaseMod","Colored Map","Minty Spire (QoL Compilation)","SuperFastMode"],"gold_per_floor":[131,165,196,246,171,171,211,211,211,211,252,296,296,325,325,421,421,460,121,46,46,46,46,56,96,96,96,96,106,166,201,201,201,201],"floor_reached":33,"playtime":1492,"items_purged":["Strike_R"],"score":439,"play_id":"07eb2ac9-136f-47ed-bcc5-91e29ed7257a","local_time":"20201211170444","is_ascension_mode":true,"campfire_choices":[{"data":"HandOfGreed","floor":6.0,"key":"SMITH"},{"data":"Bash","floor":8.0,"key":"SMITH"},{"data":"Power Through","floor":10.0,"key":"SMITH"},{"data":"Wild Strike","floor":13.0,"key":"SMITH"},{"floor":15.0,"key":"REST"},{"data":"Barricade","floor":23,"key":"SMITH"},{"floor":28,"key":"REST"},{"floor":32,"key":"REST"}],"circlet_count":0,"master_deck":["AscendersBane","Strike_R","Strike_R","Strike_R","Defend_R","Defend_R","Defend_R","Defend_R","Bash+1","HandOfGreed+1","Power Through+1","Clothesline","Disarm","Wild Strike+1","Battle Trance","Fiend Fire","Barricade+1","Feel No Pain","Spot Weakness+1"],"relics":["Black Blood","Charon\u0027s Ashes","Peace Pipe","Gambling Chip","Nunchaku"],"acts_visited":["Exordium","TheCity"],"potions_floor_usage":[33],"damage_taken":[{"damage":5.0,"enemies":"Cultist","floor":1.0,"turns":4.0},{"damage":12.0,"enemies":"Small Slimes","floor":2.0,"turns":3.0},{"damage":7.0,"enemies":"Jaw Worm","floor":3.0,"turns":5.0},{"damage":12.0,"enemies":"3 Louse","floor":4.0,"turns":7.0},{"damage":10.0,"enemies":"Blue Slaver","floor":7.0,"turns":6.0},{"damage":7.0,"enemies":"Large Slime","floor":11.0,"turns":5.0},{"damage":2.0,"enemies":"Exordium Wildlife","floor":12.0,"turns":3.0},{"damage":20.0,"enemies":"Lagavulin","floor":14.0,"turns":5.0},{"damage":21.0,"enemies":"The Guardian","floor":16.0,"turns":9.0},{"damage":12,"enemies":"Chosen","floor":18,"turns":6},{"damage":30,"enemies":"3 Byrds","floor":24,"turns":3},{"damage":28,"enemies":"Sentry and Sphere","floor":25,"turns":11},{"damage":18,"enemies":"Snake Plant","floor":29,"turns":5},{"damage":11,"enemies":"Centurion and Healer","floor":30,"turns":9},{"damage":13,"enemies":"Cultist and Chosen","floor":31,"turns":8},{"damage":100,"enemies":"Automaton","floor":33,"turns":10}],"seed_played":"-3208567606616538352","potions_obtained":[{"floor":2.0,"key":"FairyPotion"},{"floor":11.0,"key":"LiquidMemories"}],"is_trial":false,"path_per_floor":["M","M","M","M","$","R","M","R","T","R","M","M","R","E","R","B",null,"M","$","?","$","$","R","M","M","T","?","R","M","M","M","R","B"],"character_chosen":"IRONCLAD","items_purchased":["Gambling Chip","Feel No Pain"],"campfire_rested":3,"item_purchase_floors":[19,19],"current_hp_per_floor":[51,45,44,38,38,38,34,34,34,34,33,37,37,23,45,30,64,64,64,64,64,64,64,46,30,30,9,33,27,28,27,51,0,0],"gold":201,"neow_bonus":"RANDOM_COLORLESS_2","is_daily":false,"chose_seed":false,"campfire_upgraded":5,"win_rate":0.0,"timestamp":1607673884,"path_taken":["M","M","M","M","?","R","M","R","T","R","M","M","R","E","R","BOSS","M","$","?","?","$","R","M","M","T","?","R","M","M","M","R","BOSS"],"items_purchased_type":["Relic","Card"],"build_version":"2020-11-30","purchased_purges":1,"victory":false,"max_hp_per_floor":[75,75,75,75,75,75,75,75,75,75,75,75,75,75,75,75,75,75,75,75,75,75,75,75,75,75,80,80,80,80,80,80,80,80],"card_choices":[{"not_picked":["Apotheosis","Metamorphosis"],"picked":"HandOfGreed","floor":0.0},{"not_picked":["Combust","Perfected Strike","Flex"],"picked":"SKIP","floor":1.0},{"not_picked":["Heavy Blade","Cleave"],"picked":"Power Through","floor":2.0},{"not_picked":["Searing Blow","Anger"],"picked":"Clothesline","floor":3.0},{"not_picked":["Intimidate","Combust"],"picked":"Disarm","floor":4.0},{"not_picked":["Demon Form","True Grit","Dark Embrace"],"picked":"SKIP","floor":7.0},{"not_picked":["Cleave","Flex"],"picked":"Wild Strike","floor":11.0},{"not_picked":["Iron Wave","Armaments"],"picked":"Battle Trance","floor":12.0},{"not_picked":["Heavy Blade","Flex"],"picked":"Fiend Fire","floor":14.0},{"not_picked":["Bludgeon","Fiend Fire"],"picked":"Barricade","floor":16.0},{"not_picked":["Blood for Blood","Anger","Armaments"],"picked":"SKIP","floor":18},{"not_picked":["Headbutt","Clothesline","Havoc"],"picked":"SKIP","floor":24},{"not_picked":["Rampage","Wild Strike","Clothesline"],"picked":"SKIP","floor":25},{"not_picked":["Dropkick","Headbutt","Heavy Blade"],"picked":"SKIP","floor":29},{"not_picked":["Battle Trance+1","Warcry+1","Twin Strike+1"],"picked":"SKIP","floor":30},{"not_picked":["Searing Blow+1","Sword Boomerang+1"],"picked":"Spot Weakness+1","floor":31}],"player_experience":127683,"relics_obtained":[{"floor":9.0,"key":"Charon\u0027s Ashes"},{"floor":14.0,"key":"Peace Pipe"},{"floor":26,"key":"Nunchaku"}],"event_choices":[{"cards_removed":["Strike_R"],"damage_healed":0,"gold_gain":0,"player_choice":"Gave Gold","damage_taken":0,"max_hp_gain":0,"max_hp_loss":0,"event_name":"Beggar","floor":20,"gold_loss":75},{"damage_healed":0,"gold_gain":0,"player_choice":"Shed Blood","damage_taken":26,"max_hp_gain":5,"max_hp_loss":0,"event_name":"Forgotten Altar","floor":27,"gold_loss":0}],"is_beta":false,"boss_relics":[{"not_picked":["Pandora\u0027s Box","Calling Bell"],"picked":"Black Blood"}],"items_purged_floors":[5],"is_endless":false,"potions_floor_spawned":[2,11,14,25,29],"killed_by":"Automaton","ascension_level":15}}