{"host":"99ad87xtd5ypi7ii","time":1607644936,"event":{"mods":["BaseMod","Hermit","Highlight Path","Marisa????????","Minty Spire (QoL Compilation)","Robot Space Explorer","StSLib","The Bladedancer","The Construct","The Cursed","The Disciple","The Elementalist","The Gatherer","The Hierophant","The Runesmith","The Servant 0.9.4","TheVacant"],"gold_per_floor":[118,43,60,60,76,76,76,76],"floor_reached":7,"playtime":421,"items_purged":["Writhe"],"score":47,"play_id":"d6ca5eb1-f39a-4148-91c3-32104e599dc4","local_time":"20201211010216","is_ascension_mode":true,"campfire_choices":[{"data":"Panache","floor":6,"key":"SMITH"}],"circlet_count":0,"master_deck":["blademaster:Strike","blademaster:Strike","blademaster:Strike","blademaster:Defend","blademaster:Defend","blademaster:Defend","blademaster:Defend","blademaster:RagingBlow","blademaster:HighVoltage","Panache+1","blademaster:DragonStrike","blademaster:AspectOfLightning","blademaster:UnrelentingWind","blademaster:EyeOfTheTornado"],"relics":["blademaster:DancersAmulet"],"acts_visited":["Exordium"],"potions_floor_usage":[7],"damage_taken":[{"damage":12,"enemies":"Jaw Worm","floor":1,"turns":3},{"damage":0,"enemies":"2 Louse","floor":3,"turns":2},{"damage":0,"enemies":"Small Slimes","floor":5,"turns":1},{"damage":33,"enemies":"Lagavulin","floor":7,"turns":8}],"seed_played":"-8380348864785308061","potions_obtained":[{"floor":1,"key":"AttackPotion"},{"floor":5,"key":"FearPotion"}],"is_trial":false,"path_per_floor":["M","$","M","?","M","R","E"],"character_chosen":"THE_BLADEMASTER","items_purchased":[],"campfire_rested":0,"item_purchase_floors":[],"current_hp_per_floor":[63,63,63,63,63,63,30,30],"gold":76,"neow_bonus":"RANDOM_COLORLESS_2","is_daily":false,"chose_seed":false,"campfire_upgraded":1,"win_rate":0.0,"timestamp":1607644936,"path_taken":["M","$","M","?","M","R","E"],"items_purchased_type":[],"build_version":"2020-11-30","purchased_purges":1,"victory":false,"max_hp_per_floor":[75,75,75,75,75,75,75,75],"card_choices":[{"not_picked":["Sadistic Nature","Secret Weapon"],"picked":"Panache","floor":0},{"not_picked":["blademaster:LeechingStrike","blademaster:Sunder"],"picked":"blademaster:DragonStrike","floor":1},{"not_picked":["blademaster:AwakeningDefend","blademaster:Reversal"],"picked":"blademaster:AspectOfLightning","floor":3},{"not_picked":["blademaster:Frontflip","blademaster:Thrust"],"picked":"blademaster:EyeOfTheTornado","floor":5}],"player_experience":701488,"relics_obtained":[],"event_choices":[{"damage_healed":0,"gold_gain":0,"cards_transformed":["blademaster:Strike"],"player_choice":"Change","damage_taken":0,"max_hp_gain":0,"max_hp_loss":0,"event_name":"Living Wall","floor":4,"gold_loss":0,"cards_obtained":["blademaster:UnrelentingWind"]}],"is_beta":false,"boss_relics":[],"items_purged_floors":[2],"is_endless":false,"potions_floor_spawned":[1,5],"killed_by":"Lagavulin","ascension_level":3}}