{"host":"zaewvcigpm0efuvp","time":1607692481,"event":{"mods":["2.2 Compatiblity","AchievementEnabler","Act Like it!","Aspiration","Astrologer","Bard","BaseMod","Beaked The Cultist","Better Altar","Better Match","Better Note","Better Sensory Stone","Better Skull","Better Third Choice","BetterRewards","CCEM","Chen","Clawfect","Colored Map","Conspire","Decade(???)","Dota2Spire","Downfall","Friendly Minions","GifTheSpireLib","Googly Eyes","GungeonMod","Halation","Hallownest","Hermit","Hero for Fun","Highlight Path","HololiveMod","Hubris","Hunter ??","Infinite Spire","Jedi Mod","Jorbs\u0027s Wanderer Trilogy","Koishi","Luminous","Mad Scientist","Marisa????????","Mimic Mod","Minty Spire (QoL Compilation)","Permanent Neow","Prisma Mod","Reimu??????","Remilia_Scarlet Moed?????·?????3.3.5","Replay The Spire","Robot Space Explorer","Shade Mod","Shop Mod","Spicy Shops","StSLib","Stuff the Spire","Td1madao Mod","The Administrix","The Alterego","The Blackbeard","The Bladedancer","The Bug Knight","The Construct","The Cursed","The Disciple","The Dragon Tamer","The Exalted","The Gatherer","The Hayseed","The Hierophant","The IronCluck","The Jungle","The Mystic","The Necromancer","The Poker Player","The Problem Sleuth","The Runesmith","The Senshi","The Servant 0.9.4","The Spell Scribe","The Vixen","The Wild Card","The Witch","TheArtist","TheBandit","TheSwordswoman","Unceasing Turn Reminder","WarShipGirlsR/????R mod","Yuri Mod","Yuyuko","[IsaacMod]????","everything is the same but u backflip on backflip","slay the spire mod where everything is the same but ironclad has a cowboy hat","???????????mod","??????REMEMod"],"gold_per_floor":[87,28,28,49,61,88,88,116,155,155,186,168,168,188,188,317,317,329,343,362,385,385,385,419,419,469,469,469,485,504,527,527,625,625,638,638,691,691,691,736,750,750,776,796,796,814,814,814,876,894,894,1002,1002,1004,1004,957,998,998,1083,1093,1114,1114,1151,1151,1165,1165,1194,1194,1210,1210],"floor_reached":69,"playtime":4707,"items_purged":[],"score":1388,"play_id":"b45ed0b8-e47d-441f-b66a-9adccdec9b5f","local_time":"20201211141441","is_ascension_mode":false,"campfire_choices":[{"data":"Hololive_CallAkiRosenthal","floor":7,"key":"SMITH"},{"data":"Hololive_CallShiranuiFlare","floor":10,"key":"SMITH"},{"data":"Doubt","floor":15,"key":"PURGE"},{"data":"Mayhem","floor":23,"key":"SMITH"},{"data":"infinitespire:FutureSight","floor":25,"key":"SMITH"},{"data":"Hololive_Recruit","floor":27,"key":"SMITH"},{"floor":32,"key":"DIG"},{"data":"Hololive_DDD","floor":42,"key":"SMITH"},{"data":"Hololive_OpenUp","floor":45,"key":"SMITH"},{"data":"Hololive_Thief","floor":51,"key":"SMITH"},{"data":"Apotheosis","floor":64,"key":"SMITH"},{"data":"ReplayTheSpireMod:??????????????????????","floor":66,"key":"SMITH"},{"data":"Hololive_Recruit","floor":68,"key":"SMITH"}],"circlet_count":0,"master_deck":["Hololive_Strike","Hololive_Strike","Hololive_Defend","Hololive_Defend","Hololive_ManjiGathering","Hololive_CallUruhaRushia","Hololive_CallAkaiHaato","Hololive_CallFriendA","Hololive_CallHoushouMarine","Hololive_CallSakuraMiko","Hololive_CallMomosuzuNene+19","Hololive_CallAkiRosenthal+1","Hololive_CallShiranuiFlare+1","Hololive_CallUruhaRushia","Hololive_HuntDinosaur","Hololive_CallArtia","Hololive_CallNatsuiroMatsuri","Hololive_CallShiroganeNoel","Hololive_Breathe","Hololive_CallFriendA","Hololive_AWSL","Mayhem+1","Hololive_LuckPotion","Hololive_AWSL","Hololive_CallRosalyn+1","Hololive_Spy","infinitespire:FutureSight+1","Hololive_CallYuzukiChoco","Hololive_Recruit+1","Hololive_Psychosis+1","Hololive_SoulCatcher+1","Hololive_CallOzoraSubaru","Hololive_DDD+1","Hololive_Thief+1","Hololive_CallUsadaPekora+1","Hololive_Trident+1","Hololive_StrengthChampion+1","Hololive_OpenUp+1","Hololive_CocoNews","Hololive_Breathe+1","Hololive_LuckPotion+1","Hololive_OvertimeWork+1","Hololive_MaximGun","Apotheosis+1","Hololive_BeCareful","Hololive_CallSpadeEcho","ReplayTheSpireMod:??????????????????????+1","Hololive_Sequa","Looming Evil","Hololive_CallCivia","Hololive_StrengthChampion","Hololive_StrengthChampion","Hololive_Recruit+1","Hololive_HuntDinosaur","Hololive_CocoNews"],"relics":["Hololive_TheStar","HushsDoor","REME_ComplimentaryCards","Mastiff:ReiMu","PreservedInsect","halation:PinkSoulGem","infinitespire:Satchel","Dota2Spire:BladeMail","Replay:Fungal Core","jedi:gremlinknob","aspiration:HummingbirdHeart","Dota2Spire:Butterfly","infinitespire:WardingShard","halation:MonkeysPaw","CatCart","halation:SwordOfLegend","PokeGo","hubris:EvacipatedBox","hubris:FruitBowl","Orichalcum","halation:LettersToHer","hubris:Reverence","Philosopher\u0027s Stone","REME_ArchaeologicalTools","betterThird:SlimedRelic","Ring of Searing","ReplayTheSpireMod:Ring of Challenge","RuthlessExorcism:ReiMu","Dota2Spire:Dagon","Centennial Puzzle","HollowMod:StagPassRelic"],"acts_visited":["Exordium","TheCity","TheBeyond","Exordium"],"potions_floor_usage":[14,16,16,16,69,69,69],"damage_taken":[{"damage":0,"enemies":"Small Slimes","floor":1,"turns":3},{"damage":3,"enemies":"2 Louse","floor":4,"turns":3},{"damage":0,"enemies":"Cultist","floor":5,"turns":2},{"damage":0,"enemies":"Gremlin Nob","floor":6,"turns":3},{"damage":0,"enemies":"Large Slime","floor":8,"turns":6},{"damage":0,"enemies":"2 Fungi Beasts","floor":9,"turns":6},{"damage":0,"enemies":"2 Fungi Beasts","floor":11,"turns":5},{"damage":0,"enemies":"Exordium Thugs","floor":12,"turns":4},{"damage":0,"enemies":"Gremlin Gang","floor":14,"turns":4},{"damage":0,"enemies":"The Guardian","floor":16,"turns":7},{"damage":0,"enemies":"Shell Parasite","floor":18,"turns":4},{"damage":0,"enemies":"Chosen","floor":19,"turns":5},{"damage":0,"enemies":"Centurion and Healer","floor":20,"turns":5},{"damage":0,"enemies":"Snake Plant","floor":21,"turns":3},{"damage":0,"enemies":"Nightmare","floor":24,"turns":5},{"damage":0,"enemies":"Shelled Parasite and Fungi","floor":26,"turns":4},{"damage":0,"enemies":"Shelled Parasite and Fungi","floor":29,"turns":4},{"damage":0,"enemies":"Chosen and Byrds","floor":30,"turns":4},{"damage":0,"enemies":"Sentry and Sphere","floor":31,"turns":4},{"damage":0,"enemies":"Champ","floor":33,"turns":6},{"damage":0,"enemies":"3 Darklings","floor":35,"turns":5},{"damage":0,"enemies":"Orin","floor":37,"turns":7},{"damage":0,"enemies":"Nightmare","floor":40,"turns":4},{"damage":0,"enemies":"Orb Walker","floor":41,"turns":3},{"damage":0,"enemies":"3 Darklings","floor":44,"turns":4},{"damage":0,"enemies":"Spire Growth","floor":46,"turns":4},{"damage":0,"enemies":"Reptomancer","floor":49,"turns":5},{"damage":0,"enemies":"Jaw Worm Horde","floor":50,"turns":4},{"damage":0,"enemies":"conspire:OrnateMirror","floor":52,"turns":7},{"damage":0,"enemies":"Jaw Worm","floor":54,"turns":1},{"damage":0,"enemies":"Cultist","floor":57,"turns":1},{"damage":5,"enemies":"Nightmare","floor":59,"turns":4},{"damage":0,"enemies":"2 Louse","floor":60,"turns":1},{"damage":0,"enemies":"Exordium Thugs","floor":61,"turns":1},{"damage":0,"enemies":"3 Sentries","floor":63,"turns":2},{"damage":0,"enemies":"Red Slaver","floor":65,"turns":1},{"damage":0,"enemies":"Gremlin Nob","floor":67,"turns":2},{"damage":189,"enemies":"Delirium","floor":69,"turns":10}],"seed_played":"1992255935543455213","potions_obtained":[{"floor":1,"key":"Explosive Potion"},{"floor":5,"key":"sneckomod:MuddlingPotion"},{"floor":12,"key":"DemoMod:BlankPotion"},{"floor":14,"key":"jedi:tentaclejuice"},{"floor":16,"key":"Explosive Potion"},{"floor":18,"key":"Weak Potion"},{"floor":21,"key":"LifebloodPotion"},{"floor":24,"key":"FearPotion"}],"is_trial":false,"path_per_floor":["M","$","?","M","M","E","R","M","MIM","R","M","M","?","M","R_BF","B",null,"M","M","M","M","AVR","R","NM","R","MIM","R","T","M","M","M","R_BF","B",null,"M","?","?","AVR","$","NM","M","R","T","M","R","M","PTL","PTL","E","M","R","B",null,"M","AVR","?","M","?","NM","M","M","T","E","R","M","R","E","R","B"],"character_chosen":"Hololive_HololiveCharacter","items_purchased":["PreservedInsect","Mayhem","Hololive_Thief","hubris:EvacipatedBox","hubris:FruitBowl","Apotheosis","Hololive_BeCareful"],"campfire_rested":0,"item_purchase_floors":[2,17,34,39,39,53,53],"current_hp_per_floor":[35,35,35,32,32,32,32,32,32,32,32,32,29,29,29,29,31,32,33,35,37,37,37,39,39,41,41,41,43,45,47,47,49,45,47,47,49,49,11,13,15,21,21,23,26,28,28,28,50,52,58,60,50,52,52,41,43,43,40,42,44,44,46,62,64,64,66,66,0,0],"gold":1210,"neow_bonus":"RANDOM_COMMON_RELIC","is_daily":false,"chose_seed":false,"campfire_upgraded":11,"win_rate":0.0,"timestamp":1607692481,"path_taken":["M","$","?","M","?","E","R","M","MIM","R","M","M","?","?","R_BF","BOSS","M","?","M","M","AVR","R","NM","R","MIM","R","?","?","M","M","R_BF","BOSS","M","?","?","AVR","?","NM","M","R","T","M","R","M","PTL","PTL","E","?","R","BOSS","M","AVR","?","M","?","NM","M","?","T","E","R","M","R","E","R","BOSS"],"items_purchased_type":["Relic","Card","Card","Relic","Relic","Card","Card"],"build_version":"2020-11-30","purchased_purges":0,"victory":false,"max_hp_per_floor":[35,35,35,35,35,35,35,35,35,35,35,35,35,35,35,35,31,32,33,35,37,37,37,39,39,41,41,41,43,45,47,47,49,45,47,47,49,49,49,51,53,53,53,55,55,57,57,57,59,61,61,63,50,52,52,52,54,54,56,58,60,60,62,62,64,64,66,66,68,68],"card_choices":[{"not_picked":[],"picked":"Bomb","floor":0},{"not_picked":["Hololive_Breathe","Hololive_LuckPotion","Hololive_WolfAndLamb"],"picked":"Hololive_CallAkiRosenthal","floor":1},{"not_picked":["Hololive_CocoNews","Hololive_Rebound","Hololive_CallAiraniIofifteen"],"picked":"Hololive_CallShiranuiFlare","floor":4},{"not_picked":["Hololive_WolfAndLamb","Hololive_CallAkiRosenthal","Hololive_Rebound"],"picked":"Hololive_CallUruhaRushia","floor":5},{"not_picked":["Hololive_Sequa","Bomb","Hololive_OvertimeWork"],"picked":"Hololive_HuntDinosaur","floor":6},{"not_picked":["Hololive_ILoveYou","Hololive_Sequa","Hololive_Yoholoon"],"picked":"Hololive_CallArtia","floor":8},{"not_picked":["Hololive_CallHoushouMarine","Hololive_CocoNews","Hololive_CallTokinoSora"],"picked":"Hololive_CallNatsuiroMatsuri","floor":9},{"not_picked":["Hololive_Drill","Hololive_Psychosis","Hololive_CallTokinoSora"],"picked":"Hololive_CallShiroganeNoel","floor":11},{"not_picked":["Hololive_CocoNews","Hololive_StrengthChampion","Hololive_LuckPotion"],"picked":"Hololive_Breathe","floor":12},{"not_picked":["Hololive_HuntDinosaur","Hololive_Teleport","Hololive_Rebound"],"picked":"Hololive_CallFriendA","floor":14},{"not_picked":["Hololive_Rebirth","Hololive_OpenUp","Hololive_ScarfAndHalo"],"picked":"Hololive_AWSL","floor":16},{"not_picked":["Hololive_Drill","Hololive_OvertimeWork","Hololive_CallOzoraSubaru+1"],"picked":"Hololive_LuckPotion","floor":18},{"not_picked":["Hololive_DevilCharm","Hololive_RevenueBasedLive","Hololive_CallTokinoSora"],"picked":"Hololive_AWSL","floor":19},{"not_picked":["Hololive_RevenueBasedLive","Hololive_Sequa","Hololive_StrengthChampion"],"picked":"Hololive_CallRosalyn+1","floor":20},{"not_picked":["Hololive_CallHimemoriLuna","Hololive_Trident","Hololive_Sequa"],"picked":"Hololive_Spy","floor":21},{"not_picked":["Hololive_CandyCastle","Hololive_Drill","Hololive_FlyingPonyTail+1"],"picked":"Hololive_CallYuzukiChoco","floor":24},{"not_picked":["Hololive_LuckPotion","Hololive_Rebound","Hololive_Drill"],"picked":"Hololive_Recruit","floor":26},{"not_picked":["Hololive_CallAZKi","Hololive_CallShirakamiFubuki+1","Hololive_Drill"],"picked":"Hololive_Psychosis+1","floor":29},{"not_picked":["Hololive_CallRosalyn","Hololive_ManjiGathering","Hololive_Psychosis"],"picked":"Hololive_SoulCatcher+1","floor":30},{"not_picked":["Hololive_CallYukihanaLamy","Hololive_Trident+1","Hololive_OpenUp"],"picked":"Hololive_CallOzoraSubaru","floor":31},{"not_picked":["Hololive_FlareMind","Hololive_ASMR","Hololive_Thief"],"picked":"Hololive_DDD","floor":33},{"not_picked":["Hololive_Watashimo+1","Hololive_Psychosis+1","Hololive_LuckPotion"],"picked":"Hololive_CallUsadaPekora+1","floor":35},{"not_picked":["Hololive_CallOmaruPolka+1","Hololive_CallAmaneKanata","Hololive_CallMomosuzuNene"],"picked":"Hololive_Trident+1","floor":37},{"not_picked":["Hololive_CallAiraniIofifteen+1","Hololive_ILoveYou+1","Hololive_CallNatsuiroMatsuri+1"],"picked":"Hololive_StrengthChampion+1","floor":40},{"not_picked":["Hololive_CallNatsuiroMatsuri","Hololive_StrengthChampion","Hololive_CallMoonaHoshinova+1"],"picked":"Hololive_OpenUp","floor":41},{"not_picked":["Hololive_HuntDinosaur+1","Hololive_CallTokinoSora+1","Hololive_CallCivia+1"],"picked":"Hololive_CocoNews","floor":44},{"not_picked":["Hololive_HuntDinosaur+1","Hololive_CallHoshimachiSuisei+1","Hololive_CallHimemoriLuna+1"],"picked":"Hololive_Breathe+1","floor":46},{"not_picked":["Hololive_CallAkiRosenthal+1","Hololive_FlyingPonyTail","Hololive_Breathe+1"],"picked":"Hololive_LuckPotion+1","floor":49},{"not_picked":["Hololive_CallAmaneKanata","Hololive_Sequa+1","Hololive_CallOmaruPolka+1"],"picked":"Hololive_OvertimeWork+1","floor":50},{"not_picked":["Hololive_WolfAndLamb","Hololive_DurableLive","Hololive_Thief"],"picked":"Hololive_MaximGun","floor":52},{"not_picked":["Hololive_Sequa","Hololive_OvertimeWork","Hololive_CallSakuraMiko"],"picked":"Hololive_CallSpadeEcho","floor":54},{"not_picked":["Hololive_Breathe","Hololive_Drill","Hololive_Watashimo"],"picked":"Hololive_Sequa","floor":57},{"not_picked":["Hololive_FlyingPonyTail","Hololive_CallHoushouMarine","Hololive_Breathe"],"picked":"Hololive_CallCivia","floor":59},{"not_picked":["Hololive_ManjiGathering","Hololive_OvertimeWork","Hololive_CallHoushouMarine"],"picked":"Hololive_StrengthChampion","floor":60},{"not_picked":["Hololive_HuntDinosaur","Hololive_Sequa","Hololive_LuckPotion"],"picked":"Hololive_StrengthChampion","floor":61},{"not_picked":["Hololive_Breathe","Hololive_FlyingPonyTail","Hololive_CallMomosuzuNene"],"picked":"Hololive_Recruit","floor":63},{"not_picked":["Hololive_CallShiroganeNoel","Hololive_StrengthChampion","Hololive_Yoholoon"],"picked":"Hololive_HuntDinosaur","floor":65},{"not_picked":["Hololive_CallNekomataOkayu","Hololive_CallArtia","Hololive_StrengthChampion"],"picked":"Hololive_CocoNews","floor":67}],"player_experience":12196,"relics_obtained":[{"floor":6,"key":"infinitespire:Satchel"},{"floor":9,"key":"Dota2Spire:BladeMail"},{"floor":24,"key":"jedi:gremlinknob"},{"floor":26,"key":"aspiration:HummingbirdHeart"},{"floor":28,"key":"Dota2Spire:Butterfly"},{"floor":32,"key":"infinitespire:WardingShard"},{"floor":37,"key":"CatCart"},{"floor":40,"key":"Orichalcum"},{"floor":43,"key":"halation:LettersToHer"},{"floor":49,"key":"hubris:Reverence"},{"floor":58,"key":"Ring of Searing"},{"floor":58,"key":"ReplayTheSpireMod:Ring of Challenge"},{"floor":59,"key":"RuthlessExorcism:ReiMu"},{"floor":62,"key":"Dota2Spire:Dagon"},{"floor":62,"key":"halation:LettersToHer"},{"floor":63,"key":"Centennial Puzzle"},{"floor":67,"key":"HollowMod:StagPassRelic"}],"event_choices":[{"damage_healed":0,"gold_gain":0,"player_choice":"Damaged","damage_taken":3,"max_hp_gain":0,"max_hp_loss":0,"event_name":"Wheel of Change","floor":13,"gold_loss":0},{"damage_healed":0,"gold_gain":0,"player_choice":"Fight","damage_taken":0,"max_hp_gain":0,"max_hp_loss":0,"event_name":"OrinTheCat","floor":37,"gold_loss":0},{"damage_healed":0,"gold_gain":0,"player_choice":"Slimed","damage_taken":11,"max_hp_gain":0,"max_hp_loss":0,"event_name":"betterThird:BetterGoop","floor":56,"gold_loss":47}],"is_beta":false,"boss_relics":[{"not_picked":["Bromod:ArcaneGrace","Replay:Drink Me"],"picked":"Replay:Fungal Core"},{"not_picked":[]},{"not_picked":["jedi:hotpepper","Kintsugi"],"picked":"halation:MonkeysPaw"},{"not_picked":[]},{"not_picked":["Tiny House","Coffee Dripper","conspire:RunicOctahedron"],"picked":"Philosopher\u0027s Stone"},{"not_picked":[]}],"items_purged_floors":[],"is_endless":true,"potions_floor_spawned":[1,5,12,14,16,18,21,24,30,33,35,40,44,49,50,54,61,65],"killed_by":"Delirium","ascension_level":0}}