{"host":"sabve5zmqufxyc5o","time":1607647708,"event":{"mods":["2.2 Compatiblity","AchievementEnabler","Act Like it!","BaseMod","Block Reminder","Colored Map","Colored Powertips","DeckTracker","KOR Keyword Fix","Keyboard Shortcuts","Minty Spire (QoL Compilation)","Quick Restart","Rare Cards Sparkle","Relic Stats","StSLib","SuperFastMode"],"gold_per_floor":[110,130,140,157,175,175,192,224,224,239,257,257,73,84,84,162,162,175,190,203,203,203,203],"floor_reached":22,"playtime":449,"items_purged":["Strike_B"],"score":394,"play_id":"dedac173-ee08-4249-8dc3-b60b8d94638b","local_time":"20201211094828","is_ascension_mode":true,"campfire_choices":[{"data":"Defragment","floor":6.0,"key":"SMITH"},{"data":"Defragment","floor":15,"key":"SMITH"}],"circlet_count":0,"master_deck":["AscendersBane","Strike_B","Strike_B","Strike_B","Defend_B","Defend_B","Defend_B","Defend_B","Zap","Dualcast","Self Repair","Ball Lightning","Genetic Algorithm","Defragment+1","Ball Lightning","Cold Snap","Cold Snap","Cold Snap","Defragment+1","Turbo","Beam Cell","Defragment+1","Seek","Turbo","Cold Snap"],"relics":["Cracked Core","NeowsBlessing","Dream Catcher","Thread and Needle","Runic Pyramid"],"acts_visited":["Exordium","TheCity"],"potions_floor_usage":[8,8],"damage_taken":[{"damage":0.0,"enemies":"Cultist","floor":1.0,"turns":1.0},{"damage":0.0,"enemies":"Small Slimes","floor":2.0,"turns":1.0},{"damage":0.0,"enemies":"2 Louse","floor":3.0,"turns":1.0},{"damage":15.0,"enemies":"Large Slime","floor":4.0,"turns":5.0},{"damage":15.0,"enemies":"3 Louse","floor":5.0,"turns":4.0},{"damage":7.0,"enemies":"Looter","floor":7.0,"turns":3.0},{"damage":29,"enemies":"Lagavulin","floor":8,"turns":6},{"damage":0,"enemies":"2 Fungi Beasts","floor":10,"turns":4},{"damage":2,"enemies":"Blue Slaver","floor":11,"turns":3},{"damage":0,"enemies":"Looter","floor":14,"turns":3},{"damage":22,"enemies":"The Guardian","floor":16,"turns":10},{"damage":36,"enemies":"2 Thieves","floor":18,"turns":4},{"damage":15,"enemies":"Shell Parasite","floor":19,"turns":5},{"damage":18,"enemies":"Snake Plant","floor":20,"turns":4},{"damage":22,"enemies":"Cultist and Chosen","floor":22,"turns":5}],"seed_played":"-2513114298915155337","potions_obtained":[{"floor":1.0,"key":"FearPotion"},{"floor":2.0,"key":"BlessingOfTheForge"},{"floor":3.0,"key":"Regen Potion"},{"floor":5.0,"key":"Fire Potion"},{"floor":14,"key":"CultistPotion"},{"floor":18,"key":"PotionOfCapacity"}],"is_trial":false,"path_per_floor":["M","M","M","M","M","R","M","E","T","M","M","?","$","M","R","B",null,"M","M","M","?","M"],"character_chosen":"DEFECT","items_purchased":["Turbo","Beam Cell"],"campfire_rested":0,"item_purchase_floors":[13,13],"current_hp_per_floor":[64,64,64,68,60,60,60,38,38,45,43,43,43,50,50,35,62,33,25,14,14,0,0],"gold":203,"neow_bonus":"THREE_ENEMY_KILL","is_daily":false,"chose_seed":false,"campfire_upgraded":2,"win_rate":0.0,"timestamp":1607647708,"path_taken":["M","?","?","?","M","R","M","E","T","M","M","?","$","M","R","BOSS","M","M","M","?","M"],"items_purchased_type":["Card","Card"],"build_version":"2020-11-30","purchased_purges":1,"victory":false,"max_hp_per_floor":[71,71,71,71,71,71,71,71,71,71,71,71,71,71,71,71,71,71,71,71,71,71,71],"relic_stats":{"Dream Catcher":0,"counters":[15,59],"obtain_stats":[{"Dream Catcher":8,"NeowsBlessing":0,"Thread and Needle":9,"Cracked Core":0,"Runic Pyramid":17},{"Dream Catcher":7,"NeowsBlessing":0,"Thread and Needle":7,"Cracked Core":0,"Runic Pyramid":11},{"Dream Catcher":21,"NeowsBlessing":0,"Thread and Needle":21,"Cracked Core":0,"Runic Pyramid":41}]},"card_choices":[{"not_picked":["Fusion","Steam Power"],"picked":"Self Repair","floor":1.0},{"not_picked":["Redo","Skim"],"picked":"Ball Lightning","floor":2.0},{"not_picked":["Lockon","Cold Snap"],"picked":"Genetic Algorithm","floor":3.0},{"not_picked":["Compile Driver","Double Energy"],"picked":"Defragment","floor":4.0},{"not_picked":["Darkness","Creative AI"],"picked":"Ball Lightning","floor":5.0},{"not_picked":["Go for the Eyes","Sweeping Beam"],"picked":"Cold Snap","floor":7.0},{"not_picked":["Steam","Fusion"],"picked":"Cold Snap","floor":8},{"not_picked":["Double Energy","Hologram","Sweeping Beam"],"picked":"SKIP","floor":10},{"not_picked":["Ball Lightning","Redo"],"picked":"Cold Snap","floor":11},{"not_picked":["Steam","Beam Cell"],"picked":"Defragment","floor":14},{"not_picked":["Buffer","Biased Cognition"],"picked":"Seek","floor":16},{"not_picked":["Static Discharge","Loop"],"picked":"Turbo","floor":18},{"not_picked":["Reprogram","Heatsinks","Redo"],"picked":"SKIP","floor":19},{"not_picked":["Steam","Ball Lightning"],"picked":"Cold Snap","floor":20}],"player_experience":750001,"relics_obtained":[{"floor":8,"key":"Dream Catcher"},{"floor":9,"key":"Thread and Needle"}],"event_choices":[{"damage_healed":0,"gold_gain":0,"player_choice":"1 cards matched","damage_taken":0,"max_hp_gain":0,"max_hp_loss":0,"event_name":"Match and Keep!","floor":12,"gold_loss":0,"cards_obtained":["Defragment"]},{"damage_healed":0,"gold_gain":0,"player_choice":"Forge","damage_taken":0,"max_hp_gain":0,"max_hp_loss":0,"event_name":"Accursed Blacksmith","floor":21,"gold_loss":0,"cards_upgraded":["Defragment"]}],"is_beta":false,"boss_relics":[{"not_picked":["Tiny House","Ectoplasm"],"picked":"Runic Pyramid"}],"items_purged_floors":[13],"is_endless":false,"potions_floor_spawned":[1,2,3,5,14,18,19],"killed_by":"Cultist and Chosen","ascension_level":18}}