{"host":"59ckh7bj2z84pzgo","time":1607656324,"event":{"mods":["BaseMod","Better Vampires","Marked Mod","Minty Spire (QoL Compilation)","Replay The Spire","Spicy Shops","StSLib","TestMod","¡¾ÒÅÎï¿¨ÅÆ¡¿REMEMod"],"gold_per_floor":[16,35,85,104,104,104,121,121,121],"floor_reached":8,"playtime":548,"items_purged":[],"score":96,"play_id":"e754c24f-e9d1-4b64-b0d7-5b53a25665b7","local_time":"20201211111204","is_ascension_mode":true,"campfire_choices":[{"data":"Shrug It Off","floor":6.0,"key":"SMITH"}],"circlet_count":0,"master_deck":["AscendersBane","Strike_R","Strike_R","Strike_R","Strike_R","Strike_R","Defend_R","Defend_R","Defend_R","Defend_R","Bash","ReplayTheSpireMod:Necrogeddon","REME_SingleHolding","True Grit","Shame","Shrug It Off+1","Pain","Armaments"],"relics":["Burning Blood","REME_ComplimentaryCards","testmod-TestBox","testmod-CardMagician","Bird Faced Urn","Ring of Greed","ReplayTheSpireMod:Ring of Exchange","The Courier","Membership Card"],"acts_visited":["Exordium"],"potions_floor_usage":[],"damage_taken":[{"damage":7.0,"enemies":"2 Louse","floor":1.0,"turns":2.0},{"damage":7.0,"enemies":"Jaw Worm","floor":2.0,"turns":2.0},{"damage":5.0,"enemies":"Small Slimes","floor":4.0,"turns":3.0},{"damage":28,"enemies":"Exordium Thugs","floor":7,"turns":7},{"damage":23,"enemies":"Gremlin Nob","floor":8,"turns":4}],"seed_played":"-3721035600274602083","potions_obtained":[],"is_trial":false,"path_per_floor":["M","M","?","M","T","R","M","E"],"character_chosen":"IRONCLAD","items_purchased":[],"campfire_rested":0,"item_purchase_floors":[],"current_hp_per_floor":[67,66,66,67,67,67,45,22,22],"gold":121,"neow_bonus":"ONE_RARE_RELIC","is_daily":false,"chose_seed":false,"campfire_upgraded":1,"win_rate":0.0,"timestamp":1607656324,"path_taken":["M","M","?","M","?","R","M","E"],"items_purchased_type":[],"build_version":"2020-11-30","purchased_purges":0,"victory":false,"max_hp_per_floor":[75,75,75,75,75,75,75,75,75],"card_choices":[{"not_picked":["Flex","Replay:Undeath\u0027s Touch"],"picked":"REME_SingleHolding","floor":1.0},{"not_picked":["Body Slam","Cleave"],"picked":"True Grit","floor":2.0},{"not_picked":["Rampage","Thunderclap"],"picked":"Shrug It Off","floor":4.0},{"not_picked":["Clothesline","Anger"],"picked":"Armaments","floor":7}],"player_experience":114766,"relics_obtained":[{"floor":3.0,"key":"Ring of Greed"},{"floor":3.0,"key":"ReplayTheSpireMod:Ring of Exchange"},{"floor":3.0,"key":"The Courier"},{"floor":3.0,"key":"Membership Card"}],"event_choices":[],"is_beta":false,"boss_relics":[],"items_purged_floors":[],"is_endless":false,"potions_floor_spawned":[],"killed_by":"Gremlin Nob","ascension_level":20}}