{"host":"w6ebodudjlk2jwu4","time":1607729862,"event":{"mods":["Act Like it!","Bard","BaseMod","Beaked The Cultist","Colored Map","Glutton Mod","Hermit","Highlight Path","Infinite Spire","Jorbs\u0027s Wanderer Trilogy","Mad Scientist","Marisa????????","Minty Spire (QoL Compilation)","Relic Stats","Replay The Spire","StSLib","The Blue Laboratory","The Bug Knight","The Construct","The Cursed","The Mystic","The Servant 0.9.4","The Witch","Wandering Minibosses"],"gold_per_floor":[211,221,62,77,77,77,90,90,115,115,143,143,160,160,160,255,255,271,37,57,107,125,140,140,152,176,187,187,187,206,234,234,333,333,352,452,504,525,75,75,91,91,91,91,156,183,36,0,0,2],"floor_reached":51,"playtime":7449,"items_purged":["Strike_B","Strike_B","Spreading Infection"],"score":672,"play_id":"538373b7-84f7-4a31-9b46-051b8d050825","local_time":"20201211153742","is_ascension_mode":false,"campfire_choices":[{"data":"Zap","floor":6.0,"key":"SMITH"},{"data":"Gash","floor":8.0,"key":"SMITH"},{"data":"Leap","floor":15.0,"key":"SMITH"},{"data":"Hologram","floor":24.0,"key":"SMITH"},{"data":"ReplayTheSpireMod:Chaos Vortex","floor":29.0,"key":"SMITH"},{"data":"Double Energy","floor":29.0,"key":"SMITH"},{"data":"Leap","floor":32.0,"key":"SMITH"},{"data":"ReplayTheSpireMod:Calculation Training","floor":32.0,"key":"SMITH"},{"data":"Seek","floor":40.0,"key":"SMITH"},{"data":"wanderingMiniBosses:FinaleOfPromise","floor":40.0,"key":"SMITH"},{"data":"Self Repair","floor":42.0,"key":"SMITH"},{"data":"infinitespire:Starlight","floor":42.0,"key":"SMITH"},{"data":"Electrodynamics","floor":44.0,"key":"SMITH"},{"data":"Streamline","floor":44.0,"key":"SMITH"},{"floor":49,"key":"RECALL"}],"circlet_count":0,"master_deck":["Strike_B","Defend_B","Defend_B","Defend_B","Defend_B","Zap+1","Dualcast","Scrape","Sweeping Beam","Cold Snap+1","Ball Lightning","Gash+1","Cold Snap","Leap+1","Leap+1","Electrodynamics+1","Compile Driver+1","Hologram+1","Stack+1","Double Energy+1","FIFO Queue+1","ReplayTheSpireMod:Calculation Training+1","Gash","Lockon+1","ReplayTheSpireMod:Chaos Vortex+1","Streamline+1","Self Repair+1","Seek+1","Leap+1","infinitespire:Starlight+1","wanderingMiniBosses:FinaleOfPromise+1","Coolheaded+1","Dark Shackles","Steam+1","ReplaySolidLightProjector"],"relics":["Cracked Core","Replay:Antivirus Software","Toy Ornithopter","Counterbalance","SsserpentHead","Runic Pyramid","ReplayTheSpireMod:TigerMarble","Replay:Arrowhead","Blood Vial","Philosopher\u0027s Stone","Ring of Hypnosis","Ring of Greed","Replay:Wax Seal","infinitespire:Midas Blood","wanderingMiniBosses:Blackblade","Incense Burner","White Beast Statue","infinitespire:CheckeredPen","PreservedInsect","Red Mask"],"acts_visited":["Exordium","TheCity","TheBeyond"],"potions_floor_usage":[50],"damage_taken":[{"damage":11.0,"enemies":"Jaw Worm","floor":1.0,"turns":4.0},{"damage":2.0,"enemies":"Small Slimes","floor":2.0,"turns":4.0},{"damage":5.0,"enemies":"Cultist","floor":4.0,"turns":7.0},{"damage":0.0,"enemies":"Looter","floor":7.0,"turns":3.0},{"damage":18.0,"enemies":"Replay:BlueRogue","floor":11.0,"turns":4.0},{"damage":6.0,"enemies":"Exordium Wildlife","floor":13.0,"turns":4.0},{"damage":0.0,"enemies":"Hexaghost","floor":16.0,"turns":10.0},{"damage":5.0,"enemies":"Spheric Guardian","floor":18.0,"turns":4.0},{"damage":5.0,"enemies":"Chosen","floor":20.0,"turns":4.0},{"damage":10.0,"enemies":"Snake Plant","floor":22.0,"turns":4.0},{"damage":0.0,"enemies":"Snecko","floor":23.0,"turns":6.0},{"damage":28.0,"enemies":"Chosen and Byrds","floor":25.0,"turns":7.0},{"damage":5.0,"enemies":"Sentry and Sphere","floor":27.0,"turns":6.0},{"damage":25.0,"enemies":"Centurion and Healer","floor":30.0,"turns":7.0},{"damage":13.0,"enemies":"Replay:Snechameleon","floor":31.0,"turns":5.0},{"damage":0.0,"enemies":"Champ","floor":33.0,"turns":12.0},{"damage":20.0,"enemies":"Orb Walker","floor":35.0,"turns":6.0},{"damage":17.0,"enemies":"3 Darklings","floor":38.0,"turns":6.0},{"damage":7.0,"enemies":"Sphere and 2 Shapes","floor":41.0,"turns":6.0},{"damage":18.0,"enemies":"Jaw Worm Horde","floor":45.0,"turns":5.0},{"damage":0.0,"enemies":"Nemesis","floor":46.0,"turns":5.0},{"damage":6,"enemies":"Replay:Hell Engine","floor":50,"turns":17}],"seed_played":"7574208785446155058","potions_obtained":[{"floor":1.0,"key":"FairyPotion"},{"floor":4.0,"key":"Flashbang"},{"floor":7.0,"key":"SneckoOil"},{"floor":13.0,"key":"blueLaboratory:BubblePotion"},{"floor":22.0,"key":"SpeedPotion"},{"floor":23.0,"key":"Reflective Coating"},{"floor":30.0,"key":"EssenceOfSteel"},{"floor":33.0,"key":"Swift Potion"},{"floor":41.0,"key":"blueLaboratory:CreativityPotion"},{"floor":45.0,"key":"SteroidPotion"},{"floor":46.0,"key":"ColorlessPotion"}],"is_trial":false,"path_per_floor":["M","M","$","M","?","R","M","R","T","?","E","?","M","?","R","B",null,"M","$","M","?","M","M","R","M","T","M","AVR","R","M","E","R","B",null,"M","?","?","M","$","R","M","R","T","R","M","E","$","?","R","B",null],"character_chosen":"DEFECT","items_purchased":["Cold Snap+1","Ball Lightning","ReplayTheSpireMod:TigerMarble","Hologram","Stack+1","Incense Burner","Dark Shackles","PreservedInsect"],"campfire_rested":0,"item_purchase_floors":[3,3,19,19,19,39,39,47],"current_hp_per_floor":[64,62,62,57,50,50,50,50,50,50,32,25,19,19,19,24,75,70,70,65,65,55,55,55,36,36,31,31,31,11,40,40,54,75,69,69,51,53,53,53,72,72,72,72,75,75,75,75,75,75],"gold":2,"neow_bonus":"HUNDRED_GOLD","is_daily":false,"chose_seed":false,"campfire_upgraded":14,"win_rate":0.0,"timestamp":1607729862,"path_taken":["M","M","$","M","?","R","M","R","T","?","E","?","?","?","R","BOSS","M","$","M","?","M","M","R","M","T","M","AVR","R","M","E","R","BOSS","M","?","?","M","?","R","M","R","T","R","?","E","$","?","R","BOSS"],"items_purchased_type":["Card","Card","Relic","Card","Card","Relic","Card","Relic"],"build_version":"2020-11-30","purchased_purges":3,"victory":true,"max_hp_per_floor":[75,75,75,75,75,75,75,75,75,75,75,75,75,75,75,75,75,75,75,75,75,75,75,75,75,75,75,75,75,75,75,75,75,75,75,75,75,75,75,75,75,75,75,75,75,75,75,75,75,75],"relic_stats":{"Blood Vial":8,"SsserpentHead":300,"counters":[22,136],"PreservedInsect":0,"obtain_stats":[{"Ring of Hypnosis":36,"Counterbalance":12,"PreservedInsect":47,"Incense Burner":39,"Ring of Greed":36,"infinitespire:CheckeredPen":46,"Replay:Arrowhead":28,"White Beast Statue":43,"Blood Vial":31,"SsserpentHead":14,"wanderingMiniBosses:Blackblade":38,"Philosopher\u0027s Stone":34,"ReplayTheSpireMod:TigerMarble":19,"Red Mask":48,"Replay:Antivirus Software":9,"Replay:Wax Seal":36,"Cracked Core":0,"Toy Ornithopter":11,"Runic Pyramid":17,"infinitespire:Midas Blood":36},{"Ring of Hypnosis":17,"Counterbalance":5,"PreservedInsect":21,"Incense Burner":18,"Ring of Greed":17,"infinitespire:CheckeredPen":21,"Replay:Arrowhead":13,"White Beast Statue":19,"Blood Vial":15,"SsserpentHead":6,"wanderingMiniBosses:Blackblade":18,"Philosopher\u0027s Stone":16,"ReplayTheSpireMod:TigerMarble":8,"Red Mask":21,"Replay:Antivirus Software":4,"Replay:Wax Seal":17,"Cracked Core":0,"Toy Ornithopter":5,"Runic Pyramid":7,"infinitespire:Midas Blood":17},{"Ring of Hypnosis":97,"Counterbalance":22,"PreservedInsect":119,"Incense Burner":103,"Ring of Greed":97,"infinitespire:CheckeredPen":119,"Replay:Arrowhead":67,"White Beast Statue":109,"Blood Vial":79,"SsserpentHead":26,"wanderingMiniBosses:Blackblade":103,"Philosopher\u0027s Stone":91,"ReplayTheSpireMod:TigerMarble":40,"Red Mask":119,"Replay:Antivirus Software":18,"Replay:Wax Seal":97,"Cracked Core":0,"Toy Ornithopter":22,"Runic Pyramid":36,"infinitespire:Midas Blood":97}],"Toy Ornithopter":25},"card_choices":[{"not_picked":["Coolheaded","Panic Button"],"picked":"Scrape","floor":1.0},{"not_picked":["Hello World","Chaos"],"picked":"Sweeping Beam","floor":2.0},{"not_picked":["Cold Snap","Streamline"],"picked":"Gash","floor":4.0},{"not_picked":["Reprogram","Ball Lightning"],"picked":"Cold Snap","floor":7.0},{"not_picked":["Stack","BasicCrystalCard"],"picked":"Leap","floor":11.0},{"not_picked":["Barrage","Ball Lightning"],"picked":"Leap","floor":13.0},{"not_picked":["Multi-Cast","Creative AI"],"picked":"Electrodynamics","floor":16.0},{"not_picked":["Steam","Ball Lightning+1"],"picked":"Compile Driver+1","floor":18.0},{"not_picked":["Rip and Tear","Compile Driver"],"picked":"Double Energy","floor":20.0},{"not_picked":["Hologram","Barrage"],"picked":"FIFO Queue+1","floor":22.0},{"not_picked":["Steam+1","FTL"],"picked":"ReplayTheSpireMod:Calculation Training","floor":23.0},{"not_picked":["Redo+1","Tempest+1"],"picked":"Gash","floor":25.0},{"not_picked":["Heatsinks","Fusion"],"picked":"Lockon+1","floor":27.0},{"not_picked":["FTL","Double Energy"],"picked":"Streamline","floor":30.0},{"not_picked":["Gash+1","Reboot"],"picked":"Self Repair","floor":31.0},{"not_picked":["ReplayRNGCard","Amplify"],"picked":"Seek","floor":33.0},{"not_picked":["Gash+1","ReplayTheSpireMod:System Scan"],"picked":"Leap+1","floor":35.0},{"not_picked":["Replay:Fractal Strike","infinitespire:SealOfDarkness+"],"picked":"infinitespire:Starlight","floor":37.0},{"not_picked":[],"picked":"wanderingMiniBosses:FinaleOfPromise","floor":38.0},{"not_picked":["Loop+1","FTL"],"picked":"Coolheaded+1","floor":38.0},{"not_picked":["Force Field","Panic Button"],"picked":"Steam+1","floor":41.0},{"not_picked":["ReplaySort+1","Storm+1","Ball Lightning"],"picked":"SKIP","floor":45.0},{"not_picked":["BasicCrystalCard","Multi-Cast"],"picked":"ReplaySolidLightProjector","floor":46.0}],"player_experience":49281,"relics_obtained":[{"floor":9.0,"key":"Replay:Antivirus Software"},{"floor":11.0,"key":"Toy Ornithopter"},{"floor":31.0,"key":"Blood Vial"},{"floor":36.0,"key":"Ring of Hypnosis"},{"floor":36.0,"key":"Ring of Greed"},{"floor":36.0,"key":"Replay:Wax Seal"},{"floor":36.0,"key":"infinitespire:Midas Blood"},{"floor":38.0,"key":"wanderingMiniBosses:Blackblade"},{"floor":43.0,"key":"White Beast Statue"},{"floor":46.0,"key":"infinitespire:CheckeredPen"}],"event_choices":[{"cards_removed":["Strike_B"],"damage_healed":0.0,"max_hp_gain":0.0,"max_hp_loss":0.0,"gold_gain":0.0,"event_name":"Golden Wing","player_choice":"Card Removal","floor":5.0,"gold_loss":0.0,"damage_taken":7.0},{"damage_healed":0.0,"max_hp_gain":0.0,"max_hp_loss":0.0,"gold_gain":0.0,"event_name":"Liars Game","player_choice":"Ignored","floor":10.0,"gold_loss":0.0,"damage_taken":0.0},{"damage_healed":0.0,"max_hp_gain":0.0,"max_hp_loss":0.0,"gold_gain":0.0,"event_name":"Scrap Ooze","player_choice":"Success","floor":12.0,"gold_loss":0.0,"damage_taken":7.0,"relics_obtained":["Counterbalance"]},{"damage_healed":0.0,"max_hp_gain":0.0,"max_hp_loss":0.0,"gold_gain":0.0,"event_name":"FaceTrader","player_choice":"Trade","floor":14.0,"gold_loss":0.0,"damage_taken":0.0,"relics_obtained":["SsserpentHead"]},{"damage_healed":0.0,"max_hp_gain":0.0,"max_hp_loss":0.0,"gold_gain":0.0,"event_name":"Tomb of Lord Red Mask","player_choice":"Paid","floor":48.0,"gold_loss":86.0,"damage_taken":0.0,"relics_obtained":["Red Mask"]}],"is_beta":false,"boss_relics":[{"not_picked":["Tiny House","Nuclear Battery"],"picked":"Runic Pyramid"},{"not_picked":["ChewingGum","beaked:MawFillet"],"picked":"Philosopher\u0027s Stone"}],"items_purged_floors":[3,28,39],"is_endless":false,"potions_floor_spawned":[1,4,7,13,22,23,30,33,41,45,46],"ascension_level":0}}