{"host":"dbo0lztt1pyfwysk","time":1607688769,"event":{"mods":["Act Like it!","BaseMod","Conspire","Downfall","Gensokyo","GifTheSpireLib","Hubris","Infinite Spire","KinomotoSakuraMod(????)","Koishi","Luminous","Marisa????????","Minty Spire (QoL Compilation)","Prisma Mod","Remilia??????","Replay The Spire","Shade Mod","Shop Mod","StSLib","The Gatherer"],"gold_per_floor":[113,133,146,2,18,18,18,46,46,46,46,61,11,25,25,121,121,139,195,195,61,72,72,72,147,227,245,261,261,261],"floor_reached":29,"playtime":1311,"items_purged":["Strike_G"],"score":349,"play_id":"8ecae8c0-354b-4816-94eb-38feaf67afc6","local_time":"20201211131249","is_ascension_mode":true,"campfire_choices":[{"data":"Cloak And Dagger","floor":6,"key":"SMITH"},{"data":"Crippling Poison","floor":11,"key":"SMITH"},{"data":"Cloak And Dagger","floor":15,"key":"SMITH"},{"data":"Bullet Time","floor":23,"key":"SMITH"}],"circlet_count":0,"master_deck":["AscendersBane","Strike_G+1","Strike_G+1","Strike_G+1","Strike_G+1","Defend_G+1","Defend_G+1","Defend_G+1","Defend_G+1","Defend_G+1","Survivor","Neutralize","Cloak And Dagger+1","Cloak And Dagger+1","Finisher","Backstab+1","Dodge and Roll","Crippling Poison+1","Dash","Blade Dance","Storm of Steel","Bullet Time+1","Quick Slash","PiercingWail","Blade Dance"],"relics":["Ring of the Snake","NeowsBlessing","hubris:Towel","Singing Bowl","MealTicket","MerchantsRug","Vajra","Garlic"],"acts_visited":["Exordium","TheCity"],"potions_floor_usage":[8,8,16,29,29],"damage_taken":[{"damage":0,"enemies":"Cultist","floor":1,"turns":1},{"damage":0,"enemies":"Small Slimes","floor":2,"turns":1},{"damage":0,"enemies":"2 Louse","floor":3,"turns":1},{"damage":3,"enemies":"Looter","floor":5,"turns":4},{"damage":16,"enemies":"Gremlin Nob","floor":8,"turns":4},{"damage":3,"enemies":"Blue Slaver","floor":12,"turns":3},{"damage":0,"enemies":"2 Fungi Beasts","floor":14,"turns":2},{"damage":35,"enemies":"Slime Boss","floor":16,"turns":11},{"damage":0,"enemies":"3 Byrds","floor":18,"turns":5},{"damage":4,"enemies":"Shell Parasite","floor":22,"turns":6},{"damage":16,"enemies":"Snake Plant","floor":27,"turns":5},{"damage":26,"enemies":"Snecko","floor":28,"turns":7},{"damage":32,"enemies":"Gremlin Leader","floor":29,"turns":4}],"seed_played":"-5397719150008538823","potions_obtained":[{"floor":2,"key":"Energy Potion"},{"floor":5,"key":"Explosive Potion"},{"floor":12,"key":"Explosive Potion"},{"floor":19,"key":"Regen Potion"},{"floor":27,"key":"LiquidBronze"}],"is_trial":false,"path_per_floor":["M","M","M","$","M","R","?","E","T","?","R","M","$","M","R","B",null,"M","?","?","$","M","R","?","?","T","M","M","E"],"character_chosen":"THE_SILENT","items_purchased":["Backstab","Blade Dance","MerchantsRug","Vajra"],"campfire_rested":0,"item_purchase_floors":[4,13,21,21],"current_hp_per_floor":[63,63,63,63,60,60,60,44,44,44,44,41,41,41,41,6,54,54,39,39,54,50,50,50,43,43,29,5,0,0],"gold":261,"neow_bonus":"THREE_ENEMY_KILL","is_daily":false,"chose_seed":false,"campfire_upgraded":4,"win_rate":0.0,"timestamp":1607688769,"path_taken":["M","?","M","$","M","R","?","E","T","?","R","M","$","M","R","BOSS","M","?","?","?","M","R","?","?","T","M","M","E"],"items_purchased_type":["Card","Card","Relic","Relic"],"build_version":"2020-11-30","purchased_purges":1,"victory":false,"max_hp_per_floor":[70,70,70,70,70,70,70,70,70,70,70,70,70,70,70,70,70,70,72,72,72,72,72,72,72,72,74,76,76,76],"card_choices":[{"not_picked":["Bane","Quick Slash"],"picked":"Cloak And Dagger","floor":1},{"not_picked":["Tactician","Quick Slash"],"picked":"Cloak And Dagger","floor":2},{"not_picked":["Deadly Poison","Backflip"],"picked":"Finisher","floor":3},{"not_picked":["Outmaneuver","All Out Attack"],"picked":"Dodge and Roll","floor":5},{"not_picked":["Glass Knife","Finisher"],"picked":"Crippling Poison","floor":8},{"not_picked":["Blur","Reflex"],"picked":"Dash","floor":12},{"not_picked":["Dagger Throw","ReplayTheSpireMod:Scrap Shanks"],"picked":"Storm of Steel","floor":14},{"not_picked":["Die Die Die","Corpse Explosion"],"picked":"Bullet Time","floor":16},{"not_picked":["Calculated Gamble","Replay:Poison Smokescreen"],"picked":"Quick Slash","floor":18},{"not_picked":["Deadly Poison+1","Bane+1"],"picked":"PiercingWail","floor":19},{"not_picked":["Sucker Punch","Flying Knee+1","Hidden Blade+1"],"picked":"Singing Bowl","floor":19},{"not_picked":["Acrobatics+1","Heel Hook"],"picked":"Blade Dance","floor":22},{"not_picked":["hubris:TrickCloak","Slice","Endless Agony"],"picked":"Singing Bowl","floor":27},{"not_picked":["Predator","hubris:SlightOfHand","Tactician"],"picked":"Singing Bowl","floor":28}],"player_experience":599613,"relics_obtained":[{"floor":8,"key":"Ancient Tea Set"},{"floor":9,"key":"Singing Bowl"},{"floor":19,"key":"MealTicket"},{"floor":26,"key":"Garlic"}],"event_choices":[{"damage_healed":0,"gold_gain":0,"player_choice":"Simplicity","damage_taken":0,"max_hp_gain":0,"max_hp_loss":0,"event_name":"Back to Basics","floor":24,"gold_loss":0,"cards_upgraded":["Strike_G","Strike_G","Strike_G","Strike_G","Defend_G","Defend_G","Defend_G","Defend_G","Defend_G"]},{"damage_healed":0,"gold_gain":75,"player_choice":"Touch","damage_taken":7,"max_hp_gain":0,"max_hp_loss":0,"event_name":"FaceTrader","floor":25,"gold_loss":0}],"is_beta":false,"boss_relics":[{"not_picked":["ChewingGum","Painkiller Herb"],"picked":"conspire:RoyalGoblet"}],"items_purged_floors":[4],"is_endless":false,"potions_floor_spawned":[2,5,12,27],"killed_by":"Gremlin Leader","ascension_level":11}}