{"host":"jxajaf4sdikd2b60","time":1607660374,"event":{"mods":["AchievementEnabler","BaseMod","Better Match","Better Note","Better Skull","Better Third Choice","BetterRewards","Colored Powertips","Custom Start","Infinite Spire","Minty Spire (QoL Compilation)","Quick Restart","Random Character Button","Spicy Shops","StSLib"],"gold_per_floor":[118,118,131,131,24,24,52,68,68,68,85,108,123,176,176,279,279,297,297,222,234,248,248,271,284,284,284,284,284,308,328,328,427,427,439,439,463,463,473,473,260,279,279,55,65,65,78,131,143,155],"floor_reached":51,"playtime":2037,"items_purged":["Strike_B","Dualcast","Blizzard","Strike_B"],"score":745,"play_id":"9d5b3ef7-f772-4b3e-aa63-9cf1a5642f31","local_time":"20201210231934","is_ascension_mode":false,"campfire_choices":[{"floor":6.0,"key":"REST"},{"data":"Gash","floor":10.0,"key":"SMITH"},{"data":"Zap","floor":15.0,"key":"SMITH"},{"data":"Gash","floor":23,"key":"SMITH"},{"data":"Gash","floor":27,"key":"SMITH"},{"floor":32,"key":"REST"},{"floor":40,"key":"REST"},{"floor":49,"key":"REST"}],"circlet_count":0,"master_deck":["Strike_B","Defend_B","Defend_B","Defend_B+1","Zap+1","Capacitor","Barrage","Coolheaded+1","Coolheaded","Gash+1","Gash+1","Gash+1","Backflip+1","Blind+1","Trip+1","Swift Strike+1","Loop+1","Leap","Echo Form","Reprogram+1","Leap"],"relics":["Cracked Core","Runic Capacitor","Tiny Chest","DataDisk","Membership Card","Regal Pillow","Bronze Scales","Pear","Darkstone Periapt","Oddly Smooth Stone","Toy Ornithopter","Black Star","Happy Flower","Pantograph","Art of War","Empty Cage","Pocketwatch","Strawberry","Vajra","infinitespire:BottledMercury","War Paint","infinitespire:EmpoweringShard","MawBank"],"acts_visited":["Exordium","TheCity","TheBeyond"],"potions_floor_usage":[22,33,50],"damage_taken":[{"damage":0.0,"enemies":"2 Louse","floor":1.0,"turns":3.0},{"damage":3.0,"enemies":"Jaw Worm","floor":3.0,"turns":3.0},{"damage":11.0,"enemies":"Gremlin Nob","floor":7.0,"turns":4.0},{"damage":0.0,"enemies":"Cultist","floor":8.0,"turns":3.0},{"damage":9.0,"enemies":"Blue Slaver","floor":11.0,"turns":2.0},{"damage":10.0,"enemies":"Red Slaver","floor":13.0,"turns":2.0},{"damage":0.0,"enemies":"Hexaghost","floor":16.0,"turns":7.0},{"damage":0.0,"enemies":"Spheric Guardian","floor":18.0,"turns":3.0},{"damage":16,"enemies":"3 Byrds","floor":21,"turns":3},{"damage":11,"enemies":"Snake Plant","floor":22,"turns":3},{"damage":3,"enemies":"Cultist and Chosen","floor":25,"turns":4},{"damage":7,"enemies":"Centurion and Healer","floor":31,"turns":7},{"damage":82,"enemies":"Collector","floor":33,"turns":9},{"damage":44,"enemies":"3 Darklings","floor":35,"turns":4},{"damage":22,"enemies":"3 Shapes","floor":39,"turns":5},{"damage":9,"enemies":"Spire Growth","floor":42,"turns":4},{"damage":24,"enemies":"Jaw Worm Horde","floor":45,"turns":5},{"damage":28,"enemies":"Sphere and 2 Shapes","floor":47,"turns":5},{"damage":56,"enemies":"infinitespire:MassOfShapes","floor":50,"turns":8}],"seed_played":"626786933131528427","potions_obtained":[{"floor":8.0,"key":"Weak Potion"},{"floor":11.0,"key":"Ancient Potion"},{"floor":13.0,"key":"Energy Potion"},{"floor":16.0,"key":"FocusPotion"},{"floor":18.0,"key":"Fruit Juice"},{"floor":25,"key":"FearPotion"},{"floor":33,"key":"Ancient Potion"},{"floor":39,"key":"Ancient Potion"},{"floor":45,"key":"Swift Potion"}],"is_trial":false,"path_per_floor":["M","?","M","?","$","R","E","M","T","R","M","T","M","T","R","B",null,"M","?","?","M","M","R","T","M","T","R","?","?","T","M","R","B",null,"M","AVR","T","?","M","R","$","M","T","$","M","?","M","T","R","B",null],"character_chosen":"DEFECT","items_purchased":["Runic Capacitor","Capacitor","Barrage","Tiny Chest","DataDisk","Membership Card","Coolheaded","Gash","Bronze Scales","Vajra","infinitespire:BottledMercury","Leap","infinitespire:EmpoweringShard"],"campfire_rested":4,"item_purchase_floors":[0,0,0,0,0,0,0,5,5,41,41,44,44],"current_hp_per_floor":[40,40,37,30,30,67,66,66,66,66,57,57,47,47,47,57,85,90,90,90,74,68,68,68,65,65,65,47,47,47,40,83,18,95,51,51,58,58,36,81,81,72,72,72,48,48,20,20,65,39],"gold":167,"neow_bonus":"","is_daily":false,"chose_seed":false,"campfire_upgraded":4,"win_rate":0.0,"timestamp":1607660374,"path_taken":["M","?","M","?","$","R","E","M","T","R","M","?","M","?","R","BOSS","M","?","?","?","M","R","?","M","T","R","?","?","?","M","R","BOSS","M","AVR","?","?","M","R","$","M","T","$","?","?","M","?","R","BOSS"],"items_purchased_type":["Relic","Card","Card","Relic","Relic","Relic","Card","Card","Relic","Relic","Relic","Card","Relic"],"build_version":"2020-11-30","purchased_purges":4,"victory":true,"max_hp_per_floor":[75,75,75,75,75,75,85,85,85,85,85,85,85,85,85,85,85,90,90,90,90,90,90,90,90,90,90,95,95,95,95,95,95,95,95,95,102,102,102,102,102,102,102,102,102,102,102,102,102,102],"card_choices":[{"not_picked":["Compile Driver","Hologram"],"picked":"Coolheaded","floor":1.0},{"not_picked":["Beam Cell","Sweeping Beam","Stack"],"picked":"SKIP","floor":3.0},{"not_picked":["Tempest","Static Discharge"],"picked":"Gash","floor":7.0},{"not_picked":["Barrage","Conserve Battery"],"picked":"Ball Lightning","floor":8.0},{"not_picked":["Hologram","Stack"],"picked":"Blizzard","floor":11.0},{"not_picked":["Rebound","Chaos","Darkness"],"picked":"SKIP","floor":13.0},{"not_picked":["Rebound","Redo"],"picked":"Gash","floor":18.0},{"not_picked":["Dramatic Entrance+1","Forethought+1"],"picked":"Blind+1","floor":20},{"not_picked":["Enlightenment+1","Dark Shackles+1"],"picked":"Trip+1","floor":20},{"not_picked":["Forethought+1","Trip+1"],"picked":"Swift Strike+1","floor":20},{"not_picked":["Streamline","Go for the Eyes","Loop"],"picked":"SKIP","floor":21},{"not_picked":["Turbo","Redo"],"picked":"Loop+1","floor":22},{"not_picked":["Compile Driver+1","Capacitor+1"],"picked":"Leap","floor":25},{"not_picked":["Stack","Loop","Ball Lightning"],"picked":"SKIP","floor":31},{"not_picked":["Meteor Strike","Reboot"],"picked":"Echo Form","floor":33},{"not_picked":["Genetic Algorithm+1","Ball Lightning+1"],"picked":"Reprogram+1","floor":35},{"not_picked":["Heatsinks+1","White Noise+1","Lockon+1"],"picked":"SKIP","floor":39},{"not_picked":["Ball Lightning+1","Go for the Eyes","Static Discharge+1"],"picked":"SKIP","floor":42},{"not_picked":["Blizzard","Barrage+1","Self Repair"],"picked":"SKIP","floor":45},{"not_picked":["Rebound+1","Redo+1","Chaos"],"picked":"SKIP","floor":47}],"player_experience":536694,"relics_obtained":[{"floor":7.0,"key":"Pear"},{"floor":9.0,"key":"Darkstone Periapt"},{"floor":12.0,"key":"Oddly Smooth Stone"},{"floor":14.0,"key":"Toy Ornithopter"},{"floor":24,"key":"Happy Flower"},{"floor":26,"key":"Pantograph"},{"floor":30,"key":"Art of War"},{"floor":37,"key":"Strawberry"},{"floor":43,"key":"War Paint"},{"floor":48,"key":"MawBank"}],"event_choices":[{"damage_healed":0.0,"max_hp_gain":0.0,"max_hp_loss":0.0,"gold_gain":0.0,"event_name":"betterThird:BetterSerpent","player_choice":"Ignored","floor":2.0,"gold_loss":0.0,"damage_taken":118.0},{"damage_healed":0.0,"max_hp_gain":0.0,"max_hp_loss":0.0,"gold_gain":0.0,"event_name":"betterThird:BetterScrap","player_choice":"Relic ","floor":4.0,"gold_loss":0.0,"damage_taken":7.0,"cards_obtained":["Masterful Stab"]},{"cards_removed":["Gash"],"damage_healed":0.0,"max_hp_gain":0.0,"max_hp_loss":0.0,"gold_gain":0.0,"event_name":"betterNote:BetterNote","player_choice":"Take \u0026 Give","floor":19.0,"gold_loss":0.0,"damage_taken":0.0,"cards_obtained":["Backflip"]},{"damage_healed":0,"gold_gain":0,"player_choice":"3","damage_taken":0,"max_hp_gain":0,"max_hp_loss":0,"event_name":"betterMatch:BetterMatch","floor":20,"gold_loss":0,"cards_obtained":["betterMatch:ColorlessUncommonCard"]},{"damage_healed":0,"gold_gain":0,"player_choice":"Shed Blood","damage_taken":23,"max_hp_gain":5,"max_hp_loss":0,"event_name":"Forgotten Altar","floor":28,"gold_loss":0},{"damage_healed":0,"gold_gain":0,"player_choice":"Ignored","damage_taken":0,"max_hp_gain":0,"max_hp_loss":0,"event_name":"Cursed Tome","floor":29,"gold_loss":0},{"cards_removed":["Defend_B"],"damage_healed":0,"gold_gain":0,"player_choice":"Purged","damage_taken":0,"max_hp_gain":0,"max_hp_loss":0,"event_name":"Purifier","floor":38,"gold_loss":0},{"damage_healed":0,"gold_gain":0,"player_choice":"Memory 1","damage_taken":0,"max_hp_gain":0,"max_hp_loss":0,"event_name":"SensoryStone","floor":46,"gold_loss":0}],"is_beta":false,"boss_relics":[{"not_picked":["Busted Crown","SlaversCollar"],"picked":"Black Star"},{"not_picked":["Fusion Hammer","Runic Pyramid"],"picked":"Empty Cage"}],"items_purged_floors":[5,36,41,44],"is_endless":false,"potions_floor_spawned":[8,11,13,16,18,25,33,39,45,47],"ascension_level":0}}