{"host":"1qw5suc8h0lmr1yi","time":1607677263,"event":{"mods":["2.2 Compatiblity","Act Like it!","BaseMod","Better Note","BetterRewards","Block Reminder","Colored Map","Custom Start","DeckTracker","GifTheSpireLib","Highlight Path","Hubris","Infinite Spire","Melee Mod","Mimic Mod","Minty Spire (QoL Compilation)","Quick Restart","Rare Cards Sparkle","Replay The Spire","Robot Space Explorer","Say the Spire","Shop Mod","StSLib","SuperFastMode","Td1madao Mod","The Animator","The Cursed","The Disciple","The Edgeheg","The Factory","The Jungle"],"gold_per_floor":[112,123,123,123,137,137,172,172,172,182,214,214,214,214,214,214,214],"floor_reached":16,"playtime":817,"items_purged":[],"score":140,"play_id":"e33b4bba-eba5-433b-967a-355523a07b7e","local_time":"20201211010103","is_ascension_mode":true,"campfire_choices":[{"data":"ReplayTheSpireMod:LeadingStrike","floor":6,"key":"SMITH"},{"data":"Replay:Undeath\u0027s Touch","floor":8,"key":"SMITH"},{"data":"Replay:Undeath\u0027s Touch","floor":12,"key":"SMITH"},{"data":"Eruption","floor":15,"key":"SMITH"}],"circlet_count":0,"master_deck":["Strike_R","Strike_R","Strike_R","Strike_R","Strike_R","Defend_R","Defend_R","Defend_R","Defend_R","Replay:Undeath\u0027s Touch+1","ReplayTheSpireMod:Strike From Hell","hubris:Fate+1","ReplayTheSpireMod:LeadingStrike+1","Replay:Undeath\u0027s Touch+1","True Grit","Disarm","Eruption+1","hubris:Lust"],"relics":["Sundial","ReplayTheSpireMod:Lightbulb","Orichalcum","Replay:M_SmolderingBlood"],"acts_visited":["Exordium"],"potions_floor_usage":[1,7,16,16,16],"damage_taken":[{"damage":3,"enemies":"Small Slimes","floor":1,"turns":4},{"damage":6,"enemies":"Jaw Worm","floor":2,"turns":4},{"damage":0,"enemies":"Cultist","floor":5,"turns":2},{"damage":6,"enemies":"3 Sentries","floor":7,"turns":2},{"damage":5,"enemies":"Looter","floor":10,"turns":2},{"damage":0,"enemies":"Gremlin Nob","floor":11,"turns":4},{"damage":81,"enemies":"Slime Boss","floor":16,"turns":7}],"seed_played":"-5798723843277013709","potions_obtained":[{"floor":0,"key":"Languid Potion"},{"floor":0,"key":"Regen Potion"},{"floor":0,"key":"Dexterity Potion"},{"floor":1,"key":"Weak Potion"},{"floor":5,"key":"Elixir"},{"floor":11,"key":"Milkshake"}],"is_trial":false,"path_per_floor":["M","M","?","?","M","R","E","R","T","M","E","R","?","?","R","B"],"character_chosen":"IRONCLAD","items_purchased":[],"campfire_rested":0,"item_purchase_floors":[],"current_hp_per_floor":[80,80,61,61,67,67,72,72,72,73,79,79,79,79,79,0,0],"gold":214,"neow_bonus":"THREE_SMALL_POTIONS","is_daily":false,"chose_seed":false,"campfire_upgraded":4,"win_rate":0.0,"timestamp":1607677263,"path_taken":["M","M","?","?","?","R","E","R","T","M","E","R","?","?","R","BOSS"],"items_purchased_type":[],"build_version":"2020-11-30","purchased_purges":0,"victory":false,"max_hp_per_floor":[80,80,80,80,80,80,80,80,80,80,80,80,80,80,80,80,80],"card_choices":[{"not_picked":["Sword Boomerang","Havoc"],"picked":"Replay:Undeath\u0027s Touch","floor":1},{"not_picked":["Wild Strike","Disarm"],"picked":"ReplayTheSpireMod:Strike From Hell","floor":2},{"not_picked":["infinitespire:SealOfDarkness+","ReplayTheSpireMod:Haul"],"picked":"hubris:Fate","floor":3},{"not_picked":["Anger","ReplayTheSpireMod:Muscle Training"],"picked":"ReplayTheSpireMod:LeadingStrike","floor":5},{"not_picked":["Impervious","Second Wind"],"picked":"Replay:Undeath\u0027s Touch","floor":7},{"not_picked":["Dark Embrace","Twin Strike"],"picked":"True Grit","floor":10},{"not_picked":["Shockwave","Intimidate"],"picked":"Disarm","floor":11}],"player_experience":114389,"relics_obtained":[{"floor":7,"key":"Sundial"},{"floor":9,"key":"ReplayTheSpireMod:Lightbulb"},{"floor":11,"key":"Orichalcum"}],"event_choices":[{"damage_healed":0,"gold_gain":0,"player_choice":"Forge","damage_taken":0,"max_hp_gain":0,"max_hp_loss":0,"event_name":"Accursed Blacksmith","floor":4,"gold_loss":0,"cards_upgraded":["hubris:Fate"]},{"damage_healed":0,"gold_gain":0,"player_choice":"1 cards matched","damage_taken":0,"max_hp_gain":0,"max_hp_loss":0,"event_name":"Match and Keep!","floor":14,"gold_loss":0,"cards_obtained":["hubris:Lust"]}],"is_beta":false,"boss_relics":[],"items_purged_floors":[],"is_endless":false,"potions_floor_spawned":[1,5,11],"killed_by":"Slime Boss","ascension_level":1}}