{"host":"4e7ld00gewa6mlu4","time":1607709827,"event":{"mods":["2.2 Compatiblity","Act Like it!","BaseMod","Conspire","Hubris","Infinite Spire","Jedi Mod","Minty Spire (QoL Compilation)","Practice Mode","Quick Restart","Random Character Button","Random Character Mod","Replay The Spire","Shop Mod","StSLib"],"gold_per_floor":[118,135,60,74,74,105,119,119,168,168,194,194,232,257,257,381,381,394,319,66,91,104,104,104,139,163,163,203,203,218,236,236,367,367,390,723,733,1033,1050,1078,1078,1109,1136,1136,1136],"floor_reached":44,"playtime":4033,"items_purged":[],"score":674,"play_id":"1b42b7b4-05f5-45dd-af1f-257f3a8db2f3","local_time":"20201211130347","is_ascension_mode":true,"campfire_choices":[{"data":"Deadly Poison","floor":8.0,"key":"SMITH"},{"data":"Bouncing Flask","floor":10.0,"key":"SMITH"},{"data":"Poisoned Stab","floor":15.0,"key":"SMITH"},{"data":"Leg Sweep","floor":23.0,"key":"SMITH"},{"floor":27.0,"key":"REST"},{"floor":29.0,"key":"REST"},{"floor":32.0,"key":"REST"},{"floor":41,"key":"REST"}],"circlet_count":0,"master_deck":["Strike_G+1","Strike_G+1","Strike_G+1","Strike_G+1","Defend_G+1","Defend_G+1","Defend_G+1","Defend_G+1","Defend_G+1","Survivor","Neutralize+1","Bouncing Flask+1","All Out Attack","Predator+1","Deadly Poison+1","Pain","Cloak And Dagger+1","ReplayTheSpireMod:Speed Training","Poisoned Stab+1","Corpse Explosion","Footwork+1","Bane","Leg Sweep+1","Dodge and Roll","Sucker Punch+1","Infinite Blades+1","After Image","After Image+1","Underhanded Strike","Madness","Mayhem","Noxious Fumes"],"relics":["Ring of the Serpent","WarpedTongs","Anchor","Vajra","infinitespire:PuzzleCube","Meat on the Bone","Replay:Bronze Core","Mummified Hand","Replay:Baseball","Gremlin Food","Centennial Puzzle","hubris:NiceRug","Bag of Preparation","Prayer Wheel","infinitespire:Lucky Rock","Pet Ghost","jedi:arcanewood"],"acts_visited":["Exordium","TheCity","TheBeyond"],"potions_floor_usage":[38,38],"damage_taken":[{"damage":1.0,"enemies":"2 Louse","floor":1.0,"turns":4.0},{"damage":0.0,"enemies":"Cultist","floor":2.0,"turns":3.0},{"damage":0.0,"enemies":"Small Slimes","floor":4.0,"turns":3.0},{"damage":29.0,"enemies":"Lagavulin","floor":6.0,"turns":5.0},{"damage":2.0,"enemies":"2 Fungi Beasts","floor":7.0,"turns":3.0},{"damage":6.0,"enemies":"3 Sentries","floor":11.0,"turns":6.0},{"damage":20.0,"enemies":"conspire:MimicChest","floor":13.0,"turns":5.0},{"damage":0.0,"enemies":"Blue Slaver","floor":14.0,"turns":2.0},{"damage":26.0,"enemies":"Fading Forest","floor":16.0,"turns":11.0},{"damage":1.0,"enemies":"Chosen","floor":18.0,"turns":3.0},{"damage":8.0,"enemies":"2 Thieves","floor":21.0,"turns":3.0},{"damage":27.0,"enemies":"Snake Plant","floor":22.0,"turns":5.0},{"damage":25.0,"enemies":"Slavers","floor":25.0,"turns":5.0},{"damage":7.0,"enemies":"Book of Stabbing","floor":28.0,"turns":4.0},{"damage":8.0,"enemies":"Centurion and Healer","floor":30.0,"turns":6.0},{"damage":0.0,"enemies":"Cultist and Chosen","floor":31.0,"turns":3.0},{"damage":22.0,"enemies":"Collector","floor":33.0,"turns":8.0},{"damage":1.0,"enemies":"3 Shapes","floor":35.0,"turns":5.0},{"damage":8.0,"enemies":"Orb Walker","floor":37.0,"turns":3.0},{"damage":52,"enemies":"hubris:Merchant","floor":38,"turns":11},{"damage":0,"enemies":"3 Darklings","floor":39,"turns":3},{"damage":11,"enemies":"Giant Head","floor":40,"turns":8},{"damage":0,"enemies":"Nightmare","floor":42,"turns":10},{"damage":0,"enemies":"Sphere and 2 Shapes","floor":44,"turns":1}],"seed_played":"8542873753185381196","potions_obtained":[{"floor":2.0,"key":"GhostInAJar"},{"floor":6.0,"key":"Languid Potion"},{"floor":7.0,"key":"Block Potion"},{"floor":11.0,"key":"FearPotion"},{"floor":16.0,"key":"BlessingOfTheForge"},{"floor":25.0,"key":"PowerPotion"},{"floor":33.0,"key":"Explosive Potion"},{"floor":35.0,"key":"Block Potion"},{"floor":38,"key":"Regen Potion"},{"floor":38,"key":"AttackPotion"}],"is_trial":false,"path_per_floor":["M","M","$","M","?","E","M","R","T","R","E","?","?","M","R","B",null,"M","?","$","M","M","R","?","E","T","R","E","R","M","M","R","B",null,"M","?","M","$","M","E","R","NM","T","M"],"character_chosen":"THE_SILENT","items_purchased":["Predator","Mummified Hand"],"campfire_rested":4,"item_purchase_floors":[3,20],"current_hp_per_floor":[76,76,76,76,76,47,45,45,45,45,39,39,19,31,31,29,71,70,70,70,62,47,47,47,34,34,55,48,69,61,61,71,49,71,70,70,62,22,34,35,56,56,56,56,56],"gold":1136,"neow_bonus":"TEN_PERCENT_HP_BONUS","is_daily":false,"chose_seed":false,"campfire_upgraded":4,"win_rate":0.0,"timestamp":1607709827,"path_taken":["M","M","$","M","?","E","?","R","T","R","E","?","?","M","R","BOSS","M","?","$","M","M","R","?","E","T","R","E","R","M","?","R","BOSS","M","?","M","$","M","E","R","NM","T","M"],"items_purchased_type":["Card","Relic"],"build_version":"2020-11-30","purchased_purges":0,"victory":false,"max_hp_per_floor":[77,77,77,77,77,77,77,77,77,77,77,71,71,71,71,71,71,71,71,71,71,71,71,71,71,71,71,71,71,71,71,71,71,71,71,71,71,71,71,71,71,71,71,71,71],"card_choices":[{"not_picked":["hubris:TrickCloak","Hidden Blade"],"picked":"Bouncing Flask","floor":1.0},{"not_picked":["Backflip","Sucker Punch"],"picked":"All Out Attack","floor":2.0},{"not_picked":["Well Laid Plans","Masterful Stab"],"picked":"Deadly Poison","floor":4.0},{"not_picked":["Unload","hubris:SlightOfHand","Flying Knee"],"picked":"SKIP","floor":6.0},{"not_picked":["Infinite Blades","Dagger Throw"],"picked":"Cloak And Dagger","floor":7.0},{"not_picked":["Blade Dance","Draining Mist"],"picked":"ReplayTheSpireMod:Speed Training","floor":11.0},{"not_picked":["Blade Dance","Masterful Stab"],"picked":"Poisoned Stab","floor":13.0},{"not_picked":["Bouncing Flask","Underhanded Strike","Quick Slash"],"picked":"SKIP","floor":14.0},{"not_picked":["jedi:studypoison","Phantasmal Killer"],"picked":"Corpse Explosion","floor":16.0},{"not_picked":["Slice+1","Dagger Spray+1"],"picked":"Footwork+1","floor":18.0},{"not_picked":["Poisoned Stab+1","PiercingWail"],"picked":"Bane","floor":21.0},{"not_picked":["Acrobatics","hubris:Counter"],"picked":"Leg Sweep","floor":22.0},{"not_picked":["Cloak And Dagger","Flying Knee"],"picked":"Dodge and Roll","floor":25.0},{"not_picked":["Skewer","hubris:SlightOfHand"],"picked":"Sucker Punch+1","floor":28.0},{"not_picked":["Backflip","Predator+1"],"picked":"Infinite Blades+1","floor":30.0},{"not_picked":["Sucker Punch","Underhanded Strike+1"],"picked":"After Image","floor":31.0},{"not_picked":["jedi:brewingpoison","Poison Darts"],"picked":"After Image","floor":33.0},{"not_picked":["PiercingWail","Quick Slash+1","Flying Knee+1"],"picked":"SKIP","floor":35.0},{"not_picked":["hubris:Counter+1","ReplayTheSpireMod:Shiv Toss+1","Poisoned Stab+1"],"picked":"SKIP","floor":37.0},{"not_picked":[],"picked":"Underhanded Strike","floor":38},{"not_picked":[],"picked":"Madness","floor":38},{"not_picked":[],"picked":"Mayhem","floor":38},{"not_picked":["Flying Knee"],"picked":"SKIP","floor":38},{"not_picked":["jedi:acidrain"],"picked":"SKIP","floor":38},{"not_picked":["jedi:studyshivs"],"picked":"SKIP","floor":38},{"not_picked":["Fluid Movement"],"picked":"SKIP","floor":38},{"not_picked":["Bane+1","Blade Dance+1","conspire:PoisonWeapons"],"picked":"SKIP","floor":39},{"not_picked":["Bane","Flying Knee","ReplayTheSpireMod:Shiv Toss+1"],"picked":"SKIP","floor":39},{"not_picked":["hubris:SlightOfHand","infinitespire:Neurotoxin","Slice"],"picked":"SKIP","floor":40},{"not_picked":["Tactician","Eviscerate"],"picked":"Noxious Fumes","floor":42}],"player_experience":571191,"relics_obtained":[{"floor":6.0,"key":"Anchor"},{"floor":9.0,"key":"Vajra"},{"floor":11.0,"key":"infinitespire:PuzzleCube"},{"floor":13.0,"key":"Meat on the Bone"},{"floor":25.0,"key":"Replay:Baseball"},{"floor":26.0,"key":"Gremlin Food"},{"floor":28.0,"key":"Centennial Puzzle"},{"floor":38,"key":"Bag of Preparation"},{"floor":38,"key":"Prayer Wheel"},{"floor":40,"key":"infinitespire:Lucky Rock"},{"floor":42,"key":"Pet Ghost"},{"floor":43,"key":"jedi:arcanewood"}],"event_choices":[{"damage_healed":0.0,"max_hp_gain":0.0,"max_hp_loss":0.0,"gold_gain":0.0,"event_name":"Accursed Blacksmith","player_choice":"Rummage","floor":5.0,"gold_loss":0.0,"damage_taken":0.0,"relics_obtained":["WarpedTongs"],"cards_obtained":["Pain"]},{"damage_healed":0.0,"max_hp_gain":0.0,"max_hp_loss":6.0,"gold_gain":0.0,"event_name":"Golden Idol","player_choice":"Lose Max HP","floor":12.0,"gold_loss":0.0,"damage_taken":0.0,"relics_obtained":["Golden Idol"]},{"cards_removed":["Strike_G"],"damage_healed":0.0,"max_hp_gain":0.0,"max_hp_loss":0.0,"gold_gain":0.0,"event_name":"Beggar","player_choice":"Gave Gold","floor":19.0,"gold_loss":75.0,"damage_taken":0.0},{"damage_healed":0.0,"max_hp_gain":0.0,"max_hp_loss":0.0,"gold_gain":0.0,"event_name":"Back to Basics","player_choice":"Simplicity","floor":24.0,"gold_loss":0.0,"damage_taken":0.0,"cards_upgraded":["Strike_G","Strike_G","Strike_G","Strike_G","Defend_G","Defend_G","Defend_G","Defend_G","Defend_G"]},{"damage_healed":0.0,"max_hp_gain":0.0,"max_hp_loss":0.0,"gold_gain":333.0,"event_name":"The Moai Head","player_choice":"Gave Idol","floor":36.0,"relics_lost":["Golden Idol"],"gold_loss":0.0,"damage_taken":0.0}],"is_beta":false,"boss_relics":[{"not_picked":["Philosopher\u0027s Stone","Busted Crown"],"picked":"Replay:Bronze Core"},{"not_picked":["conspire:RoyalGoblet","SacredBark"],"picked":"Ring of the Serpent"}],"items_purged_floors":[],"is_endless":false,"potions_floor_spawned":[2,6,7,11,16,21,25,31,33,35,39],"killed_by":"Sphere and 2 Shapes","ascension_level":4}}