{"host":"wonp23fsqqcu31ie","time":1607650458,"event":{"mods":["2.2 Compatiblity","AchievementEnabler","Aspiration","BaseMod","Better Altar","Better Match","Better Sensory Stone","Better Skull","Better Third Choice","BetterRewards","Block Reminder","Colored Map","Colored Powertips","Conspire","Curses Come First","DeckTracker","Displayed Cursed Tome","Downfall","Hermit","Highlight Path","Hubris","Minty Spire (QoL Compilation)","Permanent Neow","Quick Restart","Rare Cards Sparkle","Relic Stats","Replay The Spire","Shade Mod","Shop Mod","StSLib","SuperFastMode","The Animator","The Cursed","The Gatherer","The Necromancer","The Runesmith","The Servant 0.9.4"],"gold_per_floor":[114,133,33,33,33,33,46,77,103,117,117,127,127,52,52,156,156,166,166,189,208,302,335,28,53,100,132,132,148,148,165,165,266,266,280,297,3,20,32,32,44,44,44,72,83,117,27,77,77,77,77],"floor_reached":50,"playtime":2322,"items_purged":["Pain","Defend_S"],"score":1031,"play_id":"a6b602d3-7df3-4b6b-a1f3-9219bf91df7b","local_time":"20201211123418","is_ascension_mode":true,"campfire_choices":[{"floor":6,"key":"REST"},{"floor":11,"key":"REST"},{"floor":13,"key":"REST"},{"floor":15,"key":"RECALL"},{"floor":30,"key":"REST"},{"floor":32,"key":"REST"},{"floor":40,"key":"REST"},{"floor":49,"key":"REST"}],"circlet_count":0,"master_deck":["Defend_S","Defend_S","KidneyShot","Exchange","Defy","ShatteredReality","SurpressingFire","Ghostly","Potential","Alleviate","Luminosity","DancingSilver+1","SoulSculpture","Sabotage","Finisher","Bane","Underhanded Strike","ShatteredReality+1","DualDimension+1","FlawlessForm","Spin","Contraction","Bite","Bite","Bite","Bite","Bite","Initiator","Solidify","Unruled+1","ReplayUltimateDefense","conspire:Banana","TimeWarp","Starlight+1","Manipulate+1","Gouge+1","Alleviate+1","Potential+1","MurderousAura","Sabotage+1"],"relics":["Uniform","ClockworkSouvenir","MerchantsRug","Gremlin Horn","aspiration:AnachronicSnailShell","WarpedTongs","Strawberry","Replay:Baseball","Anchor","conspire:TopHat","Juzu Bracelet","Replay:Mystery Machine","Nunchaku","Pocketwatch","BargainBundle","hubris:BottledRain","aspiration:ChemicalBlood","aspiration:SeaSaltIceCream","animator:TheMissingPiece","Mummified Hand","Bag of Marbles","conspire:GiftBox"],"acts_visited":["Exordium","TheCity","TheBeyond"],"potions_floor_usage":[16,29,33,33,33,38,38,38,39,39,41,41,45,48,50,50,50,50,50],"damage_taken":[{"damage":0,"enemies":"conspire:RoseBush","floor":1,"turns":4},{"damage":0,"enemies":"Small Slimes","floor":2,"turns":3},{"damage":3,"enemies":"Cultist","floor":7,"turns":4},{"damage":35,"enemies":"3 Sentries","floor":8,"turns":13},{"damage":4,"enemies":"3 Louse","floor":10,"turns":3},{"damage":0,"enemies":"Exordium Wildlife","floor":12,"turns":3},{"damage":39,"enemies":"The Guardian","floor":16,"turns":18},{"damage":1,"enemies":"Chosen","floor":18,"turns":6},{"damage":10,"enemies":"3 Byrds","floor":21,"turns":5},{"damage":1,"enemies":"Book of Stabbing","floor":23,"turns":9},{"damage":14,"enemies":"Slavers","floor":27,"turns":10},{"damage":2,"enemies":"Shelled Parasite and Fungi","floor":29,"turns":6},{"damage":12,"enemies":"conspire:HollyBat","floor":31,"turns":11},{"damage":1,"enemies":"Pondfish","floor":33,"turns":14},{"damage":0,"enemies":"Orb Walker","floor":35,"turns":2},{"damage":12,"enemies":"3 Shapes","floor":36,"turns":2},{"damage":31,"enemies":"Jaw Worm Horde","floor":38,"turns":6},{"damage":24,"enemies":"Spire Growth","floor":39,"turns":6},{"damage":16,"enemies":"Maw","floor":41,"turns":10},{"damage":0,"enemies":"R_Hoarder","floor":44,"turns":14},{"damage":10,"enemies":"Sphere and 2 Shapes","floor":45,"turns":6},{"damage":9,"enemies":"conspire:MimicChest","floor":46,"turns":6},{"damage":4,"enemies":"Mind Bloom Boss Battle","floor":48,"turns":5},{"damage":53,"enemies":"conspire:OrnateMirror","floor":50,"turns":6}],"seed_played":"-7896223212702172627","potions_obtained":[{"floor":2,"key":"Languid Potion"},{"floor":12,"key":"Dexterity Potion"},{"floor":27,"key":"Doom Potion"},{"floor":29,"key":"SkillPotion"},{"floor":31,"key":"EssenceOfSteel"},{"floor":33,"key":"EssenceOfSteel"},{"floor":35,"key":"FearPotion"},{"floor":36,"key":"SteroidPotion"},{"floor":39,"key":"Explosive Potion"},{"floor":41,"key":"Elixir"},{"floor":42,"key":"conspire:TimeTravelPotion"},{"floor":42,"key":"LiquidBronze"},{"floor":46,"key":"Slimebound:ThreeZeroPotion"},{"floor":48,"key":"ColorlessPotion"}],"is_trial":false,"path_per_floor":["M","M","?","?","$","R","M","E","T","M","R","M","R","$","R","B",null,"M","?","T","M","?","E","$","T","T","E","?","M","R","M","R","B",null,"M","M","$","M","M","R","M","?","T","E","M","?","?","?","R","B"],"character_chosen":"THE_SERVANT","items_purchased":["ClockworkSouvenir","MerchantsRug","Gremlin Horn","Defy","aspiration:Nostalgia","Replay:Mystery Machine","BargainBundle","hubris:BottledRain","aspiration:ChemicalBlood","Milkshake","DuplicationPotion","ReplayUltimateDefense","conspire:Banana","TimeWarp"],"campfire_rested":7,"item_purchase_floors":[0,0,0,0,24,24,37,37,37,37,37,37,37,37],"current_hp_per_floor":[36,36,36,36,36,55,52,24,24,20,41,41,62,62,62,23,72,71,71,71,61,33,32,32,32,32,18,18,23,38,37,50,50,50,50,43,43,17,4,19,13,13,13,28,26,24,24,29,46,0,0],"gold":77,"neow_bonus":"","is_daily":false,"chose_seed":false,"campfire_upgraded":0,"win_rate":0.0,"timestamp":1607650458,"path_taken":["M","M","?","?","$","R","M","E","T","M","R","?","R","$","R","BOSS","M","?","?","M","?","E","?","?","T","E","?","M","R","M","R","BOSS","M","M","$","M","M","R","M","?","T","E","M","?","?","?","R","BOSS"],"items_purchased_type":["Relic","Relic","Relic","Card","Relic","Relic","Relic","Relic","Relic","Potion","Potion","Card","Card","Card"],"build_version":"2020-11-30","purchased_purges":2,"victory":false,"max_hp_per_floor":[65,65,65,65,65,65,65,72,72,72,72,72,72,72,72,72,72,72,72,72,72,72,72,72,72,72,72,50,50,50,50,50,50,50,50,50,50,51,52,52,53,53,53,54,55,57,57,58,58,60,60],"relic_stats":{"Nunchaku":[48],"Gremlin Horn":[19,19],"counters":[75,398],"Mummified Hand":[16],"Juzu Bracelet":3,"obtain_stats":[{"Gremlin Horn":10,"Uniform":0,"sneckomod:SneckoSoul":24,"Old Coin":40,"Replay:Ringing Soul":41,"Centennial Puzzle":30,"Strawberry":43,"Replay:Bottled Flurry":25,"PocketWatch":44,"HollowMod:PaleOreRelic":9,"Replay:Wax Seal":10,"Replay:Bottled Steam":14,"MerchantsRug":0,"Happy Flower":0,"aspiration:Nostalgia":24,"Blue Candle":26,"ReplayTheSpireMod:Ring of Addiction":7,"Eternal Feather":24,"aspiration:SeaSaltIceCream":43,"War Paint":27,"WarpedTongs":4,"Replay:Baseball":26,"conspire:GiftBox":48,"Shuriken":19,"Bronze Scales":27,"MutagenicStrength":29,"Pandora\u0027s Box":17,"StrikeDummy":0,"Pocketwatch":27,"Lantern":29,"aspiration:Lifesprig":6,"Singing Bowl":10,"SacredBark":34,"animator:TheMissingPiece":43,"Incense Burner":46,"Juzu Bracelet":23,"Replay:Mystery Machine":24,"conspire:TopHat":22,"ClockworkSouvenir":0,"Nunchaku":39,"Matryoshka":9,"Ring of Fangs":7,"Chameleon Ring":7,"hubris:Backtick":34,"aspiration:DefectSkillbook":17,"Mummified Hand":44,"aspiration:AnachronicSnailShell":0,"Red Mask":28,"aspiration:ChemicalBlood":37,"Potion Belt":7,"BargainBundle":37,"conspire:RunicOctahedron":17,"PreservedInsect":29,"MawBank":19,"Medical Kit":27,"Mercury Hourglass":36,"Peace Pipe":6,"Anchor":0,"m_SpellCore":34,"hubris:GrandSneckoEye":34,"Bag of Marbles":46,"Toy Ornithopter":23,"hubris:BottledRain":37},{"Gremlin Horn":4,"Uniform":0,"sneckomod:SneckoSoul":61,"Old Coin":20,"Replay:Ringing Soul":47,"Centennial Puzzle":42,"Strawberry":21,"Replay:Bottled Flurry":40,"PocketWatch":48,"HollowMod:PaleOreRelic":29,"Replay:Wax Seal":29,"Replay:Bottled Steam":32,"MerchantsRug":27,"Happy Flower":27,"aspiration:Nostalgia":61,"Blue Candle":12,"ReplayTheSpireMod:Ring of Addiction":29,"Eternal Feather":11,"aspiration:SeaSaltIceCream":70,"War Paint":40,"WarpedTongs":53,"Replay:Baseball":40,"conspire:GiftBox":74,"Shuriken":9,"Bronze Scales":40,"MutagenicStrength":41,"Pandora\u0027s Box":8,"StrikeDummy":27,"Pocketwatch":62,"Lantern":13,"aspiration:Lifesprig":29,"Singing Bowl":4,"SacredBark":16,"animator:TheMissingPiece":70,"Incense Burner":24,"Juzu Bracelet":61,"Replay:Mystery Machine":61,"conspire:TopHat":60,"ClockworkSouvenir":51,"Nunchaku":19,"Matryoshka":4,"Ring of Fangs":29,"Chameleon Ring":29,"hubris:Backtick":44,"aspiration:DefectSkillbook":33,"Mummified Hand":71,"aspiration:AnachronicSnailShell":51,"Red Mask":13,"aspiration:ChemicalBlood":67,"Potion Belt":29,"BargainBundle":67,"conspire:RunicOctahedron":58,"PreservedInsect":13,"MawBank":9,"Medical Kit":40,"Mercury Hourglass":17,"Peace Pipe":4,"Anchor":27,"m_SpellCore":44,"hubris:GrandSneckoEye":65,"Bag of Marbles":73,"Toy Ornithopter":38,"hubris:BottledRain":67},{"Gremlin Horn":16,"Uniform":0,"sneckomod:SneckoSoul":294,"Old Coin":92,"Replay:Ringing Soul":206,"Centennial Puzzle":187,"Strawberry":97,"Replay:Bottled Flurry":178,"PocketWatch":210,"HollowMod:PaleOreRelic":132,"Replay:Wax Seal":132,"Replay:Bottled Steam":146,"MerchantsRug":127,"Happy Flower":127,"aspiration:Nostalgia":294,"Blue Candle":55,"ReplayTheSpireMod:Ring of Addiction":132,"Eternal Feather":52,"aspiration:SeaSaltIceCream":361,"War Paint":178,"WarpedTongs":233,"Replay:Baseball":178,"conspire:GiftBox":392,"Shuriken":44,"Bronze Scales":178,"MutagenicStrength":183,"Pandora\u0027s Box":40,"StrikeDummy":127,"Pocketwatch":304,"Lantern":57,"aspiration:Lifesprig":132,"Singing Bowl":16,"SacredBark":76,"animator:TheMissingPiece":361,"Incense Burner":111,"Juzu Bracelet":294,"Replay:Mystery Machine":294,"conspire:TopHat":285,"ClockworkSouvenir":226,"Nunchaku":88,"Matryoshka":16,"Ring of Fangs":132,"Chameleon Ring":132,"hubris:Backtick":195,"aspiration:DefectSkillbook":151,"Mummified Hand":375,"aspiration:AnachronicSnailShell":226,"Red Mask":57,"aspiration:ChemicalBlood":339,"Potion Belt":132,"BargainBundle":339,"conspire:RunicOctahedron":274,"PreservedInsect":57,"MawBank":44,"Medical Kit":178,"Mercury Hourglass":79,"Peace Pipe":16,"Anchor":127,"m_SpellCore":195,"hubris:GrandSneckoEye":335,"Bag of Marbles":387,"Toy Ornithopter":171,"hubris:BottledRain":339}],"WarpedTongs":[161],"Pocketwatch":[93]},"card_choices":[{"not_picked":["Starlight","MoonPhase"],"picked":"ShatteredReality","floor":1},{"not_picked":["BottledTime","Shuttle"],"picked":"SurpressingFire","floor":2},{"not_picked":["Rewind","ShatteredReality"],"picked":"Potential","floor":7},{"not_picked":["Rearm","FloweringNight"],"picked":"Alleviate","floor":8},{"not_picked":["Comet","Ricochet"],"picked":"Luminosity","floor":10},{"not_picked":["Starlight","Spin"],"picked":"DancingSilver","floor":12},{"not_picked":["Embodiment","Solidify"],"picked":"SoulSculpture","floor":16},{"not_picked":["Ricochet+1","FastForward"],"picked":"Sabotage","floor":18},{"not_picked":["Shuttle","Moondial"],"picked":"ShatteredReality+1","floor":21},{"not_picked":["Spin","TimeWarp"],"picked":"DualDimension+1","floor":22},{"not_picked":["Alleviate","Defy+1"],"picked":"FlawlessForm","floor":22},{"not_picked":["ShatteredReality","Unruled"],"picked":"Spin","floor":23},{"not_picked":["Manipulate","Unruled"],"picked":"Contraction","floor":27},{"not_picked":["Rewind","Replace","TimeWarp"],"picked":"SKIP","floor":29},{"not_picked":["Revamp+1","Ricochet"],"picked":"Initiator","floor":31},{"not_picked":["ForgedInTime","FloweringNight"],"picked":"Solidify","floor":33},{"not_picked":["Rearm","Shuttle+1"],"picked":"Unruled+1","floor":35},{"not_picked":["DancingSilver+1","Rearm","FastForward"],"picked":"SKIP","floor":36},{"not_picked":["ShatteredReality+1","Alleviate+1"],"picked":"Starlight+1","floor":38},{"not_picked":["Collapse","Ricochet"],"picked":"Manipulate+1","floor":39},{"not_picked":["Moonlight+1","TimeWarp","Manipulate"],"picked":"SKIP","floor":41},{"not_picked":["BottledTime","Rewind"],"picked":"Gouge+1","floor":44},{"not_picked":["Replace","Starlight+1"],"picked":"Alleviate+1","floor":45},{"not_picked":["Rearm+1","RealityMarble+1"],"picked":"Potential+1","floor":46},{"not_picked":["Duplication","SoulSculpture"],"picked":"MurderousAura","floor":48},{"not_picked":["Starlight+1","Alleviate+1"],"picked":"Sabotage+1","floor":48}],"player_experience":592952,"relics_obtained":[{"floor":8,"key":"Strawberry"},{"floor":9,"key":"Replay:Baseball"},{"floor":20,"key":"Anchor"},{"floor":22,"key":"conspire:TopHat"},{"floor":23,"key":"Juzu Bracelet"},{"floor":26,"key":"Nunchaku"},{"floor":27,"key":"Pocketwatch"},{"floor":43,"key":"aspiration:SeaSaltIceCream"},{"floor":44,"key":"Mummified Hand"},{"floor":46,"key":"Bag of Marbles"},{"floor":48,"key":"conspire:GiftBox"}],"event_choices":[{"damage_healed":0,"gold_gain":0,"player_choice":"Argue","damage_taken":0,"max_hp_gain":0,"max_hp_loss":0,"event_name":"conspire:LoneGhost","floor":3,"gold_loss":0},{"damage_healed":0,"gold_gain":0,"player_choice":"Rummage","damage_taken":0,"relics_obtained":["WarpedTongs"],"max_hp_gain":0,"max_hp_loss":0,"event_name":"Accursed Blacksmith","floor":4,"gold_loss":0,"cards_obtained":["Pain"]},{"damage_healed":0,"gold_gain":0,"player_choice":"Became a vampire","damage_taken":0,"max_hp_gain":0,"max_hp_loss":22,"event_name":"Vampires","floor":28,"gold_loss":0,"cards_obtained":["Bite","Bite","Bite","Bite","Bite"]},{"damage_healed":0,"gold_gain":0,"player_choice":"Got Potions","damage_taken":0,"max_hp_gain":0,"max_hp_loss":0,"event_name":"Lab","floor":42,"gold_loss":0},{"cards_removed":["Defend_S"],"damage_healed":0,"gold_gain":0,"player_choice":"Upgrade and Remove","damage_taken":0,"max_hp_gain":0,"max_hp_loss":0,"event_name":"Designer","floor":47,"gold_loss":90,"cards_upgraded":["DancingSilver"]},{"damage_healed":0,"gold_gain":0,"player_choice":"Fight","damage_taken":0,"max_hp_gain":0,"max_hp_loss":0,"event_name":"MindBloom","floor":48,"gold_loss":0}],"is_beta":false,"boss_relics":[{"not_picked":["aspiration:RitualDagger","Runic Dome"],"picked":"conspire:RunicOctahedron"},{"not_picked":["Pandora\u0027s Box","Sozu"],"picked":"hubris:GrandSneckoEye"}],"items_purged_floors":[14,37],"is_endless":false,"potions_floor_spawned":[2,12,27,29,31,33,35,36,41,46],"killed_by":"conspire:OrnateMirror","ascension_level":1}}