{"host":"6ko66ogg91i6g7xq","time":1607678128,"event":{"mods":["AchievementEnabler","Act Like it!","BaseMod","Colored Map","Colored Powertips","Downfall","Hermit","Minty Spire (QoL Compilation)","Quick Restart","Relic Stats","StSLib","The Jungle","everything is the same but u backflip on backflip"],"gold_per_floor":[114,114,114,134,134,134,168,192,217,12,55,69,104,104,104,229,229,242,242,242,102,123,166,166,199,225,350,370,370,370,383,383,482,482,501,551,551,568,618,618,618],"floor_reached":40,"playtime":1768,"items_purged":[],"score":567,"play_id":"0e12aa06-97ea-4cd9-8420-00be2ac285c4","local_time":"20201211041528","is_ascension_mode":true,"campfire_choices":[{"floor":6,"key":"RECALL"},{"floor":15,"key":"REST"},{"floor":24,"key":"REST"},{"floor":30,"key":"REST"},{"floor":32,"key":"REST"}],"circlet_count":0,"master_deck":["Strike_G","Strike_G","Strike_G","Strike_G","Strike_G","Defend_G+1","Defend_G","Defend_G","Defend_G","Defend_G","Survivor+1","Neutralize","Dodge and Roll","Dodge and Roll","Cloak And Dagger","Blade Dance","Corpse Explosion","Backstab+1","Die Die Die","Backflip+1","Unload","Poisoned Stab","Doppelganger","Terror","Accuracy+1","Dagger Spray+1"],"relics":["Ring of the Snake","NeowsBlessing","Bloody Idol","Bag of Marbles","Omamori","Lantern","FossilizedHelix","Ancient Tea Set","SlaversCollar","Bronze Scales","MealTicket","Happy Flower","The Specimen","Mercury Hourglass","Black Star","Torii","WingedGreaves"],"acts_visited":["Exordium","TheCity","TheBeyond"],"potions_floor_usage":[8,9,11,11,13,16,23,23,33,33,36],"damage_taken":[{"damage":0,"enemies":"Jaw Worm","floor":1,"turns":1},{"damage":0,"enemies":"Small Slimes","floor":4,"turns":1},{"damage":0,"enemies":"Lagavulin","floor":7,"turns":1},{"damage":0,"enemies":"2 Louse","floor":8,"turns":1},{"damage":15,"enemies":"Gremlin Nob","floor":11,"turns":5},{"damage":0,"enemies":"Exordium Wildlife","floor":12,"turns":9},{"damage":0,"enemies":"3 Sentries","floor":13,"turns":9},{"damage":33,"enemies":"Slime Boss","floor":16,"turns":16},{"damage":2,"enemies":"Chosen","floor":18,"turns":6},{"damage":25,"enemies":"Spheric Guardian","floor":22,"turns":7},{"damage":18,"enemies":"Book of Stabbing","floor":23,"turns":4},{"damage":21,"enemies":"Gremlin Leader","floor":25,"turns":10},{"damage":0,"enemies":"Colosseum Slavers","floor":27,"turns":2},{"damage":2,"enemies":"Colosseum Nobs","floor":27,"turns":4},{"damage":0,"enemies":"Shelled Parasite and Fungi","floor":28,"turns":4},{"damage":0,"enemies":"Centurion and Healer","floor":31,"turns":3},{"damage":49,"enemies":"Automaton","floor":33,"turns":9},{"damage":0,"enemies":"Orb Walker","floor":35,"turns":3},{"damage":56,"enemies":"2 Orb Walkers","floor":36,"turns":6},{"damage":0,"enemies":"3 Shapes","floor":38,"turns":1},{"damage":0,"enemies":"Mind Bloom Boss Battle","floor":39,"turns":6},{"damage":50,"enemies":"Giant Head","floor":40,"turns":7}],"seed_played":"5825773159122606031","potions_obtained":[{"floor":1,"key":"SteroidPotion"},{"floor":7,"key":"EntropicBrew"},{"floor":12,"key":"ColorlessPotion"},{"floor":13,"key":"BlessingOfTheForge"},{"floor":16,"key":"CultistPotion"},{"floor":22,"key":"LiquidBronze"},{"floor":27,"key":"Swift Potion"},{"floor":31,"key":"hexamod:EctoCoolerPotion"},{"floor":33,"key":"LiquidBronze"}],"is_trial":false,"path_per_floor":["M","?","?","M","?","R","E","M","T","$","E","M","E","T","R","B",null,"M","?","?","$","M","E","R","E","T","?","M","?","R","M","R","B",null,"M","?","?","M","?","E"],"character_chosen":"THE_SILENT","items_purchased":["Lantern","Cloak And Dagger","Die Die Die"],"campfire_rested":4,"item_purchase_floors":[10,10,21],"current_hp_per_floor":[70,56,39,39,39,39,39,39,39,39,24,24,24,24,45,12,70,68,68,68,68,43,25,46,25,25,23,23,23,44,49,70,26,70,70,19,37,42,47,0,0],"gold":618,"neow_bonus":"THREE_ENEMY_KILL","is_daily":false,"chose_seed":false,"campfire_upgraded":0,"win_rate":0.0,"timestamp":1607678128,"path_taken":["M","?","?","M","?","R","E","?","T","$","E","M","E","?","R","BOSS","M","?","?","$","M","E","R","E","T","?","M","?","R","M","R","BOSS","M","?","?","M","?","E"],"items_purchased_type":["Relic","Card","Card"],"build_version":"2020-11-30","purchased_purges":0,"victory":false,"max_hp_per_floor":[70,70,70,70,70,70,70,70,70,70,70,70,70,70,70,70,70,70,70,70,70,70,70,70,70,70,70,70,70,70,70,70,70,70,70,70,70,70,70,70,70],"relic_stats":{"Happy Flower":[15],"Torii":0,"counters":[22,115],"Bloody Idol":25,"Bronze Scales":[162],"MealTicket":0,"Black Star":0,"obtain_stats":[{"Lantern":10,"NeowsBlessing":0,"Happy Flower":26,"The Specimen":27,"Torii":36,"Golden Idol":3,"Omamori":9,"Ancient Tea Set":13,"Mercury Hourglass":27,"SlaversCollar":17,"Bronze Scales":23,"Bloody Idol":29,"MealTicket":25,"WingedGreaves":39,"Bag of Marbles":7,"Black Star":34,"FossilizedHelix":11,"Ring of the Snake":0},{"Lantern":4,"NeowsBlessing":0,"Happy Flower":12,"The Specimen":14,"Torii":19,"Golden Idol":1,"Omamori":4,"Ancient Tea Set":7,"Mercury Hourglass":14,"SlaversCollar":8,"Bronze Scales":11,"Bloody Idol":15,"MealTicket":12,"WingedGreaves":21,"Bag of Marbles":3,"Black Star":17,"FossilizedHelix":5,"Ring of the Snake":0},{"Lantern":4,"NeowsBlessing":0,"Happy Flower":70,"The Specimen":76,"Torii":101,"Golden Idol":1,"Omamori":4,"Ancient Tea Set":27,"Mercury Hourglass":76,"SlaversCollar":43,"Bronze Scales":60,"Bloody Idol":80,"MealTicket":70,"WingedGreaves":108,"Bag of Marbles":3,"Black Star":92,"FossilizedHelix":9,"Ring of the Snake":0}],"Ring of the Snake":[44],"Mercury Hourglass":[140]},"card_choices":[{"not_picked":["Riddle With Holes","Prepared"],"picked":"Dodge and Roll","floor":1},{"not_picked":["Tactician","Acrobatics","Dagger Throw"],"picked":"SKIP","floor":4},{"not_picked":["Calculated Gamble","Bane"],"picked":"Dodge and Roll","floor":7},{"not_picked":["Dagger Throw","Predator","Bane"],"picked":"SKIP","floor":8},{"not_picked":["Deflect","Flying Knee","Predator"],"picked":"SKIP","floor":11},{"not_picked":["Flying Knee","Predator","Slice"],"picked":"SKIP","floor":12},{"not_picked":["Dagger Throw","Slice"],"picked":"Blade Dance","floor":13},{"not_picked":["A Thousand Cuts","Night Terror"],"picked":"Corpse Explosion","floor":16},{"not_picked":["Blur","Outmaneuver"],"picked":"Backstab+1","floor":18},{"not_picked":["Deadly Poison","Deflect","Expertise+1"],"picked":"SKIP","floor":22},{"not_picked":["All Out Attack+1","Dagger Spray"],"picked":"Backflip+1","floor":23},{"not_picked":["Backflip+1","Dagger Throw"],"picked":"Unload","floor":25},{"not_picked":["Deflect","Choke","Slice"],"picked":"SKIP","floor":28},{"not_picked":["Flying Knee+1","Slice"],"picked":"Poisoned Stab","floor":31},{"not_picked":["Burst","Tools of the Trade"],"picked":"Doppelganger","floor":33},{"not_picked":["Dodge and Roll","Slice","Deflect+1"],"picked":"SKIP","floor":35},{"not_picked":["Reflex+1","Deflect"],"picked":"Terror","floor":36},{"not_picked":["Finisher+1","Dagger Throw+1"],"picked":"Accuracy+1","floor":38},{"not_picked":["Deflect+1","Corpse Explosion"],"picked":"Dagger Spray+1","floor":39}],"player_experience":245071,"relics_obtained":[{"floor":7,"key":"Bag of Marbles"},{"floor":9,"key":"Omamori"},{"floor":11,"key":"FossilizedHelix"},{"floor":13,"key":"Ancient Tea Set"},{"floor":23,"key":"Bronze Scales"},{"floor":25,"key":"MealTicket"},{"floor":26,"key":"Happy Flower"},{"floor":27,"key":"The Specimen"},{"floor":27,"key":"Mercury Hourglass"},{"floor":36,"key":"Torii"},{"floor":39,"key":"WingedGreaves"}],"event_choices":[{"damage_healed":0,"gold_gain":0,"player_choice":"Entered Light","damage_taken":14,"max_hp_gain":0,"max_hp_loss":0,"event_name":"Shining Light","floor":2,"gold_loss":0,"cards_upgraded":["Survivor","Defend_G"]},{"damage_healed":0,"gold_gain":0,"player_choice":"Take Damage","damage_taken":17,"relics_obtained":["Golden Idol"],"max_hp_gain":0,"max_hp_loss":0,"event_name":"Golden Idol","floor":3,"gold_loss":0},{"damage_healed":0,"gold_gain":0,"player_choice":"Leave","damage_taken":0,"max_hp_gain":0,"max_hp_loss":0,"event_name":"The Cleric","floor":5,"gold_loss":0},{"damage_healed":0,"gold_gain":0,"player_choice":"Ignored","damage_taken":0,"max_hp_gain":0,"max_hp_loss":0,"event_name":"Beggar","floor":19,"gold_loss":0},{"damage_healed":0,"gold_gain":0,"player_choice":"Fight","damage_taken":0,"max_hp_gain":0,"max_hp_loss":0,"event_name":"Colosseum","floor":27,"gold_loss":0},{"damage_healed":0,"gold_gain":0,"player_choice":"Fought Nobs","damage_taken":0,"max_hp_gain":0,"max_hp_loss":0,"event_name":"Colosseum","floor":27,"gold_loss":0},{"damage_healed":0,"gold_gain":0,"player_choice":"Gave Idol","damage_taken":0,"relics_obtained":["Bloody Idol"],"max_hp_gain":0,"max_hp_loss":0,"event_name":"Forgotten Altar","floor":29,"relics_lost":["Golden Idol"],"gold_loss":0},{"damage_healed":0,"gold_gain":0,"player_choice":"Fight","damage_taken":0,"max_hp_gain":0,"max_hp_loss":0,"event_name":"Mysterious Sphere","floor":36,"gold_loss":0},{"damage_healed":18,"gold_gain":0,"player_choice":"Writhe","damage_taken":0,"max_hp_gain":0,"max_hp_loss":0,"event_name":"Winding Halls","floor":37,"gold_loss":0,"cards_obtained":["Writhe"]},{"damage_healed":0,"gold_gain":0,"player_choice":"Fight","damage_taken":0,"max_hp_gain":0,"max_hp_loss":0,"event_name":"MindBloom","floor":39,"gold_loss":0}],"is_beta":false,"boss_relics":[{"not_picked":["Ectoplasm","HoveringKite"],"picked":"SlaversCollar"},{"not_picked":["Sozu","Coffee Dripper"],"picked":"Black Star"}],"items_purged_floors":[],"is_endless":false,"potions_floor_spawned":[1,7,12,13,16,22,27,27,31,33],"killed_by":"Giant Head","ascension_level":2}}