{"host":"3m3t6u1636lvefx4","time":1607680786,"event":{"mods":["AchievementEnabler","BaseMod","Block Reminder","Colored Powertips","Highlight Path","Minty Spire (QoL Compilation)","Quick Restart","Slay-I","StSLib"],"gold_per_floor":[116,131,131,148,163,163,163,180,180,204,204,221,239,251,251,251,251],"floor_reached":16,"playtime":690,"items_purged":[],"score":96,"play_id":"ed708a3c-5853-4c55-84ea-e8726b5bcc92","local_time":"20201211125946","is_ascension_mode":false,"campfire_choices":[{"floor":6,"key":"REST"},{"data":"Bouncing Flask","floor":11,"key":"SMITH"},{"floor":15,"key":"REST"}],"circlet_count":0,"master_deck":["Strike_G","Strike_G","Strike_G","Strike_G","Defend_G","Defend_G","Defend_G","Defend_G","Defend_G","Survivor","Neutralize","Secret Technique","Deadly Poison","Infinite Blades","Bouncing Flask+1","Acrobatics","Catalyst","Cloak And Dagger"],"relics":["Ring of the Snake","Letter Opener","Paper Crane","Tiny Chest"],"acts_visited":["Exordium"],"potions_floor_usage":[],"damage_taken":[{"damage":0.0,"enemies":"Small Slimes","floor":1.0,"turns":4.0},{"damage":0,"enemies":"Jaw Worm","floor":2,"turns":4},{"damage":0,"enemies":"Cultist","floor":4,"turns":3},{"damage":38,"enemies":"Gremlin Gang","floor":5,"turns":8},{"damage":0,"enemies":"Red Slaver","floor":8,"turns":6},{"damage":2,"enemies":"Exordium Thugs","floor":12,"turns":4},{"damage":3,"enemies":"3 Louse","floor":13,"turns":4},{"damage":0,"enemies":"Blue Slaver","floor":14,"turns":4},{"damage":49,"enemies":"Slime Boss","floor":16,"turns":11}],"seed_played":"-7747520226816883649","potions_obtained":[{"floor":1.0,"key":"CunningPotion"},{"floor":4,"key":"BlessingOfTheForge"},{"floor":5,"key":"SpeedPotion"}],"is_trial":false,"path_per_floor":["M","M","?","M","M","R","T","M","T","T","R","M","M","M","R","B"],"character_chosen":"THE_SILENT","items_purchased":[],"campfire_rested":2,"item_purchase_floors":[],"current_hp_per_floor":[49,49,49,49,11,32,32,32,32,32,32,30,27,27,48,0,0],"gold":251,"neow_bonus":"RANDOM_COLORLESS_2","is_daily":false,"chose_seed":false,"campfire_upgraded":1,"win_rate":0.0,"timestamp":1607680786,"path_taken":["M","M","?","M","M","R","?","?","T","?","R","M","M","M","R","BOSS"],"items_purchased_type":[],"build_version":"2020-11-30","purchased_purges":0,"victory":false,"max_hp_per_floor":[70,70,70,70,70,70,70,70,70,70,70,70,70,70,70,70,70],"card_choices":[{"not_picked":["HandOfGreed","Metamorphosis"],"picked":"Secret Technique","floor":0.0},{"not_picked":["Slice","Sucker Punch"],"picked":"Deadly Poison","floor":1.0},{"not_picked":["Heel Hook","Flying Knee"],"picked":"Infinite Blades","floor":2},{"not_picked":["Dodge and Roll","Underhanded Strike"],"picked":"Acrobatics","floor":4},{"not_picked":["Dagger Throw","Acrobatics","Riddle With Holes"],"picked":"SKIP","floor":5},{"not_picked":["Poisoned Stab","Quick Slash","Terror"],"picked":"SKIP","floor":8},{"not_picked":["Setup","Sucker Punch","Deadly Poison"],"picked":"SKIP","floor":12},{"not_picked":["Bullet Time","Choke"],"picked":"Catalyst","floor":13},{"not_picked":["Bane","Eviscerate"],"picked":"Cloak And Dagger","floor":14}],"player_experience":245373,"relics_obtained":[{"floor":7,"key":"Letter Opener"},{"floor":9,"key":"Paper Crane"},{"floor":10,"key":"Tiny Chest"}],"event_choices":[{"damage_healed":0,"gold_gain":0,"cards_transformed":["Strike_G"],"player_choice":"Change","damage_taken":0,"max_hp_gain":0,"max_hp_loss":0,"event_name":"Living Wall","floor":3,"gold_loss":0,"cards_obtained":["Bouncing Flask"]}],"is_beta":false,"boss_relics":[],"items_purged_floors":[],"is_endless":false,"potions_floor_spawned":[1,4,5,12],"killed_by":"Slime Boss","ascension_level":0}}