{"host":"vm2xipfi7knqomas","time":1607729968,"event":{"mods":["BaseMod","BetterRewards","Downfall","Minty Spire (QoL Compilation)","Shop Mod","StSLib"],"gold_per_floor":[110,121,139,139,157,157,157,183,183,215,215,226,226,238,238,343,343,360,372,66,77,87,114,114,134,134,134,164,176,202,231,243,359,421,448,472,499,561,583,629,641,667,729,753,777,200,200,200],"floor_reached":47,"playtime":2546,"items_purged":["Parasite"],"score":540,"play_id":"fd55d582-1d7b-4193-be08-c4208dce8788","local_time":"20201211183928","is_ascension_mode":false,"campfire_choices":[{"data":"Tantrum","floor":6.0,"key":"SMITH"},{"floor":13.0,"key":"REST"},{"floor":15.0,"key":"REST"},{"floor":24.0,"key":"REST"},{"floor":32.0,"key":"REST"},{"floor":41.0,"key":"RECALL"}],"circlet_count":0,"master_deck":["Eruption","Vigilance+1","Tantrum+1","Protect+1","ClearTheMind+1","Devotion+1","LessonLearned+1","CrushJoints","InnerPeace+1","Brilliance","EmptyMind+1","SandsOfTime+1","JustLucky+1","Devotion","ForeignInfluence+1","SashWhip+1","Adaptation+1","ThirdEye+1","FollowUp+1","DevaForm+1","Protect+1","Halt+1","FlurryOfBlows+1","TalkToTheHand+1","Establishment","Tantrum+1","Prostrate+1","Nirvana","FearNoEvil","Omniscience+1"],"relics":["PureWater","NeowsBlessing","Ornamental Fan","White Beast Statue","Toxic Egg 2","Pandora\u0027s Box","Lantern","Bronze Scales","Singing Bowl","MawBank","Tiny House","Gambling Chip","Juzu Bracelet","OrangePellets","Whetstone"],"acts_visited":["Exordium","TheCity","TheBeyond"],"potions_floor_usage":[45],"damage_taken":[{"damage":0.0,"enemies":"Cultist","floor":1.0,"turns":1.0},{"damage":0.0,"enemies":"Jaw Worm","floor":2.0,"turns":1.0},{"damage":0.0,"enemies":"2 Louse","floor":3.0,"turns":1.0},{"damage":1.0,"enemies":"Red Slaver","floor":5.0,"turns":3.0},{"damage":35.0,"enemies":"3 Sentries","floor":8.0,"turns":7.0},{"damage":15.0,"enemies":"Lagavulin","floor":10.0,"turns":6.0},{"damage":12.0,"enemies":"3 Louse","floor":12.0,"turns":4.0},{"damage":0.0,"enemies":"Looter","floor":14.0,"turns":1.0},{"damage":21.0,"enemies":"Hexaghost","floor":16.0,"turns":8.0},{"damage":0.0,"enemies":"Spheric Guardian","floor":18.0,"turns":3.0},{"damage":8.0,"enemies":"Chosen","floor":19.0,"turns":5.0},{"damage":10.0,"enemies":"Snake Plant","floor":21.0,"turns":3.0},{"damage":0.0,"enemies":"Snecko","floor":22.0,"turns":2.0},{"damage":34.0,"enemies":"Slavers","floor":23.0,"turns":5.0},{"damage":10.0,"enemies":"Chosen and Byrds","floor":25.0,"turns":6.0},{"damage":14.0,"enemies":"Book of Stabbing","floor":28.0,"turns":4.0},{"damage":10.0,"enemies":"Snake Plant","floor":30.0,"turns":5.0},{"damage":11.0,"enemies":"Shelled Parasite and Fungi","floor":31.0,"turns":4.0},{"damage":7.0,"enemies":"Champ","floor":33.0,"turns":7.0},{"damage":3.0,"enemies":"3 Darklings","floor":35.0,"turns":4.0},{"damage":9.0,"enemies":"3 Shapes","floor":36.0,"turns":3.0},{"damage":11.0,"enemies":"Maw","floor":37.0,"turns":6.0},{"damage":12.0,"enemies":"Mind Bloom Boss Battle","floor":38.0,"turns":5.0},{"damage":5.0,"enemies":"Writhing Mass","floor":39.0,"turns":3.0},{"damage":25.0,"enemies":"Nemesis","floor":40.0,"turns":3.0},{"damage":30.0,"enemies":"Jaw Worm Horde","floor":42.0,"turns":4.0},{"damage":2.0,"enemies":"Transient","floor":44.0,"turns":5.0},{"damage":3,"enemies":"Writhing Mass","floor":45,"turns":6},{"damage":11,"enemies":"4 Shapes","floor":47,"turns":4}],"seed_played":"-2692854287737878631","potions_obtained":[{"floor":1.0,"key":"Block Potion"},{"floor":5.0,"key":"SteroidPotion"},{"floor":8.0,"key":"Explosive Potion"},{"floor":10.0,"key":"Swift Potion"},{"floor":16.0,"key":"Block Potion"},{"floor":18.0,"key":"LiquidMemories"},{"floor":19.0,"key":"BlessingOfTheForge"},{"floor":21.0,"key":"EssenceOfSteel"},{"floor":23.0,"key":"SteroidPotion"},{"floor":25.0,"key":"Fruit Juice"},{"floor":28.0,"key":"Guardian:BlockOnCardUsePotion"},{"floor":30.0,"key":"SteroidPotion"},{"floor":33.0,"key":"DuplicationPotion"},{"floor":34.0,"key":"Ambrosia"},{"floor":35.0,"key":"StancePotion"},{"floor":36.0,"key":"Regen Potion"},{"floor":37.0,"key":"LiquidBronze"},{"floor":40.0,"key":"Ancient Potion"},{"floor":42.0,"key":"FearPotion"},{"floor":44.0,"key":"Block Potion"},{"floor":45,"key":"Ambrosia"}],"is_trial":false,"path_per_floor":["M","M","M","$","M","R","?","E","T","E","?","M","R","M","R","B",null,"M","M","$","M","M","E","R","M","T","$","E","?","M","M","R","B",null,"M","M","M","?","M","E","R","M","T","M","M","$","M"],"character_chosen":"WATCHER","items_purchased":["Lantern","DevaForm","OrangePellets","Whetstone","FearNoEvil","Omniscience+1"],"campfire_rested":4,"item_purchase_floors":[20,20,46,46,46,46],"current_hp_per_floor":[72,72,72,72,71,71,71,36,36,21,21,9,30,30,51,30,72,72,64,64,54,54,20,41,31,31,31,22,22,14,3,26,19,84,81,74,65,55,52,38,38,10,10,8,7,7,0,0],"gold":200,"neow_bonus":"THREE_ENEMY_KILL","is_daily":false,"chose_seed":false,"campfire_upgraded":1,"win_rate":0.0,"timestamp":1607729968,"path_taken":["M","?","M","?","M","R","?","E","T","E","?","?","R","M","R","BOSS","M","M","$","M","M","E","R","M","T","$","E","?","M","M","R","BOSS","M","M","M","?","M","E","R","M","T","M","M","$","M"],"items_purchased_type":["Relic","Card","Relic","Relic","Card","Card"],"build_version":"2020-11-30","purchased_purges":1,"victory":false,"max_hp_per_floor":[72,72,72,72,72,72,72,72,72,72,72,72,72,72,72,72,72,72,72,72,72,72,72,72,72,72,72,77,77,79,79,79,79,84,84,86,88,90,92,94,94,96,96,96,98,95,95,95],"card_choices":[{"not_picked":["FlyingSleeves","PathToVictory"],"picked":"Tantrum","floor":1.0},{"not_picked":["WindmillStrike","Swivel"],"picked":"Protect","floor":2.0},{"not_picked":["Prostrate","CrushJoints","SashWhip"],"picked":"SKIP","floor":3.0},{"not_picked":["MentalFortress","Fasting2"],"picked":"ClearTheMind","floor":5.0},{"not_picked":["Halt","EmptyBody"],"picked":"Devotion","floor":8.0},{"not_picked":["FlyingSleeves","EmptyFist"],"picked":"LessonLearned","floor":10.0},{"not_picked":["EmptyFist","Evaluate+1"],"picked":"CrushJoints","floor":12.0},{"not_picked":["PathToVictory+1","Consecrate"],"picked":"InnerPeace+1","floor":14.0},{"not_picked":["DevaForm","Judgement+1"],"picked":"Brilliance","floor":16.0},{"not_picked":["Prostrate+1","FlurryOfBlows"],"picked":"ThirdEye+1","floor":18.0},{"not_picked":["EmptyFist","CrushJoints"],"picked":"FollowUp+1","floor":19.0},{"not_picked":["Evaluate+1","Consecrate","PathToVictory+1"],"picked":"SKIP","floor":21.0},{"not_picked":["EmptyFist","Ragnarok"],"picked":"Protect+1","floor":22.0},{"not_picked":["Protect+1","FlurryOfBlows"],"picked":"Halt+1","floor":23.0},{"not_picked":["SashWhip","ClearTheMind+1","BowlingBash+1"],"picked":"SKIP","floor":25.0},{"not_picked":["DeceiveReality+1","FearNoEvil"],"picked":"FlurryOfBlows","floor":28.0},{"not_picked":["CutThroughFate","Weave","CrushJoints+1"],"picked":"Singing Bowl","floor":30.0},{"not_picked":["ForeignInfluence+1","Scrawl+1"],"picked":"TalkToTheHand+1","floor":31.0},{"not_picked":["DevaForm","ConjureBlade+1"],"picked":"Establishment","floor":33.0},{"not_picked":["Halt+1","Collect+1"],"picked":"Tantrum","floor":34.0},{"not_picked":["ThirdEye+1","Adaptation+1"],"picked":"Prostrate+1","floor":35.0},{"not_picked":["FlyingSleeves","ThirdEye+1","Indignation+1"],"picked":"Singing Bowl","floor":36.0},{"not_picked":["EmptyFist+1","Study","DeusExMachina+1"],"picked":"Singing Bowl","floor":37.0},{"not_picked":["FlyingSleeves+1","Sanctity+1","Wallop+1"],"picked":"Singing Bowl","floor":38.0},{"not_picked":["SashWhip+1","Evaluate+1","CarveReality+1"],"picked":"Singing Bowl","floor":39.0},{"not_picked":["EmptyMind+1","Protect+1","Evaluate+1"],"picked":"Singing Bowl","floor":40.0},{"not_picked":["FollowUp+1","CrushJoints+1","Protect+1"],"picked":"Singing Bowl","floor":42.0},{"not_picked":["Worship+1","CrushJoints"],"picked":"Nirvana","floor":44.0},{"not_picked":["PathToVictory+1","SandsOfTime","FollowUp+1"],"picked":"Singing Bowl","floor":45}],"player_experience":114612,"relics_obtained":[{"floor":8.0,"key":"Ornamental Fan"},{"floor":9.0,"key":"White Beast Statue"},{"floor":10.0,"key":"Toxic Egg 2"},{"floor":23.0,"key":"Bronze Scales"},{"floor":26.0,"key":"Singing Bowl"},{"floor":28.0,"key":"MawBank"},{"floor":38.0,"key":"Gambling Chip"},{"floor":40.0,"key":"Juzu Bracelet"}],"event_choices":[{"damage_healed":0.0,"max_hp_gain":0.0,"max_hp_loss":0.0,"gold_gain":0.0,"event_name":"The Cleric","player_choice":"Leave","floor":7.0,"gold_loss":0.0,"damage_taken":0.0},{"damage_healed":0.0,"max_hp_gain":0.0,"max_hp_loss":0.0,"gold_gain":0.0,"event_name":"FaceTrader","player_choice":"Leave","floor":11.0,"gold_loss":0.0,"damage_taken":0.0},{"cards_removed":["Alpha"],"damage_healed":0.0,"max_hp_gain":0.0,"max_hp_loss":0.0,"gold_gain":0.0,"event_name":"Back to Basics","player_choice":"Elegance","floor":29.0,"gold_loss":0.0,"damage_taken":0.0},{"damage_healed":0.0,"max_hp_gain":0.0,"max_hp_loss":0.0,"gold_gain":0.0,"event_name":"MindBloom","player_choice":"Fight","floor":38.0,"gold_loss":0.0,"damage_taken":0.0}],"is_beta":false,"boss_relics":[{"not_picked":["Cursed Key","Black Star"],"picked":"Pandora\u0027s Box"},{"not_picked":["Velvet Choker","Philosopher\u0027s Stone"],"picked":"Tiny House"}],"items_purged_floors":[46],"is_endless":false,"potions_floor_spawned":[1,5,8,10,12,14,16,18,19,21,22,23,25,28,30,31,33,35,36,37,38,39,40,42,44,45],"killed_by":"4 Shapes","ascension_level":0}}