{"host":"utqe55yv0jihe4d6","time":1607661143,"event":{"mods":["2.2 Compatiblity","AchievementEnabler","BaseMod","Block Reminder","Colored Map","Colored Powertips","Minty Spire (QoL Compilation)","Quick Restart","Rare Cards Sparkle","Relic Stats","SuperFastMode"],"gold_per_floor":[111,111,130,130,147,147,15,44,71,102,102,122,151,168,168,242,242,261,278,10,29,29,59,78,105,105,105,118,118,118,144,144,144,144],"floor_reached":33,"playtime":1159,"items_purged":["Strike_B","Strike_B"],"score":850,"play_id":"923d4644-c6a4-4e20-a504-0a7b3058c547","local_time":"20201210233223","is_ascension_mode":true,"campfire_choices":[{"data":"Sweeping Beam","floor":6.0,"key":"SMITH"},{"data":"Buffer","floor":11.0,"key":"SMITH"},{"data":"Lockon","floor":15.0,"key":"SMITH"},{"floor":27,"key":"REST"},{"floor":30,"key":"REST"},{"data":"Fission","floor":32,"key":"SMITH"}],"circlet_count":0,"master_deck":["AscendersBane","Defend_B","Defend_B","Defend_B","Defend_B","Zap","Dualcast","Buffer+1","Conserve Battery","Lockon+1","Sweeping Beam+1","Cold Snap","Cold Snap","Melter","Reinforced Body","Fission+1","Consume+1","FTL+1","Rainbow","Chill","Loop+1","Self Repair"],"relics":["Cracked Core","Tiny Chest","Art of War","FossilizedHelix","Mummified Hand","Sozu","Lantern","Singing Bowl","Anchor","Emotion Chip","Happy Flower","StrikeDummy"],"acts_visited":["Exordium","TheCity"],"potions_floor_usage":[25,25],"damage_taken":[{"damage":0.0,"enemies":"Jaw Worm","floor":1.0,"turns":4.0},{"damage":0.0,"enemies":"2 Louse","floor":3.0,"turns":4.0},{"damage":0.0,"enemies":"Cultist","floor":5.0,"turns":3.0},{"damage":18.0,"enemies":"3 Sentries","floor":8.0,"turns":7.0},{"damage":6.0,"enemies":"Gremlin Nob","floor":10.0,"turns":3.0},{"damage":0.0,"enemies":"Blue Slaver","floor":12.0,"turns":3.0},{"damage":0.0,"enemies":"3 Sentries","floor":13.0,"turns":6.0},{"damage":0.0,"enemies":"Lots of Slimes","floor":14.0,"turns":3.0},{"damage":0.0,"enemies":"The Guardian","floor":16.0,"turns":15.0},{"damage":15.0,"enemies":"3 Byrds","floor":18.0,"turns":6.0},{"damage":0.0,"enemies":"Spheric Guardian","floor":19.0,"turns":2.0},{"damage":6,"enemies":"Cultist and Chosen","floor":21,"turns":9},{"damage":27,"enemies":"Slavers","floor":23,"turns":10},{"damage":0,"enemies":"Shelled Parasite and Fungi","floor":24,"turns":6},{"damage":6,"enemies":"Gremlin Leader","floor":25,"turns":7},{"damage":0,"enemies":"Snake Plant","floor":28,"turns":5},{"damage":0,"enemies":"Book of Stabbing","floor":31,"turns":5},{"damage":67,"enemies":"Automaton","floor":33,"turns":14}],"seed_played":"-953800098175143893","potions_obtained":[{"floor":3.0,"key":"LiquidMemories"},{"floor":8.0,"key":"PowerPotion"},{"floor":12.0,"key":"Explosive Potion"},{"floor":16.0,"key":"Fire Potion"}],"is_trial":false,"path_per_floor":["M","?","M","?","M","R","$","E","T","E","R","M","E","M","R","B",null,"M","M","$","M","?","E","M","E","T","R","M","T","R","E","R","B"],"character_chosen":"DEFECT","items_purchased":["Fire Potion","Lantern"],"campfire_rested":2,"item_purchase_floors":[7,20],"current_hp_per_floor":[64,64,64,64,64,64,64,46,46,40,40,40,40,40,40,40,58,43,43,43,37,37,12,12,6,6,25,27,27,47,47,47,0,0],"gold":144,"neow_bonus":"THREE_RARE_CARDS","is_daily":false,"chose_seed":false,"campfire_upgraded":4,"win_rate":0.0,"timestamp":1607661143,"path_taken":["M","?","M","?","M","R","$","E","T","E","R","M","E","?","R","BOSS","M","M","$","M","?","E","?","E","T","R","M","?","R","E","R","BOSS"],"items_purchased_type":["Potion","Relic"],"build_version":"2020-11-30","purchased_purges":2,"victory":false,"max_hp_per_floor":[64,64,64,64,64,64,64,64,64,64,64,64,64,64,64,64,64,64,64,64,64,64,66,66,66,66,66,68,68,68,68,68,68,68],"relic_stats":{"Sozu":3,"Emotion Chip":[3,2,1,0,0],"Singing Bowl":4,"Happy Flower":[6],"counters":[18,112],"Mummified Hand":[15],"Tiny Chest":1,"Art of War":[12],"obtain_stats":[{"Sozu":17,"Lantern":20,"Anchor":25,"Emotion Chip":26,"Singing Bowl":23,"Happy Flower":29,"Mummified Hand":13,"Tiny Chest":8,"Art of War":9,"Cracked Core":0,"StrikeDummy":31,"FossilizedHelix":10},{"Sozu":9,"Lantern":11,"Anchor":15,"Emotion Chip":15,"Singing Bowl":13,"Happy Flower":16,"Mummified Hand":7,"Tiny Chest":4,"Art of War":4,"Cracked Core":0,"StrikeDummy":17,"FossilizedHelix":5},{"Sozu":48,"Lantern":56,"Anchor":88,"Emotion Chip":88,"Singing Bowl":75,"Happy Flower":93,"Mummified Hand":30,"Tiny Chest":18,"Art of War":18,"Cracked Core":0,"StrikeDummy":98,"FossilizedHelix":21}]},"card_choices":[{"not_picked":["Meteor Strike","Amplify"],"picked":"Buffer","floor":0.0},{"not_picked":["Redo","Rebound"],"picked":"Conserve Battery","floor":1.0},{"not_picked":["Scrape","Stack"],"picked":"Lockon","floor":3.0},{"not_picked":["Hologram","Storm"],"picked":"Sweeping Beam","floor":5.0},{"not_picked":["Amplify","Beam Cell"],"picked":"Cold Snap","floor":8.0},{"not_picked":["Fusion","Hologram"],"picked":"Cold Snap","floor":10.0},{"not_picked":["Chaos","Ball Lightning"],"picked":"Melter","floor":12.0},{"not_picked":["Rebound","Lockon"],"picked":"Reinforced Body","floor":13.0},{"not_picked":["Reprogram","Lockon","Streamline"],"picked":"SKIP","floor":14.0},{"not_picked":["Rainbow","All For One"],"picked":"Fission","floor":16.0},{"not_picked":["Double Energy","Coolheaded"],"picked":"Consume+1","floor":18.0},{"not_picked":["Gash","Conserve Battery"],"picked":"FTL+1","floor":19.0},{"not_picked":["Ball Lightning","Sweeping Beam"],"picked":"Rainbow","floor":21},{"not_picked":["Sweeping Beam","Gash","Ball Lightning+1"],"picked":"Singing Bowl","floor":23},{"not_picked":["Ball Lightning","Leap"],"picked":"Chill","floor":24},{"not_picked":["Doom and Gloom","Thunder Strike"],"picked":"Loop+1","floor":25},{"not_picked":["Go for the Eyes","Streamline","Lockon"],"picked":"Singing Bowl","floor":28},{"not_picked":["Multi-Cast","Compile Driver"],"picked":"Self Repair","floor":31}],"player_experience":2735825,"relics_obtained":[{"floor":8.0,"key":"Tiny Chest"},{"floor":9.0,"key":"Art of War"},{"floor":10.0,"key":"FossilizedHelix"},{"floor":13.0,"key":"Mummified Hand"},{"floor":23,"key":"Singing Bowl"},{"floor":25,"key":"Anchor"},{"floor":26,"key":"Emotion Chip"},{"floor":29,"key":"Happy Flower"},{"floor":31,"key":"StrikeDummy"}],"event_choices":[{"damage_healed":0.0,"max_hp_gain":0.0,"max_hp_loss":0.0,"gold_gain":0.0,"event_name":"Liars Game","player_choice":"Ignored","floor":2.0,"gold_loss":0.0,"damage_taken":0.0},{"cards_removed":["Strike_B"],"damage_healed":0.0,"max_hp_gain":0.0,"max_hp_loss":0.0,"gold_gain":0.0,"event_name":"Purifier","player_choice":"Purged","floor":4.0,"gold_loss":0.0,"damage_taken":0.0},{"cards_removed":["Strike_B"],"damage_healed":0,"gold_gain":0,"player_choice":"Card Removal","damage_taken":0,"max_hp_gain":0,"max_hp_loss":0,"event_name":"Wheel of Change","floor":22,"gold_loss":0}],"is_beta":false,"boss_relics":[{"not_picked":["Snecko Eye","Cursed Key"],"picked":"Sozu"}],"items_purged_floors":[7,20],"is_endless":false,"potions_floor_spawned":[3,8,12,16,18,23,28],"killed_by":"Automaton","ascension_level":20}}