{"host":"f55lpzc7830gmx23","time":1607692602,"event":{"mods":["BaseMod","Better Note","Downfall","Hermit","Minty Spire (QoL Compilation)","StSLib","The Blackbeard","The Cursed","The Necromancer"],"gold_per_floor":[117,48,68,68,81,112,112,141,141,141,141,141,154,189,189,285,285,300,300,300,9,9,9,38,49,49,49,79,79,79,99,99,195,195,205,57,71,71,71,71,71,99,124,153,236,249,275,332,332,362],"floor_reached":51,"playtime":3288,"items_purged":[],"score":968,"play_id":"6ebde946-b9df-4bcd-9bf9-64d8148792fd","local_time":"20201211141642","is_ascension_mode":true,"campfire_choices":[{"data":"blackbeard:CannonballSupply","floor":7.0,"key":"SMITH"},{"floor":11.0,"key":"REST"},{"data":"blackbeard:Cutlass","floor":15.0,"key":"SMITH"},{"data":"blackbeard:FinalBarrage","floor":23.0,"key":"SMITH"},{"data":"blackbeard:CaptainsCabin","floor":27.0,"key":"SMITH"},{"floor":30.0,"key":"REST"},{"data":"blackbeard:BoostMorale","floor":32.0,"key":"SMITH"},{"data":"blackbeard:GoldenCannonball","floor":40,"key":"SMITH"},{"floor":49,"key":"REST"}],"circlet_count":0,"master_deck":["blackbeard:BlackbeardStrike+1","blackbeard:BlackbeardStrike+1","blackbeard:BlackbeardStrike+1","blackbeard:BlackbeardStrike+1","blackbeard:BlackbeardDefend+1","blackbeard:BlackbeardDefend+1","blackbeard:BlackbeardDefend+1","blackbeard:BlackbeardDefend+1","blackbeard:Cutlass+1","Sadistic Nature","blackbeard:SmithingHammer","blackbeard:RearmingStrike","blackbeard:GoldenStrike","blackbeard:WiseDefense","blackbeard:CaptainsCabin+1","blackbeard:CannonballSupply+1","blackbeard:BrownPants","Parasite","blackbeard:SmithingHammer","blackbeard:Shrapnel","blackbeard:FinalBarrage+1","blackbeard:GoldenDefense","blackbeard:WeaponProficiency+1","blackbeard:TerrorOfTheSeas+1","blackbeard:GoldenDefense+1","Normality","blackbeard:BoostMorale+1","TheCursedMod:Dregs","blackbeard:Sword","blackbeard:ReapersScythe","blackbeard:GoldenCannonball+1","blackbeard:Rum+1","blackbeard:CloakAndCannonball+1","blackbeard:Bandana+1","blackbeard:GoldenStrike","blackbeard:DoubleCannonball+1","blackbeard:Spear+1","blackbeard:GoldenRain"],"relics":["blackbeard:LoadTheCannons","InkBottle","Regal Pillow","Ornamental Fan","Darkstone Periapt","blackbeard:Penknife","Cursed Key","Frozen Egg 2","Mummified Hand","Kunai","Nunchaku","blackbeard:CannonballsOfSteel","blackbeard:SoberMinded","Omamori","Eternal Feather","Sundial","Orichalcum","Happy Flower","Lizard Tail","Unceasing Top"],"acts_visited":["Exordium","TheCity","TheBeyond"],"potions_floor_usage":[33,42,45,45,50,50],"damage_taken":[{"damage":1.0,"enemies":"Cultist","floor":1.0,"turns":3.0},{"damage":0.0,"enemies":"2 Louse","floor":3.0,"turns":2.0},{"damage":4.0,"enemies":"Small Slimes","floor":5.0,"turns":3.0},{"damage":23.0,"enemies":"3 Sentries","floor":6.0,"turns":7.0},{"damage":11.0,"enemies":"Lagavulin","floor":8.0,"turns":7.0},{"damage":0.0,"enemies":"Exordium Wildlife","floor":13.0,"turns":3.0},{"damage":9.0,"enemies":"3 Sentries","floor":14.0,"turns":8.0},{"damage":48.0,"enemies":"The Guardian","floor":16.0,"turns":11.0},{"damage":0.0,"enemies":"Shell Parasite","floor":18.0,"turns":2.0},{"damage":54.0,"enemies":"Gremlin Leader","floor":24.0,"turns":8.0},{"damage":1.0,"enemies":"Spheric Guardian","floor":25.0,"turns":3.0},{"damage":16.0,"enemies":"Slavers","floor":28.0,"turns":4.0},{"damage":5.0,"enemies":"Snake Plant","floor":31.0,"turns":3.0},{"damage":45,"enemies":"Automaton","floor":33,"turns":9},{"damage":1,"enemies":"3 Darklings","floor":35,"turns":3},{"damage":12,"enemies":"Orb Walker","floor":37,"turns":3},{"damage":0,"enemies":"Giant Head","floor":42,"turns":5},{"damage":9,"enemies":"Nemesis","floor":44,"turns":5},{"damage":28,"enemies":"2 Orb Walkers","floor":45,"turns":5},{"damage":9,"enemies":"4 Shapes","floor":46,"turns":3},{"damage":31,"enemies":"Transient","floor":47,"turns":5},{"damage":0,"enemies":"Giant Head","floor":48,"turns":6},{"damage":56,"enemies":"Time Eater","floor":50,"turns":6}],"seed_played":"1893529686566054587","potions_obtained":[{"floor":3.0,"key":"SneckoOil"},{"floor":5.0,"key":"Dexterity Potion"},{"floor":6.0,"key":"BlessingOfTheForge"},{"floor":16.0,"key":"Guardian:BlockOnCardUsePotion"},{"floor":24.0,"key":"BlessingOfTheForge"},{"floor":33,"key":"PowerPotion"},{"floor":37,"key":"Ancient Potion"},{"floor":42,"key":"Strength Potion"},{"floor":44,"key":"SteroidPotion"},{"floor":46,"key":"Ancient Potion"}],"is_trial":false,"path_per_floor":["M","$","M","T","M","E","R","E","T","?","R","?","M","E","R","B",null,"M","?","?","$","?","R","E","M","T","R","E","T","R","M","R","B",null,"M","$","M","T","?","R","?","E","T","E","?","M","M","E","R","B",null],"character_chosen":"BLACKBEARD_CLASS","items_purchased":["blackbeard:RearmingStrike","blackbeard:GoldenStrike","Frozen Egg 2","blackbeard:WeaponProficiency+1","Omamori"],"campfire_rested":3,"item_purchase_floors":[2,2,21,21,36],"current_hp_per_floor":[74,74,74,74,70,47,47,36,36,29,66,81,81,72,72,24,81,81,81,81,81,81,81,27,26,32,32,16,22,64,59,59,14,93,92,92,80,80,80,93,93,93,93,84,56,47,16,16,79,23],"gold":362,"neow_bonus":"RANDOM_COLORLESS_2","is_daily":false,"chose_seed":false,"campfire_upgraded":6,"win_rate":0.0,"timestamp":1607692602,"path_taken":["M","$","M","?","?","E","R","E","T","?","R","?","M","E","R","BOSS","M","?","?","?","?","R","E","M","T","R","E","?","R","M","R","BOSS","M","$","M","?","?","R","?","E","T","E","?","M","M","E","R","BOSS"],"items_purchased_type":["Card","Card","Relic","Undefined","Relic"],"build_version":"2020-11-30","purchased_purges":0,"victory":true,"max_hp_per_floor":[75,75,75,75,75,75,75,75,75,75,75,81,81,81,81,81,81,81,81,81,81,81,81,81,81,87,87,87,93,93,93,93,93,93,93,93,93,93,93,93,93,93,93,93,93,93,93,93,93,93],"card_choices":[{"not_picked":["Master of Strategy","expansioncontent:QuickStudy"],"picked":"Sadistic Nature","floor":0.0},{"not_picked":["blackbeard:Spear","blackbeard:GoldenDefense"],"picked":"blackbeard:SmithingHammer","floor":1.0},{"not_picked":["blackbeard:Toast","blackbeard:SwordDance"],"picked":"blackbeard:WiseDefense","floor":3.0},{"not_picked":["blackbeard:VengefulSpirit","blackbeard:Boarding"],"picked":"blackbeard:CaptainsCabin","floor":5.0},{"not_picked":["blackbeard:BeatUp","blackbeard:Anchor"],"picked":"blackbeard:CannonballSupply","floor":6.0},{"not_picked":["blackbeard:CaptainsCabin","blackbeard:RemoveScurvy"],"picked":"blackbeard:BrownPants","floor":8.0},{"not_picked":["blackbeard:CannonBarrage","blackbeard:Spear"],"picked":"blackbeard:SmithingHammer","floor":13.0},{"not_picked":["blackbeard:Anchor","blackbeard:Fencing"],"picked":"blackbeard:Shrapnel","floor":14.0},{"not_picked":["blackbeard:PowerHungry","blackbeard:Murder"],"picked":"blackbeard:FinalBarrage","floor":16.0},{"not_picked":["blackbeard:SwordDance","blackbeard:DelayedPain"],"picked":"blackbeard:GoldenDefense","floor":18.0},{"not_picked":["blackbeard:JollyRoger","blackbeard:Fencing"],"picked":"blackbeard:TerrorOfTheSeas+1","floor":24.0},{"not_picked":["blackbeard:CatONineTails","blackbeard:PiratesWill+1"],"picked":"blackbeard:GoldenDefense+1","floor":25.0},{"not_picked":["blackbeard:Fencing","blackbeard:HumongousCannonball"],"picked":"blackbeard:BoostMorale","floor":28.0},{"not_picked":["blackbeard:Sharpening","blackbeard:WiseDefense"],"picked":"blackbeard:Sword","floor":31.0},{"not_picked":["blackbeard:UndeadForm+1","blackbeard:Intoxication+1"],"picked":"blackbeard:ReapersScythe","floor":33},{"not_picked":["blackbeard:GoldenStrike","blackbeard:SwordDance"],"picked":"blackbeard:GoldenCannonball","floor":35},{"not_picked":["blackbeard:Fencing","blackbeard:CaptainsCabin"],"picked":"blackbeard:Rum+1","floor":37},{"not_picked":["blackbeard:PowderKeg","blackbeard:Upgrade+1"],"picked":"blackbeard:CloakAndCannonball+1","floor":42},{"not_picked":["blackbeard:BeatUp+1","blackbeard:DeadlyArsenal+1"],"picked":"blackbeard:Bandana+1","floor":44},{"not_picked":["blackbeard:Sharpening+1","blackbeard:FieryDefense"],"picked":"blackbeard:GoldenStrike","floor":45},{"not_picked":["blackbeard:Sword+1","blackbeard:Halberd"],"picked":"blackbeard:DoubleCannonball+1","floor":46},{"not_picked":["blackbeard:DoubleBottom","blackbeard:DeadlyArsenal+1"],"picked":"blackbeard:Spear+1","floor":47},{"not_picked":["blackbeard:ArmorUp+1","blackbeard:PiratesWill+1"],"picked":"blackbeard:GoldenRain","floor":48}],"player_experience":370533,"relics_obtained":[{"floor":4.0,"key":"InkBottle"},{"floor":6.0,"key":"Regal Pillow"},{"floor":8.0,"key":"Ornamental Fan"},{"floor":9.0,"key":"Darkstone Periapt"},{"floor":14.0,"key":"blackbeard:Penknife"},{"floor":24.0,"key":"Mummified Hand"},{"floor":26.0,"key":"Kunai"},{"floor":28.0,"key":"Nunchaku"},{"floor":29.0,"key":"blackbeard:CannonballsOfSteel"},{"floor":38,"key":"Eternal Feather"},{"floor":42,"key":"Sundial"},{"floor":43,"key":"Orichalcum"},{"floor":44,"key":"Happy Flower"},{"floor":45,"key":"Lizard Tail"},{"floor":48,"key":"Unceasing Top"}],"event_choices":[{"cards_removed":["Injury"],"damage_healed":0.0,"max_hp_gain":0.0,"max_hp_loss":0.0,"gold_gain":0.0,"event_name":"Golden Wing","player_choice":"Card Removal","floor":10.0,"gold_loss":0.0,"damage_taken":7.0},{"damage_healed":18.0,"max_hp_gain":0.0,"max_hp_loss":0.0,"gold_gain":0.0,"event_name":"Mushrooms","player_choice":"Healed and dodged fight","floor":12.0,"gold_loss":0.0,"damage_taken":0.0,"cards_obtained":["Parasite"]},{"cards_removed":["blackbeard:BlackbeardDefend"],"damage_healed":0.0,"max_hp_gain":0.0,"max_hp_loss":0.0,"gold_gain":0.0,"event_name":"betterNote:BetterNote","player_choice":"Give","floor":19.0,"gold_loss":0.0,"damage_taken":0.0,"cards_obtained":["blackbeard:BlackbeardStrike"]},{"damage_healed":0.0,"max_hp_gain":0.0,"max_hp_loss":0.0,"gold_gain":0.0,"event_name":"Back to Basics","player_choice":"Simplicity","floor":20.0,"gold_loss":0.0,"damage_taken":0.0,"cards_upgraded":["blackbeard:BlackbeardStrike","blackbeard:BlackbeardStrike","blackbeard:BlackbeardStrike","blackbeard:BlackbeardStrike","blackbeard:BlackbeardDefend","blackbeard:BlackbeardDefend","blackbeard:BlackbeardDefend","blackbeard:BlackbeardDefend"]},{"damage_healed":0.0,"max_hp_gain":0.0,"max_hp_loss":0.0,"gold_gain":0.0,"event_name":"Vampires","player_choice":"Ignored","floor":22.0,"gold_loss":0.0,"damage_taken":0.0},{"cards_removed":["blackbeard:IntimidatingStrike"],"damage_healed":0,"gold_gain":0,"player_choice":"Removed Attack","damage_taken":0,"max_hp_gain":0,"max_hp_loss":0,"event_name":"Falling","floor":39,"gold_loss":0},{"damage_healed":0,"gold_gain":0,"player_choice":"Memory 1","damage_taken":0,"max_hp_gain":0,"max_hp_loss":0,"event_name":"SensoryStone","floor":41,"gold_loss":0},{"damage_healed":0,"gold_gain":0,"player_choice":"Fight","damage_taken":0,"max_hp_gain":0,"max_hp_loss":0,"event_name":"Mysterious Sphere","floor":45,"gold_loss":0}],"is_beta":false,"boss_relics":[{"not_picked":["Runic Dome","Sozu"],"picked":"Cursed Key"},{"not_picked":["SlaversCollar","Empty Cage"],"picked":"blackbeard:SoberMinded"}],"items_purged_floors":[],"is_endless":false,"potions_floor_spawned":[3,5,6,16,24,33,37,42,44,46],"ascension_level":2}}