{"host":"efgqx4zs42teb71b","time":1607723662,"event":{"mods":["AchievementEnabler","BaseMod","Minty Spire (QoL Compilation)","Relic Stats","StSLib"],"gold_per_floor":[118,128,128,146,146,146,146,157,183,218,233,68,68,79,79,156,156,175,12,25,25,37,37,37,37],"floor_reached":24,"playtime":907,"items_purged":[],"score":396,"play_id":"575d7cf7-6fc0-4c8e-afc1-1783cee4f238","local_time":"20201211165422","is_ascension_mode":true,"campfire_choices":[{"floor":6,"key":"REST"},{"floor":13,"key":"REST"},{"data":"Demon Form","floor":15,"key":"SMITH"},{"floor":23,"key":"REST"}],"circlet_count":0,"master_deck":["AscendersBane","Strike_R","Strike_R","Strike_R","Strike_R","Strike_R","Defend_R","Defend_R","Defend_R+1","Defend_R","Bash","Demon Form+1","Sword Boomerang","Fire Breathing+1","Shrug It Off","Seeing Red","Clothesline","Limit Break","Havoc+1","Infernal Blade+1"],"relics":["Burning Blood","PreservedInsect","MealTicket","ClockworkSouvenir","Velvet Choker","Orichalcum"],"acts_visited":["Exordium","TheCity"],"potions_floor_usage":[8,10,11,11,22],"damage_taken":[{"damage":4,"enemies":"Small Slimes","floor":1,"turns":4},{"damage":2,"enemies":"2 Louse","floor":2,"turns":3},{"damage":7,"enemies":"Cultist","floor":4,"turns":4},{"damage":32,"enemies":"Gremlin Gang","floor":8,"turns":4},{"damage":14,"enemies":"3 Sentries","floor":10,"turns":4},{"damage":16,"enemies":"3 Louse","floor":11,"turns":6},{"damage":11,"enemies":"Blue Slaver","floor":14,"turns":4},{"damage":28,"enemies":"Slime Boss","floor":16,"turns":7},{"damage":20,"enemies":"Spheric Guardian","floor":18,"turns":5},{"damage":23,"enemies":"Shell Parasite","floor":20,"turns":4},{"damage":40,"enemies":"3 Cultists","floor":22,"turns":5},{"damage":57,"enemies":"Shelled Parasite and Fungi","floor":24,"turns":6}],"seed_played":"182768582680930668","potions_obtained":[{"floor":7,"key":"AttackPotion"},{"floor":7,"key":"LiquidBronze"},{"floor":8,"key":"SteroidPotion"},{"floor":10,"key":"Block Potion"},{"floor":16,"key":"PowerPotion"},{"floor":20,"key":"SpeedPotion"}],"is_trial":false,"path_per_floor":["M","M","?","M","?","R","?","M","T","E","M","$","R","M","R","B",null,"M","$","M","$","M","R","M"],"character_chosen":"IRONCLAD","items_purchased":["ClockworkSouvenir","Orichalcum"],"campfire_rested":3,"item_purchase_floors":[12,19],"current_hp_per_floor":[52,56,61,60,36,60,60,34,34,26,16,31,55,50,50,28,67,53,68,51,66,32,56,0,0],"gold":37,"neow_bonus":"THREE_RARE_CARDS","is_daily":false,"chose_seed":false,"campfire_upgraded":1,"win_rate":0.0,"timestamp":1607723662,"path_taken":["M","M","?","M","?","R","?","M","T","E","M","$","R","?","R","BOSS","M","$","M","$","?","R","?"],"items_purchased_type":["Relic","Relic"],"build_version":"2020-11-30","purchased_purges":0,"victory":false,"max_hp_per_floor":[75,75,80,80,80,80,80,80,80,80,80,80,80,80,80,80,80,80,80,80,80,80,80,80,80],"relic_stats":{"counters":[12,56],"MealTicket":45,"PreservedInsect":33,"Orichalcum":[12],"obtain_stats":[{"Velvet Choker":17,"MealTicket":10,"PreservedInsect":9,"Orichalcum":19,"Burning Blood":0,"ClockworkSouvenir":12},{"Velvet Choker":8,"MealTicket":5,"PreservedInsect":4,"Orichalcum":9,"Burning Blood":0,"ClockworkSouvenir":6},{"Velvet Choker":36,"MealTicket":19,"PreservedInsect":15,"Orichalcum":41,"Burning Blood":0,"ClockworkSouvenir":25}],"Burning Blood":66},"card_choices":[{"not_picked":["Offering","Fiend Fire"],"picked":"Demon Form","floor":0},{"not_picked":["Perfected Strike","Heavy Blade"],"picked":"Sword Boomerang","floor":1},{"not_picked":["Wild Strike","Anger"],"picked":"Fire Breathing","floor":2},{"not_picked":["Clash","Perfected Strike","True Grit"],"picked":"SKIP","floor":4},{"not_picked":["True Grit","Combust"],"picked":"Shrug It Off","floor":8},{"not_picked":["Body Slam","Inflame"],"picked":"Seeing Red","floor":10},{"not_picked":["Rage","Metallicize","Clash"],"picked":"SKIP","floor":11},{"not_picked":["Infernal Blade","Spot Weakness"],"picked":"Clothesline","floor":14},{"not_picked":["Juggernaut","Bludgeon"],"picked":"Limit Break","floor":16},{"not_picked":["Headbutt+1","Wild Strike+1"],"picked":"Havoc+1","floor":18},{"not_picked":["Clash","Body Slam+1","Wild Strike"],"picked":"SKIP","floor":20},{"not_picked":["Iron Wave","Clash"],"picked":"Infernal Blade+1","floor":22}],"player_experience":625666,"relics_obtained":[{"floor":9,"key":"PreservedInsect"},{"floor":10,"key":"MealTicket"}],"event_choices":[{"damage_healed":0,"gold_gain":0,"player_choice":"Donut","damage_taken":0,"max_hp_gain":5,"max_hp_loss":0,"event_name":"Big Fish","floor":3,"gold_loss":0},{"damage_healed":0,"gold_gain":0,"player_choice":"Entered Light","damage_taken":24,"max_hp_gain":0,"max_hp_loss":0,"event_name":"Shining Light","floor":5,"gold_loss":0,"cards_upgraded":["Fire Breathing","Defend_R"]},{"damage_healed":0,"gold_gain":0,"player_choice":"Got Potions","damage_taken":0,"max_hp_gain":0,"max_hp_loss":0,"event_name":"Lab","floor":7,"gold_loss":0}],"is_beta":false,"boss_relics":[{"not_picked":["SlaversCollar","Tiny House"],"picked":"Velvet Choker"}],"items_purged_floors":[],"is_endless":false,"potions_floor_spawned":[8,10,16,20],"killed_by":"Shelled Parasite and Fungi","ascension_level":20}}