{"host":"tzya3289ktexk32d","time":1607708163,"event":{"mods":["BaseMod","Better Third Choice","Colored Map","Defuse TimeMaze Blight","Minty Spire (QoL Compilation)","Quick Restart","Rare Cards Sparkle","Relic Stats","StSLib","UnlockEverythingMod"],"gold_per_floor":[111,130,144,219,219,252,252,263,342,362,362,372,59,79,79,154,154,172,204,204,239,239,239],"floor_reached":22,"playtime":949,"items_purged":["Strike_G"],"score":380,"play_id":"0aa7fb78-a9b5-43fc-b28e-e157b2b7dc30","local_time":"20201211123603","is_ascension_mode":true,"campfire_choices":[{"floor":7,"key":"REST"},{"floor":11,"key":"REST"},{"floor":15,"key":"REST"}],"circlet_count":0,"master_deck":["AscendersBane","Strike_G","Strike_G","Defend_G","Defend_G","Defend_G","Defend_G","Survivor","Neutralize","Blade Dance","Poisoned Stab","Deadly Poison","Adrenaline","Blade Dance","Noxious Fumes","Masterful Stab","HandOfGreed","Dagger Spray","Dash","Terror","PiercingWail","Finisher"],"relics":["Ring of the Snake","NeowsBlessing","Peace Pipe","HornCleat","Empty Cage"],"acts_visited":["Exordium","TheCity"],"potions_floor_usage":[16,18,18,21,21],"damage_taken":[{"damage":0,"enemies":"Jaw Worm","floor":1,"turns":1},{"damage":0,"enemies":"Small Slimes","floor":2,"turns":1},{"damage":0,"enemies":"2 Louse","floor":3,"turns":1},{"damage":35,"enemies":"Gremlin Nob","floor":6,"turns":4},{"damage":4,"enemies":"2 Fungi Beasts","floor":8,"turns":4},{"damage":0,"enemies":"Red Slaver","floor":10,"turns":4},{"damage":4,"enemies":"3 Louse","floor":12,"turns":3},{"damage":0,"enemies":"Looter","floor":14,"turns":3},{"damage":21,"enemies":"The Guardian","floor":16,"turns":8},{"damage":8,"enemies":"Chosen","floor":18,"turns":4},{"damage":0,"enemies":"Spheric Guardian","floor":19,"turns":3},{"damage":31,"enemies":"Centurion and Healer","floor":21,"turns":5},{"damage":23,"enemies":"Snake Plant","floor":22,"turns":3}],"seed_played":"8411860837997734554","potions_obtained":[{"floor":6,"key":"LiquidMemories"},{"floor":8,"key":"EntropicBrew"},{"floor":10,"key":"Strength Potion"},{"floor":18,"key":"Swift Potion"}],"is_trial":false,"path_per_floor":["M","M","M","?","?","E","R","M","T","M","R","M","$","M","R","B",null,"M","M","?","M","M"],"character_chosen":"THE_SILENT","items_purchased":["HandOfGreed","Dagger Spray"],"campfire_rested":3,"item_purchase_floors":[13,13],"current_hp_per_floor":[59,59,59,48,41,6,25,21,21,21,40,36,36,36,55,34,58,50,50,50,19,0,0],"gold":239,"neow_bonus":"THREE_ENEMY_KILL","is_daily":false,"chose_seed":false,"campfire_upgraded":0,"win_rate":0.0,"timestamp":1607708163,"path_taken":["M","M","M","?","?","E","R","M","T","M","R","M","$","M","R","BOSS","M","M","?","M","M"],"items_purchased_type":["Card","Card"],"build_version":"2020-11-30","purchased_purges":1,"victory":false,"max_hp_per_floor":[66,66,66,66,66,66,66,66,66,66,66,66,66,66,66,66,66,66,66,66,66,66,66],"relic_stats":{"Peace Pipe":0,"counters":[13,44],"obtain_stats":[{"Peace Pipe":6,"HornCleat":9,"NeowsBlessing":0,"Empty Cage":17,"Ring of the Snake":0},{"Peace Pipe":4,"HornCleat":5,"NeowsBlessing":0,"Empty Cage":9,"Ring of the Snake":0},{"Peace Pipe":7,"HornCleat":11,"NeowsBlessing":0,"Empty Cage":29,"Ring of the Snake":0}],"Ring of the Snake":[26]},"card_choices":[{"not_picked":["Quick Slash","Flying Knee"],"picked":"Blade Dance","floor":1},{"not_picked":["Prepared","Endless Agony"],"picked":"Poisoned Stab","floor":2},{"not_picked":["Cloak And Dagger","PiercingWail"],"picked":"Deadly Poison","floor":3},{"not_picked":["Caltrops","Quick Slash"],"picked":"Adrenaline","floor":6},{"not_picked":["Dodge and Roll","Endless Agony"],"picked":"Blade Dance","floor":8},{"not_picked":["Slice","Backstab"],"picked":"Noxious Fumes","floor":10},{"not_picked":["Underhanded Strike","Prepared"],"picked":"Masterful Stab","floor":12},{"not_picked":["Acrobatics","Cloak And Dagger"],"picked":"Dash","floor":14},{"not_picked":["Predator","Bane"],"picked":"Terror","floor":18},{"not_picked":["Bane","Endless Agony"],"picked":"PiercingWail","floor":19},{"not_picked":["Riddle With Holes","Outmaneuver","Dagger Spray"],"picked":"SKIP","floor":21}],"player_experience":52253,"relics_obtained":[{"floor":6,"key":"Peace Pipe"},{"floor":9,"key":"HornCleat"}],"event_choices":[{"damage_healed":0,"gold_gain":75,"player_choice":"Gold","damage_taken":11,"max_hp_gain":0,"max_hp_loss":0,"event_name":"betterThird:BetterGoop","floor":4,"gold_loss":0},{"cards_removed":["Strike_G"],"damage_healed":0,"gold_gain":0,"player_choice":"Card Removal","damage_taken":7,"max_hp_gain":0,"max_hp_loss":0,"event_name":"Golden Wing","floor":5,"gold_loss":0},{"damage_healed":0,"gold_gain":0,"player_choice":"Read","damage_taken":0,"max_hp_gain":0,"max_hp_loss":0,"event_name":"The Library","floor":20,"gold_loss":0,"cards_obtained":["Finisher"]}],"is_beta":false,"boss_relics":[{"not_picked":["Velvet Choker","HoveringKite"],"picked":"Empty Cage"}],"items_purged_floors":[13],"is_endless":false,"potions_floor_spawned":[6,8,10,14,18],"killed_by":"Snake Plant","ascension_level":20}}