{"host":"sabve5zmqufxyc5o","time":1607670787,"event":{"mods":["2.2 Compatiblity","AchievementEnabler","Act Like it!","BaseMod","Block Reminder","Colored Map","Colored Powertips","DeckTracker","KOR Keyword Fix","Keyboard Shortcuts","Minty Spire (QoL Compilation)","Quick Restart","Rare Cards Sparkle","Relic Stats","StSLib","SuperFastMode"],"gold_per_floor":[117,128,140,158,21,55,55,66,66,66,66,78,91,125,125,202,202,218,232,282,108,118,118,118,118],"floor_reached":24,"playtime":664,"items_purged":[],"score":399,"play_id":"5e139ae6-4b18-4515-a1c3-dfea4e8c0856","local_time":"20201211161307","is_ascension_mode":true,"campfire_choices":[{"floor":7,"key":"REST"},{"floor":10,"key":"REST"},{"floor":15,"key":"REST"},{"floor":23,"key":"REST"}],"circlet_count":0,"master_deck":["AscendersBane","Strike_B","Strike_B","Strike_B","Strike_B","Defend_B","Defend_B","Defend_B","Defend_B","Zap","Dualcast","White Noise","Aggregate","Go for the Eyes","BootSequence","Cold Snap","Skim","Cold Snap","Self Repair","Echo Form","Defragment","Cold Snap","Compile Driver","Rebound","Ball Lightning","Core Surge","Coolheaded","Compile Driver+1","Chill","Rip and Tear","Hologram","Hologram"],"relics":["FrozenCore","Dream Catcher","Matryoshka","Anchor"],"acts_visited":["Exordium","TheCity"],"potions_floor_usage":[6,16,24],"damage_taken":[{"damage":12,"enemies":"Jaw Worm","floor":1,"turns":4},{"damage":0,"enemies":"Cultist","floor":2,"turns":3},{"damage":3,"enemies":"2 Louse","floor":3,"turns":3},{"damage":13,"enemies":"2 Fungi Beasts","floor":4,"turns":4},{"damage":24,"enemies":"Gremlin Nob","floor":6,"turns":4},{"damage":13,"enemies":"Large Slime","floor":8,"turns":7},{"damage":15,"enemies":"Lots of Slimes","floor":12,"turns":6},{"damage":13,"enemies":"3 Louse","floor":13,"turns":5},{"damage":24,"enemies":"3 Sentries","floor":14,"turns":8},{"damage":34,"enemies":"Slime Boss","floor":16,"turns":12},{"damage":1,"enemies":"Shell Parasite","floor":18,"turns":7},{"damage":11,"enemies":"Spheric Guardian","floor":19,"turns":8},{"damage":45,"enemies":"Cultist and Chosen","floor":22,"turns":11},{"damage":64,"enemies":"Gremlin Leader","floor":24,"turns":6}],"seed_played":"8002041184295783248","potions_obtained":[{"floor":3,"key":"PowerPotion"},{"floor":6,"key":"Ancient Potion"},{"floor":12,"key":"BlessingOfTheForge"},{"floor":14,"key":"AttackPotion"},{"floor":16,"key":"Regen Potion"}],"is_trial":false,"path_per_floor":["M","M","M","M","$","E","R","M","T","R","?","M","M","E","R","B",null,"M","M","?","$","M","R","E"],"character_chosen":"DEFECT","items_purchased":["Cold Snap","Skim","Chill","Rip and Tear"],"campfire_rested":4,"item_purchase_floors":[5,5,21,21],"current_hp_per_floor":[59,59,56,43,43,19,42,36,36,59,59,51,45,28,51,24,65,78,74,74,74,43,66,16,16],"gold":118,"neow_bonus":"TEN_PERCENT_HP_BONUS","is_daily":false,"chose_seed":false,"campfire_upgraded":0,"win_rate":0.0,"timestamp":1607670787,"path_taken":["M","M","M","M","$","E","R","M","T","R","?","M","M","E","R","BOSS","M","M","?","$","M","R","E"],"items_purchased_type":["Card","Card","Card","Card"],"build_version":"2020-11-30","purchased_purges":0,"victory":false,"max_hp_per_floor":[78,78,78,78,78,78,78,78,78,78,78,78,78,78,78,78,78,78,78,78,78,78,78,78,78],"relic_stats":{"Dream Catcher":4,"counters":[14,88],"obtain_stats":[{"Dream Catcher":6,"Anchor":14,"Matryoshka":9,"Cracked Core":0,"FrozenCore":17},{"Dream Catcher":5,"Anchor":9,"Matryoshka":6,"Cracked Core":0,"FrozenCore":10},{"Dream Catcher":18,"Anchor":44,"Matryoshka":25,"Cracked Core":0,"FrozenCore":56}],"FrozenCore":[5]},"card_choices":[{"not_picked":["Hologram","Steam Power"],"picked":"White Noise","floor":1},{"not_picked":["Go for the Eyes","Rebound"],"picked":"Aggregate","floor":2},{"not_picked":["Streamline","Redo"],"picked":"Go for the Eyes","floor":3},{"not_picked":["Heatsinks","Leap"],"picked":"BootSequence","floor":4},{"not_picked":["Streamline","Sunder"],"picked":"Cold Snap","floor":6},{"not_picked":["Reprogram","Beam Cell"],"picked":"Self Repair","floor":7},{"not_picked":["Hologram","Stack"],"picked":"Echo Form","floor":8},{"not_picked":["Streamline","Recycle"],"picked":"Defragment","floor":10},{"not_picked":["Lockon","Go for the Eyes"],"picked":"Cold Snap","floor":12},{"not_picked":["Streamline","Gash"],"picked":"Compile Driver","floor":13},{"not_picked":["Reinforced Body","Double Energy"],"picked":"Rebound","floor":14},{"not_picked":["Go for the Eyes","Meteor Strike"],"picked":"Ball Lightning","floor":15},{"not_picked":["Machine Learning","Biased Cognition"],"picked":"Core Surge","floor":16},{"not_picked":["Sweeping Beam","Rebound"],"picked":"Coolheaded","floor":18},{"not_picked":["Gash","Loop"],"picked":"Compile Driver+1","floor":19},{"not_picked":["Consume","Compile Driver"],"picked":"Hologram","floor":22},{"not_picked":["Tempest","Scrape"],"picked":"Hologram","floor":23}],"player_experience":752332,"relics_obtained":[{"floor":6,"key":"Dream Catcher"},{"floor":9,"key":"Matryoshka"},{"floor":14,"key":"Anchor"}],"event_choices":[{"damage_healed":0,"gold_gain":0,"player_choice":"0 cards matched","damage_taken":0,"max_hp_gain":0,"max_hp_loss":0,"event_name":"Match and Keep!","floor":11,"gold_loss":0,"cards_obtained":[]},{"damage_healed":0,"gold_gain":50,"player_choice":"Stole From Cult","damage_taken":0,"max_hp_gain":0,"max_hp_loss":0,"event_name":"Nest","floor":20,"gold_loss":0}],"is_beta":false,"boss_relics":[{"not_picked":["Fusion Hammer","Busted Crown"],"picked":"FrozenCore"}],"items_purged_floors":[],"is_endless":false,"potions_floor_spawned":[3,6,12,14,16,18],"killed_by":"Gremlin Leader","ascension_level":18}}