{"host":"87w2793jpavfbt1o","time":1607648011,"event":{"mods":["AchievementEnabler","Aspiration","BaseMod","Better Altar","Better Match","Better Note","Better Sensory Stone","Better Skull","Better Third Choice","Better Vampires","BetterRewards","Conspire","Displayed Cursed Tome","Downfall","Energized Spire","Filter the Spire","Halation","Highlight Path","Hubris","Infinite Spire","Marked Mod","Minty Spire (QoL Compilation)","Practice Mode","Prisma Mod","Relic Filter","Relic Sorter","Replay The Spire","SIMod","Shop Mod","StSLib","TestMod","??????REMEMod"],"gold_per_floor":[109,109,19,19,19,19,39,66,66,66,66,79,79,97,147,146,146,107,107,207,70,70,70],"floor_reached":22,"playtime":2485,"items_purged":["Strike_B"],"score":388,"play_id":"72514c00-67e6-47cc-8e5e-5dff0ee349ee","local_time":"20201210165331","is_ascension_mode":true,"campfire_choices":[{"floor":6,"key":"REST"},{"floor":10,"key":"REST"},{"floor":11,"key":"RECALL"},{"floor":15,"key":"REST"}],"circlet_count":0,"master_deck":["Strike_B","Strike_B","Strike_B","Defend_B","Defend_B","Defend_B","Defend_B","Zap","Dualcast","DevaForm","ReplayTheSpireMod:IOU","ReplayTheSpireMod:IOU","ReplayTheSpireMod:IOU","ReplayTheSpireMod:IOU","ReplayTheSpireMod:IOU","ReplayTheSpireMod:IOU","ReplayTheSpireMod:IOU","conspire:SharedLibrary+1","ReplayTheSpireMod:IOU","Darkness","BasicCrystalCard","Conserve Battery","Doom and Gloom","BasicCrystalCard","conspire:Rain","ReplayTheSpireMod:Omega Cannon","Redo","infinitespire:UltimateForm","infinitespire:Fortify"],"relics":["Cracked Core","Replay:Wax Seal","testmod-TestBox","REME_ComplimentaryCards","testmod-Maize","Chemical X","WingedGreaves","Raider\u0027s Mask","testmod-CyclicPeriapt","Anchor","hubris:Towel","ReplayTheSpireMod:Ninjato","hubris:MobiusCoin","SlaversCollar","halation:LostSnail","conspire:Dentures"],"acts_visited":["Exordium","TheCity"],"potions_floor_usage":[8,16,18],"damage_taken":[{"damage":13,"enemies":"2 Louse","floor":1,"turns":4},{"damage":22,"enemies":"Small Slimes","floor":3,"turns":6},{"damage":1,"enemies":"Cultist","floor":7,"turns":3},{"damage":42,"enemies":"3 Sentries","floor":8,"turns":14},{"damage":0,"enemies":"Large Slime","floor":12,"turns":3},{"damage":12,"enemies":"Looter","floor":14,"turns":4},{"damage":37,"enemies":"Hexaghost","floor":16,"turns":7},{"damage":63,"enemies":"conspire:FuzzyDice","floor":18,"turns":8},{"damage":12,"enemies":"3 Byrds","floor":22,"turns":2}],"seed_played":"-4561748726925862098","potions_obtained":[{"floor":3,"key":"Elixir"},{"floor":12,"key":"infinitespire:BlackPotion"},{"floor":16,"key":"Fire Potion"}],"is_trial":false,"path_per_floor":["M","?","M","?","?","R","M","E","T","R","R","M","R","M","R","B",null,"M","?","AVR","?","M"],"character_chosen":"DEFECT","items_purchased":["Replay:Wax Seal","Chemical X","Raider\u0027s Mask","conspire:SharedLibrary+1"],"campfire_rested":3,"item_purchase_floors":[0,0,0,0],"current_hp_per_floor":[62,62,40,40,40,62,61,19,19,41,41,41,41,29,51,14,75,12,12,12,12,0,0],"gold":70,"neow_bonus":"","is_daily":false,"chose_seed":false,"campfire_upgraded":0,"win_rate":0.0,"timestamp":1607648011,"path_taken":["M","?","M","?","?","R","M","E","T","R","R","?","R","M","R","BOSS","M","?","AVR","?","?"],"items_purchased_type":["Relic","Relic","Relic","Undefined"],"build_version":"2020-11-30","purchased_purges":1,"victory":false,"max_hp_per_floor":[75,75,75,75,75,75,75,75,75,75,75,75,75,75,75,75,75,75,75,75,75,75,75],"card_choices":[{"not_picked":["Go for the Eyes","Gash"],"picked":"Darkness","floor":1},{"not_picked":["Stack","Streamline"],"picked":"BasicCrystalCard","floor":3},{"not_picked":["Force Field","Beam Cell"],"picked":"Conserve Battery","floor":7},{"not_picked":["Self Repair","Glacier"],"picked":"Doom and Gloom","floor":8},{"not_picked":["Blizzard","All For One"],"picked":"BasicCrystalCard","floor":12},{"not_picked":["Coolheaded","Force Field"],"picked":"conspire:Rain","floor":14},{"not_picked":["Rainbow","Core Surge"],"picked":"ReplayTheSpireMod:Omega Cannon","floor":16},{"not_picked":["Ball Lightning+1","Steam+1"],"picked":"Redo","floor":18}],"player_experience":602691,"relics_obtained":[{"floor":8,"key":"ReplayTheSpireMod:Ninjato"},{"floor":9,"key":"hubris:MobiusCoin"}],"event_choices":[{"damage_healed":0,"gold_gain":0,"player_choice":"Box","damage_taken":0,"relics_obtained":["Anchor"],"max_hp_gain":0,"max_hp_loss":0,"event_name":"Big Fish","floor":2,"gold_loss":0,"cards_obtained":["Regret"]},{"cards_removed":["Regret","ReplayTheSpireMod:IOU","ReplayTheSpireMod:IOU","ReplayTheSpireMod:IOU","ReplayTheSpireMod:IOU","ReplayTheSpireMod:IOU","ReplayTheSpireMod:IOU","ReplayTheSpireMod:IOU","ReplayTheSpireMod:IOU","ReplayTheSpireMod:IOU","ReplayTheSpireMod:IOU"],"damage_healed":0,"gold_gain":0,"player_choice":"Removed Curses","damage_taken":0,"max_hp_gain":0,"max_hp_loss":0,"event_name":"Fountain of Cleansing","floor":5,"gold_loss":0},{"damage_healed":0,"gold_gain":0,"player_choice":"Ignored","damage_taken":0,"max_hp_gain":0,"max_hp_loss":0,"event_name":"Ghosts","floor":19,"gold_loss":0},{"damage_healed":0,"gold_gain":0,"player_choice":"Paid Gold","damage_taken":0,"relics_obtained":["conspire:Dentures"],"max_hp_gain":0,"max_hp_loss":0,"event_name":"WeMeetAgain","floor":21,"gold_loss":137}],"is_beta":false,"boss_relics":[{"not_picked":["Replay:Drink Me","hubris:CrackedHourglass"],"picked":"SlaversCollar"}],"items_purged_floors":[20],"is_endless":false,"potions_floor_spawned":[3,12,16],"killed_by":"3 Byrds","ascension_level":3}}