{"host":"2pgz2fctomabfk86","time":1607682182,"event":{"mods":["AchievementEnabler","BaseMod","Colored Map","DeckTracker","Minty Spire (QoL Compilation)","StSLib","SuperFastMode"],"gold_per_floor":[115,115,115,130,149,149,165,165,165,184,194,194,223,223,223,309,309,330,330,330],"floor_reached":19,"playtime":684,"items_purged":[],"score":487,"play_id":"ab65966e-dfe6-4b78-b6fb-cd16ac105e53","local_time":"20201211192302","is_ascension_mode":true,"campfire_choices":[{"data":"Shockwave","floor":6.0,"key":"SMITH"},{"data":"True Grit","floor":15,"key":"SMITH"}],"circlet_count":0,"master_deck":["AscendersBane","Strike_R","Strike_R","Strike_R+1","Strike_R","Strike_R","Defend_R","Defend_R","Defend_R","Defend_R","Bash","Exhume+1","Perfected Strike+1","Shockwave+1","Wild Strike","True Grit+1","Offering","Feel No Pain"],"relics":["Black Blood","CeramicFish","Pantograph"],"acts_visited":["Exordium","TheCity"],"potions_floor_usage":[12,16,18],"damage_taken":[{"damage":9.0,"enemies":"Jaw Worm","floor":1.0,"turns":5.0},{"damage":1.0,"enemies":"Cultist","floor":4.0,"turns":3.0},{"damage":15.0,"enemies":"Small Slimes","floor":5.0,"turns":3.0},{"damage":23.0,"enemies":"Gremlin Gang","floor":7.0,"turns":5.0},{"damage":14.0,"enemies":"2 Fungi Beasts","floor":10.0,"turns":4.0},{"damage":6.0,"enemies":"Looter","floor":11.0,"turns":3.0},{"damage":0,"enemies":"Lots of Slimes","floor":12,"turns":1},{"damage":6,"enemies":"2 Fungi Beasts","floor":13,"turns":3},{"damage":32,"enemies":"The Guardian","floor":16,"turns":13},{"damage":43,"enemies":"3 Byrds","floor":18,"turns":7},{"damage":28,"enemies":"Spheric Guardian","floor":19,"turns":5}],"seed_played":"-3091399534946008098","potions_obtained":[{"floor":5.0,"key":"SmokeBomb"},{"floor":11.0,"key":"PowerPotion"},{"floor":13,"key":"AttackPotion"},{"floor":16,"key":"Fruit Juice"}],"is_trial":false,"path_per_floor":["M","?","$","M","M","R","M","?","T","M","M","M","M","?","R","B",null,"M","M"],"character_chosen":"IRONCLAD","items_purchased":[],"campfire_rested":0,"item_purchase_floors":[],"current_hp_per_floor":[65,65,65,70,61,61,44,21,21,13,13,19,19,19,19,18,61,35,7,7],"gold":330,"neow_bonus":"ONE_RANDOM_RARE_CARD","is_daily":false,"chose_seed":false,"campfire_upgraded":2,"win_rate":0.0,"timestamp":1607682182,"path_taken":["M","?","$","M","?","R","M","?","T","M","M","M","M","?","R","BOSS","M","?"],"items_purchased_type":[],"build_version":"2020-11-30","purchased_purges":0,"victory":false,"max_hp_per_floor":[75,75,75,75,75,75,75,75,75,75,75,75,75,75,75,75,75,80,80,80],"card_choices":[{"not_picked":["Warcry","Heavy Blade"],"picked":"Perfected Strike","floor":1.0},{"not_picked":["True Grit","Thunderclap"],"picked":"Shockwave","floor":4.0},{"not_picked":["Shockwave","Heavy Blade","Berserk"],"picked":"SKIP","floor":5.0},{"not_picked":["Heavy Blade","Sword Boomerang","Pummel"],"picked":"SKIP","floor":7.0},{"not_picked":["Shrug It Off","Ghostly Armor"],"picked":"Wild Strike","floor":10.0},{"not_picked":["Thunderclap","Sword Boomerang","Anger"],"picked":"SKIP","floor":11.0},{"not_picked":["Flex","Intimidate"],"picked":"True Grit","floor":13},{"not_picked":["Berserk","Corruption"],"picked":"Offering","floor":16},{"not_picked":["Flex","Fire Breathing+1"],"picked":"Feel No Pain","floor":18}],"player_experience":890254,"relics_obtained":[{"floor":9.0,"key":"CeramicFish"}],"event_choices":[{"damage_healed":0.0,"max_hp_gain":0.0,"max_hp_loss":0.0,"gold_gain":0.0,"event_name":"Accursed Blacksmith","player_choice":"Forge","floor":2.0,"gold_loss":0.0,"damage_taken":0.0,"cards_upgraded":["Perfected Strike"]},{"damage_healed":0.0,"max_hp_gain":0.0,"max_hp_loss":0.0,"gold_gain":0.0,"event_name":"Shining Light","player_choice":"Entered Light","floor":8.0,"gold_loss":0.0,"damage_taken":23.0,"cards_upgraded":["Exhume","Strike_R"]},{"damage_healed":0,"gold_gain":0,"player_choice":"Gave Potion","damage_taken":0,"relics_obtained":["Pantograph"],"max_hp_gain":0,"max_hp_loss":0,"event_name":"WeMeetAgain","floor":14,"gold_loss":0}],"is_beta":false,"boss_relics":[{"not_picked":["Runic Dome","Fusion Hammer"],"picked":"Black Blood"}],"items_purged_floors":[],"is_endless":false,"potions_floor_spawned":[5,11,12,13,16],"killed_by":"Spheric Guardian","ascension_level":17}}