{"host":"dh4nu8nelr2izibb","time":1607661320,"event":{"mods":["Act Like it!","BaseMod","Better Third Choice","Card Forge","Displayed Cursed Tome","HololiveMod","Marisa????????","Minty Spire (QoL Compilation)","Puzzle Mod","Quick Restart","StSLib","The Poker Player","The Servant 0.9.4","WarShipGirlsR/????R mod","???????????mod"],"gold_per_floor":[114,114,14,164,239,239,283,283,352,371,371,37,37,70,70,166,166,190,211,231,156,169,169,212,224,289,321,55,68,91,91,91,184,184,197,530,530,540,558,558,328,356,403,452,80,80,80,91,91,91,91,91],"floor_reached":51,"playtime":1868,"items_purged":["Decay","Strike_G","Strike_G","Defend_G"],"score":1477,"play_id":"3620e7bc-1c6e-48c1-8e12-613ae8c1a6e7","local_time":"20201210233520","is_ascension_mode":true,"campfire_choices":[{"data":"Neutralize","floor":6,"key":"SMITH"},{"data":"Finisher","floor":8,"key":"SMITH"},{"data":"Blade Dance","floor":11,"key":"SMITH"},{"data":"Storm of Steel","floor":15,"key":"SMITH"},{"floor":23,"key":"REST"},{"floor":25,"key":"REST"},{"floor":32,"key":"REST"},{"floor":40,"key":"REST"},{"floor":46,"key":"RECALL"},{"floor":49,"key":"REST"}],"circlet_count":0,"master_deck":["AscendersBane","Strike_G+1","Strike_G+1","Defend_G","Defend_G","Defend_G","Survivor","Neutralize+1","Acrobatics","Blade Dance+1","Finisher+1","Storm of Steel+1","Slice","Blade Dance+1","Backstab","Doppelganger+1","PiercingWail+1","Terror+1","Blade Dance+1","Leg Sweep+1","Footwork","Acrobatics+1","After Image+1","Adrenaline+1","Cloak And Dagger+1","After Image+1","After Image","Dagger Spray","Trip+1","Cloak And Dagger+1"],"relics":["Ring of the Snake","Hammer of Thor","Seething Fire","Anvil of the Gods","NeowsBlessing","Boot","Toxic Egg 2","Shuriken","Whetstone","Sozu","MawBank","Regal Pillow","Membership Card","Fusion Hammer","ClockworkSouvenir","Anchor","Ancient Tea Set","Bronze Scales","Nunchaku","Du-Vu Doll"],"acts_visited":["Exordium","TheCity","TheBeyond"],"potions_floor_usage":[16,16,24],"damage_taken":[{"damage":0,"enemies":"Small Slimes","floor":1,"turns":1},{"damage":0,"enemies":"Lagavulin","floor":7,"turns":1},{"damage":0,"enemies":"Jaw Worm","floor":10,"turns":1},{"damage":10,"enemies":"3 Sentries","floor":14,"turns":3},{"damage":18,"enemies":"Hexaghost","floor":16,"turns":4},{"damage":5,"enemies":"Shell Parasite","floor":18,"turns":2},{"damage":9,"enemies":"2 Thieves","floor":19,"turns":3},{"damage":3,"enemies":"3 Cultists","floor":20,"turns":4},{"damage":8,"enemies":"Chosen and Byrds","floor":22,"turns":4},{"damage":37,"enemies":"Slavers","floor":24,"turns":3},{"damage":5,"enemies":"Snecko","floor":27,"turns":3},{"damage":9,"enemies":"Centurion and Healer","floor":29,"turns":4},{"damage":0,"enemies":"3 Cultists","floor":30,"turns":3},{"damage":0,"enemies":"Colosseum Slavers","floor":31,"turns":3},{"damage":5,"enemies":"Champ","floor":33,"turns":9},{"damage":8,"enemies":"3 Shapes","floor":35,"turns":10},{"damage":17,"enemies":"3 Darklings","floor":38,"turns":4},{"damage":5,"enemies":"Spire Growth","floor":39,"turns":5},{"damage":0,"enemies":"Nemesis","floor":42,"turns":5},{"damage":0,"enemies":"2 Orb Walkers","floor":44,"turns":5},{"damage":0,"enemies":"Maw","floor":48,"turns":3},{"damage":16,"enemies":"Donu and Deca","floor":50,"turns":6},{"damage":75,"enemies":"Time Eater","floor":51,"turns":11}],"seed_played":"985149876941962102","potions_obtained":[{"floor":7,"key":"Poison Potion"},{"floor":14,"key":"Fruit Juice"},{"floor":16,"key":"AttackPotion"}],"is_trial":false,"path_per_floor":["M","?","$","?","?","R","E","R","T","M","R","$","?","E","R","B",null,"M","M","M","$","M","R","E","R","T","M","$","M","M","?","R","B",null,"M","?","?","M","M","R","$","E","T","?","$","R","?","M","R","B","B"],"character_chosen":"THE_SILENT","items_purchased":["Blade Dance","Finisher","Shuriken","Blade Dance+1","Membership Card","Footwork","Acrobatics+1","ClockworkSouvenir","Anchor","Nunchaku","Du-Vu Doll","Trip+1"],"campfire_rested":5,"item_purchase_floors":[3,3,12,12,28,28,28,41,41,45,45,45],"current_hp_per_floor":[59,59,59,59,48,48,48,48,48,48,48,48,48,38,38,25,55,50,41,38,38,30,49,12,31,31,26,26,17,17,17,51,46,60,52,52,52,35,30,64,64,64,64,64,64,64,52,52,65,49,0,0],"gold":91,"neow_bonus":"THREE_ENEMY_KILL","is_daily":false,"chose_seed":false,"campfire_upgraded":4,"win_rate":0.0,"timestamp":1607661320,"path_taken":["M","?","$","?","?","R","E","R","T","M","R","$","?","E","R","BOSS","M","M","M","?","M","R","E","R","T","M","$","M","M","?","R","BOSS","M","?","?","M","?","R","$","E","T","?","$","R","?","M","R","BOSS","BOSS"],"items_purchased_type":["Card","Card","Relic","Undefined","Relic","Card","Undefined","Relic","Relic","Relic","Relic","Undefined"],"build_version":"2020-11-30","purchased_purges":4,"victory":false,"max_hp_per_floor":[66,60,60,60,60,60,60,60,60,60,60,60,60,60,60,65,65,65,65,65,65,65,65,65,65,65,65,65,65,65,65,65,65,65,65,65,65,65,65,65,65,65,65,65,65,65,65,65,65,65,65,65],"card_choices":[{"not_picked":["Prepared","Reflex"],"picked":"Acrobatics","floor":1},{"not_picked":["Underhanded Strike","Predator"],"picked":"Storm of Steel","floor":7},{"not_picked":["Acrobatics+1","Flying Knee"],"picked":"Slice","floor":10},{"not_picked":["Storm of Steel+1","PiercingWail+1"],"picked":"Backstab","floor":14},{"not_picked":["Night Terror+1","Grand Finale"],"picked":"Doppelganger+1","floor":16},{"not_picked":["Underhanded Strike","Slice"],"picked":"PiercingWail+1","floor":18},{"not_picked":["Flying Knee","Bouncing Flask+1"],"picked":"Terror+1","floor":19},{"not_picked":["Bouncing Flask+1","Flechettes","Prepared+1"],"picked":"SKIP","floor":20},{"not_picked":["Noxious Fumes","Prepared+1","Bane"],"picked":"SKIP","floor":22},{"not_picked":["PiercingWail+1","Terror+1"],"picked":"Blade Dance+1","floor":24},{"not_picked":["Dagger Throw","Blade Dance+1"],"picked":"Leg Sweep+1","floor":27},{"not_picked":["Slice","Flying Knee","PiercingWail+1"],"picked":"SKIP","floor":29},{"not_picked":["Dagger Throw","Backflip+1"],"picked":"After Image","floor":30},{"not_picked":["Doppelganger+1","A Thousand Cuts"],"picked":"Adrenaline+1","floor":33},{"not_picked":["Sucker Punch+1","Bane+1"],"picked":"Cloak And Dagger+1","floor":35},{"not_picked":["PiercingWail+1","Slice"],"picked":"After Image","floor":38},{"not_picked":["Poisoned Stab+1","Expertise+1"],"picked":"Dagger Spray","floor":39},{"not_picked":["Blade Dance+1","Dagger Throw","Crippling Poison+1"],"picked":"SKIP","floor":42},{"not_picked":["Deadly Poison+1","Outmaneuver+1"],"picked":"Cloak And Dagger+1","floor":48}],"player_experience":1095574,"relics_obtained":[{"floor":7,"key":"Boot"},{"floor":9,"key":"Toxic Egg 2"},{"floor":14,"key":"Whetstone"},{"floor":24,"key":"MawBank"},{"floor":26,"key":"Regal Pillow"},{"floor":42,"key":"Ancient Tea Set"},{"floor":43,"key":"Bronze Scales"}],"event_choices":[{"damage_healed":0,"gold_gain":0,"player_choice":"Lose Max HP","damage_taken":0,"relics_obtained":["Golden Idol"],"max_hp_gain":0,"max_hp_loss":6,"event_name":"Golden Idol","floor":2,"gold_loss":0},{"damage_healed":0,"gold_gain":150,"player_choice":"AGREE","damage_taken":14,"max_hp_gain":0,"max_hp_loss":0,"event_name":"betterThird:BetterSerpent","floor":4,"gold_loss":0},{"damage_healed":0,"gold_gain":75,"player_choice":"Gold","damage_taken":11,"max_hp_gain":0,"max_hp_loss":0,"event_name":"betterThird:BetterGoop","floor":5,"gold_loss":0},{"damage_healed":0,"gold_gain":0,"player_choice":"Cursed","damage_taken":0,"max_hp_gain":0,"max_hp_loss":0,"event_name":"Wheel of Change","floor":13,"gold_loss":0,"cards_obtained":["Decay"]},{"damage_healed":0,"gold_gain":0,"player_choice":"Fight","damage_taken":0,"max_hp_gain":0,"max_hp_loss":0,"event_name":"Colosseum","floor":31,"gold_loss":0},{"damage_healed":0,"gold_gain":0,"player_choice":"Fled From Nobs","damage_taken":0,"max_hp_gain":0,"max_hp_loss":0,"event_name":"Colosseum","floor":31,"gold_loss":0},{"damage_healed":0,"gold_gain":333,"player_choice":"Gave Idol","damage_taken":0,"max_hp_gain":0,"max_hp_loss":0,"event_name":"The Moai Head","floor":36,"relics_lost":["Golden Idol"],"gold_loss":0},{"damage_healed":0,"gold_gain":0,"player_choice":"Copied","damage_taken":0,"max_hp_gain":0,"max_hp_loss":0,"event_name":"Duplicator","floor":37,"gold_loss":0,"cards_obtained":["After Image"]},{"damage_healed":0,"gold_gain":0,"player_choice":"Fight","damage_taken":0,"max_hp_gain":0,"max_hp_loss":0,"event_name":"Mysterious Sphere","floor":44,"gold_loss":0},{"damage_healed":0,"gold_gain":0,"player_choice":"Embrace Madness","damage_taken":12,"max_hp_gain":0,"max_hp_loss":0,"event_name":"Winding Halls","floor":47,"gold_loss":0,"cards_obtained":["Madness","Madness"]}],"is_beta":false,"boss_relics":[{"not_picked":["Cursed Key","Ring of the Serpent"],"picked":"Sozu"},{"not_picked":["Tiny House","Snecko Eye"],"picked":"Fusion Hammer"}],"items_purged_floors":[21,28,41,45],"is_endless":false,"potions_floor_spawned":[7,14,16,18,20,24,31,39,44],"killed_by":"Time Eater","ascension_level":20}}