{"host":"kstmajdnxm8lto3o","time":1607729705,"event":{"mods":["Aspiration","BaseMod","Better Third Choice","BetterRewards","CCEM","Conspire","Downfall","Gremlin Skip","Highlight Path","Hubris","Minty Spire (QoL Compilation)","Replay The Spire","Shop Mod","Spicy Shops","StSLib"],"gold_per_floor":[116,129,146,160,173,198,198,210,233,408,408,435,455,489,489,594,594,611,611,623,623,623,657,657,689,689,689,705,705,717,1,1,101,101,119,119,129,13,30,30,59,59,59,93,111,5,5,38,38,38,38,38,38,65,65],"floor_reached":56,"playtime":3412,"items_purged":["Doubt"],"score":1371,"play_id":"7793849f-ce56-44b3-b2e0-9336bd693476","local_time":"20201211183505","is_ascension_mode":true,"campfire_choices":[{"data":"Bash","floor":7,"key":"SMITH"},{"floor":15,"key":"REST"},{"data":"hubris:ReadiedAction","floor":24,"key":"SMITH"},{"data":"Clothesline","floor":27,"key":"SMITH"},{"floor":32,"key":"RECALL"},{"data":"Armaments","floor":40,"key":"SMITH"},{"data":"Replay:Undeath\u0027s Touch","floor":42,"key":"SMITH"},{"data":"hubris:StunningStrike","floor":49,"key":"SMITH"},{"data":"Flex","floor":52,"key":"SMITH"}],"circlet_count":0,"master_deck":["Strike_R","Strike_R","Strike_R","Strike_R","Strike_R","Defend_R","Defend_R","Defend_R","Defend_R","Bash+1","Clothesline+1","Flex","Pommel Strike","Clash","hubris:ReadiedAction+1","Flex","Dropkick","Inflame+1","Inflame+1","Replay:Undeath\u0027s Touch+1","Rage","Perfected Strike+1","Flex+1","Thunderclap+1","Run Through","conspire:HitWhereItHurts","Heavy Blade+1","Armaments+1","Replay:Undeath\u0027s Touch","hubris:StunningStrike+1","Flex","Heavy Blade+1","Berserk+1"],"relics":["Burning Blood","aspiration:Nostalgia","m_SlimeRing","Frozen Egg 2","CCEMRelics:SpiritsEdge","Mummified Hand","hubris:Reverence","aspiration:PoetsPen_weak","hubris:Icosahedron","Another Sword","King of Hearts","MerchantsRug","Bottled Tornado","Eternal Feather","hubris:Stopwatch","aspiration:StickyExplosives_weak","hubris:TenFootPole","Ornamental Fan","Medical Kit","CCEMRelics:GrapeVine","CCEMRelics:OverlyComfyChair"],"acts_visited":["Exordium","TheCity","TheBeyond","TheEnding"],"potions_floor_usage":[14,25,30,55,55],"damage_taken":[{"damage":10,"enemies":"Small Slimes","floor":1,"turns":5},{"damage":3,"enemies":"Jaw Worm","floor":2,"turns":4},{"damage":0,"enemies":"Cultist","floor":3,"turns":4},{"damage":11,"enemies":"Red Slaver","floor":4,"turns":4},{"damage":1,"enemies":"Large Slime","floor":5,"turns":5},{"damage":21,"enemies":"3 Sentries","floor":6,"turns":10},{"damage":21,"enemies":"Exordium Thugs","floor":8,"turns":3},{"damage":12,"enemies":"Lagavulin","floor":12,"turns":6},{"damage":0,"enemies":"Looter","floor":13,"turns":1},{"damage":31,"enemies":"3 Sentries","floor":14,"turns":6},{"damage":37,"enemies":"The Guardian","floor":16,"turns":6},{"damage":5,"enemies":"Chosen","floor":18,"turns":3},{"damage":10,"enemies":"2 Thieves","floor":20,"turns":3},{"damage":29,"enemies":"Slavers","floor":23,"turns":4},{"damage":0,"enemies":"Gremlin Leader","floor":25,"turns":3},{"damage":10,"enemies":"Cultist and Chosen","floor":28,"turns":4},{"damage":30,"enemies":"Centurion and Healer","floor":30,"turns":3},{"damage":20,"enemies":"Automaton","floor":33,"turns":5},{"damage":0,"enemies":"Orb Walker","floor":35,"turns":1},{"damage":5,"enemies":"3 Shapes","floor":37,"turns":3},{"damage":0,"enemies":"Jaw Worm Horde","floor":39,"turns":2},{"damage":7,"enemies":"Nemesis","floor":41,"turns":3},{"damage":4,"enemies":"Giant Head","floor":44,"turns":4},{"damage":0,"enemies":"3 Darklings","floor":45,"turns":1},{"damage":0,"enemies":"Nemesis","floor":48,"turns":1},{"damage":82,"enemies":"Donu and Deca","floor":50,"turns":6},{"damage":20,"enemies":"Shield and Spear","floor":54,"turns":3},{"damage":152,"enemies":"The Heart","floor":55,"turns":9}],"seed_played":"-8739067807478426357","potions_obtained":[{"floor":3,"key":"Fire Potion"},{"floor":4,"key":"FairyPotion"},{"floor":5,"key":"sneckomod:MuddlingPotion"},{"floor":14,"key":"BlessingOfTheForge"},{"floor":20,"key":"Swift Potion"},{"floor":23,"key":"Strength Potion"},{"floor":30,"key":"Fruit Juice"},{"floor":37,"key":"conspire:TimeTravelPotion"}],"is_trial":false,"path_per_floor":["M","M","M","M","M","E","R","M","T","?","?","E","M","E","R","B",null,"M","?","M","?","?","E","R","E","T","R","M","?","M","$","R","B",null,"M","?","M","?","M","R","E","R","T","E","M","$","T","E","R","B",null,"R","$","E","B",null],"character_chosen":"IRONCLAD","items_purchased":["MerchantsRug","Bottled Tornado","Eternal Feather","Medical Kit"],"campfire_rested":1,"item_purchase_floors":[31,31,31,46],"current_hp_per_floor":[76,79,80,75,80,65,65,50,50,50,50,44,50,25,49,18,80,80,80,76,76,76,53,53,59,59,59,55,55,36,36,51,37,85,85,85,85,85,85,85,84,85,85,85,85,85,85,85,85,14,85,85,85,75,27],"gold":65,"neow_bonus":"NOSTALGIA","is_daily":false,"chose_seed":false,"campfire_upgraded":7,"win_rate":0.0,"timestamp":1607729705,"path_taken":["M","M","M","M","M","E","R","M","T","?","?","E","M","E","R","BOSS","M","?","M","?","?","E","R","E","T","R","M","?","?","$","R","BOSS","M","?","M","?","M","R","E","R","T","E","?","$","?","E","R","BOSS","R","$","E","BOSS"],"items_purchased_type":["Relic","Relic","Relic","Relic"],"build_version":"2020-11-30","purchased_purges":1,"victory":true,"max_hp_per_floor":[80,80,80,80,80,80,80,80,80,80,80,80,80,80,80,80,80,80,80,80,80,80,80,80,80,80,80,80,80,85,85,85,85,85,85,85,85,85,85,85,85,85,85,85,85,85,85,85,85,85,85,85,85,85,85],"card_choices":[{"not_picked":["Body Slam","Sword Boomerang"],"picked":"Clothesline","floor":1},{"not_picked":["Warcry","Sever Soul"],"picked":"Flex","floor":2},{"not_picked":["Sentinel","Disarm"],"picked":"Pommel Strike","floor":3},{"not_picked":["Defy Death","True Grit"],"picked":"Clash","floor":4},{"not_picked":["conspire:HitWhereItHurts","Hemokinesis"],"picked":"hubris:ReadiedAction","floor":5},{"not_picked":["Carnage","hubris:ReadiedAction"],"picked":"Flex","floor":6},{"not_picked":["Headbutt","ReplayTheSpireMod:Corrosion Curse"],"picked":"Dropkick","floor":8},{"not_picked":["Fiend Fire","Sword Boomerang","Intimidate"],"picked":"SKIP","floor":12},{"not_picked":["Combust+1","ReplayTheSpireMod:Strike From Hell"],"picked":"Inflame+1","floor":13},{"not_picked":["Pommel Strike","Sentinel"],"picked":"Inflame+1","floor":14},{"not_picked":["Disarm","Dark Embrace+1"],"picked":"Replay:Undeath\u0027s Touch","floor":18},{"not_picked":["ReplayTheSpireMod:Strike From Hell+1","Anger"],"picked":"Rage","floor":20},{"not_picked":["Fiend Fire","Massacre"],"picked":"Perfected Strike+1","floor":23},{"not_picked":["Entrench","ReplayTheSpireMod:Strike From Hell"],"picked":"Flex","floor":25},{"not_picked":["Abandon","Clothesline"],"picked":"Thunderclap+1","floor":28},{"not_picked":["Hemokinesis","Rage"],"picked":"Run Through","floor":30},{"not_picked":["conspire:Purge","Fiend Fire"],"picked":"conspire:HitWhereItHurts","floor":33},{"not_picked":["Shockwave+1","Twin Strike"],"picked":"Heavy Blade+1","floor":35},{"not_picked":["hubris:ReadiedAction","Abandon+1"],"picked":"Armaments","floor":37},{"not_picked":["Reckless Charge+1","Disarm+1"],"picked":"Replay:Undeath\u0027s Touch","floor":39},{"not_picked":["Warcry","Defy Death"],"picked":"hubris:StunningStrike","floor":41},{"not_picked":["Clash","Power Through"],"picked":"Flex","floor":44},{"not_picked":["Master of Strategy+1","Survey Options+1","Crow Ritual+1"],"picked":"SKIP","floor":45},{"not_picked":["True Grit+1","Wild Strike+1","ReplayTheSpireMod:Strike From Hell+1"],"picked":"SKIP","floor":45},{"not_picked":["ReplayTheSpireMod:Corrosion Curse","Exhume"],"picked":"Heavy Blade+1","floor":48},{"not_picked":["Run Through+1","Clash+1"],"picked":"Berserk+1","floor":54}],"player_experience":426403,"relics_obtained":[{"floor":6,"key":"Frozen Egg 2"},{"floor":9,"key":"CCEMRelics:SpiritsEdge"},{"floor":12,"key":"Mummified Hand"},{"floor":14,"key":"hubris:Reverence"},{"floor":23,"key":"Another Sword"},{"floor":25,"key":"King of Hearts"},{"floor":41,"key":"hubris:TenFootPole"},{"floor":43,"key":"Ornamental Fan"},{"floor":44,"key":"CCEMRelics:FestiveHat"},{"floor":47,"key":"CCEMRelics:GrapeVine"},{"floor":48,"key":"CCEMRelics:OverlyComfyChair"}],"event_choices":[{"damage_healed":0,"gold_gain":175,"player_choice":"AGREE","damage_taken":233,"max_hp_gain":0,"max_hp_loss":0,"event_name":"betterThird:BetterSerpent","floor":10,"gold_loss":0},{"damage_healed":0,"gold_gain":0,"player_choice":"Disagree","damage_taken":0,"max_hp_gain":0,"max_hp_loss":0,"event_name":"conspire:LoneGhost","floor":11,"gold_loss":0},{"damage_healed":0,"gold_gain":0,"player_choice":"Ignored","damage_taken":0,"max_hp_gain":0,"max_hp_loss":0,"event_name":"Ghosts","floor":21,"gold_loss":0},{"damage_healed":0,"gold_gain":0,"player_choice":"Leave","damage_taken":0,"max_hp_gain":0,"max_hp_loss":0,"event_name":"conspire:Investor","floor":29,"gold_loss":0},{"damage_healed":0,"gold_gain":0,"player_choice":"Paid Gold","damage_taken":0,"relics_obtained":["aspiration:StickyExplosives_weak"],"max_hp_gain":0,"max_hp_loss":0,"event_name":"WeMeetAgain","floor":38,"gold_loss":116}],"is_beta":false,"boss_relics":[{"not_picked":["Snecko Eye","Cursed Key"],"picked":"aspiration:PoetsPen_weak"},{"not_picked":["aspiration:SecretTechniqueScroll","Runic Cube"],"picked":"hubris:Stopwatch"}],"items_purged_floors":[31],"is_endless":false,"potions_floor_spawned":[3,4,5,14,20,23,30,37,39,44,45],"ascension_level":1}}