{"host":"7gewg82ormp6yt4e","time":1607689672,"event":{"mods":["BaseMod","Block Reminder","Colored Map","Colored Powertips","DeckTracker","Highlight Path","Minty Spire (QoL Compilation)","Relic Stats","StSLib"],"gold_per_floor":[114,10,285,303,314,314,314,314,368,39,59,59,89,102,102,176,176,195,33,33,47,57,57,84,84,84,64,64,64,96,96,96],"floor_reached":31,"playtime":1171,"items_purged":["Regret"],"score":592,"play_id":"324dddb2-3135-45b5-8a7a-5854fa116583","local_time":"20201211212752","is_ascension_mode":true,"campfire_choices":[{"data":"Noxious Fumes","floor":6,"key":"SMITH"},{"data":"Neutralize","floor":8,"key":"SMITH"},{"data":"Deadly Poison","floor":12,"key":"SMITH"},{"floor":15,"key":"REST"},{"data":"Corpse Explosion","floor":23,"key":"SMITH"},{"floor":28,"key":"REST"}],"circlet_count":0,"master_deck":["AscendersBane","Strike_G","Strike_G","Strike_G+1","Defend_G","Defend_G","Defend_G","Defend_G+1","Defend_G","Survivor","Neutralize+1","Leg Sweep","Noxious Fumes+1","Dagger Spray","Escape Plan","Terror","Deadly Poison+1","Poisoned Stab","Bouncing Flask","Corpse Explosion+1","Skewer","Well Laid Plans+1","Blur","Caltrops","Poisoned Stab","Leg Sweep"],"relics":["Ring of the Snake","NeowsBlessing","Lantern","TungstenRod","Bronze Scales","Velvet Choker","Incense Burner","Boot"],"acts_visited":["Exordium","TheCity"],"potions_floor_usage":[13,24,30,30,31],"damage_taken":[{"damage":0,"enemies":"2 Louse","floor":1,"turns":1},{"damage":0,"enemies":"Cultist","floor":4,"turns":1},{"damage":0,"enemies":"Small Slimes","floor":5,"turns":1},{"damage":4,"enemies":"3 Louse","floor":11,"turns":4},{"damage":27,"enemies":"Gremlin Nob","floor":13,"turns":4},{"damage":1,"enemies":"2 Fungi Beasts","floor":14,"turns":3},{"damage":7,"enemies":"Hexaghost","floor":16,"turns":7},{"damage":1,"enemies":"Spheric Guardian","floor":18,"turns":4},{"damage":15,"enemies":"2 Thieves","floor":21,"turns":3},{"damage":0,"enemies":"3 Cultists","floor":22,"turns":2},{"damage":29,"enemies":"Book of Stabbing","floor":24,"turns":5},{"damage":23,"enemies":"Gremlin Leader","floor":30,"turns":8},{"damage":11,"enemies":"Cultist and Chosen","floor":31,"turns":3}],"seed_played":"1254121574528711927","potions_obtained":[{"floor":1,"key":"AttackPotion"},{"floor":5,"key":"Energy Potion"},{"floor":13,"key":"GamblersBrew"},{"floor":18,"key":"DistilledChaos"},{"floor":27,"key":"EssenceOfSteel"},{"floor":30,"key":"Ancient Potion"}],"is_trial":false,"path_per_floor":["M","$","?","M","M","R","?","R","T","$","M","R","E","M","R","B",null,"M","$","?","M","M","R","E","?","T","?","R","$","E","M"],"character_chosen":"THE_SILENT","items_purchased":["Noxious Fumes","Dagger Spray","TungstenRod","Well Laid Plans"],"campfire_rested":2,"item_purchase_floors":[2,2,10,19],"current_hp_per_floor":[59,59,59,59,59,59,39,39,39,39,35,35,8,7,26,19,54,53,53,53,38,38,38,9,9,9,9,28,28,5,0,0],"gold":96,"neow_bonus":"THREE_ENEMY_KILL","is_daily":false,"chose_seed":false,"campfire_upgraded":4,"win_rate":0.0,"timestamp":1607689672,"path_taken":["M","$","?","M","?","R","?","R","T","$","M","R","E","M","R","BOSS","M","$","?","M","?","R","E","?","T","?","R","$","E","M"],"items_purchased_type":["Card","Card","Relic","Card"],"build_version":"2020-11-30","purchased_purges":1,"victory":false,"max_hp_per_floor":[66,66,66,66,66,66,66,66,66,66,66,66,66,66,66,66,66,66,66,66,66,66,66,66,66,66,66,66,66,66,66,66],"relic_stats":{"counters":[13,46],"Bronze Scales":[121],"Boot":[0],"obtain_stats":[{"Lantern":9,"NeowsBlessing":0,"Bronze Scales":13,"Velvet Choker":17,"Incense Burner":24,"Boot":30,"TungstenRod":10,"Ring of the Snake":0},{"Lantern":3,"NeowsBlessing":0,"Bronze Scales":5,"Velvet Choker":7,"Incense Burner":11,"Boot":12,"TungstenRod":3,"Ring of the Snake":0},{"Lantern":3,"NeowsBlessing":0,"Bronze Scales":11,"Velvet Choker":21,"Incense Burner":35,"Boot":43,"TungstenRod":3,"Ring of the Snake":0}],"TungstenRod":30,"Ring of the Snake":[26]},"card_choices":[{"not_picked":["Setup","Riddle With Holes"],"picked":"Leg Sweep","floor":1},{"not_picked":["Flying Knee","Blade Dance"],"picked":"Escape Plan","floor":4},{"not_picked":["Quick Slash","Accuracy"],"picked":"Terror","floor":5},{"not_picked":["Cloak And Dagger","Dagger Spray"],"picked":"Deadly Poison","floor":11},{"not_picked":["Slice","Dodge and Roll"],"picked":"Poisoned Stab","floor":13},{"not_picked":["Flying Knee","A Thousand Cuts"],"picked":"Bouncing Flask","floor":14},{"not_picked":["Tools of the Trade","Glass Knife"],"picked":"Corpse Explosion","floor":16},{"not_picked":["Choke+1","Setup"],"picked":"Skewer","floor":18},{"not_picked":["Endless Agony","Outmaneuver","Deflect"],"picked":"SKIP","floor":21},{"not_picked":["Slice","Escape Plan"],"picked":"Blur","floor":22},{"not_picked":["Tactician","Flying Knee","Dagger Spray"],"picked":"SKIP","floor":24},{"not_picked":["Dodge and Roll","Terror"],"picked":"Leg Sweep","floor":30}],"player_experience":2308651,"relics_obtained":[{"floor":9,"key":"Lantern"},{"floor":13,"key":"Bronze Scales"},{"floor":24,"key":"Incense Burner"},{"floor":30,"key":"Boot"}],"event_choices":[{"damage_healed":0,"gold_gain":275,"player_choice":"Desecrate","damage_taken":0,"max_hp_gain":0,"max_hp_loss":0,"event_name":"Golden Shrine","floor":3,"gold_loss":0,"cards_obtained":["Regret"]},{"damage_healed":0,"gold_gain":0,"player_choice":"Entered Light","damage_taken":20,"max_hp_gain":0,"max_hp_loss":0,"event_name":"Shining Light","floor":7,"gold_loss":0,"cards_upgraded":["Strike_G","Defend_G"]},{"damage_healed":0,"gold_gain":0,"player_choice":"Upgraded","damage_taken":0,"max_hp_gain":0,"max_hp_loss":0,"event_name":"Upgrade Shrine","floor":20,"gold_loss":0,"cards_upgraded":["Well Laid Plans"]},{"damage_healed":0,"gold_gain":0,"cards_transformed":["Strike_G","Strike_G"],"player_choice":"Became Test Subject","damage_taken":0,"max_hp_gain":0,"max_hp_loss":0,"event_name":"Drug Dealer","floor":25,"gold_loss":0,"cards_obtained":["Caltrops","Poisoned Stab"]},{"damage_healed":0,"gold_gain":0,"player_choice":"Bought 1 Potion","damage_taken":0,"max_hp_gain":0,"max_hp_loss":0,"event_name":"The Woman in Blue","floor":27,"gold_loss":0}],"is_beta":false,"boss_relics":[{"not_picked":["Ectoplasm","WristBlade"],"picked":"Velvet Choker"}],"items_purged_floors":[19],"is_endless":false,"potions_floor_spawned":[1,5,13,18,30],"killed_by":"Cultist and Chosen","ascension_level":20}}