{"host":"sabve5zmqufxyc5o","time":1607671689,"event":{"mods":["2.2 Compatiblity","AchievementEnabler","Act Like it!","BaseMod","Block Reminder","Colored Map","Colored Powertips","DeckTracker","KOR Keyword Fix","Keyboard Shortcuts","Minty Spire (QoL Compilation)","Quick Restart","Rare Cards Sparkle","Relic Stats","StSLib","SuperFastMode"],"gold_per_floor":[116,134,151,12,28,28,57,72,72,104,104,139,151,163,163,241,241,252,252,267,5,5,5,5,5,5,15,25,25,38,65,65,139,139,158,158,72,72,89,89,89],"floor_reached":40,"playtime":856,"items_purged":[],"score":838,"play_id":"182186fc-2b11-4054-9b3a-d40759785d3b","local_time":"20201211162809","is_ascension_mode":true,"campfire_choices":[{"floor":6.0,"key":"REST"},{"floor":15.0,"key":"REST"},{"floor":23.0,"key":"REST"},{"data":"Coolheaded","floor":25.0,"key":"SMITH"},{"floor":29.0,"key":"REST"},{"data":"Hologram","floor":32.0,"key":"SMITH"}],"circlet_count":0,"master_deck":["AscendersBane","Strike_B","Strike_B","Defend_B","Defend_B","Defend_B","Defend_B","Zap","Dualcast","Cold Snap","Genetic Algorithm","Aggregate","Sunder+1","Go for the Eyes","Redo","Cold Snap","FTL","Sweeping Beam","Ball Lightning","Coolheaded+1","Seek+1","All For One","Conserve Battery","Beam Cell","Undo","Undo","FTL","Beam Cell","Hologram+1","Gash","Reboot","Rebound","Coolheaded","Cold Snap","Chill"],"relics":["Cracked Core","Art of War","Thread and Needle","Shuriken","Tiny Chest","Turnip","Sozu","MealTicket","Torii","StrikeDummy","Strawberry","Nuclear Battery"],"acts_visited":["Exordium","TheCity","TheBeyond"],"potions_floor_usage":[],"damage_taken":[{"damage":3.0,"enemies":"2 Louse","floor":1.0,"turns":4.0},{"damage":2.0,"enemies":"Jaw Worm","floor":2.0,"turns":3.0},{"damage":3.0,"enemies":"Cultist","floor":3.0,"turns":3.0},{"damage":10.0,"enemies":"Blue Slaver","floor":5.0,"turns":4.0},{"damage":31.0,"enemies":"3 Sentries","floor":7.0,"turns":9.0},{"damage":0.0,"enemies":"Looter","floor":8.0,"turns":1.0},{"damage":27.0,"enemies":"Gremlin Nob","floor":10.0,"turns":5.0},{"damage":7.0,"enemies":"Lagavulin","floor":12.0,"turns":8.0},{"damage":0.0,"enemies":"2 Fungi Beasts","floor":13.0,"turns":2.0},{"damage":0.0,"enemies":"Blue Slaver","floor":14.0,"turns":2.0},{"damage":4.0,"enemies":"Slime Boss","floor":16.0,"turns":8.0},{"damage":41.0,"enemies":"3 Byrds","floor":18.0,"turns":6.0},{"damage":0.0,"enemies":"Chosen","floor":20.0,"turns":5.0},{"damage":1.0,"enemies":"Snake Plant","floor":27.0,"turns":3.0},{"damage":7.0,"enemies":"Snecko","floor":28.0,"turns":5.0},{"damage":0.0,"enemies":"Centurion and Healer","floor":30.0,"turns":5.0},{"damage":7.0,"enemies":"Slavers","floor":31.0,"turns":5.0},{"damage":27.0,"enemies":"Automaton","floor":33.0,"turns":8.0},{"damage":0.0,"enemies":"Orb Walker","floor":35.0,"turns":2.0},{"damage":17.0,"enemies":"3 Shapes","floor":39.0,"turns":4.0},{"damage":61,"enemies":"Reptomancer","floor":40,"turns":3}],"seed_played":"884698988226824143","potions_obtained":[{"floor":3.0,"key":"LiquidMemories"},{"floor":8.0,"key":"CultistPotion"},{"floor":12.0,"key":"FearPotion"},{"floor":16.0,"key":"DuplicationPotion"}],"is_trial":false,"path_per_floor":["M","M","M","$","M","R","E","M","T","E","?","E","M","M","R","B",null,"M","?","M","$","?","R","T","R","T","M","M","R","M","E","R","B",null,"M","?","$","?","M","E"],"character_chosen":"DEFECT","items_purchased":["Sunder","Go for the Eyes","MealTicket","Undo","Coolheaded","Cold Snap"],"campfire_rested":4,"item_purchase_floors":[4,4,21,21,37,37],"current_hp_per_floor":[61,59,56,56,46,67,36,36,36,9,9,2,2,2,23,19,58,17,17,17,17,17,38,38,38,38,37,30,51,51,51,51,24,65,65,65,78,74,57,0,0],"gold":89,"neow_bonus":"RANDOM_COMMON_RELIC","is_daily":false,"chose_seed":false,"campfire_upgraded":2,"win_rate":0.0,"timestamp":1607671689,"path_taken":["M","M","M","$","M","R","E","M","T","E","?","E","M","M","R","BOSS","M","?","M","$","?","R","?","R","T","M","M","R","M","E","R","BOSS","M","?","?","?","M","E"],"items_purchased_type":["Card","Card","Relic","Card","Card","Card"],"build_version":"2020-11-30","purchased_purges":0,"victory":false,"max_hp_per_floor":[71,71,71,71,71,71,71,71,71,71,71,71,71,71,71,71,71,71,71,71,71,71,71,71,71,71,71,71,71,71,78,78,78,78,78,78,78,74,74,74,74],"relic_stats":{"Sozu":4,"Torii":3,"counters":[21,95],"Shuriken":[39],"Tiny Chest":1,"MealTicket":13,"Turnip":[7],"Art of War":[7],"obtain_stats":[{"Sozu":17,"Torii":24,"Shuriken":9,"Strawberry":31,"Thread and Needle":7,"Tiny Chest":10,"MealTicket":21,"Turnip":12,"Art of War":0,"Cracked Core":0,"StrikeDummy":26,"Nuclear Battery":34},{"Sozu":11,"Torii":13,"Shuriken":6,"Strawberry":17,"Thread and Needle":5,"Tiny Chest":7,"MealTicket":13,"Turnip":8,"Art of War":0,"Cracked Core":0,"StrikeDummy":13,"Nuclear Battery":18},{"Sozu":49,"Torii":60,"Shuriken":24,"Strawberry":78,"Thread and Needle":23,"Tiny Chest":29,"MealTicket":60,"Turnip":37,"Art of War":0,"Cracked Core":0,"StrikeDummy":60,"Nuclear Battery":86}]},"card_choices":[{"not_picked":["Reprogram","Barrage"],"picked":"Cold Snap","floor":1.0},{"not_picked":["Cold Snap","Beam Cell"],"picked":"Genetic Algorithm","floor":2.0},{"not_picked":["Sweeping Beam","Redo"],"picked":"Aggregate","floor":3.0},{"not_picked":["Barrage","Genetic Algorithm"],"picked":"Redo","floor":5.0},{"not_picked":["Reprogram","Chill"],"picked":"Cold Snap","floor":7.0},{"not_picked":["Multi-Cast","Stack"],"picked":"FTL","floor":8.0},{"not_picked":["Hologram","Coolheaded"],"picked":"Sweeping Beam","floor":10.0},{"not_picked":["Steam","Hologram"],"picked":"Ball Lightning","floor":12.0},{"not_picked":["Barrage","Conserve Battery"],"picked":"Coolheaded","floor":13.0},{"not_picked":["Streamline","Ball Lightning"],"picked":"Seek","floor":14.0},{"not_picked":["Meteor Strike","Rainbow"],"picked":"All For One","floor":16.0},{"not_picked":["Leap","Reinforced Body"],"picked":"Conserve Battery","floor":18.0},{"not_picked":["Steam","Hologram"],"picked":"Beam Cell","floor":20.0},{"not_picked":["Ball Lightning+1","Capacitor"],"picked":"Beam Cell","floor":27.0},{"not_picked":["Creative AI","Steam Power","Force Field"],"picked":"SKIP","floor":28.0},{"not_picked":["Go for the Eyes","Conserve Battery"],"picked":"Hologram","floor":30.0},{"not_picked":["Barrage","Conserve Battery"],"picked":"Gash","floor":31.0},{"not_picked":["Hyperbeam","Biased Cognition"],"picked":"Reboot","floor":33.0},{"not_picked":["Ball Lightning","Turbo+1"],"picked":"Rebound","floor":35.0},{"not_picked":["Leap","Melter+1"],"picked":"Chill","floor":39.0}],"player_experience":752332,"relics_obtained":[{"floor":7.0,"key":"Thread and Needle"},{"floor":9.0,"key":"Shuriken"},{"floor":10.0,"key":"Tiny Chest"},{"floor":12.0,"key":"Turnip"},{"floor":24.0,"key":"Torii"},{"floor":26.0,"key":"StrikeDummy"},{"floor":31.0,"key":"Strawberry"}],"event_choices":[{"damage_healed":0.0,"max_hp_gain":0.0,"max_hp_loss":0.0,"gold_gain":0.0,"event_name":"Living Wall","player_choice":"Grow","floor":11.0,"gold_loss":0.0,"damage_taken":0.0,"cards_upgraded":["Sunder"]},{"damage_healed":0.0,"max_hp_gain":0.0,"max_hp_loss":0.0,"gold_gain":0.0,"event_name":"Cursed Tome","player_choice":"Ignored","floor":19.0,"gold_loss":0.0,"damage_taken":0.0},{"damage_healed":0.0,"max_hp_gain":0.0,"max_hp_loss":0.0,"gold_gain":0.0,"cards_transformed":["Strike_B","Strike_B"],"event_name":"Drug Dealer","player_choice":"Became Test Subject","floor":22.0,"gold_loss":0.0,"damage_taken":0.0,"cards_obtained":["Undo","FTL"]},{"damage_healed":0.0,"max_hp_gain":0.0,"max_hp_loss":0.0,"gold_gain":0.0,"event_name":"Upgrade Shrine","player_choice":"Upgraded","floor":36.0,"gold_loss":0.0,"damage_taken":0.0,"cards_upgraded":["Seek"]},{"damage_healed":0.0,"max_hp_gain":0.0,"max_hp_loss":4.0,"gold_gain":0.0,"event_name":"Winding Halls","player_choice":"Max HP","floor":38.0,"gold_loss":0.0,"damage_taken":0.0}],"is_beta":false,"boss_relics":[{"not_picked":["Busted Crown","Philosopher\u0027s Stone"],"picked":"Sozu"},{"not_picked":["Tiny House","SlaversCollar"],"picked":"Nuclear Battery"}],"items_purged_floors":[],"is_endless":false,"potions_floor_spawned":[3,8,12,16,20,27,30,31],"killed_by":"Reptomancer","ascension_level":18}}