{"host":"og6lam4kt3nibbw0","time":1607662216,"event":{"mods":["AchievementEnabler","BaseMod","Colored Map","DeckTracker","Highlight Path","Keyboard Shortcuts","Minty Spire (QoL Compilation)","Permanent Neow","Quick Restart","StSLib","SuperFastMode"],"gold_per_floor":[359,509,509,509,157,157,0,19,43,61,61,76,110,125,125,125,125],"floor_reached":16,"playtime":889,"items_purged":["Doubt"],"score":200,"play_id":"9a1c099f-5fae-4703-92e9-4f1bd81434ae","local_time":"20201211135016","is_ascension_mode":true,"campfire_choices":[{"data":"Noxious Fumes","floor":6.0,"key":"SMITH"},{"data":"Blur","floor":11.0,"key":"SMITH"},{"floor":15,"key":"REST"}],"circlet_count":0,"master_deck":["AscendersBane","Strike_G","Strike_G","Strike_G","Strike_G","Strike_G","Defend_G","Defend_G","Defend_G","Defend_G","Defend_G","Survivor","Neutralize","Noxious Fumes+1","Venomology","Blur+1","Poisoned Stab","Bouncing Flask","Quick Slash"],"relics":["Ring of the Snake","Frozen Egg 2","Letter Opener","Dream Catcher","Ancient Tea Set"],"acts_visited":[],"potions_floor_usage":[14,14,16,16],"damage_taken":[{"damage":4.0,"enemies":"2 Louse","floor":1.0,"turns":5.0},{"damage":2.0,"enemies":"Jaw Worm","floor":8.0,"turns":5.0},{"damage":0.0,"enemies":"Cultist","floor":10.0,"turns":5.0},{"damage":8.0,"enemies":"Large Slime","floor":12.0,"turns":6.0},{"damage":21.0,"enemies":"3 Sentries","floor":13.0,"turns":6.0},{"damage":2,"enemies":"Exordium Thugs","floor":14,"turns":4},{"damage":30,"enemies":"The Guardian","floor":16,"turns":7}],"seed_played":"-8235075383213967387","potions_obtained":[{"floor":8.0,"key":"Swift Potion"},{"floor":10.0,"key":"Fire Potion"},{"floor":12.0,"key":"Fire Potion"}],"is_trial":false,"path_per_floor":["M","?","?","T","$","R","$","M","T","M","R","M","E","M","R","B"],"character_chosen":"THE_SILENT","items_purchased":["Letter Opener","Venomology"],"campfire_rested":1,"item_purchase_floors":[5,7],"current_hp_per_floor":[40,40,40,40,40,40,40,38,38,38,38,30,9,7,26,0,0],"gold":125,"neow_bonus":"TWO_FIFTY_GOLD","is_daily":false,"chose_seed":false,"campfire_upgraded":2,"win_rate":0.0,"timestamp":1607662216,"path_taken":["M","?","?","?","$","R","?","M","T","M","R","M","E","?","R","BOSS"],"items_purchased_type":["Relic","Card"],"build_version":"2020-11-30","purchased_purges":1,"victory":false,"max_hp_per_floor":[66,66,66,66,66,66,66,66,66,66,66,66,66,66,66,66,66],"card_choices":[{"not_picked":["Slice","Blade Dance"],"picked":"Noxious Fumes","floor":1.0},{"not_picked":["Expertise","Leg Sweep"],"picked":"Blur","floor":8.0},{"not_picked":["Dodge and Roll","Backflip","Heel Hook"],"picked":"SKIP","floor":10.0},{"not_picked":["PiercingWail","Quick Slash"],"picked":"Poisoned Stab","floor":12.0},{"not_picked":["Heel Hook","Deflect"],"picked":"Bouncing Flask","floor":13.0},{"not_picked":["Poisoned Stab","Calculated Gamble","Underhanded Strike"],"picked":"SKIP","floor":14},{"not_picked":["Dagger Throw","Dodge and Roll"],"picked":"Quick Slash","floor":15}],"player_experience":763370,"relics_obtained":[{"floor":4.0,"key":"Frozen Egg 2"},{"floor":9.0,"key":"Dream Catcher"},{"floor":13.0,"key":"Ancient Tea Set"}],"event_choices":[{"damage_healed":0.0,"max_hp_gain":0.0,"max_hp_loss":0.0,"gold_gain":150.0,"event_name":"Liars Game","player_choice":"AGREE","floor":2.0,"gold_loss":0.0,"damage_taken":0.0,"cards_obtained":["Doubt"]},{"damage_healed":0.0,"max_hp_gain":0.0,"max_hp_loss":0.0,"gold_gain":0.0,"event_name":"Shining Light","player_choice":"Ignored","floor":3.0,"gold_loss":0.0,"damage_taken":0.0}],"is_beta":false,"boss_relics":[],"items_purged_floors":[5],"is_endless":false,"potions_floor_spawned":[8,10,12],"killed_by":"The Guardian","ascension_level":20}}