{"host":"udzsrhbqdxqtlypj","time":1607710972,"event":{"mods":["BaseMod","Minty Spire (QoL Compilation)","Relic Stats"],"gold_per_floor":[209,227,4,4,21,21,32,32,57,93,93,112,153,179,179,179,179],"floor_reached":16,"playtime":558,"items_purged":["Strike_R"],"score":168,"play_id":"2e10afc7-bc66-41a1-8e7a-5b62bac990bd","local_time":"20201211122252","is_ascension_mode":true,"campfire_choices":[{"data":"Uppercut","floor":6,"key":"SMITH"},{"data":"Feel No Pain","floor":8,"key":"SMITH"},{"floor":15,"key":"REST"}],"circlet_count":0,"master_deck":["AscendersBane","Strike_R","Strike_R","Strike_R","Strike_R","Defend_R","Defend_R","Defend_R","Defend_R","Bash","Uppercut+1","Anger","Feel No Pain+1","Fiend Fire","Flex","True Grit","Headbutt"],"relics":["Burning Blood","PreservedInsect","CeramicFish","Happy Flower","Incense Burner"],"acts_visited":["Exordium"],"potions_floor_usage":[12,16],"damage_taken":[{"damage":9,"enemies":"2 Louse","floor":1,"turns":3},{"damage":1,"enemies":"Cultist","floor":2,"turns":3},{"damage":4,"enemies":"Small Slimes","floor":5,"turns":4},{"damage":8,"enemies":"Looter","floor":7,"turns":3},{"damage":38,"enemies":"Lagavulin","floor":10,"turns":7},{"damage":16,"enemies":"3 Louse","floor":12,"turns":3},{"damage":12,"enemies":"Gremlin Nob","floor":13,"turns":3},{"damage":9,"enemies":"Blue Slaver","floor":14,"turns":4},{"damage":47,"enemies":"Slime Boss","floor":16,"turns":5}],"seed_played":"3976554115802900964","potions_obtained":[{"floor":10,"key":"EssenceOfSteel"},{"floor":12,"key":"Strength Potion"},{"floor":14,"key":"BlessingOfTheForge"}],"is_trial":false,"path_per_floor":["M","M","$","?","M","R","M","R","T","E","?","M","E","M","R","B"],"character_chosen":"IRONCLAD","items_purchased":["PreservedInsect"],"campfire_rested":1,"item_purchase_floors":[3],"current_hp_per_floor":[69,74,74,74,76,76,74,74,74,42,35,25,19,16,40,0,0],"gold":179,"neow_bonus":"HUNDRED_GOLD","is_daily":false,"chose_seed":false,"campfire_upgraded":2,"win_rate":0.0,"timestamp":1607710972,"path_taken":["M","M","$","?","?","R","M","R","T","E","?","M","E","M","R","BOSS"],"items_purchased_type":["Relic"],"build_version":"2020-11-30","purchased_purges":1,"victory":false,"max_hp_per_floor":[80,80,80,80,80,80,80,80,80,80,80,80,80,80,80,80,80],"relic_stats":{"Happy Flower":[5],"counters":[9,35],"CeramicFish":36,"PreservedInsect":51,"obtain_stats":[{"Happy Flower":10,"CeramicFish":9,"PreservedInsect":3,"Incense Burner":13,"Burning Blood":0},{"Happy Flower":5,"CeramicFish":4,"PreservedInsect":2,"Incense Burner":7,"Burning Blood":0},{"Happy Flower":20,"CeramicFish":13,"PreservedInsect":6,"Incense Burner":26,"Burning Blood":0}],"Burning Blood":48},"card_choices":[{"not_picked":["Sword Boomerang","Havoc"],"picked":"Uppercut","floor":1},{"not_picked":["Perfected Strike","Flex"],"picked":"Anger","floor":2},{"not_picked":["Clothesline","Juggernaut","Seeing Red"],"picked":"SKIP","floor":5},{"not_picked":["Warcry","Twin Strike"],"picked":"Feel No Pain","floor":7},{"not_picked":["Sword Boomerang","Shrug It Off"],"picked":"Fiend Fire","floor":10},{"not_picked":["Pummel","Warcry"],"picked":"Flex","floor":12},{"not_picked":["Body Slam","Iron Wave"],"picked":"True Grit","floor":13},{"not_picked":["Clash","Iron Wave"],"picked":"Headbutt","floor":14}],"player_experience":2585739,"relics_obtained":[{"floor":9,"key":"CeramicFish"},{"floor":10,"key":"Happy Flower"},{"floor":13,"key":"Incense Burner"}],"event_choices":[{"damage_healed":0,"gold_gain":0,"player_choice":"Cursed","damage_taken":0,"max_hp_gain":0,"max_hp_loss":0,"event_name":"Wheel of Change","floor":4,"gold_loss":0,"cards_obtained":["Decay"]},{"cards_removed":["Decay"],"damage_healed":0,"gold_gain":0,"player_choice":"Card Removal","damage_taken":7,"max_hp_gain":0,"max_hp_loss":0,"event_name":"Golden Wing","floor":11,"gold_loss":0}],"is_beta":false,"boss_relics":[],"items_purged_floors":[3],"is_endless":false,"potions_floor_spawned":[10,12,14],"killed_by":"Slime Boss","ascension_level":10}}