{"host":"i0avyit1s6jb1siw","time":1607702929,"event":{"mods":["BaseMod","DeckTracker","Dota2Spire","Highlight Path","Minty Spire (QoL Compilation)","Quick Restart","Replay The Spire","StSLib","SuperFastMode"],"gold_per_floor":[20,20,30,48,48,48,60,70,70,84,95,95,95,95,95,95,95],"floor_reached":16,"playtime":504,"items_purged":[],"score":188,"play_id":"c9ebe210-3ca8-46f3-994e-72d75ba1e787","local_time":"20201211170849","is_ascension_mode":true,"campfire_choices":[{"data":"Noxious Fumes","floor":6,"key":"SMITH"},{"floor":13,"key":"REST"},{"data":"Well Laid Plans","floor":15,"key":"SMITH"}],"circlet_count":0,"master_deck":["AscendersBane","Strike_G","Strike_G","Strike_G","Defend_G","Defend_G","Defend_G","Defend_G","Defend_G","Survivor","Neutralize","Master of Strategy","Well Laid Plans+1","Terror+1","Blade Dance","Noxious Fumes+1","Catalyst","Poisoned Stab","Dash"],"relics":["Ring of the Snake","Dota2Spire:AghanimScepter","Golden Idol","The Courier"],"acts_visited":["Exordium"],"potions_floor_usage":[16,16],"damage_taken":[{"damage":12,"enemies":"Jaw Worm","floor":1,"turns":9},{"damage":2,"enemies":"2 Louse","floor":3,"turns":5},{"damage":1,"enemies":"Cultist","floor":4,"turns":4},{"damage":9,"enemies":"Large Slime","floor":7,"turns":8},{"damage":1,"enemies":"Looter","floor":8,"turns":3},{"damage":16,"enemies":"Blue Slaver","floor":10,"turns":4},{"damage":3,"enemies":"2 Fungi Beasts","floor":11,"turns":4},{"damage":36,"enemies":"Fading Forest","floor":16,"turns":12}],"seed_played":"8176320774208294678","potions_obtained":[{"floor":1,"key":"Adrenaline Potion"},{"floor":3,"key":"Fire Potion"}],"is_trial":false,"path_per_floor":["M","?","M","M","?","R","M","M","T","M","M","?","R","?","R","B"],"character_chosen":"THE_SILENT","items_purchased":[],"campfire_rested":1,"item_purchase_floors":[],"current_hp_per_floor":[47,47,45,44,44,44,35,34,34,18,15,15,33,28,28,0,0],"gold":95,"neow_bonus":"RANDOM_COLORLESS_2","is_daily":false,"chose_seed":false,"campfire_upgraded":2,"win_rate":0.0,"timestamp":1607702929,"path_taken":["M","?","M","M","?","R","M","M","T","M","?","?","R","?","R","BOSS"],"items_purchased_type":[],"build_version":"2020-11-30","purchased_purges":0,"victory":false,"max_hp_per_floor":[66,66,66,66,66,66,66,66,66,66,66,60,60,60,60,60,60],"card_choices":[{"not_picked":["Chrysalis","The Bomb"],"picked":"Master of Strategy","floor":0},{"not_picked":["Prepared","Replay:Poison Smokescreen"],"picked":"Well Laid Plans","floor":1},{"not_picked":["Hidden Blade","Deadly Poison"],"picked":"Blade Dance","floor":3},{"not_picked":["PiercingWail","ReplayTheSpireMod:Tripwire","Underhanded Strike"],"picked":"SKIP","floor":4},{"not_picked":["Quick Slash","Burst"],"picked":"Catalyst","floor":7},{"not_picked":["Backflip","Escape Plan"],"picked":"Poisoned Stab","floor":8},{"not_picked":["Backstab","Deflect"],"picked":"Dash","floor":10},{"not_picked":["Hidden Blade","Riddle With Holes","Endless Agony"],"picked":"SKIP","floor":11}],"player_experience":2066461,"relics_obtained":[{"floor":9,"key":"Dota2Spire:AghanimScepter"}],"event_choices":[{"damage_healed":0,"gold_gain":0,"cards_transformed":["Strike_G"],"player_choice":"Transformed","damage_taken":0,"max_hp_gain":0,"max_hp_loss":0,"event_name":"Transmorgrifier","floor":5,"gold_loss":0,"cards_obtained":["Noxious Fumes"]},{"damage_healed":0,"gold_gain":0,"player_choice":"Lose Max HP","damage_taken":0,"relics_obtained":["Golden Idol"],"max_hp_gain":0,"max_hp_loss":6,"event_name":"Golden Idol","floor":12,"gold_loss":0},{"damage_healed":0,"gold_gain":0,"player_choice":"Success","damage_taken":5,"relics_obtained":["The Courier"],"max_hp_gain":0,"max_hp_loss":0,"event_name":"Scrap Ooze","floor":14,"gold_loss":0}],"is_beta":false,"boss_relics":[],"items_purged_floors":[],"is_endless":false,"potions_floor_spawned":[1,3,8],"killed_by":"Fading Forest","ascension_level":20}}