{"host":"og6lam4kt3nibbw0","time":1607713569,"event":{"mods":["AchievementEnabler","BaseMod","Colored Map","DeckTracker","Highlight Path","Keyboard Shortcuts","Minty Spire (QoL Compilation)","Permanent Neow","Quick Restart","StSLib","SuperFastMode"],"gold_per_floor":[113,128,128,144,219,229,246,260,260,273,273,273,289,324,324,324,324],"floor_reached":16,"playtime":573,"items_purged":[],"score":262,"play_id":"70a5e261-b45b-4231-b29e-a6f8ecd2c7ce","local_time":"20201212040609","is_ascension_mode":true,"campfire_choices":[{"floor":12.0,"key":"REST"},{"floor":15,"key":"REST"}],"circlet_count":0,"master_deck":["AscendersBane","Strike_B","Strike_B","Strike_B","Defend_B","Defend_B","Defend_B","Defend_B","Zap+1","Dualcast","Electrodynamics","Cold Snap","Glacier","Ball Lightning","Loop","FTL","Reboot","Conserve Battery","Consume"],"relics":["Cracked Core","The Courier","Shuriken"],"acts_visited":["Exordium"],"potions_floor_usage":[14,14],"damage_taken":[{"damage":12.0,"enemies":"Cultist","floor":1.0,"turns":4.0},{"damage":5.0,"enemies":"Jaw Worm","floor":2.0,"turns":3.0},{"damage":2.0,"enemies":"Small Slimes","floor":4.0,"turns":3.0},{"damage":9.0,"enemies":"Looter","floor":6.0,"turns":3.0},{"damage":2.0,"enemies":"Gremlin Gang","floor":7.0,"turns":2.0},{"damage":2.0,"enemies":"Blue Slaver","floor":8.0,"turns":4.0},{"damage":9.0,"enemies":"Looter","floor":10.0,"turns":2.0},{"damage":11.0,"enemies":"Exordium Wildlife","floor":13.0,"turns":5.0},{"damage":0,"enemies":"Gremlin Nob","floor":14,"turns":3},{"damage":38,"enemies":"The Guardian","floor":16,"turns":10}],"seed_played":"8673632708640909568","potions_obtained":[{"floor":4.0,"key":"BlessingOfTheForge"},{"floor":7.0,"key":"DuplicationPotion"},{"floor":10.0,"key":"Fire Potion"}],"is_trial":false,"path_per_floor":["M","M","?","M","?","M","M","M","T","M","?","R","M","E","R","B"],"character_chosen":"DEFECT","items_purchased":[],"campfire_rested":2,"item_purchase_floors":[],"current_hp_per_floor":[52,47,47,45,34,25,23,21,21,12,12,31,20,20,39,1,1],"gold":324,"neow_bonus":"THREE_RARE_CARDS","is_daily":false,"chose_seed":false,"campfire_upgraded":0,"win_rate":0.0,"timestamp":1607713569,"path_taken":["M","?","?","M","?","M","M","M","T","M","?","R","M","E","R","BOSS"],"items_purchased_type":[],"build_version":"2020-11-30","purchased_purges":0,"victory":false,"max_hp_per_floor":[64,64,64,64,64,64,64,64,64,64,64,64,64,64,64,64,64],"card_choices":[{"not_picked":["Rainbow","Hyperbeam"],"picked":"Electrodynamics","floor":0.0},{"not_picked":["Ball Lightning","Leap"],"picked":"Cold Snap","floor":1.0},{"not_picked":["Leap","Rebound"],"picked":"Glacier","floor":2.0},{"not_picked":["Turbo","Beam Cell"],"picked":"Ball Lightning","floor":4.0},{"not_picked":["Conserve Battery","Steam Power"],"picked":"Loop","floor":6.0},{"not_picked":["Go for the Eyes","Rebound"],"picked":"FTL","floor":7.0},{"not_picked":["Turbo","Ball Lightning"],"picked":"Reboot","floor":8.0},{"not_picked":["Barrage","Sunder"],"picked":"Conserve Battery","floor":10.0},{"not_picked":["Sweeping Beam","Scrape","Leap"],"picked":"SKIP","floor":13.0},{"not_picked":["Double Energy","Cold Snap"],"picked":"Consume","floor":14}],"player_experience":547319,"relics_obtained":[{"floor":9.0,"key":"The Courier"},{"floor":14,"key":"Shuriken"}],"event_choices":[{"cards_removed":["Strike_B"],"damage_healed":0.0,"max_hp_gain":0.0,"max_hp_loss":0.0,"gold_gain":0.0,"event_name":"Living Wall","player_choice":"Forget","floor":3.0,"gold_loss":0.0,"damage_taken":0.0},{"damage_healed":0.0,"max_hp_gain":0.0,"max_hp_loss":0.0,"gold_gain":75.0,"event_name":"World of Goop","player_choice":"Gather Gold","floor":5.0,"gold_loss":0.0,"damage_taken":11.0},{"damage_healed":0.0,"max_hp_gain":0.0,"max_hp_loss":0.0,"gold_gain":0.0,"event_name":"Upgrade Shrine","player_choice":"Upgraded","floor":11.0,"gold_loss":0.0,"damage_taken":0.0,"cards_upgraded":["Zap"]}],"is_beta":false,"boss_relics":[],"items_purged_floors":[],"is_endless":false,"potions_floor_spawned":[4,7,10],"killed_by":"The Guardian","ascension_level":20}}