{"host":"9mnb7pbo3pfmmmyl","time":1607725090,"event":{"mods":["Aspiration","BaseMod","Highlight Path","Lobotomy","Minty Spire (QoL Compilation)","MostiFishMod","Shop Mod","StSLib","TestMod","【遗物卡牌】REMEMod","篝火指南"],"gold_per_floor":[271,288,137,137,137,170,170,197,220,220,250,262,362,131,131,228,228,244,244,244,258,258,283,12,43,97,130,130,130,162,179,54,158,158,178,230,244,119,136,170,182,217,217,217,248,298,370,383,53,53],"floor_reached":51,"playtime":1939,"items_purged":["SpecialBullet","SpecialBullet","SpecialBullet","SpecialBullet","SpecialBullet"],"score":1380,"play_id":"b009557b-6093-481f-bd77-d97b2bb8b4c1","local_time":"20201212061810","is_ascension_mode":true,"campfire_choices":[{"floor":44,"key":"RECALL"}],"circlet_count":0,"master_deck":["InformationCode","TrainingCode","ExtractionCode","REME_DataAnalysis","MostiFishMod:FrostNova+1","MostiFishMod:WinterMarkForm","Penitence+1","Predator","Slice","Choke","GoldRush","Panache","Apotheosis+1","Writhe","RecordCode"],"relics":["CogitoBucket","RabbitCall","testmod-TestBox","DaveBox","REME_ComplimentaryCards","FrostBlade","testmod-AscensionHeart","Burning Blood","PrismaticShard","Lantern","Centennial Puzzle","Calipers","testmod-TurbochargingSystem","Juzu Bracelet","ResearcherNote","MerchantsRug","ImportantClient","aspiration:SecretTechniqueScroll","testmod-ArcanaOfDestiny","Vajra","SynthV:C4","Akabeko","SkinProphecy","Transparent","Medical Kit","BehaviorAdjustment","Happy Flower","aspiration:ChemicalBlood","Bottled Lightning","testmod-BouquetWithThorns","testmod-Hope","Pen Nib","HandDrill"],"acts_visited":["Exordium","TheCity","TheBeyond"],"potions_floor_usage":[31,49],"damage_taken":[{"damage":0.0,"enemies":"Small Slimes","floor":1.0,"turns":2.0},{"damage":0.0,"enemies":"2 Louse","floor":2.0,"turns":1.0},{"damage":9.0,"enemies":"3 Sentries","floor":6.0,"turns":3.0},{"damage":0.0,"enemies":"Gremlin Nob","floor":8.0,"turns":2.0},{"damage":11.0,"enemies":"3 Sentries","floor":11.0,"turns":2.0},{"damage":0.0,"enemies":"Jaw Worm","floor":12.0,"turns":3.0},{"damage":17.0,"enemies":"The Guardian","floor":16.0,"turns":4.0},{"damage":0.0,"enemies":"Chosen","floor":18.0,"turns":2.0},{"damage":0.0,"enemies":"Shell Parasite","floor":21.0,"turns":1.0},{"damage":0,"enemies":"Gremlin Leader","floor":23,"turns":2},{"damage":0,"enemies":"REME_1_Revenger","floor":25,"turns":2},{"damage":0,"enemies":"Slavers","floor":27,"turns":2},{"damage":0,"enemies":"REME_1_Revenger","floor":30,"turns":2},{"damage":24,"enemies":"Snecko","floor":31,"turns":4},{"damage":6,"enemies":"Automaton","floor":33,"turns":4},{"damage":7,"enemies":"Orb Walker","floor":35,"turns":1},{"damage":8,"enemies":"2 Orb Walkers","floor":36,"turns":1},{"damage":8,"enemies":"3 Shapes","floor":37,"turns":1},{"damage":16,"enemies":"3 Darklings","floor":39,"turns":2},{"damage":18,"enemies":"Giant Head","floor":40,"turns":2},{"damage":10,"enemies":"Sphere and 2 Shapes","floor":41,"turns":1},{"damage":10,"enemies":"Nemesis","floor":42,"turns":1},{"damage":20,"enemies":"Giant Head","floor":45,"turns":2},{"damage":10,"enemies":"Mind Bloom Boss Battle","floor":46,"turns":1},{"damage":30,"enemies":"Transient","floor":48,"turns":3},{"damage":44,"enemies":"FixerMidnight","floor":50,"turns":3},{"damage":22,"enemies":"Malkuth","floor":51,"turns":2},{"damage":33,"enemies":"Yesod","floor":51,"turns":3}],"seed_played":"9189010584897868171","potions_obtained":[{"floor":2.0,"key":"SteroidPotion"},{"floor":18.0,"key":"DuplicationPotion"},{"floor":35,"key":"testmod-EscapePotion"},{"floor":41,"key":"SkillPotion"}],"is_trial":false,"path_per_floor":["M","M","$","?","?","E","?","E","T","R","E","M","?","$","R","B",null,"M","?","?","M","?","E","$","E","T","E","R","?","E","M","R","B",null,"M","?","M","$","M","E","M","E","T","R","E","?","T","M","R","B",null],"character_chosen":"Angela","items_purchased":["Lantern","MerchantsRug","Question Card","Medical Kit","Pen Nib","HandDrill","testmod-SpacePotion"],"campfire_rested":0,"item_purchase_floors":[3,14,24,38,49,49,49],"current_hp_per_floor":[70,70,70,70,70,67,67,70,70,70,65,70,70,70,70,59,70,70,70,70,70,57,63,63,69,69,75,75,75,75,57,57,53,77,79,81,83,83,87,89,91,93,93,93,95,97,97,99,99,101],"gold":53,"neow_bonus":"NOSTALGIA","is_daily":false,"chose_seed":false,"campfire_upgraded":0,"win_rate":0.0,"timestamp":1607725090,"path_taken":["M","M","$","?","?","E","?","E","T","R","E","M","?","?","R","BOSS","M","?","?","M","?","E","$","E","T","E","R","?","E","M","R","BOSS","M","?","M","$","M","E","M","E","T","R","E","?","?","M","R","BOSS"],"items_purchased_type":["Card","Relic","Relic","Relic","Relic","Relic","Potion"],"build_version":"2020-11-30","purchased_purges":5,"victory":true,"max_hp_per_floor":[70,70,70,70,70,70,70,70,70,70,70,70,70,70,70,70,70,70,70,70,70,75,75,75,75,75,75,75,75,75,75,75,77,77,79,81,83,83,87,89,91,93,93,93,95,97,97,99,99,101],"card_choices":[{"not_picked":["Galaxy"],"picked":"Penitence","floor":1.0},{"not_picked":["Loneliness","FourthMatchFlame"],"picked":"SKIP","floor":1.0},{"not_picked":["Choke","Weave","Armaments"],"picked":"SKIP","floor":2.0},{"not_picked":["Choke","Weave","Armaments"],"picked":"SKIP","floor":2.0},{"not_picked":["DaCapo","Twilight","ParadiseLost"],"picked":"SKIP","floor":6.0},{"not_picked":["ParadiseLost","SoundOfStar","Mimicry"],"picked":"SKIP","floor":8.0},{"not_picked":["CENSORED_ego","CENSORED_ego"],"picked":"GoldRush","floor":11.0},{"not_picked":["PiercingWail","Leg Sweep","BloodyDesire"],"picked":"SKIP","floor":12.0},{"not_picked":["Bullet Time","Adoration"],"picked":"Panache","floor":16.0},{"not_picked":["Shrug It Off+1","Lockon","Pray"],"picked":"SKIP","floor":18.0},{"not_picked":["PathToVictory","Protect+1","Lantern"],"picked":"SKIP","floor":21},{"not_picked":["ParadiseLost","SoundOfStar","Pinks"],"picked":"SKIP","floor":23},{"not_picked":["Pinks","Adoration","Adoration"],"picked":"SKIP","floor":23},{"not_picked":["SoundOfStar","TheSmile","testmod-AdversityCounterattack","Mimicry"],"picked":"SKIP","floor":25},{"not_picked":["Twilight","TheSmile","Adoration","A Thousand Cuts"],"picked":"SKIP","floor":27},{"not_picked":["CENSORED_ego","SoundOfStar","SoundOfStar","Adoration","ParadiseLost"],"picked":"SKIP","floor":30},{"not_picked":["TheSmile","CENSORED_ego","Twilight","ParadiseLost","MostiFishMod:Opportunism"],"picked":"SKIP","floor":30},{"not_picked":["Redo","Sword Boomerang+1","Conclude","Outmaneuver","Slice"],"picked":"SKIP","floor":31},{"not_picked":["ThirdEye","BowlingBash","Warcry+1","Compile Driver","Prepared"],"picked":"SKIP","floor":31},{"not_picked":["RapturousDream+1","Sentinel+1","Warcry+1","Inflame+1","Pommel Strike+1"],"picked":"SKIP","floor":35},{"not_picked":["Armaments","Infernal Blade+1","EmptyBody+1","testmod-ConditionedReflex","Gash"],"picked":"SKIP","floor":37},{"not_picked":["Cold Snap","testmod-Provocation+1","Crescendo+1","Deadly Poison+1","REME_FearOfPain"],"picked":"SKIP","floor":39},{"not_picked":["Harvest+1","Warcry","EmptyBody+1","testmod-Reproduce","Slice"],"picked":"SKIP","floor":39},{"not_picked":["TheSmile","TheSmile","SoundOfStar","Pinks","GoldRush"],"picked":"SKIP","floor":40},{"not_picked":["SoundOfStar","Bullet Time","Twilight","GoldRush","Twilight"],"picked":"SKIP","floor":40},{"not_picked":["Slice+1","Tantrum+1","FlurryOfBlows","MostiFishMod:Opportunism","Flex+1"],"picked":"SKIP","floor":41},{"not_picked":["Justitia","Justitia","Twilight","Adoration","TheSmile"],"picked":"SKIP","floor":42},{"not_picked":["SoundOfStar","ParadiseLost","SoundOfStar","GoldRush","Pinks"],"picked":"SKIP","floor":45},{"not_picked":["SoundOfStar","TheSmile","Twilight","Justitia","TheSmile"],"picked":"SKIP","floor":45},{"not_picked":["True Grit","Soda+1","Masterful Stab+1","CrimsonScar+1","Darkness+1"],"picked":"SKIP","floor":48},{"not_picked":["Ecstasy","Fire Breathing+1","Armaments","aspiration:Polymerization","Regret_ego"],"picked":"SKIP","floor":48}],"player_experience":474136,"relics_obtained":[{"floor":1.0,"key":"Question Card"},{"floor":1.0,"key":"PrismaticShard"},{"floor":6.0,"key":"Centennial Puzzle"},{"floor":8.0,"key":"Calipers"},{"floor":9.0,"key":"testmod-TurbochargingSystem"},{"floor":11.0,"key":"Juzu Bracelet"},{"floor":16.0,"key":"ImportantClient"},{"floor":23,"key":"testmod-ArcanaOfDestiny"},{"floor":25,"key":"Vajra"},{"floor":26,"key":"Tiny Chest"},{"floor":27,"key":"SynthV:C4"},{"floor":30,"key":"War Paint"},{"floor":40,"key":"Happy Flower"},{"floor":42,"key":"aspiration:ChemicalBlood"},{"floor":45,"key":"Bottled Lightning"},{"floor":46,"key":"testmod-BouquetWithThorns"},{"floor":47,"key":"testmod-Hope"}],"event_choices":[{"damage_healed":0.0,"max_hp_gain":0.0,"max_hp_loss":0.0,"gold_gain":0.0,"event_name":"给自己的盒子","player_choice":"Ignored","floor":5.0,"gold_loss":0.0,"damage_taken":0.0},{"damage_healed":0.0,"max_hp_gain":0.0,"max_hp_loss":0.0,"gold_gain":0.0,"event_name":"Living Wall","player_choice":"Grow","floor":7.0,"gold_loss":0.0,"damage_taken":0.0,"cards_upgraded":["Penitence"]},{"damage_healed":0.0,"max_hp_gain":0.0,"max_hp_loss":0.0,"gold_gain":100.0,"event_name":"Golden Shrine","player_choice":"Pray","floor":13.0,"gold_loss":0.0,"damage_taken":0.0},{"damage_healed":0.0,"max_hp_gain":0.0,"max_hp_loss":0.0,"gold_gain":0.0,"event_name":"WeMeetAgain","player_choice":"Gave Potion","floor":19.0,"gold_loss":0.0,"damage_taken":0.0,"relics_obtained":["Dream Catcher"]},{"damage_healed":0,"gold_gain":0,"player_choice":"Shed Blood","damage_taken":18,"max_hp_gain":5,"max_hp_loss":0,"event_name":"Forgotten Altar","floor":22,"gold_loss":0},{"damage_healed":0,"gold_gain":0,"player_choice":"Opened","damage_taken":0,"relics_obtained":["Akabeko"],"max_hp_gain":0,"max_hp_loss":0,"event_name":"The Mausoleum","floor":29,"gold_loss":0,"cards_obtained":["Writhe"]},{"damage_healed":0,"gold_gain":0,"player_choice":"Fight","damage_taken":0,"max_hp_gain":0,"max_hp_loss":0,"event_name":"Mysterious Sphere","floor":36,"gold_loss":0},{"damage_healed":0,"gold_gain":0,"player_choice":"Fight","damage_taken":0,"max_hp_gain":0,"max_hp_loss":0,"event_name":"MindBloom","floor":46,"gold_loss":0}],"is_beta":false,"boss_relics":[{"not_picked":["Coffee Dripper","testmod-KeyOfTheVoid"],"picked":"aspiration:SecretTechniqueScroll"},{"not_picked":["testmod-Nine","RhineFirstAidKit"],"picked":"Transparent"}],"items_purged_floors":[14,24,32,38,49],"is_endless":false,"potions_floor_spawned":[2,18,35,41],"ascension_level":1}}