{"host":"jpcy2bclvs7juczu","time":1607690192,"event":{"mods":["BaseMod","Bestiary","Block Reminder","Colored Map","Colored Powertips","Curses Come First","Filter the Spire","Minty Spire (QoL Compilation)","Quick Restart","Relic Stats","StSLib","everything is the same but u backflip on backflip","ojb\u0027s Better Paths Mod","ojb\u0027s Info Mod","slay the spire mod where everything is the same but ironclad has a cowboy hat"],"gold_per_floor":[118,134,134,147,160,160,195,215,238,25,42,55,55,55,55,55,55],"floor_reached":16,"playtime":374,"items_purged":[],"score":208,"play_id":"af4c5ab8-e594-43af-859a-d793ff435a0c","local_time":"20201211073632","is_ascension_mode":true,"campfire_choices":[{"data":"Cold Snap","floor":6,"key":"SMITH"},{"data":"Beam Cell","floor":15,"key":"SMITH"}],"circlet_count":0,"master_deck":["AscendersBane","Strike_B","Strike_B","Strike_B","Strike_B","Defend_B","Defend_B","Defend_B","Defend_B","Zap","Dualcast","Cold Snap+1","Beam Cell","Compile Driver","Beam Cell+1","Doom and Gloom","Leap+1","Steam+1","Ball Lightning"],"relics":["Busted Crown","Toxic Egg 2","Omamori"],"acts_visited":["Exordium"],"potions_floor_usage":[7,7,12,12],"damage_taken":[{"damage":7,"enemies":"Jaw Worm","floor":1,"turns":4},{"damage":7,"enemies":"Cultist","floor":2,"turns":4},{"damage":4,"enemies":"Small Slimes","floor":4,"turns":4},{"damage":9,"enemies":"3 Louse","floor":5,"turns":3},{"damage":17,"enemies":"Lagavulin","floor":7,"turns":6},{"damage":4,"enemies":"Looter","floor":8,"turns":2},{"damage":7,"enemies":"Blue Slaver","floor":11,"turns":3},{"damage":0,"enemies":"Gremlin Gang","floor":12,"turns":2},{"damage":31,"enemies":"Slime Boss","floor":16,"turns":3}],"seed_played":"8148997605683242533","potions_obtained":[{"floor":1,"key":"PowerPotion"},{"floor":5,"key":"ColorlessPotion"},{"floor":8,"key":"LiquidBronze"}],"is_trial":false,"path_per_floor":["M","M","?","M","M","R","E","M","T","$","M","M","?","?","R","B"],"character_chosen":"DEFECT","items_purchased":["Beam Cell","Doom and Gloom","Leap+1","PowerPotion"],"campfire_rested":0,"item_purchase_floors":[10,10,10,10],"current_hp_per_floor":[57,50,50,46,37,37,20,16,16,16,9,9,9,26,26,0,0],"gold":55,"neow_bonus":"BOSS_RELIC","is_daily":false,"chose_seed":false,"campfire_upgraded":2,"win_rate":0.0,"timestamp":1607690192,"path_taken":["M","M","?","M","?","R","E","M","T","$","M","M","?","?","R","BOSS"],"items_purchased_type":["Card","Card","Undefined","Potion"],"build_version":"2020-11-30","purchased_purges":0,"victory":false,"max_hp_per_floor":[71,71,71,71,71,71,71,71,71,71,71,71,71,71,71,71,71],"relic_stats":{"Busted Crown":16,"counters":[9,31],"obtain_stats":[{"Busted Crown":0,"Omamori":9,"Toxic Egg 2":7,"Cracked Core":0},{"Busted Crown":0,"Omamori":6,"Toxic Egg 2":5,"Cracked Core":0},{"Busted Crown":0,"Omamori":23,"Toxic Egg 2":21,"Cracked Core":0}]},"card_choices":[{"not_picked":["Chill"],"picked":"SKIP","floor":1},{"not_picked":["Turbo"],"picked":"SKIP","floor":2},{"not_picked":["Chaos"],"picked":"SKIP","floor":4},{"not_picked":[],"picked":"Cold Snap","floor":5},{"not_picked":[],"picked":"Beam Cell","floor":7},{"not_picked":[],"picked":"Compile Driver","floor":8},{"not_picked":[],"picked":"Steam+1","floor":11},{"not_picked":[],"picked":"Ball Lightning","floor":12}],"player_experience":1476132,"relics_obtained":[{"floor":7,"key":"Toxic Egg 2"},{"floor":9,"key":"Omamori"}],"event_choices":[{"damage_healed":0,"gold_gain":0,"player_choice":"Ignored","damage_taken":0,"max_hp_gain":0,"max_hp_loss":0,"event_name":"WeMeetAgain","floor":3,"gold_loss":0},{"damage_healed":0,"gold_gain":0,"player_choice":"Ignored","damage_taken":0,"max_hp_gain":0,"max_hp_loss":0,"event_name":"Shining Light","floor":13,"gold_loss":0},{"damage_healed":17,"gold_gain":0,"player_choice":"Healed and dodged fight","damage_taken":0,"max_hp_gain":0,"max_hp_loss":0,"event_name":"Mushrooms","floor":14,"gold_loss":0,"cards_obtained":["Parasite"]}],"is_beta":false,"boss_relics":[],"items_purged_floors":[],"is_endless":false,"potions_floor_spawned":[1,5,8],"killed_by":"Slime Boss","ascension_level":20}}