{"host":"naykp6d9ulahlwib","time":1607652660,"event":{"mods":["BaseMod","Highlight Path","Minty Spire (QoL Compilation)","StSLib"],"gold_per_floor":[112,112,123,123,140,140,168,182,182,182,209,224,239,256,256,354,404,422,422,422,441,454,454,454,468,492,106,106,119,152,163,163,259,259,275,275,275,119,130,155,155,155,181,181,197,197,209,225,225,225,225,225,11,45,45],"floor_reached":56,"playtime":9500,"items_purged":["Writhe","Bane+1"],"score":1483,"play_id":"e0ef8d5a-ae98-48d9-81ac-21f93ae3153a","local_time":"20201210201100","daily_mods":["SealedDeck","Heirloom"],"is_ascension_mode":true,"campfire_choices":[{"data":"Neutralize","floor":6.0,"key":"SMITH"},{"data":"Noxious Fumes","floor":15.0,"key":"SMITH"},{"data":"Catalyst","floor":23.0,"key":"SMITH"},{"data":"Dodge and Roll","floor":28.0,"key":"SMITH"},{"data":"Well Laid Plans","floor":32.0,"key":"SMITH"},{"floor":44.0,"key":"RECALL"},{"data":"PiercingWail","floor":49.0,"key":"SMITH"},{"floor":52.0,"key":"REST"}],"circlet_count":0,"master_deck":["Deadly Poison","PiercingWail+1","Poisoned Stab","Dodge and Roll+1","Deadly Poison","Deadly Poison","Backflip","Well Laid Plans+1","Leg Sweep","Outmaneuver","Catalyst+1","Venomology","Neutralize+1","Deflect","Adrenaline+1","Crippling Poison+1","Outmaneuver+1","Noxious Fumes+1","Corpse Explosion+1","Deflect+1","Backflip+1","Noxious Fumes","Blur+1","Footwork+1","Night Terror+1","Catalyst+1","Thinking Ahead+1","Enlightenment+1","Bandage Up+1","Apotheosis+1","Footwork+1","Deflect+1"],"relics":["Ring of the Snake","Thread and Needle","The Specimen","Pocketwatch","Toxic Egg 2","Tiny House","The Courier","Juzu Bracelet","Strange Spoon","Bottled Lightning","Smiling Mask","SlaversCollar","Paper Crane","DollysMirror","Bag of Marbles"],"acts_visited":["Exordium","TheCity","TheBeyond","TheEnding"],"potions_floor_usage":[55,55,55,55],"damage_taken":[{"damage":0.0,"enemies":"Small Slimes","floor":1.0,"turns":3.0},{"damage":0.0,"enemies":"Jaw Worm","floor":3.0,"turns":4.0},{"damage":0.0,"enemies":"Cultist","floor":5.0,"turns":3.0},{"damage":3.0,"enemies":"Lagavulin","floor":7.0,"turns":5.0},{"damage":2.0,"enemies":"3 Louse","floor":8.0,"turns":3.0},{"damage":12.0,"enemies":"Gremlin Nob","floor":11.0,"turns":4.0},{"damage":0.0,"enemies":"Lots of Slimes","floor":12.0,"turns":4.0},{"damage":0.0,"enemies":"Looter","floor":13.0,"turns":2.0},{"damage":1.0,"enemies":"Exordium Wildlife","floor":14.0,"turns":3.0},{"damage":0.0,"enemies":"The Guardian","floor":16.0,"turns":7.0},{"damage":0.0,"enemies":"Chosen","floor":18.0,"turns":3.0},{"damage":0.0,"enemies":"Spheric Guardian","floor":21.0,"turns":3.0},{"damage":0.0,"enemies":"Centurion and Healer","floor":22.0,"turns":4.0},{"damage":0.0,"enemies":"Shelled Parasite and Fungi","floor":25.0,"turns":4.0},{"damage":1.0,"enemies":"Cultist and Chosen","floor":29.0,"turns":4.0},{"damage":15.0,"enemies":"Book of Stabbing","floor":30.0,"turns":5.0},{"damage":0.0,"enemies":"Chosen and Byrds","floor":31.0,"turns":3.0},{"damage":16.0,"enemies":"Automaton","floor":33.0,"turns":6.0},{"damage":0.0,"enemies":"3 Darklings","floor":35.0,"turns":2.0},{"damage":1.0,"enemies":"3 Shapes","floor":39.0,"turns":3.0},{"damage":0.0,"enemies":"Reptomancer","floor":40.0,"turns":4.0},{"damage":12.0,"enemies":"Spire Growth","floor":45.0,"turns":3.0},{"damage":0.0,"enemies":"Maw","floor":47.0,"turns":6.0},{"damage":0.0,"enemies":"4 Shapes","floor":48.0,"turns":2.0},{"damage":57.0,"enemies":"Time Eater","floor":50.0,"turns":5.0},{"damage":19.0,"enemies":"Shield and Spear","floor":54.0,"turns":4.0},{"damage":23,"enemies":"The Heart","floor":55,"turns":9}],"seed_played":"8921490475882103479","potions_obtained":[{"floor":3.0,"key":"Fruit Juice"},{"floor":11.0,"key":"PowerPotion"},{"floor":22.0,"key":"PowerPotion"},{"floor":29.0,"key":"BlessingOfTheForge"},{"floor":31.0,"key":"AttackPotion"},{"floor":45.0,"key":"Regen Potion"}],"is_trial":true,"path_per_floor":["M","?","M","?","M","R","E","M","T","$","E","M","M","M","R","B",null,"M","?","$","M","M","R","?","M","T","$","R","M","E","M","R","B",null,"M","?","?","$","M","E","?","?","T","R","M","$","M","M","R","B",null,"R","$","E","B",null],"character_chosen":"THE_SILENT","items_purchased":["Strange Spoon","Bottled Lightning","Apotheosis+1","DollysMirror","Deflect+1"],"campfire_rested":1,"item_purchase_floors":[27,27,38,53,53],"current_hp_per_floor":[70,70,70,70,75,75,72,70,70,70,58,58,58,57,57,57,76,76,76,76,76,76,76,76,76,76,76,76,80,65,65,65,49,72,72,72,62,62,61,67,67,67,67,67,61,61,76,76,76,19,62,76,76,63,58],"gold":45,"neow_bonus":"","is_daily":false,"chose_seed":false,"campfire_upgraded":6,"win_rate":0.0,"timestamp":1607652660,"path_taken":["M","?","M","?","M","R","E","M","T","$","E","M","M","?","R","BOSS","M","?","$","M","?","R","?","M","T","$","R","M","E","M","R","BOSS","M","?","?","$","M","E","?","?","T","R","M","$","M","M","R","BOSS","R","$","E","BOSS"],"items_purchased_type":["Relic","Relic","Undefined","Relic","Undefined"],"build_version":"2020-11-30","purchased_purges":2,"victory":true,"max_hp_per_floor":[70,70,70,70,75,75,75,75,75,75,75,75,75,75,75,75,80,80,80,80,80,80,80,80,80,80,80,80,80,80,80,80,80,80,80,80,80,80,80,80,80,76,76,76,76,76,76,76,76,76,76,76,76,76,76],"card_choices":[{"not_picked":["Poisoned Stab","Accuracy","Dagger Spray"],"picked":"SKIP","floor":1.0},{"not_picked":["Cloak And Dagger","Prepared"],"picked":"Outmaneuver","floor":3.0},{"not_picked":["Quick Slash","Reflex"],"picked":"Deflect","floor":5.0},{"not_picked":["Poisoned Stab","Quick Slash","Dash"],"picked":"SKIP","floor":7.0},{"not_picked":["Calculated Gamble","Infinite Blades","Dagger Throw"],"picked":"SKIP","floor":8.0},{"not_picked":["Quick Slash","Deadly Poison+1"],"picked":"Adrenaline+1","floor":11.0},{"not_picked":["Predator","Choke"],"picked":"Crippling Poison+1","floor":12.0},{"not_picked":["Slice","Deadly Poison+1"],"picked":"Outmaneuver+1","floor":13.0},{"not_picked":["Dodge and Roll+1","Deflect+1"],"picked":"Noxious Fumes","floor":14.0},{"not_picked":["Phantasmal Killer+1","Malaise+1"],"picked":"Corpse Explosion+1","floor":16.0},{"not_picked":["Outmaneuver+1","Riddle With Holes"],"picked":"Deflect+1","floor":17.0},{"not_picked":["Dagger Spray+1","Heel Hook"],"picked":"Backflip+1","floor":18.0},{"not_picked":["Acrobatics+1","Poisoned Stab"],"picked":"Noxious Fumes","floor":21.0},{"not_picked":["Poisoned Stab","Deadly Poison+1"],"picked":"Blur+1","floor":22.0},{"not_picked":["Dodge and Roll+1","Deadly Poison+1","Prepared+1"],"picked":"SKIP","floor":25.0},{"not_picked":["Riddle With Holes","Outmaneuver+1","Deflect+1"],"picked":"SKIP","floor":29.0},{"not_picked":["Sucker Punch","Quick Slash"],"picked":"Footwork+1","floor":30.0},{"not_picked":["Blade Dance+1","Flying Knee+1","Acrobatics+1"],"picked":"SKIP","floor":31.0},{"not_picked":["Bullet Time+1","Unload"],"picked":"Night Terror+1","floor":33.0},{"not_picked":["Underhanded Strike","Prepared+1"],"picked":"Catalyst+1","floor":35.0},{"not_picked":["Mind Blast","Magnetism"],"picked":"Thinking Ahead+1","floor":37.0},{"not_picked":["Mayhem","Transmutation+1"],"picked":"Enlightenment+1","floor":37.0},{"not_picked":["Forethought+1","Panacea+1"],"picked":"Bandage Up+1","floor":37.0},{"not_picked":["Blade Dance+1","Dagger Throw","Poisoned Stab+1"],"picked":"SKIP","floor":39.0},{"not_picked":["Quick Slash+1","Poisoned Stab","Masterful Stab+1"],"picked":"SKIP","floor":40.0},{"not_picked":["Outmaneuver+1","After Image","Eviscerate"],"picked":"SKIP","floor":45.0},{"not_picked":["Acrobatics+1","Flying Knee","Underhanded Strike+1"],"picked":"SKIP","floor":47.0},{"not_picked":["Terror+1","Poisoned Stab+1","Distraction+1"],"picked":"SKIP","floor":48.0},{"not_picked":["Deadly Poison+1","Infinite Blades","Corpse Explosion+1"],"picked":"SKIP","floor":54.0}],"player_experience":670404,"relics_obtained":[{"floor":7.0,"key":"The Specimen"},{"floor":9.0,"key":"Pocketwatch"},{"floor":11.0,"key":"Toxic Egg 2"},{"floor":26.0,"key":"Juzu Bracelet"},{"floor":30.0,"key":"Smiling Mask"},{"floor":40.0,"key":"Paper Crane"},{"floor":54.0,"key":"Bag of Marbles"}],"event_choices":[{"damage_healed":0.0,"max_hp_gain":0.0,"max_hp_loss":0.0,"gold_gain":0.0,"event_name":"Golden Wing","player_choice":"Ignored","floor":2.0,"gold_loss":0.0,"damage_taken":0.0},{"damage_healed":0.0,"max_hp_gain":0.0,"max_hp_loss":0.0,"gold_gain":0.0,"event_name":"Match and Keep!","player_choice":"3 cards matched","floor":4.0,"gold_loss":0.0,"damage_taken":0.0,"cards_obtained":["Catalyst","Venomology","Neutralize"]},{"damage_healed":0.0,"max_hp_gain":0.0,"max_hp_loss":0.0,"gold_gain":0.0,"event_name":"Transmorgrifier","player_choice":"Ignored","floor":19.0,"gold_loss":0.0,"damage_taken":0.0},{"damage_healed":0.0,"max_hp_gain":0.0,"max_hp_loss":0.0,"gold_gain":0.0,"event_name":"The Mausoleum","player_choice":"Opened","floor":24.0,"gold_loss":0.0,"damage_taken":0.0,"relics_obtained":["The Courier"],"cards_obtained":["Writhe"]},{"damage_healed":0.0,"max_hp_gain":0.0,"max_hp_loss":0.0,"gold_gain":0.0,"event_name":"Mysterious Sphere","player_choice":"Ignored","floor":36.0,"gold_loss":0.0,"damage_taken":0.0},{"damage_healed":0.0,"max_hp_gain":0.0,"max_hp_loss":0.0,"gold_gain":0.0,"event_name":"SensoryStone","player_choice":"Memory 3","floor":37.0,"gold_loss":0.0,"damage_taken":10.0},{"damage_healed":0.0,"max_hp_gain":0.0,"max_hp_loss":0.0,"gold_gain":0.0,"event_name":"Tomb of Lord Red Mask","player_choice":"Ignored","floor":41.0,"gold_loss":0.0,"damage_taken":0.0},{"damage_healed":0.0,"max_hp_gain":0.0,"max_hp_loss":4.0,"gold_gain":0.0,"event_name":"Winding Halls","player_choice":"Max HP","floor":42.0,"gold_loss":0.0,"damage_taken":0.0}],"is_beta":false,"boss_relics":[{"not_picked":["Astrolabe","Sozu"],"picked":"Tiny House"},{"not_picked":["Philosopher\u0027s Stone","Empty Cage"],"picked":"SlaversCollar"}],"items_purged_floors":[27,53],"is_endless":false,"potions_floor_spawned":[3,11,12,14,16,22,29,31,33,39,45,54],"ascension_level":5}}