{"host":"6p0attdrtjqaih7v","time":1607729215,"event":{"mods":["2.2 Compatiblity","AchievementEnabler","Bard","BaseMod","Better Skull","Better Third Choice","Colored Powertips","Hermit","Highlight Path","Jorbs\u0027s Wanderer Trilogy","Key Reminder","Minty Spire (QoL Compilation)","Permanent Neow","Quick Restart","Random Character Button","Relic Stats","Replay The Spire","StSLib","The Construct"],"gold_per_floor":[114,129,141,44,57,84,105,105,105,133,133,164,184,217,217,320,320,339,358,358,178,14,14,30,64,64,99,114,114,114,132,132,229,229,240,256,273,318,84,84,102,102,102,102,118,118,129,158,158,158],"floor_reached":51,"playtime":4272,"items_purged":["bard:Defend"],"score":1121,"play_id":"da54d8ae-3dbf-42c6-9f48-f9ebb0dcc7d4","local_time":"20201211182655","is_ascension_mode":true,"campfire_choices":[{"data":"bard:Shifting","floor":8,"key":"SMITH"},{"data":"bard:GreaterMagicWeapon","floor":11,"key":"SMITH"},{"floor":15,"key":"REST"},{"data":"bard:Blink","floor":23,"key":"SMITH"},{"data":"bard:Balestra","floor":29,"key":"SMITH"},{"floor":32,"key":"REST"},{"data":"bard:GuardPoint","floor":40,"key":"SMITH"},{"data":"bard:Encore","floor":44,"key":"SMITH"},{"floor":49,"key":"REST"}],"circlet_count":0,"master_deck":["AscendersBane","bard:Strike","bard:Strike","bard:Strike","bard:Defend","bard:Defend","bard:Defend","bard:Riposte","bard:Inspire+1","bard:Fermata","bard:LingeringEcho","bard:Balestra+1","bard:TinyHut","bard:Shifting+1","bard:GreaterMagicWeapon+1","bard:Blink+1","bard:ViciousMockery","bard:Encore+1","bard:Thunderwave","bard:Silence+1","Sadistic Nature","Good Instincts","bard:Doot+1","bard:Flourish","bard:ViciousMockery","bard:Sift+1","bard:GuardPoint+1","Finesse","bard:Accelerando+1","Madness","Madness","bard:Invisibility"],"relics":["bard:PitchPipe","bard:BagPipes","Replay:WaspNest","Darkstone Periapt","White Beast Statue","Replay:Bottled Flurry","Ice Cream","Runic Pyramid","Nloth\u0027s Gift","Replay:Wax Seal","Bird Faced Urn","Centennial Puzzle","Cursed Key","Prayer Wheel","OrangePellets","Lantern"],"acts_visited":["Exordium","TheCity","TheBeyond"],"potions_floor_usage":[6,10,12,12,14,16,24,24,25,25,27,31,36,48],"damage_taken":[{"damage":0,"enemies":"Cultist","floor":1,"turns":4},{"damage":3,"enemies":"Small Slimes","floor":2,"turns":4},{"damage":0,"enemies":"Jaw Worm","floor":3,"turns":2},{"damage":15,"enemies":"Exordium Thugs","floor":5,"turns":7},{"damage":21,"enemies":"Lagavulin","floor":6,"turns":8},{"damage":0,"enemies":"The Mushroom Lair","floor":7,"turns":6},{"damage":0,"enemies":"Replay:BlueRogue","floor":10,"turns":8},{"damage":20,"enemies":"Lagavulin","floor":12,"turns":8},{"damage":0,"enemies":"Large Slime","floor":13,"turns":4},{"damage":0,"enemies":"3 Sentries","floor":14,"turns":7},{"damage":3,"enemies":"The Guardian","floor":16,"turns":10},{"damage":2,"enemies":"Chosen","floor":18,"turns":4},{"damage":4,"enemies":"3 Byrds","floor":19,"turns":5},{"damage":0,"enemies":"Snecko","floor":24,"turns":2},{"damage":12,"enemies":"Book of Stabbing","floor":25,"turns":6},{"damage":19,"enemies":"Slavers","floor":27,"turns":5},{"damage":9,"enemies":"Chosen and Byrds","floor":28,"turns":5},{"damage":4,"enemies":"Snake Plant","floor":31,"turns":3},{"damage":7,"enemies":"Champ","floor":33,"turns":12},{"damage":11,"enemies":"3 Darklings","floor":35,"turns":6},{"damage":0,"enemies":"3 Shapes","floor":36,"turns":5},{"damage":11,"enemies":"Writhing Mass","floor":37,"turns":6},{"damage":16,"enemies":"2 Orb Walkers","floor":38,"turns":4},{"damage":0,"enemies":"Spire Growth","floor":41,"turns":5},{"damage":0,"enemies":"Jaw Worm Horde","floor":45,"turns":5},{"damage":15,"enemies":"Transient","floor":47,"turns":5},{"damage":5,"enemies":"Nemesis","floor":48,"turns":5},{"damage":12,"enemies":"Awakened One","floor":50,"turns":12}],"seed_played":"-3925617515388557997","potions_obtained":[{"floor":6,"key":"EntropicBrew"},{"floor":7,"key":"SmokeBomb"},{"floor":12,"key":"AttackPotion"},{"floor":13,"key":"SneckoOil"},{"floor":14,"key":"Strength Potion"},{"floor":16,"key":"BlessingOfTheForge"},{"floor":18,"key":"DistilledChaos"},{"floor":19,"key":"Regen Potion"},{"floor":24,"key":"Weak Potion"},{"floor":25,"key":"DistilledChaos"},{"floor":27,"key":"Explosive Potion"},{"floor":28,"key":"Weak Potion"},{"floor":31,"key":"Reflective Coating"},{"floor":33,"key":"LiquidBronze"},{"floor":36,"key":"Weak Potion"},{"floor":45,"key":"bard:InspiredBrew"},{"floor":47,"key":"SteroidPotion"},{"floor":48,"key":"AttackPotion"}],"is_trial":false,"path_per_floor":["M","M","M","$","M","E","?","R","T","E","R","E","M","E","R","B",null,"M","M","?","$","$","R","M","E","T","E","M","R","?","M","R","B",null,"M","M","M","?","$","R","M","?","T","R","M","?","M","E","R","B",null],"character_chosen":"BARD","items_purchased":["Swift Potion","Dexterity Potion","Sadistic Nature","Good Instincts","Finesse","OrangePellets"],"campfire_rested":3,"item_purchase_floors":[4,4,21,22,39,39],"current_hp_per_floor":[63,60,60,60,45,24,24,24,24,24,24,4,4,4,25,22,58,56,52,52,52,52,52,52,40,40,23,18,18,18,18,39,36,62,55,59,52,40,40,40,44,44,44,44,46,37,26,25,46,38],"gold":158,"neow_bonus":"UPGRADE_CARD","is_daily":false,"chose_seed":false,"campfire_upgraded":6,"win_rate":0.0,"timestamp":1607729215,"path_taken":["M","?","M","$","M","E","?","R","T","E","R","E","M","E","R","BOSS","M","M","?","?","$","R","M","E","T","E","M","R","?","M","R","BOSS","M","M","M","?","$","R","M","?","T","R","M","?","M","E","R","BOSS"],"items_purchased_type":["Potion","Potion","Card","Card","Card","Relic"],"build_version":"2020-11-30","purchased_purges":1,"victory":true,"max_hp_per_floor":[70,70,70,70,70,70,70,70,70,70,70,70,70,70,70,70,70,70,70,70,70,70,70,70,70,70,70,70,70,70,70,70,70,70,70,70,70,70,70,70,70,70,70,70,70,70,70,70,70,70],"relic_stats":{"Darkstone Periapt":0,"OrangePellets":[0],"Centennial Puzzle":[27],"counters":[28,163],"Bird Faced Urn":[48],"Prayer Wheel":3,"Nloth\u0027s Gift":5,"Cursed Key":0,"obtain_stats":[{"Darkstone Periapt":9,"Ice Cream":14,"bard:BagPipes":0,"Lantern":48,"bard:PitchPipe":0,"Replay:WaspNest":6,"Odd Mushroom":7,"Cursed Key":34,"White Beast Statue":10,"OrangePellets":39,"Centennial Puzzle":27,"Bird Faced Urn":26,"Prayer Wheel":38,"Replay:Bottled Flurry":12,"Nloth\u0027s Gift":20,"Replay:Wax Seal":25,"Runic Pyramid":17},{"Darkstone Periapt":6,"Ice Cream":10,"bard:BagPipes":0,"Lantern":27,"bard:PitchPipe":0,"Replay:WaspNest":5,"Odd Mushroom":6,"Cursed Key":19,"White Beast Statue":7,"OrangePellets":23,"Centennial Puzzle":16,"Bird Faced Urn":15,"Prayer Wheel":23,"Replay:Bottled Flurry":8,"Nloth\u0027s Gift":13,"Replay:Wax Seal":15,"Runic Pyramid":11},{"Darkstone Periapt":31,"Ice Cream":58,"bard:BagPipes":0,"Lantern":151,"bard:PitchPipe":0,"Replay:WaspNest":25,"Odd Mushroom":31,"Cursed Key":110,"White Beast Statue":39,"OrangePellets":131,"Centennial Puzzle":90,"Bird Faced Urn":85,"Prayer Wheel":131,"Replay:Bottled Flurry":47,"Nloth\u0027s Gift":77,"Replay:Wax Seal":85,"Runic Pyramid":68}]},"card_choices":[{"not_picked":["bard:HideousLaughter","bard:EnGarde"],"picked":"bard:Fermata","floor":1},{"not_picked":["bard:EchoEcho","bard:DiscordantVoice"],"picked":"bard:LingeringEcho","floor":2},{"not_picked":["bard:Solo","bard:BucklerBash"],"picked":"bard:Balestra","floor":3},{"not_picked":["bard:Parry","bard:DervishDance"],"picked":"bard:TinyHut","floor":5},{"not_picked":["bard:LifeDrain","bard:Sift"],"picked":"bard:Shifting","floor":6},{"not_picked":["bard:FeastOnFear","bard:Shout"],"picked":"bard:GreaterMagicWeapon","floor":7},{"not_picked":["bard:HideousLaughter","bard:Sonata","bard:SongBolt"],"picked":"SKIP","floor":10},{"not_picked":["bard:HideousLaughter","bard:Sonata","bard:SongBolt"],"picked":"SKIP","floor":10},{"not_picked":["bard:MantleOfInspiration","bard:Shout"],"picked":"bard:Blink","floor":12},{"not_picked":["bard:InspiringSong","bard:SongBolt","bard:Balestra"],"picked":"SKIP","floor":13},{"not_picked":["bard:InspiringSong","bard:SongBolt","bard:Balestra"],"picked":"SKIP","floor":13},{"not_picked":["bard:PhantasmalForce","bard:LingeringEcho"],"picked":"bard:ViciousMockery","floor":14},{"not_picked":["bard:CovetousAura","bard:Invisibility"],"picked":"bard:Encore","floor":16},{"not_picked":["bard:EchoEcho","bard:TinyHut+1"],"picked":"bard:Thunderwave","floor":18},{"not_picked":["bard:InspiringSong","bard:EchoEcho"],"picked":"bard:Silence+1","floor":19},{"not_picked":["bard:CuttingWords","bard:GlyphOfWarding","bard:DeathMetal"],"picked":"SKIP","floor":24},{"not_picked":["bard:Improv","bard:MantleOfInspiration"],"picked":"bard:Doot+1","floor":25},{"not_picked":["bard:DeathMetal","bard:Blink"],"picked":"bard:Flourish","floor":27},{"not_picked":["bard:Balestra","bard:CuttingWords","bard:StudiedStrike+1"],"picked":"SKIP","floor":28},{"not_picked":["bard:BucklerBash+1","bard:SongBolt"],"picked":"bard:ViciousMockery","floor":31},{"not_picked":["bard:Demoralize","bard:Balestra+1"],"picked":"bard:Sift+1","floor":35},{"not_picked":["bard:Gamble","bard:Rhapsody","bard:EnGarde"],"picked":"SKIP","floor":36},{"not_picked":["bard:QuickSong","bard:EchoEcho","bard:InspiringSong+1"],"picked":"SKIP","floor":37},{"not_picked":["bard:Flourish","bard:MantleOfInspiration+1"],"picked":"bard:GuardPoint","floor":38},{"not_picked":["bard:FeastOnFear","bard:BucklerBash","bard:Gamble"],"picked":"SKIP","floor":41},{"not_picked":["bard:Solo","bard:LingeringPerformance+1","bard:Flourish+1"],"picked":"SKIP","floor":41},{"not_picked":["bard:BottledSong","bard:Fermata"],"picked":"bard:Accelerando+1","floor":45},{"not_picked":["bard:CuttingWords+1","bard:Fermata","bard:HarmoniousVoice"],"picked":"SKIP","floor":45},{"not_picked":["bard:LocateObject+1","bard:Gamble+1","bard:LingeringEcho+1"],"picked":"SKIP","floor":47},{"not_picked":["bard:LingeringPerformance","bard:CuttingWords+1","bard:Sift"],"picked":"SKIP","floor":47},{"not_picked":["bard:Sift+1","bard:MnemonicVestments"],"picked":"bard:Invisibility","floor":48}],"player_experience":809282,"relics_obtained":[{"floor":6,"key":"Replay:WaspNest"},{"floor":7,"key":"Odd Mushroom"},{"floor":9,"key":"Darkstone Periapt"},{"floor":10,"key":"White Beast Statue"},{"floor":12,"key":"Replay:Bottled Flurry"},{"floor":14,"key":"Ice Cream"},{"floor":25,"key":"Replay:Wax Seal"},{"floor":26,"key":"Bird Faced Urn"},{"floor":27,"key":"Centennial Puzzle"},{"floor":38,"key":"Prayer Wheel"},{"floor":48,"key":"Lantern"}],"event_choices":[{"damage_healed":0,"gold_gain":0,"player_choice":"Fought Mushrooms","damage_taken":0,"max_hp_gain":0,"max_hp_loss":0,"event_name":"Mushrooms","floor":7,"gold_loss":0},{"damage_healed":0,"gold_gain":0,"player_choice":"Traded Relic","damage_taken":0,"relics_obtained":["Nloth\u0027s Gift"],"max_hp_gain":0,"max_hp_loss":0,"event_name":"N\u0027loth","floor":20,"relics_lost":["Odd Mushroom"],"gold_loss":0},{"cards_removed":["bard:Strike"],"damage_healed":0,"gold_gain":0,"player_choice":"Purged","damage_taken":0,"max_hp_gain":0,"max_hp_loss":0,"event_name":"Purifier","floor":30,"gold_loss":0},{"damage_healed":0,"gold_gain":0,"player_choice":"Fight","damage_taken":0,"max_hp_gain":0,"max_hp_loss":0,"event_name":"Mysterious Sphere","floor":38,"gold_loss":0},{"damage_healed":0,"gold_gain":0,"player_choice":"Embrace Madness","damage_taken":9,"max_hp_gain":0,"max_hp_loss":0,"event_name":"Winding Halls","floor":46,"gold_loss":0,"cards_obtained":["Madness","Madness"]}],"is_beta":false,"boss_relics":[{"not_picked":["Replay:Ancient Bell","Honey Jar"],"picked":"Runic Pyramid"},{"not_picked":["SlaversCollar","SacredBark"],"picked":"Cursed Key"}],"items_purged_floors":[22],"is_endless":false,"potions_floor_spawned":[6,7,12,13,14,16,18,19,24,25,27,28,31,33,35,36,37,38,41,45,47,48],"ascension_level":10}}