{"host":"xcuflocadasoaqda","time":1607646444,"event":{"mods":["BaseMod","Bestiary","Filter the Spire","Minty Spire (QoL Compilation)","Relic Stats"],"gold_per_floor":[118,118,137,151,162,162,187,187,211,236,251,251,262,262,262,262,262],"floor_reached":16,"playtime":689,"items_purged":[],"score":224,"play_id":"6992b5b2-6c39-4ed1-b436-8f11de418432","local_time":"20201210182724","is_ascension_mode":true,"campfire_choices":[{"data":"Zap","floor":6,"key":"SMITH"},{"floor":8,"key":"REST"},{"data":"All For One","floor":12,"key":"SMITH"},{"data":"Ball Lightning","floor":15,"key":"SMITH"}],"circlet_count":0,"master_deck":["AscendersBane","Zap+1","Dualcast","Leap","Rebound","Compile Driver","Amplify","Stack+1","Core Surge","Go for the Eyes","Core Surge","Cold Snap","BootSequence","Chill+1","All For One+1","Ball Lightning+1","Reinforced Body"],"relics":["Pandora\u0027s Box","War Paint","Dream Catcher","Lantern"],"acts_visited":["Exordium"],"potions_floor_usage":[7,10],"damage_taken":[{"damage":12,"enemies":"Jaw Worm","floor":1,"turns":2},{"damage":0,"enemies":"Cultist","floor":3,"turns":3},{"damage":7,"enemies":"2 Louse","floor":4,"turns":2},{"damage":4,"enemies":"2 Fungi Beasts","floor":5,"turns":3},{"damage":26,"enemies":"3 Sentries","floor":7,"turns":7},{"damage":7,"enemies":"Lagavulin","floor":10,"turns":6},{"damage":0,"enemies":"Exordium Wildlife","floor":11,"turns":5},{"damage":12,"enemies":"Large Slime","floor":13,"turns":5},{"damage":24,"enemies":"Hexaghost","floor":16,"turns":9}],"seed_played":"1116012723449159584","potions_obtained":[{"floor":1,"key":"ColorlessPotion"},{"floor":2,"key":"AttackPotion"},{"floor":2,"key":"FocusPotion"},{"floor":11,"key":"Dexterity Potion"}],"is_trial":false,"path_per_floor":["M","?","M","M","M","R","E","R","T","E","M","R","M","?","R","B"],"character_chosen":"DEFECT","items_purchased":[],"campfire_rested":1,"item_purchase_floors":[],"current_hp_per_floor":[52,52,52,45,41,41,15,36,36,29,29,29,17,22,22,0,0],"gold":262,"neow_bonus":"BOSS_RELIC","is_daily":false,"chose_seed":false,"campfire_upgraded":3,"win_rate":0.0,"timestamp":1607646444,"path_taken":["M","?","?","M","M","R","E","R","T","E","M","R","M","?","R","BOSS"],"items_purchased_type":[],"build_version":"2020-11-30","purchased_purges":0,"victory":false,"max_hp_per_floor":[71,71,71,71,71,71,71,71,71,71,71,71,71,76,76,76,76],"relic_stats":{"Dream Catcher":0,"counters":[9,42],"Pandora\u0027s Box":["Leap","Rebound","Compile Driver","Amplify","Stack","Core Surge","Go for the Eyes","Core Surge"],"War Paint":["Chill","Stack"],"obtain_stats":[{"Dream Catcher":9,"Lantern":10,"Pandora\u0027s Box":0,"War Paint":7,"Cracked Core":0},{"Dream Catcher":5,"Lantern":6,"Pandora\u0027s Box":0,"War Paint":5,"Cracked Core":0},{"Dream Catcher":17,"Lantern":23,"Pandora\u0027s Box":0,"War Paint":17,"Cracked Core":0}]},"card_choices":[{"not_picked":["FTL","Storm"],"picked":"Cold Snap","floor":1},{"not_picked":["Streamline","Cold Snap","Stack"],"picked":"SKIP","floor":3},{"not_picked":["Melter","Loop","Compile Driver"],"picked":"SKIP","floor":4},{"not_picked":["Turbo","Barrage"],"picked":"BootSequence","floor":5},{"not_picked":["Chaos","Compile Driver"],"picked":"Chill","floor":7},{"not_picked":["Hologram","Reinforced Body"],"picked":"All For One","floor":10},{"not_picked":["Coolheaded","Chaos"],"picked":"Ball Lightning","floor":11},{"not_picked":["BootSequence","Sweeping Beam"],"picked":"Reinforced Body","floor":13}],"player_experience":1689413,"relics_obtained":[{"floor":7,"key":"War Paint"},{"floor":9,"key":"Dream Catcher"},{"floor":10,"key":"Lantern"}],"event_choices":[{"damage_healed":0,"gold_gain":0,"player_choice":"Got Potions","damage_taken":0,"max_hp_gain":0,"max_hp_loss":0,"event_name":"Lab","floor":2,"gold_loss":0},{"damage_healed":0,"gold_gain":0,"player_choice":"Donut","damage_taken":0,"max_hp_gain":5,"max_hp_loss":0,"event_name":"Big Fish","floor":14,"gold_loss":0}],"is_beta":false,"boss_relics":[],"items_purged_floors":[],"is_endless":false,"potions_floor_spawned":[1,4,11],"killed_by":"Hexaghost","ascension_level":20}}