{"host":"htqwg582tjjtn9p7","time":1607694916,"event":{"mods":["2.2 Compatiblity","AchievementEnabler","Act Like it!","Aspiration","BaseMod","Better Third Choice","Colored Map","Conspire","Curses Come First","Displayed Cursed Tome","Energized Spire","Force Act Four","GifTheSpireLib","Hermit","Highlight Path","JesterMod","Mad Scientist","Minty Spire (QoL Compilation)","Pale of the Ancients","Permanent Neow","Random Character Button","Relic Stats","Replay The Spire","Robot Space Explorer","Somnambulant","Spicy Shops","Spikes Relics","StSLib","Stuff the Spire","The Blue Laboratory","The Disciple","The Dragon Tamer","The Forsaken","The Gatherer","The Judge","The Jungle","The Runesmith","The Servant 0.9.4"],"gold_per_floor":[214,2,2,2,21,21,34,54,79,104,119,294,194,194,194,289,289,306,19,19,19,34,69,69,69,69,69,113,113,38,68,68,72,72],"floor_reached":33,"playtime":1353,"items_purged":["hermit:Defend_Hermit"],"score":362,"play_id":"fa3b8a42-7017-4d90-9e69-27a40cd6187f","local_time":"20201211145516","is_ascension_mode":true,"campfire_choices":[{"data":"StuffTheSpire:BumpUp","floor":6,"key":"SMITH"},{"data":"Ghostly","floor":15,"key":"SMITH"},{"data":"hermit:Adapt","floor":24,"key":"SMITH"},{"data":"hermit:GoldenBullet","floor":27,"key":"SMITH"},{"floor":29,"key":"REST"},{"data":"Ghostly","floor":32,"key":"SMITH"}],"circlet_count":0,"master_deck":["hermit:Defend_Hermit","hermit:Defend_Hermit","hermit:Defend_Hermit","hermit:Snapshot","hermit:Covet","hermit:Malice+1","Dagger Spray","Predator","StuffTheSpire:BumpUp+1","hermit:HoleUp","hermit:RoundhouseKick","Ghostly+1","hermit:Adapt+1","hermit:Determination","hermit:OverwhelmingPower","hermit:FromBeyond","hermit:Roulette","hermit:GoldenBullet+1","hermit:HoleUp","Ghostly","Ghostly+1","Ghostly","Ghostly","Ghostly","hermit:Gestalt","hermit:NoHoldsBarred+1"],"relics":["hermit:Momento","Lantern","Omamori","aspiration:SeaSaltIceCream","Snack Pack","hermit:BartenderGlass","FossilizedHelix","Bird Faced Urn","Replay:Bandana","Simple Rune"],"acts_visited":["Exordium","TheCity"],"potions_floor_usage":[23,23,23,28,28,28],"damage_taken":[{"damage":1,"enemies":"Small Slimes","floor":1,"turns":4},{"damage":0,"enemies":"2 Louse","floor":5,"turns":1},{"damage":0,"enemies":"conspire:RoseBush","floor":7,"turns":1},{"damage":7,"enemies":"Looter","floor":8,"turns":3},{"damage":20,"enemies":"Replay:BlueRogue","floor":10,"turns":6},{"damage":0,"enemies":"Large Slime","floor":11,"turns":4},{"damage":8,"enemies":"Fading Forest","floor":16,"turns":11},{"damage":1,"enemies":"Spheric Guardian","floor":18,"turns":3},{"damage":2,"enemies":"3 Byrds","floor":22,"turns":7},{"damage":53,"enemies":"Book of Stabbing","floor":23,"turns":7},{"damage":19,"enemies":"Slavers","floor":28,"turns":7},{"damage":0,"enemies":"Snecko","floor":31,"turns":5},{"damage":35,"enemies":"conspire:MysteriousRune","floor":33,"turns":12}],"seed_played":"6261767947195263245","potions_obtained":[{"floor":1,"key":"Regen Potion"},{"floor":16,"key":"blueLaboratory:BottledHope"},{"floor":18,"key":"blueLaboratory:EnragingPotion"},{"floor":22,"key":"blueLaboratory:HorrorPotion"},{"floor":23,"key":"blueLaboratory:BubblePotion"}],"is_trial":false,"path_per_floor":["M","$","?","?","M","R","M","M","T","E","M","?","?","?","R","B",null,"M","$","?","?","M","E","R","?","T","R","E","R","$","M","R","B"],"character_chosen":"HERMIT","items_purchased":["hermit:Malice","Fruit Juice","FossilizedHelix"],"campfire_rested":1,"item_purchase_floors":[2,2,19],"current_hp_per_floor":[74,74,74,74,74,74,74,67,67,47,49,49,49,49,49,57,75,74,74,74,74,72,31,31,31,31,31,14,25,25,29,29,0,0],"gold":72,"neow_bonus":"HUNDRED_GOLD","is_daily":false,"chose_seed":false,"campfire_upgraded":5,"win_rate":0.0,"timestamp":1607694916,"path_taken":["M","$","?","?","M","R","?","M","T","E","M","?","?","?","R","BOSS","M","$","?","?","M","E","R","?","T","R","E","R","?","M","R","BOSS"],"items_purchased_type":["Card","Potion","Relic"],"build_version":"2020-11-30","purchased_purges":1,"victory":false,"max_hp_per_floor":[75,75,75,75,75,75,75,75,75,75,75,75,75,75,75,75,75,75,75,75,75,75,75,75,37,37,37,37,37,37,37,37,37,37],"relic_stats":{"counters":[13,71],"Bird Faced Urn":[12],"obtain_stats":[{"Lantern":4,"Replay:Bandana":26,"Bird Faced Urn":23,"hermit:BartenderGlass":17,"Simple Rune":28,"Omamori":9,"Snack Pack":10,"aspiration:SeaSaltIceCream":10,"hermit:Momento":0,"FossilizedHelix":19},{"Lantern":1,"Replay:Bandana":10,"Bird Faced Urn":10,"hermit:BartenderGlass":7,"Simple Rune":11,"Omamori":4,"Snack Pack":5,"aspiration:SeaSaltIceCream":5,"hermit:Momento":0,"FossilizedHelix":8},{"Lantern":4,"Replay:Bandana":47,"Bird Faced Urn":47,"hermit:BartenderGlass":30,"Simple Rune":54,"Omamori":9,"Snack Pack":15,"aspiration:SeaSaltIceCream":15,"hermit:Momento":0,"FossilizedHelix":33}]},"card_choices":[{"not_picked":["hermit:Desperado","hermit:TrackingShot"],"picked":"hermit:Showdown","floor":1},{"not_picked":["hermit:ItchyTrigger","hermit:EyeOfTheStorm"],"picked":"hermit:HoleUp","floor":5},{"not_picked":["hermit:Feint","hermit:Combo","hermit:Coalescence"],"picked":"SKIP","floor":7},{"not_picked":["hermit:Enervate","hermit:ItchyTrigger","hermit:Midnight"],"picked":"SKIP","floor":8},{"not_picked":["hermit:Glare","hermit:ShadowCloak"],"picked":"hermit:RoundhouseKick","floor":10},{"not_picked":["hermit:TrackingShot","hermit:Feint","hermit:BigShot"],"picked":"SKIP","floor":11},{"not_picked":["hermit:Roughhouse","hermit:DeadOrAlive"],"picked":"hermit:Adapt","floor":16},{"not_picked":["hermit:Feint","hermit:Cheat"],"picked":"hermit:Determination","floor":18},{"not_picked":["hermit:SprayPray","hermit:Manifest"],"picked":"hermit:GoldenBullet","floor":22},{"not_picked":["hermit:Glare","hermit:Manifest"],"picked":"hermit:HoleUp","floor":23},{"not_picked":["hermit:BigShot","hermit:Glare+1"],"picked":"hermit:Gestalt","floor":28},{"not_picked":["hermit:Feint","hermit:SprayPray"],"picked":"hermit:NoHoldsBarred+1","floor":31}],"player_experience":1640277,"relics_obtained":[{"floor":9,"key":"Omamori"},{"floor":10,"key":"aspiration:SeaSaltIceCream"},{"floor":23,"key":"Bird Faced Urn"},{"floor":26,"key":"Replay:Bandana"},{"floor":28,"key":"Simple Rune"}],"event_choices":[{"damage_healed":0,"gold_gain":0,"player_choice":"Gave Potion","damage_taken":0,"relics_obtained":["Lantern"],"max_hp_gain":0,"max_hp_loss":0,"event_name":"WeMeetAgain","floor":4,"gold_loss":0},{"damage_healed":0,"gold_gain":175,"player_choice":"AGREE","damage_taken":119,"max_hp_gain":0,"max_hp_loss":0,"event_name":"betterThird:BetterSerpent","floor":12,"gold_loss":0},{"damage_healed":0,"gold_gain":0,"player_choice":"Argue","damage_taken":0,"max_hp_gain":0,"max_hp_loss":0,"event_name":"conspire:LoneGhost","floor":13,"gold_loss":0},{"damage_healed":0,"gold_gain":0,"cards_transformed":["hermit:Showdown","hermit:Strike_Hermit"],"player_choice":"Became Test Subject","damage_taken":0,"max_hp_gain":0,"max_hp_loss":0,"event_name":"Drug Dealer","floor":20,"gold_loss":0,"cards_obtained":["hermit:OverwhelmingPower","hermit:FromBeyond"]},{"damage_healed":0,"gold_gain":0,"player_choice":"Read","damage_taken":0,"max_hp_gain":0,"max_hp_loss":0,"event_name":"The Library","floor":21,"gold_loss":0,"cards_obtained":["hermit:Roulette"]},{"damage_healed":0,"gold_gain":0,"player_choice":"Became a Ghost","damage_taken":0,"max_hp_gain":0,"max_hp_loss":38,"event_name":"Ghosts","floor":25,"gold_loss":0,"cards_obtained":["Ghostly","Ghostly","Ghostly","Ghostly","Ghostly"]}],"is_beta":false,"boss_relics":[{"not_picked":["Empty Cage","Philosopher\u0027s Stone"],"picked":"hermit:BartenderGlass"}],"items_purged_floors":[30],"is_endless":false,"potions_floor_spawned":[1,16,18,22,23],"killed_by":"conspire:MysteriousRune","ascension_level":4}}