{"host":"aeidq2c3auzxo1yh","time":1607706163,"event":{"mods":["AchievementEnabler","BaseMod","Colored Map","Colored Powertips","Minty Spire (QoL Compilation)","Relic Stats","StSLib"],"gold_per_floor":[116,116,134,6,17,17,42,1,1,1,1,34,34,34,34],"floor_reached":14,"playtime":605,"items_purged":["Strike_G"],"score":192,"play_id":"686097d1-dfee-4fda-9fd8-03290625b215","local_time":"20201211220243","is_ascension_mode":true,"campfire_choices":[{"data":"Skewer","floor":6,"key":"SMITH"},{"data":"Neutralize","floor":10,"key":"SMITH"}],"circlet_count":0,"master_deck":["AscendersBane","Strike_G","Strike_G","Strike_G","Strike_G","Defend_G","Defend_G","Defend_G","Defend_G","Defend_G","Survivor","Neutralize+1","Skewer+1","Blur","Blade Dance","Concentrate"],"relics":["Ring of the Snake","Mango","FossilizedHelix","Question Card","Strawberry","Golden Idol"],"acts_visited":["Exordium"],"potions_floor_usage":[12,12],"damage_taken":[{"damage":4.0,"enemies":"Small Slimes","floor":1.0,"turns":5.0},{"damage":0.0,"enemies":"Cultist","floor":3.0,"turns":4.0},{"damage":0,"enemies":"2 Louse","floor":5,"turns":3},{"damage":21,"enemies":"Gremlin Nob","floor":7,"turns":4},{"damage":13,"enemies":"Lagavulin","floor":12,"turns":7},{"damage":47,"enemies":"Gremlin Nob","floor":14,"turns":4}],"seed_played":"8778742398938153060","potions_obtained":[{"floor":3,"key":"FearPotion"},{"floor":5,"key":"Fire Potion"}],"is_trial":false,"path_per_floor":["M","?","M","$","M","R","E","$","T","R","$","E","?","E"],"character_chosen":"THE_SILENT","items_purchased":["Poison Potion","Concentrate"],"campfire_rested":0,"item_purchase_floors":[4,8],"current_hp_per_floor":[69,69,69,69,69,69,48,48,48,48,48,42,42,0,0],"gold":34,"neow_bonus":"ONE_RARE_RELIC","is_daily":false,"chose_seed":false,"campfire_upgraded":2,"win_rate":0.0,"timestamp":1607706163,"path_taken":["M","?","M","?","M","R","E","?","T","R","$","E","?","E"],"items_purchased_type":["Potion","Card"],"build_version":"2020-11-30","purchased_purges":1,"victory":false,"max_hp_per_floor":[74,74,74,74,74,74,74,74,74,74,74,81,73,73,73],"relic_stats":{"counters":[6,27],"Golden Idol":0,"Question Card":1,"obtain_stats":[{"Golden Idol":13,"Strawberry":12,"Mango":0,"Question Card":9,"FossilizedHelix":7,"Ring of the Snake":0},{"Golden Idol":5,"Strawberry":5,"Mango":0,"Question Card":4,"FossilizedHelix":4,"Ring of the Snake":0},{"Golden Idol":23,"Strawberry":23,"Mango":0,"Question Card":16,"FossilizedHelix":16,"Ring of the Snake":0}],"Ring of the Snake":[12]},"card_choices":[{"not_picked":["Slice","Heel Hook"],"picked":"Skewer","floor":1.0},{"not_picked":["Underhanded Strike","Choke","Catalyst"],"picked":"SKIP","floor":3},{"not_picked":["Bane","Backflip"],"picked":"Blur","floor":5},{"not_picked":["Deflect","Endless Agony"],"picked":"Blade Dance","floor":7},{"not_picked":["Masterful Stab","Tactician","Bane","Cloak And Dagger"],"picked":"SKIP","floor":12},{"not_picked":["Masterful Stab","Tactician","Bane","Cloak And Dagger"],"picked":"SKIP","floor":12}],"player_experience":839156,"relics_obtained":[{"floor":7,"key":"FossilizedHelix"},{"floor":9,"key":"Question Card"},{"floor":12,"key":"Strawberry"}],"event_choices":[{"damage_healed":0.0,"max_hp_gain":0.0,"max_hp_loss":0.0,"gold_gain":0.0,"event_name":"Match and Keep!","player_choice":"0 cards matched","floor":2.0,"gold_loss":0.0,"damage_taken":0.0,"cards_obtained":[]},{"damage_healed":0,"gold_gain":0,"player_choice":"Lose Max HP","damage_taken":0,"relics_obtained":["Golden Idol"],"max_hp_gain":0,"max_hp_loss":8,"event_name":"Golden Idol","floor":13,"gold_loss":0}],"is_beta":false,"boss_relics":[],"items_purged_floors":[4],"is_endless":false,"potions_floor_spawned":[3,5],"killed_by":"Gremlin Nob","ascension_level":20}}