{"host":"k8gerrcpv9xe1nxe","time":1607651787,"event":{"mods":["2.2 Compatiblity","AchievementEnabler","BaseMod","Bestiary","Minty Spire (QoL Compilation)","Relic Stats","StSLib"],"gold_per_floor":[117,134,134,144,144,178,178,205,205,225,31,44,44,54,54,158,158,171,185,100,100,25,25,54,72,72,97,97,113,131,155,155,255,255,265,278,14,33,47,79,98,98,125,125,50,80,96,96,96,96,96,96,19,47,47],"floor_reached":56,"playtime":2542,"items_purged":["Pain","Strike_R","Strike_R","Strike_R"],"score":1403,"play_id":"35a03477-e0ab-40bf-8861-ba644544a909","local_time":"20201210205627","is_ascension_mode":true,"campfire_choices":[{"data":"Whirlwind","floor":7,"key":"SMITH"},{"data":"Pommel Strike","floor":13,"key":"SMITH"},{"data":"True Grit","floor":15,"key":"SMITH"},{"floor":23,"key":"RECALL"},{"floor":32,"key":"REST"},{"floor":42,"key":"REST"},{"floor":44,"key":"REST"},{"floor":49,"key":"REST"},{"floor":52,"key":"REST"}],"circlet_count":0,"master_deck":["Strike_R","Defend_R","Defend_R","Defend_R","Bash+1","Pommel Strike+1","Shrug It Off","Whirlwind+1","Dropkick","True Grit+1","Fiend Fire","True Grit+1","True Grit+1","Dropkick"],"relics":["Burning Blood","NeowsBlessing","WarpedTongs","Mercury Hourglass","Paper Frog","Sundial","Membership Card","Fusion Hammer","Oddly Smooth Stone","Bag of Preparation","Eternal Feather","Blood Vial","Omamori","Runic Pyramid","Medical Kit","Shuriken","Toy Ornithopter","Boot","Bag of Marbles","Torii"],"acts_visited":["Exordium","TheCity","TheBeyond","TheEnding"],"potions_floor_usage":[24,25,27,33,38,54,55],"damage_taken":[{"damage":0,"enemies":"Cultist","floor":1,"turns":1},{"damage":0,"enemies":"Jaw Worm","floor":2,"turns":1},{"damage":0,"enemies":"2 Louse","floor":4,"turns":1},{"damage":31,"enemies":"Gremlin Nob","floor":6,"turns":4},{"damage":29,"enemies":"Lagavulin","floor":8,"turns":7},{"damage":19,"enemies":"Gremlin Gang","floor":10,"turns":4},{"damage":4,"enemies":"3 Louse","floor":12,"turns":2},{"damage":0,"enemies":"Exordium Thugs","floor":14,"turns":4},{"damage":15,"enemies":"Hexaghost","floor":16,"turns":9},{"damage":1,"enemies":"Chosen","floor":18,"turns":3},{"damage":13,"enemies":"Spheric Guardian","floor":19,"turns":5},{"damage":51,"enemies":"Book of Stabbing","floor":24,"turns":6},{"damage":14,"enemies":"Shelled Parasite and Fungi","floor":25,"turns":6},{"damage":14,"enemies":"Gremlin Leader","floor":27,"turns":3},{"damage":12,"enemies":"Snake Plant","floor":29,"turns":2},{"damage":10,"enemies":"Centurion and Healer","floor":30,"turns":6},{"damage":29,"enemies":"Collector","floor":33,"turns":6},{"damage":0,"enemies":"Orb Walker","floor":35,"turns":2},{"damage":19,"enemies":"3 Darklings","floor":36,"turns":3},{"damage":6,"enemies":"Jaw Worm Horde","floor":38,"turns":4},{"damage":53,"enemies":"Writhing Mass","floor":39,"turns":5},{"damage":16,"enemies":"Nemesis","floor":40,"turns":5},{"damage":9,"enemies":"Sphere and 2 Shapes","floor":41,"turns":4},{"damage":33,"enemies":"Reptomancer","floor":46,"turns":4},{"damage":8,"enemies":"3 Darklings","floor":47,"turns":4},{"damage":24,"enemies":"Donu and Deca","floor":50,"turns":5},{"damage":28,"enemies":"Shield and Spear","floor":54,"turns":4},{"damage":54,"enemies":"The Heart","floor":55,"turns":6}],"seed_played":"-6760398079683805265","potions_obtained":[{"floor":1,"key":"BloodPotion"},{"floor":10,"key":"FearPotion"},{"floor":14,"key":"BloodPotion"},{"floor":24,"key":"Regen Potion"},{"floor":25,"key":"HeartOfIron"},{"floor":46,"key":"Weak Potion"},{"floor":47,"key":"ColorlessPotion"}],"is_trial":false,"path_per_floor":["M","M","?","M","?","E","R","E","T","M","$","M","R","M","R","B",null,"M","M","?","?","$","R","E","M","T","E","?","M","M","T","R","B",null,"M","M","$","M","M","E","M","R","T","R","$","E","M","?","R","B",null,"R","$","E","B",null],"character_chosen":"IRONCLAD","items_purchased":["Membership Card","True Grit","Medical Kit","Shuriken","Bag of Marbles"],"campfire_rested":5,"item_purchase_floors":[11,22,37,37,53],"current_hp_per_floor":[80,80,80,80,80,55,55,32,32,19,19,21,21,27,27,18,80,80,73,73,73,73,73,44,52,52,53,53,49,47,47,80,57,80,80,67,67,69,24,16,15,48,48,80,80,53,53,53,80,62,80,80,80,63,22],"gold":47,"neow_bonus":"THREE_ENEMY_KILL","is_daily":false,"chose_seed":false,"campfire_upgraded":3,"win_rate":0.0,"timestamp":1607651787,"path_taken":["M","M","?","M","?","E","R","E","T","M","$","?","R","M","R","BOSS","M","M","?","?","$","R","E","?","T","E","?","M","?","?","R","BOSS","M","M","$","M","M","E","M","R","T","R","$","E","M","?","R","BOSS","R","$","E","BOSS"],"items_purchased_type":["Relic","Card","Relic","Relic","Relic"],"build_version":"2020-11-30","purchased_purges":4,"victory":true,"max_hp_per_floor":[80,80,80,80,80,80,80,80,80,80,80,80,80,80,80,80,80,80,80,80,80,80,80,80,80,80,80,80,80,80,80,80,80,80,80,80,80,80,80,80,80,80,80,80,80,80,80,80,80,80,80,80,80,80,80],"relic_stats":{"Torii":2,"counters":[28,114],"Eternal Feather":33,"Bag of Preparation":[32],"Medical Kit":[10],"Boot":[19],"Burning Blood":139,"WarpedTongs":[107],"Mercury Hourglass":[404],"Blood Vial":16,"Sundial":[100],"Shuriken":[36],"obtain_stats":[{"NeowsBlessing":0,"Torii":54,"Oddly Smooth Stone":20,"Eternal Feather":26,"Bag of Preparation":24,"Omamori":31,"Medical Kit":37,"Boot":46,"Burning Blood":0,"WarpedTongs":5,"Mercury Hourglass":6,"Blood Vial":27,"Sundial":9,"Shuriken":37,"Fusion Hammer":17,"Bag of Marbles":53,"Membership Card":11,"Toy Ornithopter":40,"Paper Frog":8,"Runic Pyramid":34},{"NeowsBlessing":0,"Torii":27,"Oddly Smooth Stone":11,"Eternal Feather":13,"Bag of Preparation":12,"Omamori":16,"Medical Kit":19,"Boot":24,"Burning Blood":0,"WarpedTongs":3,"Mercury Hourglass":4,"Blood Vial":14,"Sundial":5,"Shuriken":19,"Fusion Hammer":9,"Bag of Marbles":26,"Membership Card":6,"Toy Ornithopter":22,"Paper Frog":5,"Runic Pyramid":17},{"NeowsBlessing":0,"Torii":108,"Oddly Smooth Stone":39,"Eternal Feather":51,"Bag of Preparation":45,"Omamori":62,"Medical Kit":73,"Boot":95,"Burning Blood":0,"WarpedTongs":3,"Mercury Hourglass":7,"Blood Vial":54,"Sundial":13,"Shuriken":73,"Fusion Hammer":32,"Bag of Marbles":104,"Membership Card":17,"Toy Ornithopter":87,"Paper Frog":13,"Runic Pyramid":68}],"Toy Ornithopter":10},"card_choices":[{"not_picked":["Combust","Clash"],"picked":"Pommel Strike","floor":1},{"not_picked":["Searing Blow","Dark Embrace"],"picked":"Shrug It Off","floor":2},{"not_picked":["Clothesline","Pommel Strike","Body Slam"],"picked":"SKIP","floor":4},{"not_picked":["Combust","True Grit"],"picked":"Whirlwind","floor":6},{"not_picked":["Twin Strike","Infernal Blade"],"picked":"Dropkick","floor":8},{"not_picked":["Bloodletting","Thunderclap"],"picked":"True Grit","floor":10},{"not_picked":["Flex","Offering","Rampage"],"picked":"SKIP","floor":12},{"not_picked":["Warcry","Metallicize","Spot Weakness"],"picked":"SKIP","floor":14},{"not_picked":["Double Tap","Immolate"],"picked":"Fiend Fire","floor":16},{"not_picked":["Havoc+1","Armaments","Flex"],"picked":"SKIP","floor":18},{"not_picked":["Twin Strike","Headbutt","Intimidate"],"picked":"SKIP","floor":19},{"not_picked":["Clothesline","Body Slam"],"picked":"True Grit+1","floor":24},{"not_picked":["Entrench","Ghostly Armor","Clothesline"],"picked":"SKIP","floor":25},{"not_picked":["Intimidate","Pommel Strike"],"picked":"Dropkick","floor":27},{"not_picked":["Infernal Blade","Sentinel","Reckless Charge"],"picked":"SKIP","floor":29},{"not_picked":["Body Slam","Flex","Wild Strike"],"picked":"SKIP","floor":30},{"not_picked":["Heavy Blade+1","Battle Trance","Flex"],"picked":"SKIP","floor":35},{"not_picked":["Flex","Rage+1","Anger+1"],"picked":"SKIP","floor":36},{"not_picked":["True Grit","Iron Wave+1","Shockwave+1"],"picked":"SKIP","floor":38},{"not_picked":["Twin Strike+1","Clash","Warcry"],"picked":"SKIP","floor":39},{"not_picked":["True Grit","Flex+1","Intimidate"],"picked":"SKIP","floor":40},{"not_picked":["Cleave+1","Sever Soul","Twin Strike+1"],"picked":"SKIP","floor":41},{"not_picked":["Shrug It Off+1","Impervious","Wild Strike+1"],"picked":"SKIP","floor":46},{"not_picked":["Havoc","Body Slam","Intimidate+1"],"picked":"SKIP","floor":47},{"not_picked":["Rampage+1","Wild Strike","Rupture+1"],"picked":"SKIP","floor":54}],"player_experience":24633,"relics_obtained":[{"floor":6,"key":"Mercury Hourglass"},{"floor":8,"key":"Paper Frog"},{"floor":9,"key":"Sundial"},{"floor":24,"key":"Bag of Preparation"},{"floor":26,"key":"Eternal Feather"},{"floor":27,"key":"Blood Vial"},{"floor":31,"key":"Omamori"},{"floor":40,"key":"Toy Ornithopter"},{"floor":46,"key":"Boot"},{"floor":54,"key":"Torii"}],"event_choices":[{"damage_healed":0,"gold_gain":0,"player_choice":"Grow","damage_taken":0,"max_hp_gain":0,"max_hp_loss":0,"event_name":"Living Wall","floor":3,"gold_loss":0,"cards_upgraded":["Bash"]},{"damage_healed":0,"gold_gain":0,"player_choice":"Rummage","damage_taken":0,"relics_obtained":["WarpedTongs"],"max_hp_gain":0,"max_hp_loss":0,"event_name":"Accursed Blacksmith","floor":5,"gold_loss":0,"cards_obtained":["Pain"]},{"damage_healed":0,"gold_gain":0,"player_choice":"Obtained Relic","damage_taken":0,"relics_obtained":["Oddly Smooth Stone"],"max_hp_gain":0,"max_hp_loss":0,"event_name":"Addict","floor":20,"gold_loss":85},{"cards_removed":["Strike_R"],"damage_healed":0,"gold_gain":0,"player_choice":"Purged","damage_taken":0,"max_hp_gain":0,"max_hp_loss":0,"event_name":"Purifier","floor":21,"gold_loss":0},{"damage_healed":0,"gold_gain":0,"player_choice":"Upgraded","damage_taken":0,"max_hp_gain":0,"max_hp_loss":0,"event_name":"Upgrade Shrine","floor":28,"gold_loss":0,"cards_upgraded":["True Grit"]},{"cards_removed":["Defend_R"],"damage_healed":0,"gold_gain":0,"player_choice":"Removed Skill","damage_taken":0,"max_hp_gain":0,"max_hp_loss":0,"event_name":"Falling","floor":48,"gold_loss":0}],"is_beta":false,"boss_relics":[{"not_picked":["Velvet Choker","Black Blood"],"picked":"Fusion Hammer"},{"not_picked":["Black Star","SlaversCollar"],"picked":"Runic Pyramid"}],"items_purged_floors":[11,22,37,45],"is_endless":false,"potions_floor_spawned":[1,10,14,16,19,24,25,46,47],"ascension_level":3}}