{"host":"v5cv2be8l9w346zm","time":1607729227,"event":{"mods":["AchievementEnabler","BaseMod","BetterRewards","Colored Map","Colored Powertips","Minty Spire (QoL Compilation)","Relic Stats"],"gold_per_floor":[113,288,307,321,321,321,0,0,52,70,80,90,123,143,143,241,241,254,254,254,6,26,26,44,78,149,165,165,40,55,74,74,170,170,186,39,0,11,29,29,62,62,88,122,122,137,137,149,149,149,149,149,67,94,94],"floor_reached":56,"playtime":2912,"items_purged":["Strike_G","Doubt","Strike_G"],"score":1782,"play_id":"1a81b2b4-2f26-4844-9112-981acf82e244","local_time":"20201211182707","is_ascension_mode":true,"campfire_choices":[{"data":"Riddle With Holes","floor":6,"key":"SMITH"},{"data":"Caltrops","floor":15,"key":"SMITH"},{"floor":23,"key":"RECALL"},{"data":"After Image","floor":28,"key":"SMITH"},{"data":"Malaise","floor":32,"key":"SMITH"},{"data":"Finisher","floor":40,"key":"SMITH"},{"data":"Calculated Gamble","floor":42,"key":"SMITH"},{"data":"Adrenaline","floor":45,"key":"SMITH"},{"data":"Neutralize","floor":49,"key":"SMITH"},{"data":"PiercingWail","floor":52,"key":"SMITH"}],"circlet_count":0,"master_deck":["Strike_G","Strike_G","Defend_G","Defend_G","Defend_G","Defend_G","Defend_G","Neutralize+1","Well Laid Plans","Riddle With Holes+1","PiercingWail+1","Flying Knee","Backstab","Caltrops+1","Blade Dance+1","Malaise+1","After Image+1","Terror+1","Finisher+1","Blade Dance+1","Adrenaline+1","Noxious Fumes+1","Backstab+1","Calculated Gamble+1","PiercingWail","Endless Agony+1","Catalyst"],"relics":["Ring of the Snake","OrangePellets","InkBottle","Thread and Needle","Bronze Scales","TwistedFunnel","Snake Skull","Blue Candle","Coffee Dripper","Nilry\u0027s Codex","Ninja Scroll","Boot","Bottled Lightning","Runic Pyramid","Bag of Preparation","Red Mask","Eternal Feather","Meat on the Bone","Pear"],"acts_visited":["Exordium","TheCity","TheBeyond","TheEnding"],"potions_floor_usage":[25,25,41,44,55,55],"damage_taken":[{"damage":0,"enemies":"Small Slimes","floor":1,"turns":3},{"damage":5,"enemies":"Jaw Worm","floor":3,"turns":6},{"damage":0,"enemies":"Cultist","floor":4,"turns":3},{"damage":0,"enemies":"Large Slime","floor":10,"turns":5},{"damage":0,"enemies":"Blue Slaver","floor":11,"turns":2},{"damage":0,"enemies":"Lots of Slimes","floor":12,"turns":2},{"damage":3,"enemies":"3 Sentries","floor":13,"turns":6},{"damage":0,"enemies":"Looter","floor":14,"turns":2},{"damage":0,"enemies":"Hexaghost","floor":16,"turns":10},{"damage":0,"enemies":"Shell Parasite","floor":18,"turns":5},{"damage":0,"enemies":"2 Thieves","floor":22,"turns":3},{"damage":0,"enemies":"Snecko","floor":24,"turns":4},{"damage":1,"enemies":"Book of Stabbing","floor":25,"turns":4},{"damage":0,"enemies":"Centurion and Healer","floor":27,"turns":4},{"damage":0,"enemies":"Sentry and Sphere","floor":30,"turns":4},{"damage":0,"enemies":"Shelled Parasite and Fungi","floor":31,"turns":2},{"damage":34,"enemies":"Automaton","floor":33,"turns":7},{"damage":0,"enemies":"3 Shapes","floor":35,"turns":3},{"damage":0,"enemies":"Orb Walker","floor":38,"turns":3},{"damage":0,"enemies":"3 Darklings","floor":39,"turns":3},{"damage":0,"enemies":"Reptomancer","floor":41,"turns":5},{"damage":0,"enemies":"Nemesis","floor":44,"turns":3},{"damage":1,"enemies":"4 Shapes","floor":46,"turns":4},{"damage":0,"enemies":"Writhing Mass","floor":48,"turns":3},{"damage":28,"enemies":"Awakened One","floor":50,"turns":11},{"damage":16,"enemies":"Shield and Spear","floor":54,"turns":6},{"damage":26,"enemies":"The Heart","floor":55,"turns":8}],"seed_played":"-9083183315009241345","potions_obtained":[{"floor":10,"key":"DistilledChaos"},{"floor":11,"key":"GamblersBrew"},{"floor":14,"key":"Explosive Potion"},{"floor":31,"key":"Energy Potion"},{"floor":35,"key":"LiquidMemories"},{"floor":38,"key":"Fire Potion"},{"floor":48,"key":"FearPotion"}],"is_trial":false,"path_per_floor":["M","?","M","M","?","R","$","?","T","M","M","M","E","M","R","B",null,"M","?","?","$","M","R","M","E","T","M","R","$","M","M","R","B",null,"M","$","?","M","M","R","E","R","T","E","R","M","?","M","R","B",null,"R","$","E","B",null],"character_chosen":"THE_SILENT","items_purchased":["OrangePellets","Well Laid Plans","InkBottle","Riddle With Holes","TwistedFunnel","Backstab","Ninja Scroll","Bag of Preparation","Catalyst"],"campfire_rested":0,"item_purchase_floors":[0,0,0,0,7,7,21,36,53],"current_hp_per_floor":[56,56,51,51,48,48,48,70,70,70,70,70,67,67,67,67,70,70,54,54,54,54,54,54,53,53,53,53,53,53,53,53,19,70,70,70,70,70,70,70,70,70,70,70,70,69,69,69,70,42,70,70,70,64,50],"gold":94,"neow_bonus":"","is_daily":false,"chose_seed":false,"campfire_upgraded":9,"win_rate":0.0,"timestamp":1607729227,"path_taken":["M","?","M","M","?","R","?","?","T","M","?","M","E","M","R","BOSS","M","?","?","$","M","R","M","E","T","?","R","?","M","M","R","BOSS","M","$","?","M","M","R","E","R","T","E","R","M","?","M","R","BOSS","R","$","E","BOSS"],"items_purchased_type":["Relic","Card","Relic","Card","Relic","Card","Relic","Relic","Card"],"build_version":"2020-11-30","purchased_purges":3,"victory":true,"max_hp_per_floor":[70,70,70,70,70,70,70,70,70,70,70,70,70,70,70,70,70,70,70,70,70,70,70,70,70,70,70,70,70,70,70,70,70,70,70,70,70,70,70,70,70,70,70,70,70,70,70,70,70,70,70,70,70,80,80],"relic_stats":{"OrangePellets":[6],"counters":[54,290],"Bronze Scales":[418],"Blue Candle":[0],"Eternal Feather":1,"Snake Skull":[427],"Bag of Preparation":[2],"Boot":[174],"obtain_stats":[{"TwistedFunnel":7,"Lantern":54,"Nilry\u0027s Codex":19,"Snake Skull":4,"Juzu Bracelet":40,"Bag of Preparation":54,"Whetstone":8,"Ancient Tea Set":37,"Boot":25,"Old Coin":48,"Sozu":17,"Tough Bandages":6,"Centennial Puzzle":9,"HornCleat":53,"DollysMirror":28,"Mummified Hand":28,"Ninja Scroll":21,"Pantograph":23,"Red Mask":37,"InkBottle":0,"Ring of the Snake":0,"Runic Pyramid":34,"Pear":54,"The Specimen":43,"Blue Candle":13,"Thread and Needle":0,"Eternal Feather":41,"Omamori":40,"Orichalcum":37,"Paper Crane":42,"Cauldron":53,"OrangePellets":0,"Bird Faced Urn":42,"Bronze Scales":5,"Black Star":34,"Coffee Dripper":17,"Membership Card":4,"Bottled Lightning":48,"Meat on the Bone":12},{"TwistedFunnel":30,"Lantern":26,"Nilry\u0027s Codex":37,"Snake Skull":2,"Juzu Bracelet":18,"Bag of Preparation":26,"Whetstone":3,"Ancient Tea Set":16,"Boot":40,"Old Coin":24,"Sozu":5,"Tough Bandages":3,"Centennial Puzzle":3,"HornCleat":25,"DollysMirror":10,"Mummified Hand":10,"Ninja Scroll":37,"Pantograph":9,"Red Mask":45,"InkBottle":27,"Ring of the Snake":0,"Runic Pyramid":44,"Pear":53,"The Specimen":20,"Blue Candle":34,"Thread and Needle":27,"Eternal Feather":48,"Omamori":18,"Orichalcum":16,"Paper Crane":20,"Cauldron":25,"OrangePellets":27,"Bird Faced Urn":20,"Bronze Scales":30,"Black Star":14,"Coffee Dripper":36,"Membership Card":2,"Bottled Lightning":24,"Meat on the Bone":4},{"TwistedFunnel":181,"Lantern":160,"Nilry\u0027s Codex":213,"Snake Skull":11,"Juzu Bracelet":101,"Bag of Preparation":160,"Whetstone":17,"Ancient Tea Set":87,"Boot":224,"Old Coin":140,"Sozu":26,"Tough Bandages":17,"Centennial Puzzle":17,"HornCleat":152,"DollysMirror":49,"Mummified Hand":49,"Ninja Scroll":213,"Pantograph":43,"Red Mask":244,"InkBottle":169,"Ring of the Snake":0,"Runic Pyramid":241,"Pear":282,"The Specimen":117,"Blue Candle":196,"Thread and Needle":169,"Eternal Feather":255,"Omamori":101,"Orichalcum":87,"Paper Crane":117,"Cauldron":152,"OrangePellets":169,"Bird Faced Urn":117,"Bronze Scales":181,"Black Star":76,"Coffee Dripper":208,"Membership Card":11,"Bottled Lightning":140,"Meat on the Bone":20}],"InkBottle":[82],"Ring of the Snake":[108],"Meat on the Bone":36},"card_choices":[{"not_picked":["Poisoned Stab","Acrobatics"],"picked":"PiercingWail","floor":1},{"not_picked":["Calculated Gamble","Skewer"],"picked":"Flying Knee","floor":3},{"not_picked":["Deadly Poison","Dagger Spray","Quick Slash"],"picked":"SKIP","floor":4},{"not_picked":["Flying Knee","Slice"],"picked":"Caltrops","floor":10},{"not_picked":["Dagger Throw","PiercingWail"],"picked":"Blade Dance","floor":11},{"not_picked":["Sucker Punch","Acrobatics","Predator"],"picked":"SKIP","floor":12},{"not_picked":["Endless Agony","Blade Dance"],"picked":"Malaise","floor":13},{"not_picked":["Sucker Punch","Bane","Riddle With Holes"],"picked":"SKIP","floor":14},{"not_picked":["Doppelganger","Storm of Steel"],"picked":"After Image","floor":16},{"not_picked":["Concentrate+1","Dash","Flying Knee+1"],"picked":"SKIP","floor":18},{"not_picked":["Cloak And Dagger","Bane+1"],"picked":"Terror+1","floor":22},{"not_picked":["Die Die Die","Dash"],"picked":"Finisher","floor":24},{"not_picked":["Quick Slash","Flechettes","Deflect"],"picked":"SKIP","floor":25},{"not_picked":["All Out Attack","Deflect"],"picked":"Blade Dance+1","floor":27},{"not_picked":["Flying Knee","Riddle With Holes","Sucker Punch"],"picked":"SKIP","floor":30},{"not_picked":["Flying Knee","Crippling Poison","Blade Dance"],"picked":"SKIP","floor":31},{"not_picked":["Malaise","Venomology"],"picked":"Adrenaline","floor":33},{"not_picked":["PiercingWail","Deadly Poison"],"picked":"Noxious Fumes+1","floor":35},{"not_picked":["PiercingWail+1","Endless Agony+1"],"picked":"Backstab+1","floor":38},{"not_picked":["Sucker Punch","Acrobatics","Deadly Poison+1"],"picked":"SKIP","floor":39},{"not_picked":["Blur+1","Bane+1"],"picked":"Calculated Gamble","floor":41},{"not_picked":["Cloak And Dagger","Quick Slash+1","All Out Attack"],"picked":"SKIP","floor":44},{"not_picked":["Deflect","Acrobatics"],"picked":"PiercingWail","floor":46},{"not_picked":["Accuracy","Eviscerate"],"picked":"Endless Agony+1","floor":48},{"not_picked":["Corpse Explosion","Outmaneuver","Eviscerate+1"],"picked":"SKIP","floor":54}],"player_experience":126576,"relics_obtained":[{"floor":9,"key":"Snake Skull"},{"floor":13,"key":"Blue Candle"},{"floor":19,"key":"Nilry\u0027s Codex"},{"floor":25,"key":"Boot"},{"floor":26,"key":"Bottled Lightning"},{"floor":41,"key":"Eternal Feather"},{"floor":44,"key":"Meat on the Bone"},{"floor":54,"key":"Pear"}],"event_choices":[{"damage_healed":0,"gold_gain":175,"player_choice":"AGREE","damage_taken":0,"max_hp_gain":0,"max_hp_loss":0,"event_name":"Liars Game","floor":2,"gold_loss":0,"cards_obtained":["Doubt"]},{"damage_healed":0,"gold_gain":0,"player_choice":"Success","damage_taken":3,"relics_obtained":["Bronze Scales"],"max_hp_gain":0,"max_hp_loss":0,"event_name":"Scrap Ooze","floor":5,"gold_loss":0},{"cards_removed":["Choke"],"damage_healed":22,"gold_gain":0,"player_choice":"Offered Uncommon","damage_taken":0,"max_hp_gain":0,"max_hp_loss":0,"event_name":"Bonfire Elementals","floor":8,"gold_loss":0},{"damage_healed":0,"gold_gain":0,"player_choice":"Obtained Book","damage_taken":16,"max_hp_gain":0,"max_hp_loss":0,"event_name":"Cursed Tome","floor":19,"gold_loss":0},{"cards_removed":["Strike_G"],"damage_healed":0,"gold_gain":0,"player_choice":"Purged","damage_taken":0,"max_hp_gain":0,"max_hp_loss":0,"event_name":"Purifier","floor":20,"gold_loss":0},{"damage_healed":0,"gold_gain":0,"player_choice":"Paid","damage_taken":0,"relics_obtained":["Red Mask"],"max_hp_gain":0,"max_hp_loss":0,"event_name":"Tomb of Lord Red Mask","floor":37,"gold_loss":39},{"damage_healed":0,"gold_gain":0,"player_choice":"Upgraded","damage_taken":0,"max_hp_gain":0,"max_hp_loss":0,"event_name":"Upgrade Shrine","floor":47,"gold_loss":0,"cards_upgraded":["Blade Dance"]}],"is_beta":false,"boss_relics":[{"not_picked":["Pandora\u0027s Box","Astrolabe"],"picked":"Coffee Dripper"},{"not_picked":["Cursed Key","Calling Bell"],"picked":"Runic Pyramid"}],"items_purged_floors":[0,7,29],"is_endless":false,"potions_floor_spawned":[10,11,14,16,22,24,31,35,38,48],"ascension_level":4}}