{"host":"27hat5v0dffgaxzm","time":1607698849,"event":{"mods":["BaseMod","Colored Map","Colored Powertips","Highlight Path","Minty Spire (QoL Compilation)","Permanent Neow","Quick Restart"],"gold_per_floor":[118,118,138,155,171,204,216,248,248,259,259,284,284,209,209,308,308,327,327,327],"floor_reached":19,"playtime":749,"items_purged":[],"score":362,"play_id":"3d99eb04-df0f-4e6c-999f-2d1983c91bed","local_time":"20201212000049","is_ascension_mode":true,"campfire_choices":[{"data":"Burst","floor":13.0,"key":"SMITH"},{"data":"1","floor":15.0,"key":"LIFT"}],"circlet_count":0,"master_deck":["AscendersBane","Strike_G","Strike_G","Strike_G","Strike_G","Strike_G","Defend_G","Defend_G","Defend_G","Defend_G","Defend_G","Survivor","Neutralize","Accuracy","Infinite Blades","Blade Dance","Backstab","Prepared","Infinite Blades","After Image","Cloak And Dagger","Burst+1","Venomology","Accuracy"],"relics":["Black Star","Toy Ornithopter","PreservedInsect","Du-Vu Doll","Girya","Boot","StoneCalendar","Golden Idol","Sozu"],"acts_visited":["Exordium","TheCity"],"potions_floor_usage":[19],"damage_taken":[{"damage":0.0,"enemies":"2 Louse","floor":1.0,"turns":3.0},{"damage":2.0,"enemies":"Jaw Worm","floor":3.0,"turns":7.0},{"damage":4.0,"enemies":"Small Slimes","floor":4.0,"turns":4.0},{"damage":9.0,"enemies":"Blue Slaver","floor":5.0,"turns":4.0},{"damage":4.0,"enemies":"3 Sentries","floor":6.0,"turns":7.0},{"damage":6.0,"enemies":"Looter","floor":7.0,"turns":2.0},{"damage":10.0,"enemies":"Lagavulin","floor":8.0,"turns":4.0},{"damage":8.0,"enemies":"3 Louse","floor":10.0,"turns":4.0},{"damage":3.0,"enemies":"Gremlin Gang","floor":12.0,"turns":4.0},{"damage":13.0,"enemies":"The Guardian","floor":16.0,"turns":9.0},{"damage":31,"enemies":"3 Byrds","floor":18,"turns":6},{"damage":44,"enemies":"Masked Bandits","floor":19,"turns":3}],"seed_played":"2183082839967683915","potions_obtained":[{"floor":1.0,"key":"Regen Potion"},{"floor":3.0,"key":"Fire Potion"},{"floor":10.0,"key":"EssenceOfSteel"}],"is_trial":false,"path_per_floor":["M","?","M","M","M","E","M","E","T","M","?","M","R","?","R","B",null,"M","?"],"character_chosen":"THE_SILENT","items_purchased":[],"campfire_rested":0,"item_purchase_floors":[],"current_hp_per_floor":[59,48,46,42,33,54,48,38,38,30,30,27,27,27,27,14,53,22,0,0],"gold":327,"neow_bonus":"BOSS_RELIC","is_daily":false,"chose_seed":false,"campfire_upgraded":1,"win_rate":0.0,"timestamp":1607698849,"path_taken":["M","?","M","M","M","E","M","E","T","M","?","M","R","?","R","BOSS","M","?"],"items_purchased_type":[],"build_version":"2020-11-30","purchased_purges":0,"victory":false,"max_hp_per_floor":[66,66,66,66,66,66,66,66,66,66,66,66,66,66,66,66,66,66,66,66],"card_choices":[{"not_picked":["Riddle With Holes","Cloak And Dagger"],"picked":"Accuracy","floor":1.0},{"not_picked":["Riddle With Holes","Deadly Poison"],"picked":"Infinite Blades","floor":3.0},{"not_picked":["Dagger Spray","Backflip"],"picked":"Blade Dance","floor":4.0},{"not_picked":["Outmaneuver","Dodge and Roll"],"picked":"Backstab","floor":5.0},{"not_picked":["Acrobatics","Slice"],"picked":"Prepared","floor":6.0},{"not_picked":["Underhanded Strike","Poisoned Stab"],"picked":"Infinite Blades","floor":7.0},{"not_picked":["Outmaneuver","Blade Dance"],"picked":"After Image","floor":8.0},{"not_picked":["Acrobatics","Crippling Poison"],"picked":"Cloak And Dagger","floor":10.0},{"not_picked":["Endless Agony","Deflect"],"picked":"Burst","floor":12.0},{"not_picked":["Storm of Steel","Doppelganger"],"picked":"Venomology","floor":16.0},{"not_picked":["Deflect+1","Dagger Spray"],"picked":"Accuracy","floor":18}],"player_experience":300181,"relics_obtained":[{"floor":6.0,"key":"PreservedInsect"},{"floor":6.0,"key":"Du-Vu Doll"},{"floor":8.0,"key":"Girya"},{"floor":8.0,"key":"Boot"},{"floor":9.0,"key":"StoneCalendar"}],"event_choices":[{"damage_healed":0.0,"max_hp_gain":0.0,"max_hp_loss":0.0,"gold_gain":0.0,"event_name":"Scrap Ooze","player_choice":"Success","floor":2.0,"gold_loss":0.0,"damage_taken":11.0,"relics_obtained":["Toy Ornithopter"]},{"damage_healed":0.0,"max_hp_gain":0.0,"max_hp_loss":0.0,"gold_gain":0.0,"event_name":"Golden Idol","player_choice":"Take Wound","floor":11.0,"gold_loss":0.0,"damage_taken":0.0,"relics_obtained":["Golden Idol"],"cards_obtained":["Injury"]},{"cards_removed":["Injury"],"damage_healed":0.0,"max_hp_gain":0.0,"max_hp_loss":0.0,"gold_gain":0.0,"event_name":"The Cleric","player_choice":"Card Removal","floor":14.0,"gold_loss":75.0,"damage_taken":0.0},{"damage_healed":0,"gold_gain":0,"player_choice":"Fought Bandits","damage_taken":0,"max_hp_gain":0,"max_hp_loss":0,"event_name":"Masked Bandits","floor":19,"gold_loss":0}],"is_beta":false,"boss_relics":[{"not_picked":["Snecko Eye","Velvet Choker"],"picked":"Sozu"}],"items_purged_floors":[],"is_endless":false,"potions_floor_spawned":[1,3,5,10],"killed_by":"Masked Bandits","ascension_level":20}}