{"host":"ye7dkdlypz0ka1od","time":1607726416,"event":{"mods":["Act Like it!","Aspiration","BaseMod","Gensokyo","Hallownest","Hermit","Hubris","Infinite Spire","Minty Spire (QoL Compilation)","Replay The Spire","StSLib","The Blackbeard","The Bug Knight","The Forsaken","The Spell Scribe"],"gold_per_floor":[367,367,227,246,265,265,265,265,343,343,362,378,158,173,173,269,269,257,257,257,8,23,23,34,64,141,160,160,160,171,185,185,284,284,301,318,418,448,498,498,528,542,542,542,542,557,557,576,576,678,678,680,565,568,572,502,502,222,222,295,298,303,314,314,315,315,391,391,383,338,338,338,5,17,17,14,41,45,54,54,58,56,56,139,139,142,139,0,0,10,10,25,16,40,40,40,40,44,53,53,106,106,113,113,119,119,121,121,123,142,142,142,152,162,162,42,42,102,102,107,107,107,107,113,113,116,116,116,116,116,103,103,107,107,174,174,169,31,31,68,68,91,91,91,142,142,140,110,110,0,0,95,95,95,95,103,145],"floor_reached":158,"playtime":8424,"items_purged":["theForsaken:TheForsaken_Defend","Decay","theForsaken:TheForsaken_Strike","theForsaken:TheForsaken_Strike","theForsaken:TheForsaken_Strike","theForsaken:TheForsaken_Strike","theForsaken:TheForsaken_Defend"],"score":4274,"play_id":"c5b69341-91af-472c-98a6-1f7f8a2a6385","local_time":"20201211174016","is_ascension_mode":false,"campfire_choices":[{"data":"theForsaken:Smite","floor":6.0,"key":"SMITH"},{"data":"theForsaken:DefensiveStance","floor":8.0,"key":"SMITH"},{"data":"theForsaken:Penitence","floor":10.0,"key":"SMITH"},{"floor":15.0,"key":"REST"},{"data":"theForsaken:SacredOath","floor":23.0,"key":"SMITH"},{"data":"theForsaken:HymnOfRest","floor":29.0,"key":"SMITH"},{"data":"theForsaken:MagicWeapon","floor":32.0,"key":"SMITH"},{"data":"theForsaken:Mantra","floor":40,"key":"SMITH"},{"data":"theForsaken:ShieldBash","floor":45,"key":"SMITH"},{"data":"theForsaken:ShieldBash","floor":47,"key":"SMITH"},{"data":"infinitespire:Collect","floor":49,"key":"SMITH"},{"data":"theScribe:FalseLife","floor":57,"key":"SMITH"},{"data":"infinitespire:Punishment","floor":64,"key":"SMITH"},{"data":"theForsaken:ShieldBash","floor":66,"key":"SMITH"},{"data":"ReplayUltimateDefense","floor":75,"key":"SMITH"},{"data":"theScribe:Escalation","floor":80,"key":"SMITH"},{"data":"theForsaken:Preservation","floor":83,"key":"SMITH"},{"data":"theForsaken:BottledPlague","floor":91,"key":"SMITH"},{"data":"theForsaken:DefensiveStance","floor":96,"key":"SMITH"},{"data":"theScribe:Conflagrate","floor":100,"key":"SMITH"},{"data":"theForsaken:BlessedWeapon","floor":108,"key":"SMITH"},{"data":"theForsaken:Purification","floor":112,"key":"SMITH"},{"floor":117,"key":"DIG"},{"data":"Pot Of Greed","floor":125,"key":"SMITH"},{"data":"Pot Of Greed","floor":129,"key":"SMITH"},{"data":"Pot Of Greed","floor":132,"key":"SMITH"},{"data":"Pot Of Greed","floor":134,"key":"SMITH"},{"data":"infinitespire:Neurotoxin","floor":143,"key":"SMITH"},{"data":"Secret Technique","floor":146,"key":"SMITH"},{"data":"theForsaken:Prudence","floor":149,"key":"SMITH"},{"data":"theForsaken:DarkBarrier","floor":151,"key":"SMITH"},{"data":"Pot Of Greed","floor":154,"key":"SMITH"}],"circlet_count":0,"master_deck":["theForsaken:Penitence+1","theForsaken:DefensiveStance+1","theForsaken:Enfeeble","theForsaken:DefensiveStance+1","theForsaken:Preservation+1","theForsaken:SacredOath+1","theForsaken:QuickAttack","theForsaken:FountainOfLife","theForsaken:HymnOfRest+1","theForsaken:AncientWords","theForsaken:BlessedWeapon+1","theForsaken:ShieldBash+1","theForsaken:FuryStrikes+1","theForsaken:DarkRift","theForsaken:Smite","theForsaken:BottledPlague+1","theForsaken:Thunderbolt","theForsaken:MagicWeapon+1","theForsaken:Mantra+1","CurseOfTheBell","theForsaken:RainingSunlight+1","infinitespire:Collect+1","theForsaken:ShieldBash+1","theForsaken:ShieldCharge+1","theForsaken:DefensiveStance+1","theForsaken:WordsOfMight+1","theForsaken:Confusion","theScribe:FalseLife+1","infinitespire:Punishment+1","theForsaken:ShieldBash+1","theScribe:LightningBolt","infinitespire:Fortify","theScribe:ScrollOfChaining+1","theForsaken:DefensiveStance","ReplayUltimateDefense+1","theScribe:Escalation+1","theScribe:MagicMissiles+1","theScribe:Conflagrate+1","theScribe:Thunder+1","theForsaken:Purification+1","Pot Of Greed+1","Pot Of Greed+1","Pot Of Greed+1","theScribe:RecurringRime","Pot Of Greed+1","hubris:Fate","Reinforced Body","theScribe:Insight+1","Secret Technique+1","theForsaken:DarkBarrier+1","ReplayTheSpireMod:Tripwire","infinitespire:Neurotoxin+1","Backstab","theForsaken:Prudence+1","theScribe:FocusedBolt","theForsaken:DarkBarrier+1","theScribe:CatalyticCatastrophe+1","theScribe:Incendio+1","Pot Of Greed+1"],"relics":["theForsaken:JudgementScales","Pear","FossilizedHelix","Gensokyo:YoukaiFlower","aspiration:StickyExplosives_weak","hubris:Backtick","Ice Cream","Pear","Kunai","Calling Bell","aspiration:ChemicalBlood","hubris:Metronome","hubris:CuriousFeather","infinitespire:Golems Mask","hubris:64BitClover","Incense Burner","Replay:WaspNest","PreservedInsect","aspiration:ScribeSkillbook","Odd Mushroom","ReplayTheSpireMod:Lightbulb","Happy Flower","Hallownest:DreamNailRelic","Replay:Bottled Snecko","Orichalcum","aspiration:SecretTechniqueScroll","Replay:Rubber Ducky","Hallownest:WatcherSealRelic","Omamori","Shuriken","Akabeko","Bronze Scales","Hallownest:StagBellStandRelic","TungstenRod","infinitespire:Beetle Shell","Snack Pack","Bag of Marbles","Replay:Mystery Machine","ReplayTheSpireMod:Shallot","hubris:SphereOfDissonance","The Courier","Grinning Jar","infinitespire:WardingShard","Replay:Bronze Core","hubris:Icosahedron","aspiration:HummingbirdHeart","Tiny Chest","aspiration:PoetsPen_weak","theForsaken:PlagueMask","Bird Faced Urn","Singing Bowl","Bottled Tornado","Replay:Rubber Ducky","Red Mask","Astrolabe","Toy Ornithopter"],"acts_visited":["Exordium","TheCity","TheBeyond","TheBeyond","Hallownest:Greenpath","Hallownest:CityofTears","Hallownest:KingdomsEdge","Gensokyo:Gensokyo","TheBeyond","TheEnding"],"potions_floor_usage":[39,41,41,41,46,46,48,50,50,50,67,67,74,74,113,113,113,118,118,135,135,152,152,152,157,157],"damage_taken":[{"damage":4.0,"enemies":"Gensokyo:Gryphon","floor":1.0,"turns":5.0},{"damage":0.0,"enemies":"Gensokyo:3_Fairies","floor":4.0,"turns":5.0},{"damage":0.0,"enemies":"Gensokyo:Python","floor":5.0,"turns":5.0},{"damage":7.0,"enemies":"Gensokyo:5_Fairies","floor":11.0,"turns":8.0},{"damage":0.0,"enemies":"Gensokyo:2_Rabbits","floor":12.0,"turns":6.0},{"damage":0.0,"enemies":"Gensokyo:Python_and_Kodama","floor":14.0,"turns":5.0},{"damage":42.0,"enemies":"Gensokyo:Reimu","floor":16.0,"turns":15.0},{"damage":0.0,"enemies":"2 Thieves","floor":18.0,"turns":4.0},{"damage":17.0,"enemies":"Sentry and Sphere","floor":22.0,"turns":10.0},{"damage":0.0,"enemies":"Snecko","floor":24.0,"turns":8.0},{"damage":24.0,"enemies":"Nightmare","floor":25.0,"turns":11.0},{"damage":0.0,"enemies":"Snake Plant","floor":27.0,"turns":9.0},{"damage":19.0,"enemies":"Centurion and Healer","floor":30.0,"turns":8.0},{"damage":59.0,"enemies":"Shelled Parasite and Fungi","floor":31.0,"turns":10.0},{"damage":12.0,"enemies":"Champ","floor":33.0,"turns":10.0},{"damage":61.0,"enemies":"3 Darklings","floor":35.0,"turns":6.0},{"damage":15.0,"enemies":"Orb Walker","floor":36.0,"turns":3.0},{"damage":52.0,"enemies":"infinitespire:Three Voidlings","floor":37.0,"turns":4.0},{"damage":48.0,"enemies":"Nightmare_Alpha","floor":37.0,"turns":11.0},{"damage":39,"enemies":"Mind Bloom Boss Battle","floor":39,"turns":7},{"damage":58,"enemies":"Reptomancer","floor":41,"turns":10},{"damage":31,"enemies":"3 Darklings","floor":42,"turns":4},{"damage":13,"enemies":"Writhing Mass","floor":46,"turns":5},{"damage":0,"enemies":"Transient","floor":48,"turns":5},{"damage":50,"enemies":"hubris:GrandSnecko","floor":50,"turns":10},{"damage":0,"enemies":"Hallownest:monsterHuskWarrior","floor":52,"turns":1},{"damage":0,"enemies":"2_ Uuma","floor":54,"turns":1},{"damage":0,"enemies":"Hallownest:monsterHuskGuard","floor":55,"turns":2},{"damage":0,"enemies":"Hallownest:monsterFoolEater","floor":61,"turns":1},{"damage":0,"enemies":"Nightmare","floor":62,"turns":4},{"damage":0,"enemies":"Hallownest:monsterMossCharger","floor":63,"turns":1},{"damage":0,"enemies":"Hallownest:1_Ooma_and_2_Uuma","floor":65,"turns":2},{"damage":0,"enemies":"Hallownest:BossHornet","floor":67,"turns":2},{"damage":0,"enemies":"Hallownest:Guard_and_Sentry","floor":69,"turns":3},{"damage":0,"enemies":"Hallownest:3_Youths","floor":74,"turns":2},{"damage":0,"enemies":"Hallownest:Master_and_Novice","floor":76,"turns":2},{"damage":0,"enemies":"Hallownest:3_Mistakes","floor":78,"turns":1},{"damage":0,"enemies":"Hallownest:eliteSoulWarrior","floor":79,"turns":2},{"damage":0,"enemies":"Hallownest:2_Husk_Sentries","floor":81,"turns":2},{"damage":0,"enemies":"Hallownest:Warrior_and_Youth","floor":82,"turns":2},{"damage":0,"enemies":"Hallownest:BossSoulMaster","floor":84,"turns":2},{"damage":0,"enemies":"Hallownest:2_Littles","floor":86,"turns":1},{"damage":0,"enemies":"Hallownest:Shield_Heavy","floor":87,"turns":2},{"damage":20,"enemies":"Hallownest:2_Wandering_and_1_Horned","floor":90,"turns":3},{"damage":0,"enemies":"Hallownest:eliteHiveKnight","floor":92,"turns":2},{"damage":0,"enemies":"Hallownest:Slobbering_and_Violent","floor":93,"turns":3},{"damage":0,"enemies":"Hallownest:monsterPrimalAspid","floor":98,"turns":1},{"damage":0,"enemies":"Hallownest:StalkingDevout","floor":99,"turns":4},{"damage":0,"enemies":"Hallownest:Radiance","floor":101,"turns":4},{"damage":0,"enemies":"Gensokyo:Gryphon","floor":103,"turns":1},{"damage":0,"enemies":"Gensokyo:2_Kodama","floor":105,"turns":1},{"damage":0,"enemies":"Gensokyo:3_Fairies","floor":107,"turns":2},{"damage":0,"enemies":"Gensokyo:VengefulSpirit","floor":109,"turns":1},{"damage":0,"enemies":"Gensokyo:Mamizou","floor":110,"turns":1},{"damage":69,"enemies":"Nightmare_Alpha","floor":113,"turns":4},{"damage":0,"enemies":"Gensokyo:2_Rabbits","floor":114,"turns":2},{"damage":0,"enemies":"Gensokyo:Yukari","floor":118,"turns":5},{"damage":0,"enemies":"Gensokyo:2_Gloops","floor":120,"turns":2},{"damage":0,"enemies":"Gensokyo:Chomper","floor":124,"turns":1},{"damage":0,"enemies":"Gensokyo:3_Gloops","floor":126,"turns":2},{"damage":0,"enemies":"Gensokyo:Slime_Group","floor":131,"turns":2},{"damage":0,"enemies":"Gensokyo:Monolith_and_Dog","floor":133,"turns":1},{"damage":0,"enemies":"Gensokyo:Eternal_Rivals","floor":135,"turns":3},{"damage":0,"enemies":"Orb Walker","floor":137,"turns":2},{"damage":0,"enemies":"2 Orb Walkers","floor":140,"turns":1},{"damage":0,"enemies":"Nemesis","floor":142,"turns":1},{"damage":0,"enemies":"3 Shapes","floor":147,"turns":1},{"damage":0,"enemies":"Transient","floor":148,"turns":3},{"damage":0,"enemies":"infinitespire:LordOfFortification","floor":152,"turns":4},{"damage":0,"enemies":"Shield and Spear","floor":156,"turns":2},{"damage":0,"enemies":"The Heart","floor":157,"turns":5}],"seed_played":"7160998408976449715","potions_obtained":[{"floor":4.0,"key":"FearPotion"},{"floor":5.0,"key":"SkillPotion"},{"floor":11.0,"key":"Elixir"},{"floor":16.0,"key":"BlessingOfTheForge"},{"floor":22.0,"key":"Block Potion"},{"floor":33.0,"key":"SpeedPotion"},{"floor":35.0,"key":"Fruit Juice"},{"floor":35.0,"key":"LiquidMemories"},{"floor":37.0,"key":"DuplicationPotion"},{"floor":41,"key":"Reflective Coating"},{"floor":48,"key":"Regen Potion"},{"floor":50,"key":"Strength Potion"},{"floor":67,"key":"Fire Potion"},{"floor":76,"key":"Venom Potion"},{"floor":113,"key":"SkillPotion"},{"floor":113,"key":"AttackPotion"},{"floor":120,"key":"SteroidPotion"},{"floor":124,"key":"Ancient Potion"},{"floor":137,"key":"Weak Potion"},{"floor":140,"key":"Elixir"},{"floor":156,"key":"Fire Potion"}],"is_trial":false,"path_per_floor":["M","?","?","M","M","R","?","R","T","R","M","M","$","M","R","B",null,"M","?","?","$","M","R","M","NM","T","M","?","R","M","M","R","B",null,"M","M","?","?","?","R","E","M","T","AVR","R","M","R","M","R","B",null,"M","?","M","M","?","R","$","?","T","M","NM","M","R","M","R","B",null,"M","?","?","?","$","M","R","M","T","M","E","R","M","M","R","B",null,"M","M","?","?","M","R","E","M","T","AVR","R","?","M","E","R","B",null,"M","?","M","?","M","R","M","E","T","R","NM","M","AVR","$","R","B",null,"M","?","?","?","M","R","M","?","T","R","$","M","R","M","R","B",null,"M","$","?","?","?","E","R","T","T","R","M","M","R","?","R","B",null,"R","$","E","B",null],"character_chosen":"THE_FORSAKEN","items_purchased":["theForsaken:SacredOath","theForsaken:AncientWords","theForsaken:BlessedWeapon","Happy Flower","Omamori","ReplayUltimateDefense","Secret Technique"],"campfire_rested":1,"item_purchase_floors":[13,21,21,58,73,73,138],"current_hp_per_floor":[58,53,53,53,56,56,56,56,56,56,49,49,49,49,69,27,69,69,69,69,69,54,54,56,44,44,83,83,83,88,79,79,90,90,95,80,66,43,63,63,99,101,101,101,101,88,88,94,94,74,101,101,101,101,101,101,101,101,101,101,101,103,103,103,103,103,103,103,105,105,105,105,105,105,105,105,105,105,107,107,107,107,107,109,109,109,109,109,109,89,89,109,109,109,109,109,109,109,109,109,109,109,109,109,109,89,93,93,95,99,99,99,36,40,40,40,40,52,117,119,90,90,90,90,90,94,94,94,94,94,125,125,125,125,125,125,125,125,125,125,125,129,129,129,129,129,133,135,135,135,135,137,137,137,137,139,141],"gold":145,"neow_bonus":"TWO_FIFTY_GOLD","is_daily":false,"chose_seed":false,"campfire_upgraded":30,"win_rate":0.0,"timestamp":1607726416,"path_taken":["M","?","?","?","M","R","?","R","T","R","M","M","$","M","R","BOSS","M","?","?","$","M","R","?","NM","T","M","?","R","?","M","R","BOSS","M","M","?","?","?","R","E","M","T","AVR","R","M","R","M","R","BOSS","M","?","M","M","?","R","$","?","T","M","NM","?","R","M","R","BOSS","M","?","?","?","$","?","R","M","T","M","E","R","M","M","R","BOSS","M","M","?","?","?","R","E","M","T","AVR","R","?","M","E","R","BOSS","M","?","?","?","M","R","M","E","T","R","NM","?","AVR","?","R","BOSS","M","?","?","?","?","R","?","?","T","R","?","M","R","M","R","BOSS","M","$","?","?","?","E","R","?","T","R","M","?","R","?","R","BOSS","R","$","E","BOSS"],"items_purchased_type":["Card","Card","Card","Relic","Relic","Card","Card"],"build_version":"2020-11-30","purchased_purges":7,"victory":true,"max_hp_per_floor":[59,69,69,69,69,69,69,69,69,69,69,69,69,69,69,69,69,69,69,69,69,71,71,73,85,85,88,88,88,88,90,90,90,90,95,95,95,95,97,97,99,101,101,101,101,101,101,101,101,101,101,101,101,101,101,101,101,101,101,101,101,103,103,103,103,103,103,103,105,105,105,105,105,105,105,105,105,105,107,107,107,107,107,109,109,109,109,109,109,109,109,109,109,109,109,109,109,109,109,109,109,109,109,109,109,109,109,109,109,111,111,111,115,115,115,115,115,117,117,119,119,119,119,119,119,119,119,119,119,119,125,125,125,125,125,125,125,125,125,125,125,129,129,129,129,129,133,135,135,135,135,137,137,137,137,139,141],"card_choices":[{"not_picked":["theForsaken:BlightOfFamine","theForsaken:MagicWeapon"],"picked":"theForsaken:DefensiveStance","floor":1.0},{"not_picked":["theForsaken:NobleSacrifice","theForsaken:DarkBargain"],"picked":"theForsaken:Devotion","floor":4.0},{"not_picked":["theForsaken:QuickAttack","theForsaken:HorrifyingStrike"],"picked":"theForsaken:Enfeeble","floor":5.0},{"not_picked":["theForsaken:HorrifyingStrike","theForsaken:BattleHymn"],"picked":"theForsaken:DefensiveStance","floor":11.0},{"not_picked":["theForsaken:FatRoll","theForsaken:StoreUp"],"picked":"theForsaken:Preservation","floor":12.0},{"not_picked":["theForsaken:ChargeAttack","theForsaken:StoreUp"],"picked":"theForsaken:QuickAttack","floor":14.0},{"not_picked":["theForsaken:TearsOfSunlight","theForsaken:Mantra"],"picked":"theForsaken:FountainOfLife","floor":16.0},{"not_picked":["theForsaken:Parry","theForsaken:HealingLight"],"picked":"theForsaken:HymnOfRest","floor":18.0},{"not_picked":["theForsaken:CleansingLight+1","theForsaken:BlightOfFamine"],"picked":"theForsaken:ShieldBash","floor":22.0},{"not_picked":["theForsaken:InspiringBlow","theForsaken:BlindFaith"],"picked":"theForsaken:FuryStrikes+1","floor":24.0},{"not_picked":["theForsaken:CorruptedWord","theForsaken:QuickAttack"],"picked":"theForsaken:DarkRift","floor":25.0},{"not_picked":["theForsaken:Backlash","theForsaken:NobleSacrifice","theForsaken:ChargeAttack"],"picked":"SKIP","floor":27.0},{"not_picked":["theForsaken:StoreUp","theForsaken:Thunderbolt","theForsaken:PanicDive"],"picked":"SKIP","floor":30.0},{"not_picked":["theForsaken:Eulogy+1","theForsaken:Devotion"],"picked":"theForsaken:MagicWeapon","floor":31.0},{"not_picked":["theForsaken:Retribution","theForsaken:Horror"],"picked":"theForsaken:Mantra","floor":33.0},{"not_picked":["theForsaken:ChargeAttack","theForsaken:Backlash","theForsaken:HorrifyingStrike+1"],"picked":"SKIP","floor":35.0},{"not_picked":["theForsaken:PowerUp","theForsaken:Enfeeble"],"picked":"theForsaken:RainingSunlight+1","floor":36.0},{"not_picked":["Replay:Fractal Strike","ReplayTheSpireMod:Chaos Vortex"],"picked":"infinitespire:Collect","floor":37},{"not_picked":["theForsaken:Thunderbolt+1","theForsaken:PanicDive+1"],"picked":"theForsaken:ShieldCharge+1","floor":38},{"not_picked":["theForsaken:Thunderbolt","theForsaken:Temperance"],"picked":"theForsaken:DefensiveStance+1","floor":39},{"not_picked":["theForsaken:Thunderbolt","theForsaken:BlindFaith+1","theForsaken:FuryStrikes+1"],"picked":"SKIP","floor":41},{"not_picked":["theForsaken:WardingHymn+1","theForsaken:Thunderbolt+1"],"picked":"theForsaken:Bolster+1","floor":42},{"not_picked":["theForsaken:ChargeAttack+1","theForsaken:Eulogy"],"picked":"theForsaken:WordsOfMight+1","floor":46},{"not_picked":["theForsaken:RainingSunlight","theForsaken:HorrifyingStrike+1","theForsaken:SiphonStrike"],"picked":"SKIP","floor":48},{"not_picked":["theForsaken:Horror","theForsaken:Mantra"],"picked":"theForsaken:Confusion","floor":50},{"not_picked":["theForsaken:LightRoll","theForsaken:HorrifyingStrike","theScribe:ToxicSpellstone","theScribe:MagicMissiles"],"picked":"SKIP","floor":52},{"not_picked":["theScribe:RecklessResponse","theForsaken:Tranquility","theForsaken:Thunderbolt"],"picked":"theScribe:FalseLife","floor":54},{"not_picked":["theScribe:Clarity","theForsaken:Terrorize","theScribe:GlaciesSpellstone","theScribe:Overcharge"],"picked":"SKIP","floor":55},{"not_picked":["theScribe:Meditate","theForsaken:WordsOfMight","theForsaken:FuryStrikes","theForsaken:NobleSacrifice"],"picked":"SKIP","floor":61},{"not_picked":["infinitespire:Collect","hubris:Rewind"],"picked":"infinitespire:Punishment","floor":62},{"not_picked":["theScribe:ToxicSpellstone","theForsaken:RainingSunlight","theForsaken:HymnOfPatience","theForsaken:ChargeAttack"],"picked":"SKIP","floor":62},{"not_picked":["theScribe:FlowLikeWater","theForsaken:ScorchingSunlight","theForsaken:Eulogy"],"picked":"theForsaken:ShieldBash","floor":63},{"not_picked":["theForsaken:PanicDive","theScribe:SanguineSurge","theForsaken:BlindFaith"],"picked":"theScribe:LightningBolt","floor":65},{"not_picked":["infinitespire:Menacing","infinitespire:Execution"],"picked":"infinitespire:Fortify","floor":67},{"not_picked":["theForsaken:SpreadingPlague","theForsaken:Mantra","theForsaken:DivineGuidance"],"picked":"theScribe:ScrollOfChaining","floor":67},{"not_picked":["theScribe:GatherComponents","theScribe:WeirdToxin+1","theScribe:BluntWeapons"],"picked":"theForsaken:DefensiveStance","floor":69},{"not_picked":["theForsaken:RainingSunlight+1","theForsaken:Thunderbolt+1","theScribe:Overcharge"],"picked":"theForsaken:SpinAttack+1","floor":74},{"not_picked":["theForsaken:FuryStrikes","theForsaken:PanicDive","theForsaken:ShieldCharge+1","theScribe:FrostvenomToxin"],"picked":"SKIP","floor":76},{"not_picked":["theScribe:ThrownScroll","theForsaken:NobleSacrifice","theScribe:WeirdBlast","theScribe:GlacialGuard"],"picked":"SKIP","floor":78},{"not_picked":["theForsaken:PanicDive","theScribe:IcicleBlast","theScribe:InvigoratingStrike+1"],"picked":"theScribe:Escalation","floor":79},{"not_picked":["theScribe:LiquidumScroll","theForsaken:BindingThorns","theScribe:RecklessResponse+1","theScribe:FrostvenomToxin"],"picked":"SKIP","floor":81},{"not_picked":["theScribe:ThrownScroll","theForsaken:Thunderbolt","theScribe:ArcaneBarrier","theScribe:FocusingBlow"],"picked":"SKIP","floor":82},{"not_picked":["theForsaken:Preservation","theForsaken:Bolster","theScribe:QuickStudy+1"],"picked":"theScribe:MagicMissiles+1","floor":86},{"not_picked":["theForsaken:ChargeAttack+1","theScribe:ToxicSpellstone+1","theForsaken:CreepingInfection+1","theForsaken:PowerUp+1"],"picked":"SKIP","floor":87},{"not_picked":["theScribe:ScrollOfShadows+1","theScribe:FlowLikeWater+1","theScribe:CripplingCharge+1","theForsaken:CleansingLight+1"],"picked":"SKIP","floor":90},{"not_picked":["theForsaken:HymnOfPatience+1","theForsaken:Preservation","theScribe:RecklessResponse+1","theScribe:BarrierOfLight"],"picked":"SKIP","floor":92},{"not_picked":["theForsaken:RainingSunlight","theScribe:Divination+1","theScribe:IcicleBlast","theForsaken:ShieldBash"],"picked":"SKIP","floor":93},{"not_picked":["theForsaken:ShieldBash+1","theForsaken:Enfeeble","theForsaken:RainingSunlight"],"picked":"theScribe:Conflagrate","floor":98},{"not_picked":["theForsaken:ShieldCharge","theScribe:FrostvenomToxin","theForsaken:Backlash"],"picked":"theScribe:Thunder+1","floor":99},{"not_picked":["theForsaken:DivineGuidance","theScribe:Escalation","theScribe:InscribeDeath"],"picked":"theForsaken:Purification","floor":101},{"not_picked":["theScribe:ArcaneArcing","theForsaken:ShieldCharge","theForsaken:QuickAttack","theScribe:Divination"],"picked":"SKIP","floor":103},{"not_picked":["theForsaken:QuickAttack","theForsaken:PreciseStrike","theForsaken:LightRoll","theForsaken:FatRoll"],"picked":"SKIP","floor":105},{"not_picked":["theForsaken:QuickAttack","theForsaken:PreciseStrike","theForsaken:LightRoll","theForsaken:FatRoll"],"picked":"SKIP","floor":105},{"not_picked":["theForsaken:SpinAttack","theScribe:ArcaneBarrier","theForsaken:HorrifyingStrike","theForsaken:CreepingInfection"],"picked":"SKIP","floor":107},{"not_picked":["theScribe:QuickStudy","theScribe:MirrorImage","theScribe:RecklessResponse","theForsaken:Tranquility"],"picked":"SKIP","floor":109},{"not_picked":["theForsaken:QuickAttack","theScribe:FranticSearch","theScribe:CripplingCharge","theForsaken:BindingThorns"],"picked":"SKIP","floor":110},{"not_picked":["theScribe:FrostvenomToxin","theScribe:Thunder","theScribe:ThrownScroll","theForsaken:Thunderbolt"],"picked":"SKIP","floor":113},{"not_picked":["theForsaken:Parry","theScribe:AmplifyingSpellstone","theScribe:Frost","theScribe:FlowLikeWater"],"picked":"SKIP","floor":114},{"not_picked":["theForsaken:DesperatePlea","theForsaken:Retribution","theScribe:Maelstrom"],"picked":"theScribe:RecurringRime","floor":118},{"not_picked":["theForsaken:StoreUp+1","theScribe:FalseLife","theScribe:ToxicSpellstone","theScribe:LightningBolt"],"picked":"SKIP","floor":120},{"not_picked":["infinitespire:FinalStrike","hubris:Rewind"],"picked":"hubris:Fate","floor":121},{"not_picked":["theForsaken:ChargeAttack","theScribe:ThrownScroll+1","theForsaken:CorruptedForm","theForsaken:WordOfPower"],"picked":"SKIP","floor":124},{"not_picked":["theForsaken:Enfeeble","theForsaken:DarkBargain","theScribe:IcicleBlast","theScribe:Incendio"],"picked":"SKIP","floor":126},{"not_picked":["theForsaken:ShieldBash","theForsaken:FatRoll","theScribe:ToxicSpellstone","theScribe:Thwack"],"picked":"SKIP","floor":131},{"not_picked":["theScribe:MirrorImage+1","theScribe:Thunder+1","theForsaken:PanicDive","theForsaken:ShieldBash"],"picked":"SKIP","floor":133},{"not_picked":["theForsaken:ScorchingSunlight+1","theScribe:SanguineSurge","theForsaken:Preservation"],"picked":"theScribe:Insight+1","floor":137},{"not_picked":["theScribe:PiercingBolts","theScribe:TelumSpellstone","theScribe:Divination+1"],"picked":"theForsaken:DarkBarrier","floor":140},{"not_picked":["theForsaken:Enfeeble","theScribe:WeirdBlast+1","theForsaken:Eulogy"],"picked":"theForsaken:Prudence","floor":142},{"not_picked":["theForsaken:HymnOfPatience","theForsaken:RainingSunlight","theForsaken:Preservation","theScribe:WeirdShield"],"picked":"Singing Bowl","floor":147},{"not_picked":["theScribe:Frost+1","theScribe:ThrownScroll+1","theForsaken:Thunderbolt","theForsaken:RainingSunlight"],"picked":"Singing Bowl","floor":148},{"not_picked":["theScribe:AbsoluteZero","theForsaken:Horror","theScribe:Escalation"],"picked":"theScribe:FocusedBolt","floor":152},{"not_picked":["theScribe:MirrorImage","theScribe:ThrownScroll","theForsaken:Parry+1","theForsaken:SiphonStrike"],"picked":"Singing Bowl","floor":156},{"not_picked":["theScribe:AbsoluteZero","theForsaken:DivineGuidance","theScribe:RecurringRime","theForsaken:TearsOfSunlight"],"picked":"Singing Bowl","floor":157}],"player_experience":1252018,"relics_obtained":[{"floor":9.0,"key":"aspiration:StickyExplosives_weak"},{"floor":25.0,"key":"Pear"},{"floor":26.0,"key":"Kunai"},{"floor":34.0,"key":"aspiration:ChemicalBlood"},{"floor":34.0,"key":"hubris:Metronome"},{"floor":34.0,"key":"hubris:CuriousFeather"},{"floor":37,"key":"infinitespire:Golems Mask"},{"floor":38,"key":"hubris:64BitClover"},{"floor":39,"key":"Incense Burner"},{"floor":41,"key":"Replay:WaspNest"},{"floor":43,"key":"PreservedInsect"},{"floor":55,"key":"ReplayTheSpireMod:Lightbulb"},{"floor":60,"key":"Replay:Bottled Snecko"},{"floor":62,"key":"Orichalcum"},{"floor":76,"key":"Shuriken"},{"floor":77,"key":"Akabeko"},{"floor":79,"key":"Bronze Scales"},{"floor":90,"key":"TungstenRod"},{"floor":92,"key":"infinitespire:Beetle Shell"},{"floor":99,"key":"Snack Pack"},{"floor":109,"key":"ReplayTheSpireMod:Shallot"},{"floor":110,"key":"hubris:SphereOfDissonance"},{"floor":111,"key":"The Courier"},{"floor":113,"key":"Grinning Jar"},{"floor":117,"key":"infinitespire:WardingShard"},{"floor":128,"key":"aspiration:HummingbirdHeart"},{"floor":133,"key":"Tiny Chest"},{"floor":140,"key":"Bird Faced Urn"},{"floor":142,"key":"Singing Bowl"},{"floor":144,"key":"Bottled Tornado"},{"floor":145,"key":"Replay:Rubber Ducky"},{"floor":156,"key":"Toy Ornithopter"}],"event_choices":[{"damage_healed":0.0,"max_hp_gain":0.0,"max_hp_loss":0.0,"gold_gain":0.0,"event_name":"Wheel of Change","player_choice":"Cursed","floor":20.0,"gold_loss":0.0,"damage_taken":0.0,"cards_obtained":["Decay"]},{"damage_healed":0.0,"max_hp_gain":0.0,"max_hp_loss":0.0,"gold_gain":0.0,"event_name":"Match and Keep!","player_choice":"3 cards matched","floor":28.0,"gold_loss":0.0,"damage_taken":0.0,"cards_obtained":["theForsaken:Smite","theForsaken:BottledPlague","theForsaken:Thunderbolt"]},{"damage_healed":0.0,"max_hp_gain":0.0,"max_hp_loss":0.0,"gold_gain":0.0,"event_name":"Match and Keep!","player_choice":"3 cards matched","floor":28.0,"gold_loss":0.0,"damage_taken":0.0,"cards_obtained":["theForsaken:Smite","theForsaken:BottledPlague","theForsaken:Thunderbolt"]},{"damage_healed":0,"gold_gain":0,"player_choice":"1 cards matched","damage_taken":0,"max_hp_gain":0,"max_hp_loss":0,"event_name":"Match and Keep!","floor":37,"gold_loss":0,"cards_obtained":["theForsaken:ShieldBash"]},{"damage_healed":0,"gold_gain":0,"player_choice":"Fight","damage_taken":0,"max_hp_gain":0,"max_hp_loss":0,"event_name":"MindBloom","floor":39,"gold_loss":0},{"damage_healed":0,"gold_gain":0,"player_choice":"Obtain Plague Curse","damage_taken":0,"max_hp_gain":0,"max_hp_loss":0,"event_name":"Plague Doctor","floor":139,"gold_loss":0,"cards_obtained":["theForsaken:PlagueCurse"]},{"damage_healed":0,"gold_gain":0,"player_choice":"Fight","damage_taken":0,"max_hp_gain":0,"max_hp_loss":0,"event_name":"Mysterious Sphere","floor":140,"gold_loss":0},{"damage_healed":0,"gold_gain":0,"player_choice":"Paid","damage_taken":0,"relics_obtained":["Red Mask"],"max_hp_gain":0,"max_hp_loss":0,"event_name":"Tomb of Lord Red Mask","floor":150,"gold_loss":110}],"is_beta":false,"boss_relics":[{"not_picked":["Black Star","Painkiller Herb"],"picked":"hubris:Backtick"},{"not_picked":["hubris:VirtuousBlindfold","infinitespire:Cupcake"],"picked":"Calling Bell"},{"not_picked":["SacredBark","Runic Dome"],"picked":"aspiration:ScribeSkillbook"},{"not_picked":["hubris:CrackedHourglass","Velvet Choker"],"picked":"aspiration:SecretTechniqueScroll"},{"not_picked":[]},{"not_picked":["Sozu","ChewingGum","ReplayTheSpireMod:SealedPack"]},{"not_picked":["Abe\u0027s Treasure","Cursed Key"],"picked":"Replay:Bronze Core"},{"not_picked":["Snecko Eye","ReplayTheSpireMod:DimensionalGlitch"],"picked":"aspiration:PoetsPen_weak"},{"not_picked":["hubris:RunicObelisk","hubris:HollowSoul"],"picked":"Astrolabe"}],"items_purged_floors":[13,21,44,58,95,115,116],"is_endless":true,"potions_floor_spawned":[4,5,11,16,22,25,27,33,35,37,48,50,52,54,67,76,79,84,86,90,92,101,109,110,113,120,124,126,133,137,140,148,156],"ascension_level":0}}