{"host":"e87rn453naquue3h","time":1607719642,"event":{"mods":["AchievementEnabler","BaseMod","Minty Spire (QoL Compilation)","Relic Stats","StSLib"],"gold_per_floor":[112,130,30,50,70,70,103,103,130,146,146,158,158,169,169,267,267,278,290,290,308,325,325,340,340,340],"floor_reached":25,"playtime":1197,"items_purged":[],"score":314,"play_id":"676bf67b-6a4b-461a-aec5-0e1d977ebcdd","local_time":"20201211154722","is_ascension_mode":true,"campfire_choices":[{"data":"WindmillStrike","floor":6,"key":"SMITH"},{"floor":11,"key":"REST"},{"data":"ReachHeaven","floor":13,"key":"SMITH"},{"data":"TalkToTheHand","floor":15,"key":"SMITH"},{"floor":23,"key":"REST"}],"circlet_count":0,"master_deck":["AscendersBane","Strike_P+1","Strike_P","Strike_P","Strike_P","Defend_P+1","Defend_P","Defend_P","Defend_P","Eruption","Vigilance","Consecrate","WindmillStrike+1","Protect","ReachHeaven+1","Evaluate","FollowUp","TalkToTheHand+1","WheelKick","EmptyFist","Ragnarok","Crescendo+1","DevaForm","FlurryOfBlows"],"relics":["PureWater","Omamori","Vajra","VioletLotus","WarpedTongs"],"acts_visited":["Exordium","TheCity"],"potions_floor_usage":[18],"damage_taken":[{"damage":2,"enemies":"Small Slimes","floor":1,"turns":2},{"damage":0,"enemies":"2 Louse","floor":2,"turns":2},{"damage":1,"enemies":"Cultist","floor":4,"turns":3},{"damage":0,"enemies":"Large Slime","floor":5,"turns":2},{"damage":11,"enemies":"Gremlin Nob","floor":7,"turns":4},{"damage":10,"enemies":"Gremlin Gang","floor":10,"turns":2},{"damage":0,"enemies":"3 Louse","floor":12,"turns":2},{"damage":0,"enemies":"2 Fungi Beasts","floor":14,"turns":3},{"damage":34,"enemies":"The Guardian","floor":16,"turns":10},{"damage":14,"enemies":"3 Byrds","floor":18,"turns":6},{"damage":0,"enemies":"Chosen","floor":19,"turns":4},{"damage":16,"enemies":"3 Cultists","floor":21,"turns":3},{"damage":32,"enemies":"Shelled Parasite and Fungi","floor":22,"turns":3},{"damage":6,"enemies":"Centurion and Healer","floor":24,"turns":5},{"damage":22,"enemies":"Gremlin Leader","floor":25,"turns":2}],"seed_played":"-6725961447195448686","potions_obtained":[{"floor":1,"key":"DuplicationPotion"},{"floor":5,"key":"Ancient Potion"},{"floor":7,"key":"SteroidPotion"},{"floor":19,"key":"SteroidPotion"}],"is_trial":false,"path_per_floor":["M","M","$","M","M","R","E","?","T","M","R","M","R","M","R","B",null,"M","M","?","M","M","R","M","E"],"character_chosen":"WATCHER","items_purchased":["Protect","ReachHeaven"],"campfire_rested":2,"item_purchase_floors":[3,3],"current_hp_per_floor":[70,70,70,69,69,69,58,42,42,32,55,55,55,55,55,21,65,51,51,51,35,3,26,20,0,0],"gold":340,"neow_bonus":"TEN_PERCENT_HP_BONUS","is_daily":false,"chose_seed":false,"campfire_upgraded":3,"win_rate":0.0,"timestamp":1607719642,"path_taken":["M","M","$","M","M","R","E","?","T","M","R","M","R","M","R","BOSS","M","M","?","M","?","R","M","E"],"items_purchased_type":["Card","Card"],"build_version":"2020-11-30","purchased_purges":0,"victory":false,"max_hp_per_floor":[79,79,79,79,79,79,79,79,79,79,79,79,79,79,79,79,79,79,79,79,79,79,79,79,79,79],"relic_stats":{"counters":[15,53],"VioletLotus":[2],"obtain_stats":[{"Vajra":9,"VioletLotus":17,"Omamori":7,"PureWater":0,"WarpedTongs":20},{"Vajra":5,"VioletLotus":9,"Omamori":5,"PureWater":0,"WarpedTongs":11},{"Vajra":13,"VioletLotus":30,"Omamori":13,"PureWater":0,"WarpedTongs":40}],"WarpedTongs":[13]},"card_choices":[{"not_picked":["WaveOfTheHand","FlyingSleeves"],"picked":"Consecrate","floor":1},{"not_picked":["Swivel","FlurryOfBlows"],"picked":"WindmillStrike","floor":2},{"not_picked":["Pray","Swivel"],"picked":"Evaluate","floor":4},{"not_picked":["Protect","ClearTheMind"],"picked":"FollowUp","floor":5},{"not_picked":["Omniscience","EmptyBody"],"picked":"TalkToTheHand","floor":7},{"not_picked":["JustLucky","FlyingSleeves","LikeWater"],"picked":"SKIP","floor":10},{"not_picked":["ThirdEye","MentalFortress"],"picked":"WheelKick","floor":12},{"not_picked":["Protect","ClearTheMind"],"picked":"EmptyFist","floor":14},{"not_picked":["ConjureBlade","Blasphemy"],"picked":"Ragnarok","floor":16},{"not_picked":["FollowUp","Evaluate","FlyingSleeves+1"],"picked":"SKIP","floor":18},{"not_picked":["Prostrate","SashWhip+1"],"picked":"Crescendo+1","floor":19},{"not_picked":["Crescendo","EmptyFist+1","Consecrate"],"picked":"SKIP","floor":21},{"not_picked":["Halt+1","FlurryOfBlows"],"picked":"DevaForm","floor":22},{"not_picked":["Protect","EmptyBody"],"picked":"FlurryOfBlows","floor":24}],"player_experience":2243622,"relics_obtained":[{"floor":7,"key":"Omamori"},{"floor":9,"key":"Vajra"}],"event_choices":[{"damage_healed":0,"gold_gain":0,"player_choice":"Entered Light","damage_taken":16,"max_hp_gain":0,"max_hp_loss":0,"event_name":"Shining Light","floor":8,"gold_loss":0,"cards_upgraded":["Defend_P","Strike_P"]},{"damage_healed":0,"gold_gain":0,"player_choice":"Rummage","damage_taken":0,"relics_obtained":["WarpedTongs"],"max_hp_gain":0,"max_hp_loss":0,"event_name":"Accursed Blacksmith","floor":20,"gold_loss":0,"cards_obtained":["Pain"]}],"is_beta":false,"boss_relics":[{"not_picked":["Velvet Choker","Empty Cage"],"picked":"VioletLotus"}],"items_purged_floors":[],"is_endless":false,"potions_floor_spawned":[1,5,7,16,19,22],"killed_by":"Gremlin Leader","ascension_level":10}}