{"host":"1bqbj1s4pyvm9utn","time":1607652980,"event":{"mods":["AchievementEnabler","Aspiration","Bard","BaseMod","Beaked The Cultist","Better Altar","Better Match","Better Note","Better Sensory Stone","Better Skull","Better Third Choice","BetterRewards","CCEM","Clawfect","Colored Map","Conspire","Downfall","GifTheSpireLib","Halation","Hermit","Highlight Path","Hubris","Humility","Infinite Spire","Jedi Mod","Jorbs\u0027s Wanderer Trilogy","Mad Scientist","Marisa????????","Mimic Mod","Minty Spire (QoL Compilation)","Permanent Neow","Replay The Spire","Shade Mod","Shop Mod","Spicy Shops","StSLib","Stuff the Spire","The Bug Knight","The Construct","The Cursed","The Disciple","The Gatherer","The Hierophant","The Jungle","The Mystic","The Necromancer","The Runesmith","The Servant 0.9.4","The Spell Scribe","The Witch","Unceasing Turn Reminder","everything is the same but u backflip on backflip","slay the spire mod where everything is the same but ironclad has a cowboy hat","vexMod"],"gold_per_floor":[215,231,206,206,217,244,244,61,61,61,61],"floor_reached":10,"playtime":742,"items_purged":[],"score":69,"play_id":"dd854306-f47d-4d04-aa89-2ff7c32d593a","local_time":"20201210181620","is_ascension_mode":true,"campfire_choices":[{"floor":7,"key":"REST"}],"circlet_count":0,"master_deck":["Strike_G","Strike_G","Strike_G","Strike_G","Strike_G","Defend_G","Defend_G","Defend_G","Defend_G","Defend_G","Survivor","Neutralize","conspire:DoublingDagger","Dodge and Roll","Blade Dance","Hidden Blade","Heel Hook","expansioncontent:ManipulateTime","Storm of Steel"],"relics":["Ring of the Snake","Tingsha","halation:VictoryRuler"],"acts_visited":["Exordium"],"potions_floor_usage":[6],"damage_taken":[{"damage":4,"enemies":"Cultist","floor":1,"turns":5},{"damage":8,"enemies":"Jaw Worm","floor":2,"turns":5},{"damage":13,"enemies":"Small Slimes","floor":5,"turns":6},{"damage":44,"enemies":"Lagavulin","floor":6,"turns":7},{"damage":22,"enemies":"3 Sentries","floor":10,"turns":1}],"seed_played":"5932013726075813198","potions_obtained":[{"floor":5,"key":"Poison Potion"}],"is_trial":false,"path_per_floor":["M","M","?","?","M","E","R","$","T","E"],"character_chosen":"THE_SILENT","items_purchased":["expansioncontent:ManipulateTime","Storm of Steel"],"campfire_rested":1,"item_purchase_floors":[8,8],"current_hp_per_floor":[66,58,58,58,45,1,22,22,22,0,0],"gold":61,"neow_bonus":"HUNDRED_GOLD","is_daily":false,"chose_seed":false,"campfire_upgraded":0,"win_rate":0.0,"timestamp":1607652980,"path_taken":["M","?","?","?","M","E","R","$","T","E"],"items_purchased_type":["Card","Card"],"build_version":"2020-11-30","purchased_purges":0,"victory":false,"max_hp_per_floor":[70,70,70,70,70,70,70,70,70,70,70],"card_choices":[{"not_picked":["Prepared","ReplayTheSpireMod:Scrap Shanks"],"picked":"conspire:DoublingDagger","floor":1},{"not_picked":["Bane","Sucker Punch"],"picked":"Dodge and Roll","floor":2},{"not_picked":["Sucker Punch","Tactician"],"picked":"Hidden Blade","floor":5},{"not_picked":["Acrobatics","Dodge and Roll"],"picked":"Heel Hook","floor":6}],"player_experience":767486,"relics_obtained":[{"floor":6,"key":"Tingsha"},{"floor":9,"key":"halation:VictoryRuler"}],"event_choices":[],"is_beta":false,"boss_relics":[],"items_purged_floors":[],"is_endless":false,"potions_floor_spawned":[5],"killed_by":"3 Sentries","ascension_level":1}}