{"host":"z4fpy6l2lm2b2le0","time":1607697372,"event":{"mods":["AchievementEnabler","BaseMod","Bestiary","Better Note","Block Reminder","Colored Map","Colored Powertips","DeckTracker","Defuse TimeMaze Blight","Displayed Cursed Tome","Highlight Path","Key Reminder","Minty Spire (QoL Compilation)","Rare Cards Sparkle","Relic Stats","StSLib","SuperFastMode","Unceasing Turn Reminder","everything is the same but u backflip on backflip"],"gold_per_floor":[114,114,133,93,105,137,48,48,48,60,72,84,114,138,150,260,272,302,314,198,198,212,212,225,225,249,249,80,80,100,116,116,211,211,226,226,15,25,25,25,36,36,36,50,0,0,14,14,14,14],"floor_reached":51,"playtime":4297,"items_purged":["Strike_R","Strike_G","Defend_G"],"score":597,"play_id":"ea55aa6b-3000-44ec-99ba-a0809ca14376","local_time":"20201211233612","is_ascension_mode":false,"campfire_choices":[{"floor":8,"key":"REST"},{"floor":11,"key":"REST"},{"data":"Neutralize","floor":15,"key":"SMITH"},{"data":"Backflip","floor":23,"key":"SMITH"},{"data":"Well Laid Plans","floor":25,"key":"SMITH"},{"floor":29,"key":"REST"},{"floor":32,"key":"REST"},{"data":"Tools of the Trade","floor":40,"key":"SMITH"},{"floor":42,"key":"REST"},{"data":"Footwork","floor":49,"key":"SMITH"}],"circlet_count":0,"master_deck":["Strike_G","Strike_G","Strike_G","Defend_G","Defend_G","Defend_G","Survivor","Neutralize+1","Deadly Poison","Leg Sweep","Bullet Time","Dash","Deadly Poison","Blur","Backflip+1","Tools of the Trade+1","Poisoned Stab","Well Laid Plans+1","After Image","Backflip","Dagger Throw","A Thousand Cuts","Bullet Time","Tactician+1","Footwork+1","Outmaneuver+1","Poisoned Stab+1","Dash+1","Well Laid Plans+1"],"relics":["Ring of the Snake","NeowsBlessing","InkBottle","MawBank","Vajra","HoveringKite","Bag of Marbles","Cursed Key","Red Mask"],"acts_visited":["Exordium","TheCity","TheBeyond"],"potions_floor_usage":[6,16,16,33,33,46,50,50,50],"damage_taken":[{"damage":0,"enemies":"Jaw Worm","floor":1,"turns":1},{"damage":0,"enemies":"Small Slimes","floor":3,"turns":1},{"damage":0,"enemies":"Cultist","floor":5,"turns":1},{"damage":57,"enemies":"Gremlin Nob","floor":6,"turns":8},{"damage":0,"enemies":"3 Louse","floor":13,"turns":4},{"damage":0,"enemies":"Looter","floor":14,"turns":3},{"damage":19,"enemies":"Hexaghost","floor":16,"turns":13},{"damage":7,"enemies":"Shell Parasite","floor":18,"turns":5},{"damage":1,"enemies":"Chosen","floor":22,"turns":5},{"damage":40,"enemies":"Sentry and Sphere","floor":24,"turns":6},{"damage":2,"enemies":"Centurion and Healer","floor":30,"turns":9},{"damage":9,"enemies":"Cultist and Chosen","floor":31,"turns":10},{"damage":26,"enemies":"Automaton","floor":33,"turns":17},{"damage":16,"enemies":"3 Darklings","floor":35,"turns":9},{"damage":0,"enemies":"3 Shapes","floor":38,"turns":8},{"damage":13,"enemies":"Sphere and 2 Shapes","floor":41,"turns":5},{"damage":2,"enemies":"Transient","floor":44,"turns":5},{"damage":0,"enemies":"4 Shapes","floor":46,"turns":1},{"damage":3,"enemies":"Sphere and 2 Shapes","floor":47,"turns":8},{"damage":43,"enemies":"Donu and Deca","floor":50,"turns":16}],"seed_played":"281139198141601610","potions_obtained":[{"floor":4,"key":"DuplicationPotion"},{"floor":4,"key":"SneckoOil"},{"floor":4,"key":"SteroidPotion"},{"floor":6,"key":"Block Potion"},{"floor":13,"key":"SkillPotion"},{"floor":16,"key":"FearPotion"},{"floor":22,"key":"Explosive Potion"},{"floor":24,"key":"Dexterity Potion"},{"floor":35,"key":"CunningPotion"},{"floor":38,"key":"AttackPotion"},{"floor":44,"key":"SmokeBomb"},{"floor":47,"key":"FearPotion"}],"is_trial":false,"path_per_floor":["M","?","M","?","M","E","$","R","T","?","R","?","M","M","R","B",null,"M","?","$","?","M","R","M","R","T","?","$","R","M","M","R","B",null,"M","?","$","M","?","R","M","R","T","M","?","M","M","$","R","B",null],"character_chosen":"THE_SILENT","items_purchased":["Dash","Deadly Poison","Poisoned Stab","Backflip","Dagger Throw","Swift Potion","Footwork"],"campfire_rested":5,"item_purchase_floors":[7,7,20,28,28,37,37],"current_hp_per_floor":[70,70,70,70,70,13,13,34,34,57,70,63,63,63,63,44,70,63,63,63,50,49,49,9,9,9,9,9,31,29,20,42,16,75,59,59,59,59,59,59,46,67,67,65,65,65,62,62,62,19],"gold":14,"neow_bonus":"THREE_ENEMY_KILL","is_daily":false,"chose_seed":false,"campfire_upgraded":5,"win_rate":0.0,"timestamp":1607697372,"path_taken":["M","?","M","?","?","E","$","R","T","?","R","?","M","M","R","BOSS","M","?","$","?","M","R","M","R","T","?","$","R","M","M","R","BOSS","M","?","$","M","?","R","M","R","T","M","?","?","M","$","R","BOSS"],"items_purchased_type":["Card","Card","Card","Card","Card","Potion","Card"],"build_version":"2020-11-30","purchased_purges":3,"victory":true,"max_hp_per_floor":[70,70,70,70,70,70,70,70,70,70,70,70,70,70,70,70,70,70,70,70,75,75,75,75,75,75,75,75,75,75,75,75,75,75,75,71,71,71,71,71,71,71,71,71,71,71,71,71,71,71],"relic_stats":{"counters":[20,135],"HoveringKite":[84],"MawBank":132,"Cursed Key":0,"obtain_stats":[{"NeowsBlessing":0,"Vajra":12,"HoveringKite":17,"Bag of Marbles":26,"Red Mask":45,"MawBank":9,"Cursed Key":34,"InkBottle":6,"Ring of the Snake":0},{"NeowsBlessing":0,"Vajra":4,"HoveringKite":7,"Bag of Marbles":10,"Red Mask":17,"MawBank":4,"Cursed Key":13,"InkBottle":4,"Ring of the Snake":0},{"NeowsBlessing":0,"Vajra":11,"HoveringKite":31,"Bag of Marbles":47,"Red Mask":110,"MawBank":11,"Cursed Key":83,"InkBottle":11,"Ring of the Snake":0}],"InkBottle":[29],"Ring of the Snake":[40]},"card_choices":[{"not_picked":["Dodge and Roll","Slice","Sucker Punch"],"picked":"SKIP","floor":1},{"not_picked":["Dash","Outmaneuver"],"picked":"Deadly Poison","floor":3},{"not_picked":["Finisher","Skewer"],"picked":"Leg Sweep","floor":5},{"not_picked":["Quick Slash","Dodge and Roll"],"picked":"Bullet Time","floor":6},{"not_picked":["Sucker Punch","Underhanded Strike"],"picked":"Blur","floor":13},{"not_picked":["Prepared","Outmaneuver"],"picked":"Backflip","floor":14},{"not_picked":["Malaise","Doppelganger"],"picked":"Tools of the Trade","floor":16},{"not_picked":["Leg Sweep+1","Riddle With Holes","Dagger Throw"],"picked":"SKIP","floor":18},{"not_picked":["Flying Knee","Blade Dance","Eviscerate"],"picked":"SKIP","floor":22},{"not_picked":["Prepared","Poisoned Stab"],"picked":"Well Laid Plans","floor":24},{"not_picked":["Distraction+1","Deflect","Slice"],"picked":"SKIP","floor":30},{"not_picked":["Blade Dance","Prepared"],"picked":"A Thousand Cuts","floor":31},{"not_picked":["Tools of the Trade","After Image"],"picked":"Bullet Time","floor":33},{"not_picked":["Infinite Blades+1","Dodge and Roll"],"picked":"Tactician+1","floor":35},{"not_picked":["Slice+1","Skewer"],"picked":"Outmaneuver+1","floor":38},{"not_picked":["Dagger Throw","Sucker Punch"],"picked":"Poisoned Stab+1","floor":41},{"not_picked":["Deflect+1","Deadly Poison"],"picked":"Dash+1","floor":44},{"not_picked":["A Thousand Cuts","Blade Dance"],"picked":"Well Laid Plans+1","floor":47}],"player_experience":4107,"relics_obtained":[{"floor":6,"key":"InkBottle"},{"floor":9,"key":"MawBank"},{"floor":26,"key":"Bag of Marbles"}],"event_choices":[{"cards_removed":["Strike_G"],"damage_healed":0,"gold_gain":0,"player_choice":"Forget","damage_taken":0,"max_hp_gain":0,"max_hp_loss":0,"event_name":"Living Wall","floor":2,"gold_loss":0},{"damage_healed":0,"gold_gain":0,"player_choice":"Bought 3 Potions","damage_taken":0,"max_hp_gain":0,"max_hp_loss":0,"event_name":"The Woman in Blue","floor":4,"gold_loss":0},{"damage_healed":23,"gold_gain":0,"player_choice":"Banana","damage_taken":0,"max_hp_gain":0,"max_hp_loss":0,"event_name":"Big Fish","floor":10,"gold_loss":0},{"damage_healed":0,"gold_gain":0,"player_choice":"Success","damage_taken":7,"relics_obtained":["Vajra"],"max_hp_gain":0,"max_hp_loss":0,"event_name":"Scrap Ooze","floor":12,"gold_loss":0},{"damage_healed":0,"gold_gain":0,"player_choice":"Take","damage_taken":0,"max_hp_gain":0,"max_hp_loss":0,"event_name":"betterNote:BetterNote","floor":19,"gold_loss":0,"cards_obtained":["Strike_R"]},{"damage_healed":0,"gold_gain":0,"player_choice":"Shed Blood","damage_taken":18,"max_hp_gain":5,"max_hp_loss":0,"event_name":"Forgotten Altar","floor":21,"gold_loss":0},{"damage_healed":0,"gold_gain":0,"cards_transformed":["Defend_G"],"player_choice":"Transformed","damage_taken":0,"max_hp_gain":0,"max_hp_loss":0,"event_name":"Transmorgrifier","floor":27,"gold_loss":0,"cards_obtained":["After Image"]},{"damage_healed":0,"gold_gain":0,"player_choice":"Max HP","damage_taken":0,"max_hp_gain":0,"max_hp_loss":4,"event_name":"Winding Halls","floor":36,"gold_loss":0},{"damage_healed":0,"gold_gain":0,"player_choice":"Ignored","damage_taken":0,"max_hp_gain":0,"max_hp_loss":0,"event_name":"Mysterious Sphere","floor":39,"gold_loss":0},{"damage_healed":0,"gold_gain":0,"player_choice":"Paid","damage_taken":0,"relics_obtained":["Red Mask"],"max_hp_gain":0,"max_hp_loss":0,"event_name":"Tomb of Lord Red Mask","floor":45,"gold_loss":50}],"is_beta":false,"boss_relics":[{"not_picked":["Ectoplasm","Coffee Dripper"],"picked":"HoveringKite"},{"not_picked":["Snecko Eye","Calling Bell"],"picked":"Cursed Key"}],"items_purged_floors":[20,28,37],"is_endless":false,"potions_floor_spawned":[6,13,14,16,22,24,30,31,35,38,44,47],"ascension_level":0}}