{"host":"981nlwu0905dw1bz","time":1607675289,"event":{"mods":["BaseMod","DeckTracker","Minty Spire (QoL Compilation)","Rare Cards Sparkle","SuperFastMode"],"gold_per_floor":[117,130,108,123,138,151,151,161,161,180,180,197,222,16,16,118,118,130,130,130,145,7,7,7,7,30,49,62,78,78,78,78,177,177,192,205,27,27,42,42,54,54,54],"floor_reached":42,"playtime":1206,"items_purged":["Strike_G","Strike_G"],"score":644,"play_id":"2b9f82af-2e15-469a-97c6-15d812affee8","local_time":"20201211172809","is_ascension_mode":true,"campfire_choices":[{"floor":11,"key":"REST"},{"floor":15,"key":"REST"},{"floor":23,"key":"REST"},{"floor":25,"key":"REST"},{"data":"Catalyst","floor":32,"key":"SMITH"},{"floor":40,"key":"REST"}],"circlet_count":0,"master_deck":["AscendersBane","Defend_G","Defend_G","Defend_G","Defend_G","Survivor","Neutralize","Blur","Dash","Crippling Poison","Backflip","Catalyst+1","Sucker Punch","Noxious Fumes","Catalyst","Catalyst","Bouncing Flask","Dramatic Entrance","Corpse Explosion","Bane","Footwork","PiercingWail","Well Laid Plans+1","Transmutation"],"relics":["Ring of the Snake","Blue Candle","Blood Vial","WristBlade","Mercury Hourglass","Akabeko","Busted Crown"],"acts_visited":["Exordium","TheCity","TheBeyond"],"potions_floor_usage":[5,5,10,16,27,29,41],"damage_taken":[{"damage":6.0,"enemies":"Cultist","floor":1.0,"turns":5.0},{"damage":0.0,"enemies":"Small Slimes","floor":2.0,"turns":3.0},{"damage":2.0,"enemies":"Jaw Worm","floor":4.0,"turns":5.0},{"damage":7,"enemies":"Exordium Thugs","floor":5,"turns":5},{"damage":3,"enemies":"3 Louse","floor":6,"turns":3},{"damage":0,"enemies":"2 Fungi Beasts","floor":8,"turns":4},{"damage":28,"enemies":"Gremlin Gang","floor":10,"turns":5},{"damage":4,"enemies":"Red Slaver","floor":12,"turns":6},{"damage":17,"enemies":"3 Sentries","floor":13,"turns":9},{"damage":30,"enemies":"Slime Boss","floor":16,"turns":12},{"damage":31,"enemies":"2 Thieves","floor":18,"turns":3},{"damage":34,"enemies":"Chosen","floor":21,"turns":7},{"damage":0,"enemies":"Centurion and Healer","floor":27,"turns":1},{"damage":11,"enemies":"Sentry and Sphere","floor":28,"turns":3},{"damage":2,"enemies":"Cultist and Chosen","floor":29,"turns":4},{"damage":58,"enemies":"Champ","floor":33,"turns":7},{"damage":13,"enemies":"Orb Walker","floor":35,"turns":5},{"damage":0,"enemies":"3 Shapes","floor":36,"turns":2},{"damage":46,"enemies":"Spire Growth","floor":39,"turns":5},{"damage":24,"enemies":"4 Shapes","floor":41,"turns":4},{"damage":6,"enemies":"Sphere and 2 Shapes","floor":42,"turns":2}],"seed_played":"6855798784081167841","potions_obtained":[{"floor":1.0,"key":"PowerPotion"},{"floor":4,"key":"Block Potion"},{"floor":5,"key":"Block Potion"},{"floor":6,"key":"FairyPotion"},{"floor":10,"key":"FairyPotion"},{"floor":16,"key":"CunningPotion"},{"floor":21,"key":"SpeedPotion"},{"floor":35,"key":"PowerPotion"}],"is_trial":false,"path_per_floor":["M","M","$","M","M","M","?","M","T","M","R","M","E","$","R","B",null,"M","?","$","M","$","R","?","R","T","M","M","M","$","?","R","B",null,"M","M","$","$","M","R","M","M"],"character_chosen":"THE_SILENT","items_purchased":["Backflip","Dramatic Entrance","Block Potion","Footwork","Transmutation"],"campfire_rested":5,"item_purchase_floors":[3,14,14,22,37],"current_hp_per_floor":[57,57,57,55,48,45,45,45,45,17,38,34,17,17,38,10,55,26,26,26,21,21,42,42,63,63,65,56,56,56,56,56,21,58,47,49,49,49,5,26,4,0,0],"gold":54,"neow_bonus":"TRANSFORM_CARD","is_daily":false,"chose_seed":false,"campfire_upgraded":1,"win_rate":0.0,"timestamp":1607675289,"path_taken":["M","?","$","M","M","M","?","?","T","M","R","M","E","?","R","BOSS","M","?","?","M","$","R","?","R","T","M","M","M","$","?","R","BOSS","M","?","?","$","?","R","M","M"],"items_purchased_type":["Card","Card","Potion","Card","Card"],"build_version":"2020-11-30","purchased_purges":2,"victory":false,"max_hp_per_floor":[70,70,70,70,70,70,70,70,70,70,70,70,70,70,70,70,70,70,70,70,70,70,70,70,70,70,70,70,70,70,70,70,70,70,70,70,70,70,70,70,70,70,70],"card_choices":[{"not_picked":["Finisher","Bane"],"picked":"Dash","floor":1.0},{"not_picked":["Skewer","Choke"],"picked":"Crippling Poison","floor":2.0},{"not_picked":["Bouncing Flask","Escape Plan"],"picked":"Catalyst","floor":4},{"not_picked":["Blur","Accuracy"],"picked":"Sucker Punch","floor":5},{"not_picked":["Quick Slash","Finisher","Flying Knee"],"picked":"SKIP","floor":6},{"not_picked":["Blade Dance","Deadly Poison"],"picked":"Noxious Fumes","floor":8},{"not_picked":["Acrobatics","Dagger Throw"],"picked":"Catalyst","floor":10},{"not_picked":["Flying Knee","Acrobatics"],"picked":"Catalyst","floor":12},{"not_picked":["Deadly Poison","Prepared"],"picked":"Bouncing Flask","floor":13},{"not_picked":["Venomology","Unload"],"picked":"Corpse Explosion","floor":16},{"not_picked":["Dodge and Roll","Leg Sweep"],"picked":"Bane","floor":18},{"not_picked":["Slice","Terror","Dagger Throw"],"picked":"SKIP","floor":21},{"not_picked":["Concentrate+1","Quick Slash"],"picked":"PiercingWail","floor":27},{"not_picked":["Dagger Spray+1","Deadly Poison","Tactician+1"],"picked":"SKIP","floor":28},{"not_picked":["Bane","Infinite Blades"],"picked":"Well Laid Plans+1","floor":29},{"not_picked":["Concentrate+1"],"picked":"SKIP","floor":35},{"not_picked":["Backflip"],"picked":"SKIP","floor":36},{"not_picked":["Bane+1"],"picked":"SKIP","floor":39},{"not_picked":["Flying Knee"],"picked":"SKIP","floor":41}],"player_experience":429081,"relics_obtained":[{"floor":9,"key":"Blue Candle"},{"floor":13,"key":"Blood Vial"},{"floor":26,"key":"Akabeko"}],"event_choices":[{"cards_removed":["Strike_G"],"damage_healed":0,"gold_gain":0,"player_choice":"Purged","damage_taken":0,"max_hp_gain":0,"max_hp_loss":0,"event_name":"Purifier","floor":7,"gold_loss":0},{"cards_removed":["Strike_G"],"damage_healed":0,"gold_gain":0,"player_choice":"Purged","damage_taken":0,"max_hp_gain":0,"max_hp_loss":0,"event_name":"Purifier","floor":19,"gold_loss":0},{"damage_healed":0,"gold_gain":0,"player_choice":"Opened","damage_taken":0,"relics_obtained":["Mercury Hourglass"],"max_hp_gain":0,"max_hp_loss":0,"event_name":"The Mausoleum","floor":24,"gold_loss":0},{"cards_removed":["Defend_G"],"damage_healed":0,"gold_gain":0,"player_choice":"Offered Basic","damage_taken":0,"max_hp_gain":0,"max_hp_loss":0,"event_name":"Bonfire Elementals","floor":31,"gold_loss":0}],"is_beta":false,"boss_relics":[{"not_picked":["Ectoplasm","SacredBark"],"picked":"WristBlade"},{"not_picked":["Runic Pyramid","Pandora\u0027s Box"],"picked":"Busted Crown"}],"items_purged_floors":[14,22],"is_endless":false,"potions_floor_spawned":[1,4,5,6,10,16,18,21,35],"killed_by":"Sphere and 2 Shapes","ascension_level":10}}