{"host":"1c52r9kaxdyo25eq","time":1607663944,"event":{"mods":["AchievementEnabler","BaseMod","Minty Spire (QoL Compilation)","Rare Cards Sparkle","SuperFastMode","everything is the same but u backflip on backflip"],"gold_per_floor":[361,361,436,436,9,9,104,104,150,150,194,232,89,89,89,188,188,226,244,244,244],"floor_reached":20,"playtime":432,"items_purged":["Strike_P","Defend_P"],"score":306,"play_id":"2954f52c-95da-462f-a6ec-bd23c1edccde","local_time":"20201211141904","is_ascension_mode":true,"campfire_choices":[{"data":"Eruption","floor":6,"key":"SMITH"},{"data":"HandOfGreed","floor":8,"key":"SMITH"},{"floor":10,"key":"REST"},{"data":"MentalFortress","floor":15,"key":"SMITH"}],"circlet_count":0,"master_deck":["AscendersBane","Eruption+1","Vigilance","HandOfGreed+1","WreathOfFlame","MentalFortress+1","Ragnarok","Study","Wallop","DeusExMachina","Vengeance","DevaForm","WreathOfFlame","Evaluate+1"],"relics":["PureWater","War Paint","TheAbacus","Pen Nib","Blood Vial","Pandora\u0027s Box"],"acts_visited":["Exordium","TheCity"],"potions_floor_usage":[16,16,18,20],"damage_taken":[{"damage":5,"enemies":"Small Slimes","floor":1,"turns":6},{"damage":21,"enemies":"3 Sentries","floor":7,"turns":6},{"damage":7,"enemies":"Jaw Worm","floor":11,"turns":3},{"damage":0,"enemies":"Cultist","floor":12,"turns":2},{"damage":23,"enemies":"The Guardian","floor":16,"turns":10},{"damage":36,"enemies":"3 Byrds","floor":18,"turns":5},{"damage":12,"enemies":"Chosen","floor":19,"turns":3},{"damage":2,"enemies":"Shelled Parasite and Fungi","floor":20,"turns":2}],"seed_played":"779365011659625197","potions_obtained":[{"floor":7,"key":"PowerPotion"},{"floor":11,"key":"Weak Potion"},{"floor":16,"key":"ColorlessPotion"},{"floor":19,"key":"Block Potion"}],"is_trial":false,"path_per_floor":["M","?","?","?","$","R","E","R","T","R","M","M","$","?","R","B",null,"M","M","M"],"character_chosen":"WATCHER","items_purchased":["HandOfGreed","TheAbacus","MentalFortress"],"campfire_rested":1,"item_purchase_floors":[5,5,13],"current_hp_per_floor":[56,56,45,40,40,40,19,19,19,37,32,34,34,34,34,13,50,16,6,6,6],"gold":244,"neow_bonus":"TWO_FIFTY_GOLD","is_daily":false,"chose_seed":false,"campfire_upgraded":3,"win_rate":0.0,"timestamp":1607663944,"path_taken":["M","?","?","?","$","R","E","R","T","R","M","M","$","?","R","BOSS","M","M","M"],"items_purchased_type":["Card","Relic","Card"],"build_version":"2020-11-30","purchased_purges":2,"victory":false,"max_hp_per_floor":[62,62,62,62,62,62,62,62,62,62,62,62,62,62,62,62,62,62,62,62,62],"card_choices":[{"not_picked":["JustLucky","ClearTheMind","FlyingSleeves"],"picked":"SKIP","floor":1},{"not_picked":["WheelKick","CrushJoints"],"picked":"WreathOfFlame","floor":7},{"not_picked":["EmptyBody","Vengeance","SashWhip"],"picked":"SKIP","floor":11},{"not_picked":["Halt","Crescendo","Indignation"],"picked":"SKIP","floor":12},{"not_picked":["SpiritShield","Judgement"],"picked":"Ragnarok","floor":16},{"not_picked":["EmptyBody","Nirvana","Prostrate"],"picked":"SKIP","floor":18},{"not_picked":["JustLucky+1","ThirdEye"],"picked":"Evaluate+1","floor":19}],"player_experience":453633,"relics_obtained":[{"floor":7,"key":"Pen Nib"},{"floor":9,"key":"Blood Vial"}],"event_choices":[{"damage_healed":0,"gold_gain":0,"player_choice":"Ignored","damage_taken":0,"max_hp_gain":0,"max_hp_loss":0,"event_name":"Liars Game","floor":2,"gold_loss":0},{"damage_healed":0,"gold_gain":75,"player_choice":"Gather Gold","damage_taken":11,"max_hp_gain":0,"max_hp_loss":0,"event_name":"World of Goop","floor":3,"gold_loss":0},{"damage_healed":0,"gold_gain":0,"player_choice":"Success","damage_taken":5,"relics_obtained":["War Paint"],"max_hp_gain":0,"max_hp_loss":0,"event_name":"Scrap Ooze","floor":4,"gold_loss":0},{"damage_healed":0,"gold_gain":0,"player_choice":"0 cards matched","damage_taken":0,"max_hp_gain":0,"max_hp_loss":0,"event_name":"Match and Keep!","floor":14,"gold_loss":0,"cards_obtained":[]}],"is_beta":false,"boss_relics":[{"not_picked":["Cursed Key","Calling Bell"],"picked":"Pandora\u0027s Box"}],"items_purged_floors":[5,13],"is_endless":false,"potions_floor_spawned":[7,11,12,16,19],"killed_by":"Shelled Parasite and Fungi","ascension_level":16}}