{"host":"tst5pjz7m60hr0pr","time":1607658160,"event":{"mods":["AchievementEnabler","Act Like it!","Aspiration","Bard","BaseMod","Beaked The Cultist","Better Altar","Better Match","Better Note","Better Sensory Stone","Better Skull","Better Third Choice","BetterRewards","CCEM","Clawfect","Colored Map","Conspire","Downfall","GifTheSpireLib","Googly Eyes","Halation","Hallownest","Hermit","Highlight Path","Hubris","Hunter ??","Infinite Spire","Jedi Mod","Marisa????????","Mimic Mod","Minty Spire (QoL Compilation)","Permanent Neow","Replay The Spire","Shade Mod","Shop Mod","Spicy Shops","StSLib","Stuff the Spire","The Administrix","The Blackbeard","The Bug Knight","The Cursed","The Disciple","The IronCluck","The Jungle","The Mystic","The Necromancer","The Problem Sleuth","The Runesmith","The Servant 0.9.4","The Spell Scribe","Unceasing Turn Reminder","everything is the same but u backflip on backflip","slay the spire mod where everything is the same but ironclad has a cowboy hat"],"gold_per_floor":[109,121,44,54,67,67,67,79,112,145,163,163,163,163,163,264,264,282,282,282,308,280,307,326,296,296,296,307,326,326,352,352,471,471,512,564,614,614,614,614,671,671,708,708,779,849,849,933,933,933],"floor_reached":51,"playtime":7619,"items_purged":[],"score":670,"play_id":"e334b714-c7bf-49fe-ba5d-93b0c120dd67","local_time":"20201210214240","is_ascension_mode":false,"campfire_choices":[{"floor":7.0,"key":"REST"},{"data":"beaked:Brace","floor":30.0,"key":"SMITH"},{"data":"beaked:Foresight","floor":32.0,"key":"SMITH"},{"data":"beaked:Sacrifice","floor":40.0,"key":"SMITH"},{"data":"beaked:FeelMyPain","floor":44.0,"key":"SMITH"},{"data":"beaked:MaddeningMurmurs","floor":47,"key":"SMITH"},{"floor":49,"key":"DIG"}],"circlet_count":0,"master_deck":["beaked:Strike_Y","beaked:Strike_Y","beaked:Strike_Y+1","beaked:Strike_Y","beaked:Strike_Y","beaked:Defend_Y+1","beaked:Defend_Y","beaked:Defend_Y","beaked:Defend_Y","beaked:Ceremony","beaked:Ceremony","beaked:Ceremony","Finesse","beaked:Foresight+1","beaked:Evade+1","beaked:MaddeningMurmurs+1","beaked:StickSmack","beaked:Brace+1","beaked:DigDeep","beaked:Daydream","beaked:Sacrifice+1","beaked:MachineSpirit","Injury","beaked:RuinSticks","ReplayTheSpireMod:Prepare the Ceremony","beaked:StickSmack","beaked:SacrificialAttack","beaked:Struggle","beaked:Foresight","beaked:BloodRitual+1","beaked:Cower","beaked:StickSmack","beaked:FakeOut","beaked:Windmill+1","beaked:DigDeep+1","beaked:Hexing+1","infinitespire:DeathsTouch","beaked:CrazyRituals+1","beaked:FeelMyPain+1","beaked:BloodForTheGods+1","beaked:TuckingFeathers","beaked:Flinch+1"],"relics":["beaked:BlessedCoat","StuffTheSpire:Barrel","Replay:WaspNest","Frozen Egg 2","StuffTheSpire:RubySignet","halation:KoshaPiece","conspire:BottledYoYo","HollowMod:PaleOreRelic","hubris:Towel","StuffTheSpire:GrapeVine","infinitespire:EvilPickle","hubris:GrandSneckoEye","CatCart","StuffTheSpire:Experiment12","Ring of Fangs","Ring of Hypnosis","halation:PinkSoulGem","Pocketwatch","StuffTheSpire:Expresso","StuffTheSpire:OldFever","Mummified Hand","hubris:SlimyHat"],"acts_visited":["Exordium","TheCity","TheBeyond"],"potions_floor_usage":[],"damage_taken":[{"damage":4.0,"enemies":"Cultist","floor":1.0,"turns":4.0},{"damage":7.0,"enemies":"2 Louse","floor":2.0,"turns":4.0},{"damage":10.0,"enemies":"Jaw Worm","floor":4.0,"turns":5.0},{"damage":33.0,"enemies":"Exordium Thugs","floor":5.0,"turns":5.0},{"damage":14.0,"enemies":"Large Slime","floor":8.0,"turns":5.0},{"damage":0.0,"enemies":"2 Fungi Beasts","floor":9.0,"turns":7.0},{"damage":27.0,"enemies":"3 Sentries","floor":10.0,"turns":8.0},{"damage":15.0,"enemies":"2 Fungi Beasts","floor":11.0,"turns":4.0},{"damage":42.0,"enemies":"The Guardian","floor":16.0,"turns":7.0},{"damage":16.0,"enemies":"3 Byrds","floor":18.0,"turns":3.0},{"damage":58.0,"enemies":"2 Thieves","floor":22.0,"turns":5.0},{"damage":34.0,"enemies":"Replay:Snechameleon","floor":23.0,"turns":7.0},{"damage":44.0,"enemies":"Centurion and Healer","floor":24.0,"turns":6.0},{"damage":35.0,"enemies":"Cultist and Chosen","floor":28.0,"turns":6.0},{"damage":35.0,"enemies":"Snake Plant","floor":29.0,"turns":5.0},{"damage":49.0,"enemies":"conspire:Head Lice","floor":31.0,"turns":7.0},{"damage":53.0,"enemies":"Pondfish","floor":33.0,"turns":6.0},{"damage":53.0,"enemies":"3 Darklings","floor":35.0,"turns":5.0},{"damage":26.0,"enemies":"Orb Walker","floor":36.0,"turns":4.0},{"damage":104.0,"enemies":"Orin","floor":37.0,"turns":7.0},{"damage":41.0,"enemies":"Jaw Worm Horde","floor":41.0,"turns":5.0},{"damage":28.0,"enemies":"4 Shapes","floor":43.0,"turns":8.0},{"damage":109.0,"enemies":"Reptomancer","floor":45.0,"turns":5.0},{"damage":13.0,"enemies":"4 Shapes","floor":46.0,"turns":6.0},{"damage":102,"enemies":"Giant Head","floor":48,"turns":7},{"damage":150,"enemies":"Replay:Hell Engine","floor":50,"turns":10}],"seed_played":"-2078752263841182331","potions_obtained":[{"floor":1.0,"key":"Languid Potion"},{"floor":8.0,"key":"Elixir"},{"floor":10.0,"key":"Swift Potion"},{"floor":11.0,"key":"Block Potion"},{"floor":22.0,"key":"LiquidMemories"},{"floor":25.0,"key":"Languid Potion"},{"floor":25.0,"key":"Venom Potion"},{"floor":36.0,"key":"FearPotion"},{"floor":37.0,"key":"GamblersBrew"},{"floor":45.0,"key":"Swift Potion"},{"floor":46,"key":"beaked:MendingBrew"}],"is_trial":false,"path_per_floor":["M","M","$","M","M","?","R","M","MIM","E","M","?","?","?","R_BF","B",null,"M","?","?","T","M","E","M","?","T","?","M","M","R","E","R","B",null,"M","M","?","AVR","?","R","M","?","MIM","R","E","M","R","E","R_BF","B",null],"character_chosen":"BEAKED_THE_CULTIST","items_purchased":["beaked:MaddeningMurmurs"],"campfire_rested":1,"item_purchase_floors":[3],"current_hp_per_floor":[50,50,50,48,31,21,36,38,50,50,48,48,48,48,48,48,56,48,48,48,48,31,47,50,50,50,50,62,45,45,55,55,49,62,28,51,55,55,55,55,49,49,71,71,17,56,56,56,56,63],"gold":933,"neow_bonus":"RANDOM_COLORLESS","is_daily":false,"chose_seed":false,"campfire_upgraded":5,"win_rate":0.0,"timestamp":1607658160,"path_taken":["M","M","?","M","M","?","R","M","MIM","E","?","?","?","?","R_BF","BOSS","M","?","?","?","?","E","M","?","T","?","?","M","R","E","R","BOSS","M","M","?","AVR","?","R","M","?","MIM","R","E","?","R","E","R_BF","BOSS"],"items_purchased_type":["Card"],"build_version":"2020-11-30","purchased_purges":0,"victory":true,"max_hp_per_floor":[50,50,50,50,50,50,50,50,50,50,53,53,53,53,53,56,56,59,59,59,59,59,59,59,59,59,59,62,62,62,62,62,62,62,62,65,65,65,65,65,68,68,71,71,71,74,74,74,74,74],"card_choices":[{"not_picked":["Replay:SS_fish_1","expansioncontent:Flail"],"picked":"Finesse","floor":0.0},{"not_picked":["beaked:CursingBlood","beaked:Tweet"],"picked":"beaked:Foresight","floor":1.0},{"not_picked":["beaked:Roost","beaked:TuckingFeathers"],"picked":"beaked:Evade","floor":2.0},{"not_picked":["beaked:Daydream","beaked:DarkPact"],"picked":"beaked:StickSmack","floor":4.0},{"not_picked":["beaked:HuntressEssence","ReplayTheSpireMod:Wings of Steel"],"picked":"beaked:Brace","floor":5.0},{"not_picked":["beaked:SurvivalInstinct","beaked:Resilience"],"picked":"beaked:DigDeep","floor":8.0},{"not_picked":["beaked:WarriorEssence","beaked:SurvivalInstinct"],"picked":"beaked:Daydream","floor":9.0},{"not_picked":["beaked:DigDeeper","beaked:Negation"],"picked":"beaked:Sacrifice","floor":10.0},{"not_picked":["beaked:Mantra","beaked:Redirect","beaked:CursingBlood"],"picked":"SKIP","floor":11.0},{"not_picked":["beaked:TuckingFeathers","beaked:BraceForImpact+1"],"picked":"ReplayTheSpireMod:Prepare the Ceremony","floor":18.0},{"not_picked":["beaked:DigDeep","beaked:Insight+1"],"picked":"beaked:SacrificialAttack","floor":22.0},{"not_picked":["beaked:BraceForImpact","beaked:Overexert"],"picked":"beaked:Struggle","floor":23.0},{"not_picked":["beaked:Negation","beaked:Daydream+1"],"picked":"beaked:Foresight","floor":24.0},{"not_picked":["beaked:Resilience","beaked:CursingBlood"],"picked":"beaked:BloodRitual+1","floor":28.0},{"not_picked":["beaked:Daydream+1","beaked:Resilience"],"picked":"beaked:Cower","floor":29.0},{"not_picked":["beaked:SurvivalInstinct","beaked:Devastation+1"],"picked":"beaked:StickSmack","floor":31.0},{"not_picked":["beaked:SacrificialScars","beaked:DarkPact"],"picked":"beaked:FakeOut","floor":33.0},{"not_picked":["beaked:ShadowFade","beaked:WindBringer+1"],"picked":"beaked:Windmill+1","floor":35.0},{"not_picked":["beaked:FakeOut","beaked:FeelMyPain"],"picked":"beaked:DigDeep+1","floor":36.0},{"not_picked":["beaked:CursingBlood","beaked:WarriorEssence"],"picked":"beaked:Hexing+1","floor":37.0},{"not_picked":["beaked:WarriorEssence+1","beaked:FeelMyPain+1"],"picked":"beaked:CrazyRituals+1","floor":41.0},{"not_picked":["beaked:Redirect+1","beaked:SacrificialDive+1"],"picked":"beaked:FeelMyPain","floor":43.0},{"not_picked":["beaked:BounceBack","beaked:Cower+1"],"picked":"beaked:BloodForTheGods+1","floor":45.0},{"not_picked":["beaked:Foresight","beaked:BarbedWire"],"picked":"beaked:TuckingFeathers","floor":46},{"not_picked":["beaked:DesperateSwing","beaked:WarriorEssence+1"],"picked":"beaked:Flinch+1","floor":48}],"player_experience":238874,"relics_obtained":[{"floor":9.0,"key":"StuffTheSpire:Barrel"},{"floor":10.0,"key":"Replay:WaspNest"},{"floor":19.0,"key":"StuffTheSpire:RubySignet"},{"floor":21.0,"key":"halation:KoshaPiece"},{"floor":23.0,"key":"conspire:BottledYoYo"},{"floor":26.0,"key":"HollowMod:PaleOreRelic"},{"floor":31.0,"key":"StuffTheSpire:GrapeVine"},{"floor":37.0,"key":"CatCart"},{"floor":39.0,"key":"Ring of Fangs"},{"floor":39.0,"key":"Ring of Hypnosis"},{"floor":43.0,"key":"Pocketwatch"},{"floor":43.0,"key":"StuffTheSpire:Expresso"},{"floor":45.0,"key":"StuffTheSpire:OldFever"},{"floor":48,"key":"Mummified Hand"},{"floor":49,"key":"hubris:SlimyHat"}],"event_choices":[{"damage_healed":31.0,"max_hp_gain":0.0,"max_hp_loss":50.0,"gold_gain":0.0,"event_name":"betterThird:BetterShining","player_choice":"Upgrade","floor":6.0,"gold_loss":0.0,"damage_taken":10.0,"cards_upgraded":["beaked:Strike_Y","beaked:Defend_Y"]},{"damage_healed":0.0,"max_hp_gain":0.0,"max_hp_loss":0.0,"gold_gain":0.0,"event_name":"Living Wall","player_choice":"Grow","floor":12.0,"gold_loss":0.0,"damage_taken":0.0,"cards_upgraded":["beaked:Evade"]},{"damage_healed":0.0,"max_hp_gain":0.0,"max_hp_loss":0.0,"gold_gain":0.0,"event_name":"Wheel of Change","player_choice":"Relic","floor":19.0,"gold_loss":0.0,"damage_taken":0.0},{"damage_healed":0.0,"max_hp_gain":0.0,"max_hp_loss":0.0,"gold_gain":0.0,"event_name":"Duplicator","player_choice":"Copied","floor":20.0,"gold_loss":0.0,"damage_taken":0.0,"cards_obtained":["beaked:StickSmack"]},{"damage_healed":0.0,"max_hp_gain":0.0,"max_hp_loss":0.0,"gold_gain":0.0,"event_name":"The Woman in Blue","player_choice":"Bought 2 Potions","floor":25.0,"gold_loss":0.0,"damage_taken":0.0},{"damage_healed":0.0,"max_hp_gain":0.0,"max_hp_loss":0.0,"gold_gain":0.0,"event_name":"OrinTheCat","player_choice":"Fight","floor":37.0,"gold_loss":0.0,"damage_taken":0.0}],"is_beta":false,"boss_relics":[{"not_picked":["Calling Bell","jedi:battlestandard"],"picked":"beaked:BlessedCoat"},{"not_picked":["halation:SmartPhone","halation:LoveArrow"],"picked":"hubris:GrandSneckoEye"}],"items_purged_floors":[],"is_endless":false,"potions_floor_spawned":[1,8,10,11,22,28,36,37,45,46],"ascension_level":0}}