{"host":"jm9833yuloeli2yd","time":1607657078,"event":{"mods":["BaseMod","StSLib","AchievementEnabler","Colored Map","Minty Spire (QoL Compilation)","Permanent Neow","SuperFastMode","Better Note","Better Altar","Better Match","Better Sensory Stone","Better Skull","DeckTracker","Better Vampires","Colored Powertips","Quick Restart"],"gold_per_floor":[110,130,141,14,14,14,45,45,45,56,56,69,83,116,116,195,195,205,130,180,20,36,64,64,79,105,105,105,35,63,75,75,149,149,162,172,48,48,60,85,102,102,102,118,44,44,70,124,124,124,124,124,23,55,55,55],"floor_reached":55,"playtime":2538,"items_purged":["Defend_G"],"score":1444,"play_id":"d8fc7596-b528-4025-aa2d-d154639fcfa1","local_time":"20201210222438","is_ascension_mode":true,"campfire_choices":[{"data":"Neutralize","floor":6.0,"key":"SMITH"},{"data":"Finisher","floor":8.0,"key":"SMITH"},{"data":"Blade Dance","floor":11.0,"key":"SMITH"},{"data":"Well Laid Plans","floor":15.0,"key":"SMITH"},{"floor":24.0,"key":"REST"},{"data":"Night Terror","floor":32.0,"key":"SMITH"},{"data":"Burst","floor":42.0,"key":"SMITH"},{"floor":46.0,"key":"RECALL"},{"floor":49.0,"key":"REST"},{"floor":52.0,"key":"REST"}],"circlet_count":0,"master_deck":["AscendersBane","Defend_G","Defend_G","Defend_G","Defend_G","Survivor","Neutralize+1","Phantasmal Killer","Blade Dance+1","Finisher+1","Poisoned Stab","Heel Hook","Dagger Spray","Adrenaline","Well Laid Plans+1","Heel Hook","Night Terror+1","PiercingWail","Burst+1","Dodge and Roll+1","Bite+1","Bite","Bite+1","Endless Agony","Wraith Form v2","Riddle With Holes","PiercingWail+1","Cloak And Dagger+1","Backstab","Leg Sweep","Storm of Steel"],"special_seed":0,"relics":["Ring of the Serpent","CaptainsWheel","Shuriken","Omamori","Lantern","Orichalcum","Enchiridion","Girya","SlaversCollar","Dream Catcher","Whetstone","Calipers","Strawberry"],"acts_visited":["Exordium","TheCity","TheBeyond","TheEnding"],"potions_floor_usage":[55],"damage_taken":[{"damage":15.0,"enemies":"Small Slimes","floor":1.0,"turns":6.0},{"damage":2.0,"enemies":"Cultist","floor":2.0,"turns":4.0},{"damage":1.0,"enemies":"Jaw Worm","floor":3.0,"turns":4.0},{"damage":14.0,"enemies":"3 Sentries","floor":7.0,"turns":5.0},{"damage":0.0,"enemies":"Large Slime","floor":10.0,"turns":2.0},{"damage":0.0,"enemies":"Exordium Wildlife","floor":12.0,"turns":1.0},{"damage":2.0,"enemies":"Exordium Thugs","floor":13.0,"turns":3.0},{"damage":10.0,"enemies":"Lagavulin","floor":14.0,"turns":5.0},{"damage":0.0,"enemies":"Hexaghost","floor":16.0,"turns":5.0},{"damage":21.0,"enemies":"2 Thieves","floor":18.0,"turns":4.0},{"damage":0.0,"enemies":"Chosen","floor":22.0,"turns":3.0},{"damage":19.0,"enemies":"Slavers","floor":23.0,"turns":4.0},{"damage":1.0,"enemies":"Centurion and Healer","floor":25.0,"turns":4.0},{"damage":1.0,"enemies":"Gremlin Leader","floor":30.0,"turns":7.0},{"damage":0.0,"enemies":"Chosen and Byrds","floor":31.0,"turns":6.0},{"damage":19.0,"enemies":"Collector","floor":33.0,"turns":7.0},{"damage":19.0,"enemies":"3 Darklings","floor":35.0,"turns":8.0},{"damage":0.0,"enemies":"3 Shapes","floor":36.0,"turns":6.0},{"damage":9.0,"enemies":"Spire Growth","floor":39.0,"turns":5.0},{"damage":18.0,"enemies":"Reptomancer","floor":40.0,"turns":6.0},{"damage":5.0,"enemies":"4 Shapes","floor":41.0,"turns":10.0},{"damage":15.0,"enemies":"Jaw Worm Horde","floor":44.0,"turns":5.0},{"damage":0.0,"enemies":"Nemesis","floor":47.0,"turns":5.0},{"damage":14.0,"enemies":"2 Orb Walkers","floor":48.0,"turns":2.0},{"damage":42.0,"enemies":"Donu and Deca","floor":50.0,"turns":8.0},{"damage":14,"enemies":"Shield and Spear","floor":54,"turns":4},{"damage":61,"enemies":"The Heart","floor":55,"turns":5}],"seed_played":"6275584822148763734","potions_obtained":[{"floor":3.0,"key":"Weak Potion"},{"floor":13.0,"key":"SpeedPotion"},{"floor":14.0,"key":"Regen Potion"},{"floor":18.0,"key":"Explosive Potion"},{"floor":25.0,"key":"FearPotion"},{"floor":39.0,"key":"Fruit Juice"},{"floor":40.0,"key":"PowerPotion"},{"floor":47.0,"key":"SpeedPotion"}],"is_trial":false,"path_per_floor":["M","M","M","$","?","R","E","R","T","M","R","M","M","E","R","B",null,"M","?","?","$","M","E","R","M","T","?","?","$","E","M","R","B",null,"M","M","$","?","M","E","M","R","T","M","$","R","E","?","R","B",null,"R","$","E","B"],"character_chosen":"THE_SILENT","items_purchased":["Heel Hook","PowerPotion","Burst","Endless Agony","BlessingOfTheForge","Leg Sweep","SkillPotion","BlessingOfTheForge"],"campfire_rested":3,"item_purchase_floors":[4,4,21,29,37,45,53,53],"current_hp_per_floor":[44,42,41,41,41,41,27,27,27,27,27,27,25,15,15,29,57,36,36,36,36,36,17,36,35,35,35,14,14,23,31,31,16,45,36,42,42,53,47,39,36,36,36,28,28,28,32,23,40,9,47,59,59,52,0,0],"gold":55,"neow_bonus":"ONE_RANDOM_RARE_CARD","is_daily":false,"chose_seed":false,"campfire_upgraded":6,"win_rate":0,"timestamp":1607657078,"path_taken":["M","M","M","$","?","R","E","R","T","M","R","?","M","E","R","BOSS","M","?","?","$","M","E","R","M","T","?","?","$","E","M","R","BOSS","M","M","$","?","M","E","M","R","T","M","?","R","E","?","R","BOSS","R","$","E","BOSS"],"build_version":"2020-11-30","purchased_purges":1,"victory":false,"max_hp_per_floor":[66,66,66,66,66,66,66,66,66,66,66,66,66,66,66,66,66,66,66,66,66,66,66,66,66,66,54,54,54,54,54,54,54,54,54,54,54,54,54,54,54,54,54,59,59,59,59,59,59,59,59,59,59,66,66,66],"card_choices":[{"not_picked":["Flying Knee","Caltrops"],"picked":"Blade Dance","floor":1.0},{"not_picked":["Skewer","Outmaneuver"],"picked":"Finisher","floor":2.0},{"not_picked":["Quick Slash","Deadly Poison"],"picked":"Poisoned Stab","floor":3.0},{"not_picked":["Blade Dance","Flying Knee"],"picked":"Adrenaline","floor":7.0},{"not_picked":["Eviscerate","Setup"],"picked":"Well Laid Plans","floor":10.0},{"not_picked":["Underhanded Strike","Outmaneuver","Distraction"],"picked":"SKIP","floor":12.0},{"not_picked":["Riddle With Holes","Dagger Spray","Deadly Poison"],"picked":"SKIP","floor":13.0},{"not_picked":["Outmaneuver","Bullet Time"],"picked":"Heel Hook","floor":14.0},{"not_picked":["Die Die Die","Doppelganger"],"picked":"Night Terror","floor":16.0},{"not_picked":["Bane","Slice"],"picked":"PiercingWail","floor":18.0},{"not_picked":["Masterful Stab","Flying Knee"],"picked":"Dodge and Roll+1","floor":22.0},{"not_picked":["Bullet Time","Bane+1","Catalyst"],"picked":"SKIP","floor":23.0},{"not_picked":["Dodge and Roll","Caltrops","Acrobatics"],"picked":"SKIP","floor":25.0},{"not_picked":["Dagger Throw","Deadly Poison","Bane"],"picked":"SKIP","floor":30.0},{"not_picked":["Dagger Spray","Eviscerate","Poisoned Stab"],"picked":"SKIP","floor":31.0},{"not_picked":["Phantasmal Killer","Storm of Steel"],"picked":"Wraith Form v2","floor":33.0},{"not_picked":["Quick Slash","Dagger Throw+1"],"picked":"Riddle With Holes","floor":35.0},{"not_picked":["Dagger Throw+1","Blur","Acrobatics"],"picked":"SKIP","floor":36.0},{"not_picked":["Poisoned Stab","Quick Slash+1"],"picked":"PiercingWail+1","floor":39.0},{"not_picked":["Outmaneuver+1","Unload"],"picked":"Cloak And Dagger+1","floor":40.0},{"not_picked":["Cloak And Dagger","Blade Dance"],"picked":"Backstab","floor":41.0},{"not_picked":["Distraction","Concentrate+1","Masterful Stab"],"picked":"SKIP","floor":44.0},{"not_picked":["Riddle With Holes","Masterful Stab+1","Deadly Poison"],"picked":"SKIP","floor":47.0},{"not_picked":["Crippling Poison","Well Laid Plans"],"picked":"Storm of Steel","floor":48.0},{"not_picked":["Quick Slash","Sucker Punch","Blur"],"picked":"SKIP","floor":54}],"player_experience":1018187,"relics_obtained":[{"floor":7.0,"key":"CaptainsWheel"},{"floor":9.0,"key":"Shuriken"},{"floor":14.0,"key":"Omamori"},{"floor":23.0,"key":"Lantern"},{"floor":26.0,"key":"Orichalcum"},{"floor":28.0,"key":"Enchiridion"},{"floor":30.0,"key":"Girya"},{"floor":40.0,"key":"Dream Catcher"},{"floor":47.0,"key":"Whetstone"},{"floor":48.0,"key":"Calipers"},{"floor":54,"key":"Strawberry"}],"event_choices":[{"damage_healed":0.0,"max_hp_gain":0.0,"max_hp_loss":0.0,"gold_gain":0.0,"cards_transformed":["Strike_G"],"event_name":"Transmorgrifier","player_choice":"Transformed","floor":5.0,"gold_loss":0.0,"damage_taken":0.0,"cards_obtained":["Dagger Spray"]},{"cards_removed":["Strike_G"],"damage_healed":0.0,"max_hp_gain":0.0,"max_hp_loss":0.0,"gold_gain":0.0,"event_name":"Beggar","player_choice":"Gave Gold","floor":19.0,"gold_loss":75.0,"damage_taken":0.0},{"damage_healed":0.0,"max_hp_gain":0.0,"max_hp_loss":0.0,"gold_gain":50.0,"event_name":"Nest","player_choice":"Stole From Cult","floor":20.0,"gold_loss":0.0,"damage_taken":0.0},{"damage_healed":0.0,"max_hp_gain":0.0,"max_hp_loss":12.0,"gold_gain":0.0,"event_name":"Vampires","player_choice":"Became a vampire","floor":27.0,"gold_loss":0.0,"damage_taken":0.0,"cards_obtained":["Bite","Bite","Bite"]},{"damage_healed":0.0,"max_hp_gain":0.0,"max_hp_loss":0.0,"gold_gain":0.0,"event_name":"Cursed Tome","player_choice":"Obtained Book","floor":28.0,"gold_loss":0.0,"damage_taken":21.0},{"damage_healed":11.0,"max_hp_gain":0.0,"max_hp_loss":0.0,"gold_gain":0.0,"event_name":"Winding Halls","player_choice":"Writhe","floor":38.0,"gold_loss":0.0,"damage_taken":0.0,"cards_obtained":["Writhe"]},{"damage_healed":0.0,"max_hp_gain":0.0,"max_hp_loss":0.0,"gold_gain":0.0,"event_name":"Mysterious Sphere","player_choice":"Fight","floor":48.0,"gold_loss":0.0,"damage_taken":0.0}],"is_beta":false,"boss_relics":[{"not_picked":["Ectoplasm","Tiny House"],"picked":"Ring of the Serpent"},{"not_picked":["Philosopher\u0027s Stone","Astrolabe"],"picked":"SlaversCollar"}],"items_purged_floors":[37],"is_endless":false,"potions_floor_spawned":[3,10,13,14,18,25,39,40,41,47],"killed_by":"The Heart","ascension_level":15}}