{"host":"7zb9v22qptw5vuf6","time":1607699047,"event":{"mods":["BaseMod","Luminous","Marisa（F雨　魔理沙）","Minty Spire (QoL Compilation)","Reimu（博丽灵梦）","Replay The Spire","Say the Spire","StSLib","The Jungle","Yuyuko","【东方二次创作】八云紫mod"],"gold_per_floor":[117,117,134,149,169,169,179,179,179,179,179,54,82,82,157,185,185,295,295,327,287,322,355,114,114,114],"floor_reached":25,"playtime":1437,"items_purged":["Strike_MRS"],"score":261,"play_id":"c6f44423-909d-4212-8138-8b5e7db90e0b","local_time":"20201211230407","is_ascension_mode":false,"campfire_choices":[{"data":"StarlightTyphoon","floor":10.0,"key":"SMITH"},{"floor":14.0,"key":"REST"},{"floor":17.0,"key":"REST"}],"circlet_count":0,"master_deck":["Strike_MRS","Strike_MRS","Defend_MRS","Defend_MRS","Defend_MRS","Defend_MRS","MasterSpark","EnergyFlow","StarlightTyphoon+1","SprinkleStarSeal","Replay:Light Bash","LuminesStrike","WitchOfGreed","PulseMagic","CasketOfStar+1","TreasureHunter","PowerUp","IllusionStar+1","ShootTheMoon+1"],"relics":["BewitchedHakkero","NeowsBlessing","Replay:Ringing Soul","ReplayTheSpireMod:Lightbulb","Snack Pack","Matryoshka"],"acts_visited":["Exordium","TheCity"],"potions_floor_usage":[22,25,25],"damage_taken":[{"damage":0.0,"enemies":"Jaw Worm","floor":1.0,"turns":1.0},{"damage":0.0,"enemies":"Cultist","floor":3.0,"turns":1.0},{"damage":0.0,"enemies":"2 Louse","floor":4.0,"turns":1.0},{"damage":5.0,"enemies":"Looter","floor":5.0,"turns":3.0},{"damage":15.0,"enemies":"3 Louse","floor":7.0,"turns":4.0},{"damage":46.0,"enemies":"Gremlin Nob","floor":13.0,"turns":5.0},{"damage":12.0,"enemies":"Lagavulin","floor":16.0,"turns":2.0},{"damage":43.0,"enemies":"Fading Forest","floor":18.0,"turns":11.0},{"damage":46.0,"enemies":"Spheric Guardian","floor":20.0,"turns":6.0},{"damage":22,"enemies":"Shell Parasite","floor":22,"turns":8},{"damage":17,"enemies":"Cultist and Chosen","floor":23,"turns":6},{"damage":20,"enemies":"Slavers","floor":25,"turns":1}],"seed_played":"4074197510031604190","potions_obtained":[{"floor":4.0,"key":"Block Potion"},{"floor":5.0,"key":"LiquidBronze"},{"floor":13.0,"key":"Death Potion"},{"floor":18.0,"key":"PowerPotion"},{"floor":18.0,"key":"PowerPotion"},{"floor":22,"key":"Fire Potion"},{"floor":23,"key":"Adrenaline Potion"}],"is_trial":false,"path_per_floor":["M","?","M","M","M","?","M","PTL","PTL","R","T","$","E","R","?","E","R","B",null,"M","?","M","M","$","E"],"character_chosen":"MARISA","items_purchased":["WitchOfGreed","Matryoshka"],"campfire_rested":2,"item_purchase_floors":[12,24],"current_hp_per_floor":[75,75,75,75,70,70,55,55,55,55,55,58,15,39,28,19,44,32,87,44,44,29,17,17,0,0],"gold":114,"neow_bonus":"THREE_ENEMY_KILL","is_daily":false,"chose_seed":false,"campfire_upgraded":1,"win_rate":0.0,"timestamp":1607699047,"path_taken":["M","?","M","?","M","?","M","PTL","PTL","R","T","$","E","R","?","E","R","BOSS","M","?","M","M","$","E"],"items_purchased_type":["Card","Relic"],"build_version":"2020-11-30","purchased_purges":1,"victory":false,"max_hp_per_floor":[75,75,75,75,75,75,75,75,75,75,75,78,81,81,81,84,84,87,87,90,90,93,96,96,96,96],"card_choices":[{"not_picked":["DoubleSpark","GasGiant","6A"],"picked":"SKIP","floor":1.0},{"not_picked":["IllusionStar","DoubleSpark"],"picked":"EnergyFlow","floor":3.0},{"not_picked":["LuminesStrike","NonDirectionalLaser"],"picked":"StarlightTyphoon","floor":4.0},{"not_picked":["GrandCross","ChargeUpSpray"],"picked":"SprinkleStarSeal","floor":5.0},{"not_picked":["GravityBeat","OneTimeOff"],"picked":"LuminesStrike","floor":7.0},{"not_picked":["WitchOfGreed","SporeBomb"],"picked":"PulseMagic","floor":13.0},{"not_picked":["Orbital","PowerUp"],"picked":"CasketOfStar","floor":16.0},{"not_picked":["SuperNova","BlazingStar"],"picked":"TreasureHunter","floor":18.0},{"not_picked":["ChargingUp+1","MeteoricShower"],"picked":"PowerUp","floor":20},{"not_picked":["WitchOfGreed","MachineGunSpark+1"],"picked":"IllusionStar+1","floor":22},{"not_picked":["EventHorizon","GalacticHalo"],"picked":"ShootTheMoon+1","floor":23}],"player_experience":209360,"relics_obtained":[{"floor":11.0,"key":"Replay:Ringing Soul"},{"floor":13.0,"key":"ReplayTheSpireMod:Lightbulb"},{"floor":16.0,"key":"Snack Pack"}],"event_choices":[{"cards_removed":["Strike_MRS"],"damage_healed":0.0,"max_hp_gain":0.0,"max_hp_loss":0.0,"gold_gain":0.0,"event_name":"Bonfire Elementals","player_choice":"Offered Basic","floor":2.0,"gold_loss":0.0,"damage_taken":0.0},{"damage_healed":0.0,"max_hp_gain":0.0,"max_hp_loss":0.0,"gold_gain":75.0,"event_name":"World of Goop","player_choice":"Gather Gold","floor":15.0,"gold_loss":0.0,"damage_taken":11.0},{"damage_healed":0,"gold_gain":0,"player_choice":"Upgrade","damage_taken":0,"max_hp_gain":0,"max_hp_loss":0,"event_name":"Designer","floor":21,"gold_loss":40,"cards_upgraded":["CasketOfStar"]}],"is_beta":false,"boss_relics":[{"not_picked":["ReplayTheSpireMod:DimensionalGlitch","Astrolabe"],"picked":"BewitchedHakkero"}],"items_purged_floors":[12],"is_endless":false,"potions_floor_spawned":[4,5,13,18,23],"killed_by":"Slavers","ascension_level":0}}