{"host":"w3x3n9s6mrz4xpf0","time":1607682094,"event":{"mods":["BaseMod","Minty Spire (QoL Compilation)","StSLib","SuperFastMode"],"gold_per_floor":[365,378,395,395,395,395,395,395,395,25,57,73,73,108,108,204,204,223,223,237,164,181,191,210,210,233,44,44,74,74,84,84,187,187,206,225,275,148,158,190,217,231,231,257,257,310,310,0,0,0],"floor_reached":51,"playtime":1799,"items_purged":["Strike_R","Strike_R","Strike_R","Strike_R"],"score":1561,"play_id":"68a7918a-b219-459f-b621-4a6bf81dfb71","local_time":"20201211192134","is_ascension_mode":true,"campfire_choices":[{"data":"Inflame","floor":6.0,"key":"SMITH"},{"data":"Limit Break","floor":8.0,"key":"SMITH"},{"data":"Bash","floor":15,"key":"SMITH"},{"data":"Evolve","floor":25,"key":"SMITH"},{"data":"Pommel Strike","floor":28,"key":"SMITH"},{"data":"Wild Strike","floor":32,"key":"SMITH"},{"data":"Twin Strike","floor":49,"key":"SMITH"}],"circlet_count":0,"master_deck":["AscendersBane","Defend_R","Defend_R","Defend_R","Bash+1","Wild Strike+1","Twin Strike+1","Inflame+1","Limit Break+1","Shrug It Off+1","Reaper","Double Tap+1","Exhume+1","Pommel Strike+1","Evolve+1","Shrug It Off+1","Madness+1","Madness+1"],"relics":["Burning Blood","Gambling Chip","Gremlin Horn","Membership Card","Toxic Egg 2","Boot","Mummified Hand","Busted Crown","Self Forming Clay","Happy Flower","Singing Bowl","Unceasing Top","Runic Pyramid","WingedGreaves","Mango","Bag of Marbles","Kunai","TungstenRod","Red Mask"],"acts_visited":["Exordium","TheCity","TheBeyond"],"potions_floor_usage":[10,12,16,16,20,50,50],"damage_taken":[{"damage":12.0,"enemies":"2 Louse","floor":1.0,"turns":5.0},{"damage":2.0,"enemies":"Small Slimes","floor":2.0,"turns":4.0},{"damage":12.0,"enemies":"Jaw Worm","floor":3.0,"turns":3.0},{"damage":23,"enemies":"Gremlin Nob","floor":11,"turns":4},{"damage":13,"enemies":"Exordium Thugs","floor":12,"turns":5},{"damage":20,"enemies":"Lagavulin","floor":14,"turns":7},{"damage":46,"enemies":"The Guardian","floor":16,"turns":11},{"damage":3,"enemies":"Shell Parasite","floor":18,"turns":5},{"damage":1,"enemies":"3 Byrds","floor":20,"turns":3},{"damage":23,"enemies":"Snecko","floor":22,"turns":4},{"damage":2,"enemies":"Cultist and Chosen","floor":23,"turns":4},{"damage":19,"enemies":"Snake Plant","floor":24,"turns":3},{"damage":36,"enemies":"Slavers","floor":29,"turns":5},{"damage":0,"enemies":"Centurion and Healer","floor":31,"turns":5},{"damage":43,"enemies":"Collector","floor":33,"turns":6},{"damage":17,"enemies":"3 Shapes","floor":35,"turns":5},{"damage":11,"enemies":"Orb Walker","floor":36,"turns":2},{"damage":0,"enemies":"Mind Bloom Boss Battle","floor":37,"turns":5},{"damage":24,"enemies":"4 Shapes","floor":39,"turns":4},{"damage":33,"enemies":"Nemesis","floor":40,"turns":7},{"damage":50,"enemies":"Reptomancer","floor":41,"turns":6},{"damage":0,"enemies":"3 Darklings","floor":42,"turns":5},{"damage":56,"enemies":"Nemesis","floor":44,"turns":5},{"damage":27,"enemies":"2 Orb Walkers","floor":46,"turns":4},{"damage":67,"enemies":"Donu and Deca","floor":50,"turns":7}],"seed_played":"6632292175879551098","potions_obtained":[{"floor":3.0,"key":"Block Potion"},{"floor":11,"key":"Explosive Potion"},{"floor":12,"key":"Swift Potion"},{"floor":16,"key":"SkillPotion"},{"floor":18,"key":"Explosive Potion"},{"floor":22,"key":"Regen Potion"},{"floor":24,"key":"Strength Potion"},{"floor":37,"key":"Swift Potion"}],"is_trial":false,"path_per_floor":["M","M","M","?","?","R","?","R","T","$","E","M","?","E","R","B",null,"M","T","M","$","M","M","M","R","T","$","R","E","?","M","R","B",null,"M","M","?","$","M","E","E","M","T","E","?","?","?","?","R","B",null],"character_chosen":"IRONCLAD","items_purchased":["Membership Card","Toxic Egg 2","Fruit Juice","Pommel Strike","Singing Bowl","CultistPotion"],"campfire_rested":0,"item_purchase_floors":[10,10,10,21,27,38],"current_hp_per_floor":[66,70,64,64,61,61,61,61,61,66,49,42,35,37,37,12,61,64,64,77,77,68,72,77,77,77,77,77,73,73,81,81,46,74,85,82,89,89,91,107,94,111,111,109,95,113,113,113,113,100],"gold":0,"neow_bonus":"TWO_FIFTY_GOLD","is_daily":false,"chose_seed":false,"campfire_upgraded":7,"win_rate":0.0,"timestamp":1607682094,"path_taken":["M","M","M","?","?","R","?","R","T","?","E","?","?","E","R","BOSS","M","?","M","$","M","M","M","R","T","$","R","E","?","M","R","BOSS","M","M","?","$","M","E","E","M","T","E","?","?","?","?","R","BOSS"],"items_purchased_type":["Relic","Relic","Potion","Card","Relic","Potion"],"build_version":"2020-11-30","purchased_purges":4,"victory":true,"max_hp_per_floor":[72,72,72,72,72,72,72,72,72,77,77,77,77,77,77,77,77,77,77,77,77,77,77,77,77,77,77,77,79,79,81,81,83,83,85,87,89,89,91,107,109,111,111,111,111,113,113,113,113,113],"card_choices":[{"not_picked":["Pommel Strike","Warcry"],"picked":"Wild Strike","floor":1.0},{"not_picked":["Heavy Blade","Sever Soul"],"picked":"Twin Strike","floor":2.0},{"not_picked":["Headbutt","Dark Embrace"],"picked":"Inflame","floor":3.0},{"not_picked":["Clothesline","Pommel Strike"],"picked":"Shrug It Off+1","floor":11},{"not_picked":["Rampage","Clash"],"picked":"Reaper","floor":12},{"not_picked":["Twin Strike","Infernal Blade+1"],"picked":"Double Tap+1","floor":14},{"not_picked":["Juggernaut","Demon Form"],"picked":"Exhume+1","floor":16},{"not_picked":["Pommel Strike"],"picked":"SKIP","floor":18},{"not_picked":["Rage+1"],"picked":"SKIP","floor":20},{"not_picked":["Rage+1"],"picked":"SKIP","floor":20},{"not_picked":["Perfected Strike"],"picked":"SKIP","floor":22},{"not_picked":["Twin Strike"],"picked":"SKIP","floor":23},{"not_picked":[],"picked":"Evolve","floor":24},{"not_picked":["Sever Soul"],"picked":"Singing Bowl","floor":29},{"not_picked":["Wild Strike"],"picked":"Singing Bowl","floor":31},{"not_picked":["Immolate"],"picked":"Singing Bowl","floor":33},{"not_picked":["Armaments+1"],"picked":"Singing Bowl","floor":35},{"not_picked":["Uppercut+1"],"picked":"Singing Bowl","floor":36},{"not_picked":["Armaments+1"],"picked":"Singing Bowl","floor":37},{"not_picked":["Headbutt"],"picked":"Singing Bowl","floor":39},{"not_picked":["Armaments+1"],"picked":"Singing Bowl","floor":40},{"not_picked":["Disarm+1"],"picked":"Singing Bowl","floor":41},{"not_picked":["Sever Soul+1"],"picked":"Singing Bowl","floor":42},{"not_picked":[],"picked":"Shrug It Off+1","floor":44},{"not_picked":["Perfected Strike"],"picked":"Singing Bowl","floor":46}],"player_experience":57595,"relics_obtained":[{"floor":9.0,"key":"Gremlin Horn"},{"floor":11,"key":"Boot"},{"floor":14,"key":"Mummified Hand"},{"floor":19,"key":"Self Forming Clay"},{"floor":26,"key":"Happy Flower"},{"floor":29,"key":"Unceasing Top"},{"floor":37,"key":"WingedGreaves"},{"floor":40,"key":"Mango"},{"floor":43,"key":"Bag of Marbles"},{"floor":44,"key":"Kunai"},{"floor":46,"key":"TungstenRod"}],"event_choices":[{"damage_healed":0.0,"max_hp_gain":0.0,"max_hp_loss":0.0,"gold_gain":0.0,"cards_transformed":["Strike_R"],"event_name":"Living Wall","player_choice":"Change","floor":4.0,"gold_loss":0.0,"damage_taken":0.0,"cards_obtained":["Limit Break"]},{"damage_healed":0.0,"max_hp_gain":0.0,"max_hp_loss":0.0,"gold_gain":0.0,"event_name":"Scrap Ooze","player_choice":"Success","floor":5.0,"gold_loss":0.0,"damage_taken":3.0,"relics_obtained":["Gambling Chip"]},{"damage_healed":0.0,"max_hp_gain":0.0,"max_hp_loss":0.0,"gold_gain":0.0,"event_name":"Liars Game","player_choice":"Ignored","floor":7.0,"gold_loss":0.0,"damage_taken":0.0},{"damage_healed":0,"gold_gain":0,"player_choice":"Damaged","damage_taken":7,"max_hp_gain":0,"max_hp_loss":0,"event_name":"Wheel of Change","floor":13,"gold_loss":0},{"damage_healed":0,"gold_gain":0,"player_choice":"Ignored","damage_taken":0,"max_hp_gain":0,"max_hp_loss":0,"event_name":"Ghosts","floor":30,"gold_loss":0},{"damage_healed":0,"gold_gain":0,"player_choice":"Fight","damage_taken":0,"max_hp_gain":0,"max_hp_loss":0,"event_name":"MindBloom","floor":37,"gold_loss":0},{"damage_healed":0,"gold_gain":0,"player_choice":"Embrace Madness","damage_taken":14,"max_hp_gain":0,"max_hp_loss":0,"event_name":"Winding Halls","floor":45,"gold_loss":0,"cards_obtained":["Madness","Madness"]},{"damage_healed":0,"gold_gain":0,"player_choice":"Fight","damage_taken":0,"max_hp_gain":0,"max_hp_loss":0,"event_name":"Mysterious Sphere","floor":46,"gold_loss":0},{"cards_removed":["Defend_R"],"damage_healed":0,"gold_gain":0,"player_choice":"Removed Skill","damage_taken":0,"max_hp_gain":0,"max_hp_loss":0,"event_name":"Falling","floor":47,"gold_loss":0},{"damage_healed":0,"gold_gain":0,"player_choice":"Paid","damage_taken":0,"relics_obtained":["Red Mask"],"max_hp_gain":0,"max_hp_loss":0,"event_name":"Tomb of Lord Red Mask","floor":48,"gold_loss":310}],"is_beta":false,"boss_relics":[{"not_picked":["Pandora\u0027s Box","Empty Cage"],"picked":"Busted Crown"},{"not_picked":["Mark of Pain","Velvet Choker"],"picked":"Runic Pyramid"}],"items_purged_floors":[10,21,27,38],"is_endless":false,"potions_floor_spawned":[3,11,12,16,18,22,24,29,35,37,39,41,42,46],"ascension_level":12}}