{"host":"zkqorkqsr6o67e8b","time":1607648235,"event":{"mods":["BaseMod","Better Vampires","Minty Spire (QoL Compilation)","Quick Restart","StSLib","The Alterego","Waifu the Spire","【功能Mod】精心准备","【遗物卡牌】REMEMod"],"gold_per_floor":[116,41,41,41,58,83,102,134,134,144,144,144,164,19,19,117,117,129,4,4,24,24,24],"floor_reached":22,"playtime":933,"items_purged":["Strike_B","Strike_B"],"score":363,"play_id":"735f32c5-ef8f-467e-a6b5-fd197e1458f0","local_time":"20201211085715","is_ascension_mode":true,"campfire_choices":[{"data":"Zap","floor":12,"key":"SMITH"},{"data":"Amplify","floor":15,"key":"SMITH"}],"circlet_count":0,"master_deck":["Strike_B","Strike_B","Defend_B","Defend_B","Defend_B","Defend_B","Zap+1","Dualcast","Mayhem+1","White Noise","Glacier","Amplify+1","Electrodynamics","Ball Lightning","Heatsinks"],"relics":["NeowsBlessing","Singing Bowl","Darkstone Periapt","Mercury Hourglass","Mummified Hand","REME_HandOfSuture","Inserter","Nloth\u0027s Gift"],"acts_visited":["Exordium","TheCity"],"potions_floor_usage":[8],"damage_taken":[{"damage":0,"enemies":"Small Slimes","floor":1,"turns":2},{"damage":0,"enemies":"Jaw Worm","floor":5,"turns":1},{"damage":0,"enemies":"3 Sentries","floor":6,"turns":2},{"damage":1,"enemies":"Cultist","floor":7,"turns":3},{"damage":56,"enemies":"Gremlin Nob","floor":8,"turns":6},{"damage":0,"enemies":"Blue Slaver","floor":10,"turns":5},{"damage":12,"enemies":"Lots of Slimes","floor":13,"turns":3},{"damage":0,"enemies":"Slime Boss","floor":16,"turns":6},{"damage":0,"enemies":"3 Byrds","floor":18,"turns":2},{"damage":18,"enemies":"Shell Parasite","floor":21,"turns":3},{"damage":35,"enemies":"Shelled Parasite and Fungi","floor":22,"turns":7}],"seed_played":"7658988451337450589","potions_obtained":[{"floor":4,"key":"LiquidMemories"},{"floor":4,"key":"LiquidMemories"},{"floor":4,"key":"PowerPotion"},{"floor":8,"key":"FocusPotion"}],"is_trial":false,"path_per_floor":["M","$","?","?","M","E","M","E","T","M","?","R","M","$","R","B",null,"M","$","?","M","M"],"character_chosen":"DEFECT","items_purchased":["REME_HandOfSuture","Ball Lightning"],"campfire_rested":0,"item_purchase_floors":[14,19],"current_hp_per_floor":[70,70,70,70,72,72,73,17,17,17,17,17,7,7,7,7,64,66,66,66,48,13,13],"gold":24,"neow_bonus":"THREE_ENEMY_KILL","is_daily":false,"chose_seed":false,"campfire_upgraded":2,"win_rate":0.0,"timestamp":1607648235,"path_taken":["M","$","?","?","?","E","M","E","T","M","?","R","M","$","R","BOSS","M","?","?","M","?"],"items_purchased_type":["Relic","Card"],"build_version":"2020-11-30","purchased_purges":2,"victory":false,"max_hp_per_floor":[77,77,77,77,79,79,81,81,81,81,81,81,83,83,83,83,83,85,85,85,85,85,85],"card_choices":[{"not_picked":["Steam Power","Beam Cell","Doom and Gloom"],"picked":"Singing Bowl","floor":1},{"not_picked":["Rebound","Tempest","Steam"],"picked":"Singing Bowl","floor":5},{"not_picked":["Redo","Recycle"],"picked":"White Noise","floor":6},{"not_picked":["Steam Power","Redo","Beam Cell"],"picked":"Singing Bowl","floor":7},{"not_picked":["Turbo","FTL","Conserve Battery"],"picked":"Glacier","floor":8},{"not_picked":["Rebound","BootSequence"],"picked":"Amplify","floor":10},{"not_picked":["Sweeping Beam","Streamline","Hologram"],"picked":"Singing Bowl","floor":13},{"not_picked":["Echo Form","REME_ForAll"],"picked":"Electrodynamics","floor":16},{"not_picked":["Aggregate","Steam+1","Hologram"],"picked":"Singing Bowl","floor":18},{"not_picked":["Rebound","Ball Lightning","Beam Cell","Turbo"],"picked":"Heatsinks","floor":21}],"player_experience":373670,"relics_obtained":[{"floor":6,"key":"Darkstone Periapt"},{"floor":8,"key":"Mercury Hourglass"},{"floor":9,"key":"Mummified Hand"}],"event_choices":[{"damage_healed":0,"gold_gain":0,"player_choice":"Leave","damage_taken":0,"max_hp_gain":0,"max_hp_loss":0,"event_name":"The Cleric","floor":3,"gold_loss":0},{"damage_healed":0,"gold_gain":0,"player_choice":"Got Potions","damage_taken":0,"max_hp_gain":0,"max_hp_loss":0,"event_name":"Lab","floor":4,"gold_loss":0},{"damage_healed":0,"gold_gain":0,"player_choice":"Forge","damage_taken":0,"max_hp_gain":0,"max_hp_loss":0,"event_name":"Accursed Blacksmith","floor":11,"gold_loss":0,"cards_upgraded":["Mayhem"]},{"damage_healed":0,"gold_gain":0,"player_choice":"Traded Relic","damage_taken":0,"relics_obtained":["Nloth\u0027s Gift"],"max_hp_gain":0,"max_hp_loss":0,"event_name":"N\u0027loth","floor":20,"relics_lost":["REME_ComplimentaryCards"],"gold_loss":0}],"is_beta":false,"boss_relics":[{"not_picked":["Coffee Dripper","Busted Crown"],"picked":"Inserter"}],"items_purged_floors":[2,19],"is_endless":false,"potions_floor_spawned":[5,8,10,13,18],"killed_by":"Shelled Parasite and Fungi","ascension_level":7}}