{"host":"cavdxv3q5sroy46w","time":1607663464,"event":{"mods":["AchievementEnabler","BaseMod","Block Reminder","Colored Map","Colored Powertips","Hermit","Minty Spire (QoL Compilation)","Quick Restart","Relic Stats","Replay The Spire","Shop Mod","StSLib","SuperFastMode","The Bug Knight"],"gold_per_floor":[114,20,44,56,68,108,120,132,144,156,197,220,295,307,319,428,440,462,485,497,306,324,339,339,339,408,426,445,456,467,502,502,502,502],"floor_reached":33,"playtime":3120,"items_purged":[],"score":350,"play_id":"b951f558-d344-401b-a5af-43acaf0f8762","local_time":"20201211001104","is_ascension_mode":false,"campfire_choices":[{"data":"Enlightenment","floor":8.0,"key":"SMITH"},{"data":"Body Slam","floor":10.0,"key":"SMITH"},{"data":"Impervious","floor":25.0,"key":"SMITH"},{"data":"Body Slam","floor":32.0,"key":"SMITH"}],"circlet_count":0,"master_deck":["Strike_R+1","Strike_R","Strike_R","Strike_R","Defend_R+1","Defend_R","Defend_R","Defend_R","Bash+1","Body Slam+1","Enlightenment+1","Intimidate","Perfected Strike+1","Impervious+1","Body Slam+1"],"relics":["Burning Blood","NeowsBlessing","MawBank","Divine Protection","HornCleat","Pear","ReplayFunnel","Busted Crown","Lantern","Bag of Marbles","Replay:Bottled Steam","Blue Doll"],"acts_visited":["Exordium","TheCity"],"potions_floor_usage":[],"damage_taken":[{"damage":0.0,"enemies":"Cultist","floor":1.0,"turns":1.0},{"damage":0.0,"enemies":"HollowMod:MossKnight","floor":6.0,"turns":1.0},{"damage":0.0,"enemies":"Replay:BlueRogue","floor":11.0,"turns":1.0},{"damage":0.0,"enemies":"2 Louse","floor":12.0,"turns":2.0},{"damage":5.0,"enemies":"3 Sentries","floor":13.0,"turns":7.0},{"damage":13.0,"enemies":"Slime Boss","floor":16.0,"turns":8.0},{"damage":10.0,"enemies":"3 Byrds","floor":18.0,"turns":6.0},{"damage":12.0,"enemies":"2 Thieves","floor":19.0,"turns":3.0},{"damage":14.0,"enemies":"Centurion and Healer","floor":22.0,"turns":7.0},{"damage":0.0,"enemies":"3 Cultists","floor":23.0,"turns":4.0},{"damage":0.0,"enemies":"Snecko","floor":27.0,"turns":3.0},{"damage":0.0,"enemies":"Snake Plant","floor":28.0,"turns":4.0},{"damage":2.0,"enemies":"Centurion and Healer","floor":29.0,"turns":4.0},{"damage":0.0,"enemies":"Cultist and Chosen","floor":30.0,"turns":3.0},{"damage":23.0,"enemies":"Gremlin Leader","floor":31.0,"turns":5.0},{"damage":79,"enemies":"Automaton","floor":33,"turns":10}],"seed_played":"5384143817612596086","potions_obtained":[{"floor":6.0,"key":"Strength Potion"},{"floor":13.0,"key":"BlessingOfTheForge"},{"floor":22.0,"key":"Explosive Potion"},{"floor":23.0,"key":"Block Potion"},{"floor":29.0,"key":"Block Potion"}],"is_trial":false,"path_per_floor":["M","$","T","$","?","E","?","R","T","R","E","M","?","?","R_BF","B",null,"M","M","?","$","M","M","T","R","T","M","M","M","M","E","R_BF","B"],"character_chosen":"IRONCLAD","items_purchased":["Enlightenment","Lantern","PowerPotion"],"campfire_rested":0,"item_purchase_floors":[2,21,21],"current_hp_per_floor":[80,80,80,80,64,70,70,70,70,70,86,90,90,90,90,83,90,86,80,62,62,54,60,60,60,60,66,72,76,82,65,65,0,0],"gold":502,"neow_bonus":"THREE_ENEMY_KILL","is_daily":false,"chose_seed":false,"campfire_upgraded":4,"win_rate":0.0,"timestamp":1607663464,"path_taken":["M","$","?","$","?","E","?","R","T","R","E","?","?","?","R_BF","BOSS","M","?","?","$","M","M","?","R","T","M","M","M","?","E","R_BF","BOSS"],"items_purchased_type":["Card","Relic","Potion"],"build_version":"2020-11-30","purchased_purges":0,"victory":false,"max_hp_per_floor":[80,80,80,80,80,80,80,80,80,80,90,90,90,90,90,90,90,90,90,95,95,95,95,95,95,95,95,95,95,95,95,95,95,95],"relic_stats":{"Busted Crown":20,"counters":[16,69],"MawBank":216,"obtain_stats":[{"ReplayFunnel":13,"Divine Protection":6,"Lantern":21,"HornCleat":9,"Pear":11,"Busted Crown":17,"NeowsBlessing":0,"Blue Doll":31,"Bag of Marbles":24,"MawBank":3,"Burning Blood":0,"Replay:Bottled Steam":26},{"ReplayFunnel":5,"Divine Protection":2,"Lantern":8,"HornCleat":2,"Pear":3,"Busted Crown":6,"NeowsBlessing":0,"Blue Doll":15,"Bag of Marbles":10,"MawBank":1,"Burning Blood":0,"Replay:Bottled Steam":10},{"ReplayFunnel":12,"Divine Protection":2,"Lantern":29,"HornCleat":2,"Pear":3,"Busted Crown":20,"NeowsBlessing":0,"Blue Doll":59,"Bag of Marbles":40,"MawBank":1,"Burning Blood":0,"Replay:Bottled Steam":40}],"Burning Blood":81},"card_choices":[{"not_picked":["Anger","Clash"],"picked":"Body Slam","floor":1.0},{"not_picked":["Clothesline","ReplayTheSpireMod:Muscle Training","Rage"],"picked":"SKIP","floor":6.0},{"not_picked":["Perfected Strike","Anger","Pommel Strike"],"picked":"SKIP","floor":11.0},{"not_picked":["Sword Boomerang","Rage"],"picked":"Intimidate","floor":12.0},{"not_picked":["Fiend Fire","Demonic Infusion"],"picked":"Impervious","floor":16.0},{"not_picked":["ReplayTheSpireMod:Strike From Hell"],"picked":"SKIP","floor":18.0},{"not_picked":["ReplayTheSpireMod:Muscle Training"],"picked":"SKIP","floor":19.0},{"not_picked":["Wild Strike"],"picked":"SKIP","floor":22.0},{"not_picked":["Replay:Undeath\u0027s Touch+1"],"picked":"SKIP","floor":23.0},{"not_picked":[],"picked":"Body Slam","floor":27.0},{"not_picked":["Uppercut"],"picked":"SKIP","floor":28.0},{"not_picked":["Thunderclap"],"picked":"SKIP","floor":29.0},{"not_picked":["Perfected Strike"],"picked":"SKIP","floor":30.0},{"not_picked":["Twin Strike"],"picked":"SKIP","floor":31.0}],"player_experience":251629,"relics_obtained":[{"floor":3.0,"key":"MawBank"},{"floor":6.0,"key":"Divine Protection"},{"floor":9.0,"key":"HornCleat"},{"floor":11.0,"key":"Pear"},{"floor":13.0,"key":"ReplayFunnel"},{"floor":24.0,"key":"Bag of Marbles"},{"floor":26.0,"key":"Replay:Bottled Steam"},{"floor":31.0,"key":"Blue Doll"}],"event_choices":[{"damage_healed":0.0,"max_hp_gain":0.0,"max_hp_loss":0.0,"gold_gain":0.0,"event_name":"Shining Light","player_choice":"Entered Light","floor":5.0,"gold_loss":0.0,"damage_taken":16.0,"cards_upgraded":["Bash","Defend_R"]},{"damage_healed":0.0,"max_hp_gain":0.0,"max_hp_loss":0.0,"gold_gain":0.0,"event_name":"Dead Adventurer","player_choice":"Searched \u00271\u0027 times","floor":13.0,"gold_loss":0.0,"damage_taken":0.0},{"damage_healed":0.0,"max_hp_gain":0.0,"max_hp_loss":0.0,"gold_gain":0.0,"cards_transformed":["Strike_R"],"event_name":"Transmorgrifier","player_choice":"Transformed","floor":14.0,"gold_loss":0.0,"damage_taken":0.0,"cards_obtained":["Perfected Strike"]},{"damage_healed":0.0,"max_hp_gain":5.0,"max_hp_loss":0.0,"gold_gain":0.0,"event_name":"Forgotten Altar","player_choice":"Shed Blood","floor":20.0,"gold_loss":0.0,"damage_taken":23.0}],"is_beta":false,"boss_relics":[{"not_picked":["Ectoplasm","Runic Cube"],"picked":"Busted Crown"}],"items_purged_floors":[],"is_endless":false,"potions_floor_spawned":[6,13,22,23,28,29],"killed_by":"Automaton","ascension_level":0}}