{"host":"v52ntiwll8g9892u","time":1607687072,"event":{"mods":["Aspiration","BaseMod","Marisa£®ÏF”Í°°ƒß¿Ì…≥£©","Minty Spire (QoL Compilation)","StSLib","The Bug Knight"],"gold_per_floor":[119,139,150,169,180,206,225,250,250,250,126,150,169,195,195,272,272,290,304,754,765,781,809,809,828,828,854,874,874,900,920,920,994,994,1004,1020,1045,1095,1108,1137,1137,1169,1243,1276,1288,1288,850,862,862,862,862,862,862,21,55,55],"floor_reached":57,"playtime":3128,"items_purged":["Defend_P","Defend_P","Strike_P"],"score":3306,"play_id":"5c86c674-6409-4101-a6c2-54a789261f6f","local_time":"20201211194432","is_ascension_mode":true,"campfire_choices":[{"data":"Eruption","floor":10.0,"key":"SMITH"},{"data":"Tantrum","floor":15.0,"key":"SMITH"},{"data":"TalkToTheHand","floor":24.0,"key":"SMITH"},{"data":"Scrawl","floor":32.0,"key":"SMITH"},{"floor":46.0,"key":"RECALL"},{"data":"Ragnarok","floor":49.0,"key":"SMITH"},{"data":"Wallop","floor":53.0,"key":"SMITH"}],"circlet_count":0,"master_deck":["AscendersBane","Strike_P+1","Strike_P+1","Strike_P+1","Defend_P+1","Defend_P+1","Eruption+1","Vigilance+1","CutThroughFate+1","Scrawl+1","Tantrum+1","DeusExMachina+1","TalkToTheHand+1","InnerPeace","LessonLearned+1","Ragnarok+1","True Grit+1","TalkToTheHand+1","Limit Break","Blasphemy+1","Wallop+1","Dark Embrace+1","Second Wind"],"relics":["aspiration:PoetsPen_weak","The Courier","TeardropLocket","Gremlin Horn","Odd Mushroom","aspiration:HatOfInfinitePower","aspiration:RitualDagger","Regal Pillow","Matryoshka","Happy Flower","Centennial Puzzle","aspiration:IroncladSkillbook","CatCart","Darkstone Periapt","Calipers","Art of War","HollowMod:StagPassRelic","aspiration:SeaSaltIceCream","Sundial","TheAbacus","aspiration:HiddenCompartment","Strawberry","aspiration:Lifesprig","Bottled Tornado","CloakClasp"],"acts_visited":["TheCity","TheBeyond","TheEnding"],"potions_floor_usage":[],"damage_taken":[{"damage":2.0,"enemies":"Jaw Worm","floor":1.0,"turns":3.0},{"damage":0.0,"enemies":"Small Slimes","floor":2.0,"turns":2.0},{"damage":0.0,"enemies":"Cultist","floor":3.0,"turns":2.0},{"damage":0.0,"enemies":"Exordium Wildlife","floor":4.0,"turns":2.0},{"damage":0.0,"enemies":"Looter","floor":5.0,"turns":1.0},{"damage":0.0,"enemies":"Gremlin Nob","floor":6.0,"turns":2.0},{"damage":0.0,"enemies":"Blue Slaver","floor":7.0,"turns":1.0},{"damage":0.0,"enemies":"Lagavulin","floor":8.0,"turns":4.0},{"damage":0.0,"enemies":"The Mushroom Lair","floor":12.0,"turns":1.0},{"damage":0.0,"enemies":"Exordium Thugs","floor":13.0,"turns":1.0},{"damage":0.0,"enemies":"HollowMod:MossKnight","floor":14.0,"turns":2.0},{"damage":25.0,"enemies":"The Guardian","floor":16.0,"turns":8.0},{"damage":6.0,"enemies":"Chosen","floor":18.0,"turns":2.0},{"damage":10.0,"enemies":"3 Byrds","floor":19.0,"turns":2.0},{"damage":12.0,"enemies":"Centurion and Healer","floor":21.0,"turns":2.0},{"damage":6.0,"enemies":"Chosen and Byrds","floor":22.0,"turns":2.0},{"damage":3.0,"enemies":"Gremlin Leader","floor":23.0,"turns":1.0},{"damage":6.0,"enemies":"Snake Plant","floor":25.0,"turns":2.0},{"damage":3.0,"enemies":"Slavers","floor":27.0,"turns":1.0},{"damage":9.0,"enemies":"Cultist and Chosen","floor":28.0,"turns":3.0},{"damage":6.0,"enemies":"Book of Stabbing","floor":30.0,"turns":2.0},{"damage":3.0,"enemies":"Centurion and Healer","floor":31.0,"turns":1.0},{"damage":56.0,"enemies":"Automaton","floor":33.0,"turns":6.0},{"damage":3.0,"enemies":"Orb Walker","floor":35.0,"turns":1.0},{"damage":3.0,"enemies":"3 Darklings","floor":36.0,"turns":1.0},{"damage":6.0,"enemies":"Mind Bloom Boss Battle","floor":37.0,"turns":2.0},{"damage":6.0,"enemies":"Orin","floor":38.0,"turns":2.0},{"damage":6.0,"enemies":"Maw","floor":39.0,"turns":2.0},{"damage":18.0,"enemies":"Nemesis","floor":40.0,"turns":3.0},{"damage":6.0,"enemies":"Reptomancer","floor":42.0,"turns":2.0},{"damage":9.0,"enemies":"Nemesis","floor":44.0,"turns":3.0},{"damage":3.0,"enemies":"Jaw Worm Horde","floor":45.0,"turns":1.0},{"damage":9.0,"enemies":"Maw","floor":48.0,"turns":3.0},{"damage":68.0,"enemies":"Time Eater","floor":50.0,"turns":4.0},{"damage":55.0,"enemies":"Awakened One","floor":51.0,"turns":6.0},{"damage":6,"enemies":"Shield and Spear","floor":55,"turns":2},{"damage":31,"enemies":"The Heart","floor":56,"turns":5}],"seed_played":"-854477904381354678","potions_obtained":[{"floor":2.0,"key":"Swift Potion"},{"floor":3.0,"key":"AttackPotion"},{"floor":4.0,"key":"AttackPotion"},{"floor":12.0,"key":"SkillPotion"},{"floor":14.0,"key":"DistilledChaos"},{"floor":21.0,"key":"AttackPotion"},{"floor":33.0,"key":"LiquidBronze"},{"floor":37.0,"key":"Fire Potion"}],"is_trial":false,"path_per_floor":["M","M","M","M","M","E","M","E","T","R","$","?","M","E","R","B",null,"M","M","?","M","M","E","R","M","T","E","M","?","E","M","R","B",null,"M","M","?","?","M","E","?","E","T","E","M","R","$","M","R","B","B",null,"R","$","E","B",null],"character_chosen":"WATCHER","items_purchased":["Tantrum","aspiration:SeaSaltIceCream","Blasphemy","TheAbacus","Dark Embrace","aspiration:HiddenCompartment","Strawberry","aspiration:Lifesprig","Bottled Tornado"],"campfire_rested":0,"item_purchase_floors":[11,47,47,54,54,54,54,54,54],"current_hp_per_floor":[59,59,59,59,59,59,59,59,59,59,59,59,59,59,59,34,60,54,44,14,2,68,68,68,67,67,68,66,66,67,68,68,44,62,68,68,68,68,68,60,60,65,65,65,65,65,65,65,65,38,65,65,65,72,72,72],"gold":55,"neow_bonus":"BOSS_RELIC","is_daily":false,"chose_seed":false,"campfire_upgraded":6,"win_rate":0.0,"timestamp":1607687072,"path_taken":["M","M","M","M","M","E","M","E","T","R","$","?","M","E","R","BOSS","M","M","?","?","?","E","R","M","T","E","M","?","E","M","R","BOSS","M","M","?","?","M","E","?","E","T","E","M","R","$","?","R","BOSS","BOSS","R","$","E","BOSS"],"items_purchased_type":["Card","Relic","Card","Relic","Card","Relic","Relic","Relic","Relic"],"build_version":"2020-11-30","purchased_purges":3,"victory":true,"max_hp_per_floor":[68,68,68,68,68,68,68,68,68,68,68,68,68,68,68,68,68,68,68,68,68,68,68,68,68,68,68,68,68,68,68,68,68,68,68,68,68,68,68,68,65,65,65,65,65,65,65,65,65,65,65,65,65,72,72,72],"card_choices":[{"not_picked":["EmptyBody","DeceiveReality","BattleHymn"],"picked":"SKIP","floor":1.0},{"not_picked":["Prostrate","SandsOfTime"],"picked":"CutThroughFate","floor":2.0},{"not_picked":["EmptyFist","MentalFortress","ThirdEye"],"picked":"SKIP","floor":3.0},{"not_picked":["EmptyFist","CrushJoints","Protect"],"picked":"SKIP","floor":4.0},{"not_picked":["SashWhip","Weave"],"picked":"Scrawl","floor":5.0},{"not_picked":["CrushJoints","Meditate","Sanctity"],"picked":"SKIP","floor":6.0},{"not_picked":["CrushJoints","Meditate","Sanctity"],"picked":"SKIP","floor":6.0},{"not_picked":["Pray","SignatureMove","Meditate"],"picked":"SKIP","floor":7.0},{"not_picked":["WreathOfFlame","Crescendo","FlurryOfBlows"],"picked":"SKIP","floor":8.0},{"not_picked":["Weave","Halt","PathToVictory"],"picked":"SKIP","floor":13.0},{"not_picked":["Perseverance","Halt","FlyingSleeves"],"picked":"SKIP","floor":14.0},{"not_picked":["Judgement","Vault"],"picked":"DeusExMachina","floor":16.0},{"not_picked":["EmptyMind","EmptyBody","CutThroughFate"],"picked":"SKIP","floor":18.0},{"not_picked":["Prostrate","EmptyFist"],"picked":"TalkToTheHand","floor":19.0},{"not_picked":["FlyingSleeves","Evaluate","CarveReality"],"picked":"SKIP","floor":21.0},{"not_picked":["Prostrate","Evaluate"],"picked":"InnerPeace","floor":22.0},{"not_picked":["Fasting2","JustLucky"],"picked":"LessonLearned","floor":23.0},{"not_picked":["Vengeance","Sanctity","FlurryOfBlows+1"],"picked":"SKIP","floor":25.0},{"not_picked":["CrushJoints","Indignation","Tantrum"],"picked":"SKIP","floor":27.0},{"not_picked":["Swivel","Halt","CrushJoints"],"picked":"SKIP","floor":28.0},{"not_picked":["Halt","WaveOfTheHand","PathToVictory+1"],"picked":"SKIP","floor":30.0},{"not_picked":["ThirdEye","Consecrate+1","Halt"],"picked":"SKIP","floor":31.0},{"not_picked":["Omniscience","ConjureBlade"],"picked":"Ragnarok","floor":33.0},{"not_picked":["Heavy Blade","Seeing Red","Pommel Strike","FlurryOfBlows+1"],"picked":"SKIP","floor":35.0},{"not_picked":["Heavy Blade","Clothesline","EmptyFist","MentalFortress"],"picked":"SKIP","floor":36.0},{"not_picked":["Warcry","Protect","Collect"],"picked":"True Grit","floor":39.0},{"not_picked":["CrushJoints","Consecrate","ThirdEye","SpiritShield"],"picked":"SKIP","floor":40.0},{"not_picked":["Evaluate","WheelKick","FlyingSleeves","Halt"],"picked":"SKIP","floor":42.0},{"not_picked":["Combust","Spot Weakness","FollowUp"],"picked":"TalkToTheHand","floor":44.0},{"not_picked":["BowlingBash","Blood for Blood","Rampage"],"picked":"Limit Break","floor":45.0},{"not_picked":["Twin Strike","Tantrum","Wild Strike"],"picked":"Wallop","floor":48.0},{"not_picked":["Body Slam+1","Warcry","Reckless Charge"],"picked":"Second Wind","floor":55}],"player_experience":1229213,"relics_obtained":[{"floor":6.0,"key":"The Courier"},{"floor":8.0,"key":"TeardropLocket"},{"floor":9.0,"key":"Gremlin Horn"},{"floor":12.0,"key":"Odd Mushroom"},{"floor":14.0,"key":"aspiration:HatOfInfinitePower"},{"floor":23.0,"key":"Regal Pillow"},{"floor":26.0,"key":"Matryoshka"},{"floor":27.0,"key":"Happy Flower"},{"floor":30.0,"key":"Centennial Puzzle"},{"floor":38.0,"key":"CatCart"},{"floor":40.0,"key":"Darkstone Periapt"},{"floor":42.0,"key":"Calipers"},{"floor":43.0,"key":"Art of War"},{"floor":44.0,"key":"HollowMod:StagPassRelic"},{"floor":55,"key":"CloakClasp"}],"event_choices":[{"damage_healed":0.0,"max_hp_gain":0.0,"max_hp_loss":0.0,"gold_gain":0.0,"event_name":"Mushrooms","player_choice":"Fought Mushrooms","floor":12.0,"gold_loss":0.0,"damage_taken":0.0},{"damage_healed":0.0,"max_hp_gain":0.0,"max_hp_loss":0.0,"gold_gain":450.0,"event_name":"Knowing Skull","player_choice":"POTION GOLD GOLD GOLD GOLD GOLD ","floor":20.0,"potions_obtained":["FairyPotion"],"gold_loss":0.0,"damage_taken":52.0,"cards_obtained":[]},{"damage_healed":0.0,"max_hp_gain":0.0,"max_hp_loss":0.0,"gold_gain":0.0,"event_name":"Ghosts","player_choice":"Ignored","floor":29.0,"gold_loss":0.0,"damage_taken":0.0},{"damage_healed":0.0,"max_hp_gain":0.0,"max_hp_loss":0.0,"gold_gain":0.0,"event_name":"MindBloom","player_choice":"Fight","floor":37.0,"gold_loss":0.0,"damage_taken":0.0},{"damage_healed":0.0,"max_hp_gain":0.0,"max_hp_loss":0.0,"gold_gain":0.0,"event_name":"OrinTheCat","player_choice":"Fight","floor":38.0,"gold_loss":0.0,"damage_taken":0.0},{"damage_healed":0.0,"max_hp_gain":0.0,"max_hp_loss":3.0,"gold_gain":0.0,"event_name":"Winding Halls","player_choice":"Max HP","floor":41.0,"gold_loss":0.0,"damage_taken":0.0}],"is_beta":false,"boss_relics":[{"not_picked":["Ectoplasm","Pandora\u0027s Box"],"picked":"aspiration:RitualDagger"},{"not_picked":["Runic Pyramid","Runic Dome"],"picked":"aspiration:IroncladSkillbook"}],"items_purged_floors":[11,47,54],"is_endless":false,"potions_floor_spawned":[2,3,4,12,13,14,16,18,21,23,27,28,33,36,37,38,55],"ascension_level":20}}