{"host":"4edbuligkc8x13l4","time":1607691185,"event":{"mods":["BaseMod","Minty Spire (QoL Compilation)","StSLib","SuperFastMode"],"gold_per_floor":[112,186,197,272,89,118,118,23,46,60,74,74,105,105,105,105,105],"floor_reached":16,"playtime":475,"items_purged":["Strike_G"],"score":233,"play_id":"d0ae7dd3-068d-4d1c-8c12-7b512ec12231","local_time":"20201211205305","is_ascension_mode":true,"campfire_choices":[{"data":"Tactician","floor":12,"key":"SMITH"},{"data":"Prepared","floor":15,"key":"SMITH"}],"circlet_count":0,"master_deck":["AscendersBane","Strike_G","Strike_G","Strike_G","Strike_G","Defend_G","Defend_G","Defend_G","Defend_G","Defend_G","Survivor","Neutralize","Acrobatics","Calculated Gamble","Tactician+1","Regret","Cloak And Dagger","Deflect","Dagger Throw","Prepared+1"],"relics":["Ring of the Snake","NeowsBlessing","Blue Candle","Membership Card","Lizard Tail","Orichalcum","Vajra","Tiny Chest","Nunchaku","Golden Idol"],"acts_visited":["Exordium"],"potions_floor_usage":[16,16],"damage_taken":[{"damage":0,"enemies":"Cultist","floor":1,"turns":1},{"damage":0,"enemies":"2 Louse","floor":3,"turns":1},{"damage":0,"enemies":"Gremlin Nob","floor":6,"turns":1},{"damage":3,"enemies":"Small Slimes","floor":10,"turns":3},{"damage":8,"enemies":"Blue Slaver","floor":11,"turns":5},{"damage":24,"enemies":"3 Sentries","floor":13,"turns":12},{"damage":36,"enemies":"Hexaghost","floor":16,"turns":14}],"seed_played":"3044172177547730499","potions_obtained":[{"floor":6,"key":"AttackPotion"},{"floor":11,"key":"Weak Potion"}],"is_trial":false,"path_per_floor":["M","T","M","?","$","E","?","$","T","M","M","R","E","?","R","B"],"character_chosen":"THE_SILENT","items_purchased":["Membership Card","Vajra","Cloak And Dagger"],"campfire_rested":0,"item_purchase_floors":[5,8,8],"current_hp_per_floor":[59,59,59,48,48,48,48,48,48,45,37,37,13,33,33,0,0],"gold":105,"neow_bonus":"THREE_ENEMY_KILL","is_daily":false,"chose_seed":false,"campfire_upgraded":2,"win_rate":0.0,"timestamp":1607691185,"path_taken":["M","?","M","?","$","E","?","?","T","M","M","R","E","?","R","BOSS"],"items_purchased_type":["Relic","Relic","Card"],"build_version":"2020-11-30","purchased_purges":1,"victory":false,"max_hp_per_floor":[66,66,66,66,66,66,66,66,66,66,66,66,66,66,66,66,66],"card_choices":[{"not_picked":["Underhanded Strike","Flechettes"],"picked":"Acrobatics","floor":1},{"not_picked":["Well Laid Plans","Outmaneuver"],"picked":"Calculated Gamble","floor":3},{"not_picked":["Dagger Throw","Poisoned Stab"],"picked":"Tactician","floor":6},{"not_picked":["Poisoned Stab","Quick Slash"],"picked":"Deflect","floor":10},{"not_picked":["Flying Knee","PiercingWail"],"picked":"Dagger Throw","floor":11},{"not_picked":["Flying Knee","Venomology"],"picked":"Prepared","floor":13}],"player_experience":893852,"relics_obtained":[{"floor":2,"key":"Blue Candle"},{"floor":6,"key":"Lizard Tail"},{"floor":9,"key":"Tiny Chest"},{"floor":13,"key":"Nunchaku"}],"event_choices":[{"damage_healed":0,"gold_gain":75,"player_choice":"Gather Gold","damage_taken":11,"max_hp_gain":0,"max_hp_loss":0,"event_name":"World of Goop","floor":4,"gold_loss":0},{"damage_healed":0,"gold_gain":0,"player_choice":"Box","damage_taken":0,"relics_obtained":["Orichalcum"],"max_hp_gain":0,"max_hp_loss":0,"event_name":"Big Fish","floor":7,"gold_loss":0,"cards_obtained":["Regret"]},{"damage_healed":0,"gold_gain":0,"player_choice":"Take Damage","damage_taken":23,"relics_obtained":["Golden Idol"],"max_hp_gain":0,"max_hp_loss":0,"event_name":"Golden Idol","floor":14,"gold_loss":0}],"is_beta":false,"boss_relics":[],"items_purged_floors":[5],"is_endless":false,"potions_floor_spawned":[6,11,13],"killed_by":"Hexaghost","ascension_level":15}}