{"host":"6rmw1q50jy0xmvyl","time":1607690245,"event":{"mods":["BaseMod","Colored Map","Duelist Mod","Infinite Spire","Minty Spire (QoL Compilation)","Remove Card Discount Mod","StSLib","??????REMEMod"],"gold_per_floor":[145,160,160,33,48,48,77,77,153,241,258,258,309,329,329,430,430,396,396,413,429,429,429],"floor_reached":22,"playtime":1600,"items_purged":["theDuelist:Sparks","theDuelist:Sparks","theDuelist:Sparks","theDuelist:CastleWalls","theDuelist:CastleWalls"],"score":394,"play_id":"bc8882a9-c60b-4bec-862f-06214faba469","local_time":"20201211133725","is_ascension_mode":true,"campfire_choices":[{"data":"theDuelist:OjamaKnight","floor":6,"key":"SMITH"},{"data":"theDuelist:MagiciansRod","floor":8,"key":"SMITH"},{"floor":12,"key":"REST"},{"floor":15,"key":"REST"}],"circlet_count":0,"master_deck":["AscendersBane","theDuelist:DarkMagician+1","theDuelist:MysticalElf","theDuelist:MysticalElf","theDuelist:NeoMagic","theDuelist:NeoMagic","theDuelist:RedSprinter","theDuelist:SangaThunder","theDuelist:IcyCrevasse","theDuelist:SpiritHarp","theDuelist:StatueAnguishPattern","theDuelist:OjamaKnight+1","theDuelist:MagiciansRod+1","theDuelist:InjectionFairy","theDuelist:GoblinSecret","theDuelist:RainbowKuriboh","theDuelist:VoidExpansion","theDuelist:Mudballman"],"relics":["theDuelist:MillenniumPuzzle","theDuelist:CardPoolRelic","theDuelist:CardPoolBasicRelic","theDuelist:BoosterPackPoolRelic","theDuelist:CardPoolAddRelic","theDuelist:CardPoolMinusRelic","theDuelist:CardPoolSaveRelic","theDuelist:CardPoolOptionsRelic","REME_ComplimentaryCards","Nunchaku","theDuelist:SpellcasterStone","Potion Belt","theDuelist:DuelistTeaSet","HoveringKite","theDuelist:CursedHealer"],"acts_visited":["Exordium","TheCity"],"potions_floor_usage":[7,7,10,10,16,16,21,22],"damage_taken":[{"damage":0,"enemies":"Small Slimes","floor":1,"turns":3},{"damage":3,"enemies":"Jaw Worm","floor":2,"turns":4},{"damage":0,"enemies":"Cultist","floor":5,"turns":2},{"damage":0,"enemies":"Lagavulin","floor":7,"turns":6},{"damage":24,"enemies":"Gremlin Nob","floor":10,"turns":4},{"damage":26,"enemies":"Blue Slaver","floor":11,"turns":5},{"damage":14,"enemies":"Large Slime","floor":14,"turns":7},{"damage":19,"enemies":"The Guardian","floor":16,"turns":9},{"damage":48,"enemies":"2 Thieves","floor":18,"turns":5},{"damage":5,"enemies":"Chosen","floor":20,"turns":8},{"damage":38,"enemies":"Centurion and Healer","floor":21,"turns":6},{"damage":47,"enemies":"Sentry and Sphere","floor":22,"turns":5}],"seed_played":"-5669305633595023173","potions_obtained":[{"floor":2,"key":"theDuelist:LavaBottle"},{"floor":7,"key":"EntropicBrew"},{"floor":10,"key":"BlessingOfTheForge"},{"floor":14,"key":"SkillPotion"},{"floor":20,"key":"theDuelist:ExtraOrbsBottle"},{"floor":21,"key":"GamblersBrew"}],"is_trial":false,"path_per_floor":["M","M","?","$","M","R","E","R","T","E","M","R","T","M","R","B",null,"M","?","M","M","M"],"character_chosen":"THE_DUELIST","items_purchased":["theDuelist:SpiritHarp","theDuelist:StatueAnguishPattern"],"campfire_rested":2,"item_purchase_floors":[4,4],"current_hp_per_floor":[72,69,69,69,69,69,69,69,69,45,19,43,43,37,61,46,72,68,80,79,42,0,0],"gold":429,"neow_bonus":"UPGRADE_CARD","is_daily":false,"chose_seed":false,"campfire_upgraded":2,"win_rate":0.0,"timestamp":1607690245,"path_taken":["M","M","?","$","M","R","E","R","T","E","M","R","?","?","R","BOSS","M","?","M","M","M"],"items_purchased_type":["Card","Card"],"build_version":"2020-11-30","purchased_purges":5,"victory":false,"max_hp_per_floor":[80,80,80,80,80,80,80,80,80,80,80,80,80,80,80,80,80,80,80,80,80,80,80],"card_choices":[{"not_picked":["theDuelist:DarkMagician","theDuelist:AltarTribute","theDuelist:ThousandEyesIdol","theDuelist:SpellShatteringArrow"],"picked":"theDuelist:SangaThunder","floor":1},{"not_picked":["theDuelist:DarkMagician","theDuelist:OjamaCountry","theDuelist:Illusionist","theDuelist:PowerKaishin"],"picked":"theDuelist:IcyCrevasse","floor":2},{"not_picked":["theDuelist:DarkMagician","theDuelist:BlueDragonSummoner","theDuelist:OjamaYellow","theDuelist:Graverobber"],"picked":"theDuelist:OjamaKnight","floor":5},{"not_picked":["theDuelist:VoidExpansion","theDuelist:MindAir","theDuelist:Yami"],"picked":"theDuelist:MagiciansRod","floor":7},{"not_picked":["theDuelist:DarkMagician","theDuelist:ThousandEyesIdol","theDuelist:GeminiElf","theDuelist:MysticalElf","theDuelist:InfernoFireBlast"],"picked":"SKIP","floor":10},{"not_picked":["theDuelist:WhiteMagicalHat","theDuelist:MindAir","theDuelist:SpiritHarp","theDuelist:IceQueen"],"picked":"theDuelist:InjectionFairy","floor":11},{"not_picked":["theDuelist:SilentDoom","theDuelist:MagicalBlast","theDuelist:OjamaCountry","theDuelist:OnslaughtFireKings"],"picked":"theDuelist:GoblinSecret","floor":14},{"not_picked":["theDuelist:RainbowDarkDragon","theDuelist:IrisEarthMother","theDuelist:RainbowMagician","theDuelist:RainbowOverdragon"],"picked":"theDuelist:RainbowKuriboh","floor":16},{"not_picked":["theDuelist:MagiciansRod","theDuelist:StatueAnguishPattern","theDuelist:MindAir"],"picked":"theDuelist:VoidExpansion","floor":18},{"not_picked":["theDuelist:SangaThunder","theDuelist:WhiteMagicalHat","theDuelist:SpellShatteringArrow","theDuelist:AncientElf"],"picked":"theDuelist:Mudballman","floor":20},{"not_picked":["theDuelist:SpellShatteringArrow","theDuelist:BlizzardWarrior","theDuelist:SangaThunder","theDuelist:NeoMagic","theDuelist:SilentDoom"],"picked":"SKIP","floor":21}],"player_experience":503541,"relics_obtained":[{"floor":7,"key":"Nunchaku"},{"floor":9,"key":"theDuelist:SpellcasterStone"},{"floor":10,"key":"Potion Belt"},{"floor":13,"key":"theDuelist:DuelistTeaSet"}],"event_choices":[{"damage_healed":0,"gold_gain":0,"player_choice":"Leave","duelist":true,"damage_taken":0,"max_hp_gain":0,"max_hp_loss":0,"event_name":"Relic Duplicator","floor":3,"gold_loss":0},{"damage_healed":0,"gold_gain":0,"player_choice":"Succumb - +25HP/Cursed Relic","duelist":true,"damage_taken":0,"max_hp_gain":0,"max_hp_loss":0,"event_name":"Tomb of the Nameless","floor":19,"gold_loss":0}],"is_beta":false,"boss_relics":[{"not_picked":["Calling Bell","Sozu"],"picked":"HoveringKite"}],"items_purged_floors":[4,4,4,4,4],"is_endless":false,"potions_floor_spawned":[2,7,10,14,20,21],"killed_by":"Sentry and Sphere","ascension_level":12}}