{"host":"jksa5rawk3m4gilz","time":1607708606,"event":{"mods":["BaseMod","Colored Map","Highlight Path","Minty Spire (QoL Compilation)","Quick Restart"],"gold_per_floor":[112,112,112,127,147,147,190,208,208,228,247,149,149,182,182,306,306,331,54,54,54,78,103,103,103],"floor_reached":24,"playtime":1075,"items_purged":[],"score":322,"play_id":"832a550e-ce2a-4662-b205-67258356370c","local_time":"20201211184326","is_ascension_mode":true,"campfire_choices":[{"floor":6,"key":"REST"},{"data":"ForeignInfluence","floor":13,"key":"SMITH"},{"data":"ForeignInfluence","floor":15,"key":"SMITH"}],"circlet_count":0,"master_deck":["AscendersBane","Strike_P","Defend_P","Defend_P","Defend_P","Eruption","Vigilance","ForeignInfluence+1","Fasting2+1","FlurryOfBlows","Consecrate","Collect","Consecrate","ForeignInfluence+1","Trip","DeusExMachina","Devotion","FollowUp+1","JustLucky","Nirvana","SashWhip+1","Prostrate"],"relics":["PureWater","Golden Idol","Anchor","Blue Candle","CaptainsWheel","Empty Cage","ClockworkSouvenir"],"acts_visited":["Exordium","TheCity"],"potions_floor_usage":[11,18,22,22],"damage_taken":[{"damage":0,"enemies":"2 Louse","floor":1,"turns":4},{"damage":2,"enemies":"Cultist","floor":4,"turns":3},{"damage":0,"enemies":"Jaw Worm","floor":5,"turns":3},{"damage":12,"enemies":"Gremlin Nob","floor":7,"turns":4},{"damage":2,"enemies":"2 Fungi Beasts","floor":8,"turns":4},{"damage":9,"enemies":"Lots of Slimes","floor":10,"turns":4},{"damage":0,"enemies":"Gremlin Gang","floor":11,"turns":3},{"damage":1,"enemies":"3 Sentries","floor":14,"turns":5},{"damage":7,"enemies":"The Guardian","floor":16,"turns":7},{"damage":1,"enemies":"2 Thieves","floor":18,"turns":3},{"damage":0,"enemies":"Chosen","floor":22,"turns":4},{"damage":35,"enemies":"Snake Plant","floor":23,"turns":5},{"damage":32,"enemies":"Book of Stabbing","floor":24,"turns":4}],"seed_played":"4984383359710861671","potions_obtained":[{"floor":1,"key":"LiquidMemories"},{"floor":8,"key":"DistilledChaos"},{"floor":11,"key":"Block Potion"},{"floor":18,"key":"LiquidMemories"}],"is_trial":false,"path_per_floor":["M","?","?","M","M","R","E","M","T","M","M","$","R","E","R","B",null,"M","$","?","?","M","M","E"],"character_chosen":"WATCHER","items_purchased":["Trip","ClockworkSouvenir","JustLucky","Nirvana"],"campfire_rested":1,"item_purchase_floors":[12,19,19,19],"current_hp_per_floor":[65,47,47,45,45,66,54,52,52,43,43,43,43,42,42,35,63,62,62,62,62,62,27,0,0],"gold":103,"neow_bonus":"TRANSFORM_TWO_CARDS","is_daily":false,"chose_seed":false,"campfire_upgraded":2,"win_rate":0.0,"timestamp":1607708606,"path_taken":["M","?","?","?","M","R","E","M","T","?","M","$","R","E","R","BOSS","M","$","?","?","?","M","E"],"items_purchased_type":["Card","Relic","Card","Card"],"build_version":"2020-11-30","purchased_purges":0,"victory":false,"max_hp_per_floor":[72,72,72,72,72,72,72,72,72,72,72,72,72,72,72,72,72,72,72,72,72,72,72,72,72],"card_choices":[{"not_picked":["Evaluate","TalkToTheHand"],"picked":"FlurryOfBlows","floor":1},{"not_picked":["FollowUp","Crescendo","EmptyMind"],"picked":"SKIP","floor":4},{"not_picked":["BowlingBash","Halt"],"picked":"Consecrate","floor":5},{"not_picked":["BattleHymn","SashWhip"],"picked":"Collect","floor":7},{"not_picked":["ConjureBlade","Protect"],"picked":"Consecrate","floor":8},{"not_picked":["ClearTheMind","Evaluate"],"picked":"ForeignInfluence","floor":10},{"not_picked":["CarveReality","PathToVictory","WheelKick"],"picked":"SKIP","floor":11},{"not_picked":["EmptyMind","BattleHymn"],"picked":"DeusExMachina","floor":14},{"not_picked":["Alpha","MasterReality"],"picked":"Devotion","floor":16},{"not_picked":["SashWhip","FlyingSleeves"],"picked":"FollowUp+1","floor":18},{"not_picked":["EmptyFist+1","Collect"],"picked":"SashWhip+1","floor":22},{"not_picked":["Consecrate","MentalFortress"],"picked":"Prostrate","floor":23}],"player_experience":2017408,"relics_obtained":[{"floor":7,"key":"Anchor"},{"floor":9,"key":"Blue Candle"},{"floor":14,"key":"CaptainsWheel"}],"event_choices":[{"damage_healed":0,"gold_gain":0,"player_choice":"Take Damage","damage_taken":18,"relics_obtained":["Golden Idol"],"max_hp_gain":0,"max_hp_loss":0,"event_name":"Golden Idol","floor":2,"gold_loss":0},{"damage_healed":0,"gold_gain":0,"player_choice":"Upgraded","damage_taken":0,"max_hp_gain":0,"max_hp_loss":0,"event_name":"Upgrade Shrine","floor":3,"gold_loss":0,"cards_upgraded":["Fasting2"]},{"damage_healed":0,"gold_gain":0,"player_choice":"Ignored","damage_taken":0,"max_hp_gain":0,"max_hp_loss":0,"event_name":"Vampires","floor":20,"gold_loss":0},{"cards_removed":["Strike_P"],"damage_healed":0,"gold_gain":0,"player_choice":"Card Removal","damage_taken":0,"max_hp_gain":0,"max_hp_loss":0,"event_name":"Wheel of Change","floor":21,"gold_loss":0}],"is_beta":false,"boss_relics":[{"not_picked":["Coffee Dripper","Fusion Hammer"],"picked":"Empty Cage"}],"items_purged_floors":[],"is_endless":false,"potions_floor_spawned":[1,8,10,11,18],"killed_by":"Book of Stabbing","ascension_level":11}}