{"host":"c4mm8falyg7qgorf","time":1607678231,"event":{"mods":["BaseMod","FoggyMod","Minty Spire (QoL Compilation)","Replay The Spire","Shop Mod","StSLib","Thieving Mod","UnlockEverythingMod","vexMod","¡¾ÒÅÎï¿¨ÅÆ¡¿REMEMod","óô»ðÖ¸ÄÏ"],"gold_per_floor":[117,117,117,117,92,122,122,150,150,185,197,197,197],"floor_reached":12,"playtime":285,"items_purged":[],"score":288,"play_id":"fcdfc701-2d3a-4a24-a855-261803adc32a","local_time":"20201211171711","is_ascension_mode":true,"campfire_choices":[{"floor":7,"key":"RECALL"}],"circlet_count":0,"master_deck":["AscendersBane","Strike_G","Strike_G","Strike_G","Strike_G","Strike_G","Defend_G","Defend_G","Defend_G","Defend_G","Survivor","Neutralize","Secret Weapon","Blade Dance","Quick Slash","Hidden Blade","Tactician","Dagger Throw","Well Laid Plans"],"relics":["Ring of the Snake","REME_ComplimentaryCards","NeowsBlessing","Centennial Puzzle","vexMod:InvisibilityCloak","Replay:Baseball","Happy Flower"],"acts_visited":["Exordium"],"potions_floor_usage":[10,12,12],"damage_taken":[{"damage":0,"enemies":"Jaw Worm","floor":1,"turns":1},{"damage":0,"enemies":"Gremlin Nob","floor":6,"turns":1},{"damage":0,"enemies":"Replay:BlueRogue","floor":8,"turns":1},{"damage":13,"enemies":"3 Sentries","floor":10,"turns":10},{"damage":10,"enemies":"2 Louse","floor":11,"turns":2},{"damage":48,"enemies":"Gremlin Nob","floor":12,"turns":3}],"seed_played":"-7008031482451903253","potions_obtained":[{"floor":1,"key":"Block Potion"},{"floor":8,"key":"PowerPotion"},{"floor":10,"key":"Elixir"},{"floor":11,"key":"Regen Potion"}],"is_trial":false,"path_per_floor":["M","?","?","?","?","E","R","E","T","E","M","E"],"character_chosen":"THE_SILENT","items_purchased":[],"campfire_rested":0,"item_purchase_floors":[],"current_hp_per_floor":[59,48,48,48,48,48,48,48,48,35,25,0,0],"gold":197,"neow_bonus":"THREE_ENEMY_KILL","is_daily":false,"chose_seed":false,"campfire_upgraded":0,"win_rate":0.0,"timestamp":1607678231,"path_taken":["M","?","?","?","?","E","R","E","T","E","?","E"],"items_purchased_type":[],"build_version":"2020-11-30","purchased_purges":0,"victory":false,"max_hp_per_floor":[66,66,66,66,66,66,66,66,66,66,66,66,66],"card_choices":[{"not_picked":["Flying Knee","REME_GreenPollution"],"picked":"Blade Dance","floor":1},{"not_picked":["Acrobatics","Deadly Poison"],"picked":"Hidden Blade","floor":6},{"not_picked":["After Image","Concentrate"],"picked":"Tactician","floor":8},{"not_picked":["Acrobatics","Noxious Fumes"],"picked":"Dagger Throw","floor":10},{"not_picked":["ReplayTheSpireMod:Tripwire","Fluid Movement"],"picked":"Well Laid Plans","floor":11}],"player_experience":161868,"relics_obtained":[{"floor":6,"key":"vexMod:InvisibilityCloak"},{"floor":8,"key":"Replay:Baseball"},{"floor":10,"key":"Happy Flower"}],"event_choices":[{"damage_healed":0,"gold_gain":0,"player_choice":"Success","damage_taken":11,"relics_obtained":["Centennial Puzzle"],"max_hp_gain":0,"max_hp_loss":0,"event_name":"Scrap Ooze","floor":2,"gold_loss":0},{"damage_healed":0,"gold_gain":0,"cards_transformed":["Defend_G"],"player_choice":"Change","damage_taken":0,"max_hp_gain":0,"max_hp_loss":0,"event_name":"Living Wall","floor":3,"gold_loss":0,"cards_obtained":["Quick Slash"]},{"damage_healed":0,"gold_gain":0,"player_choice":"Ignored","damage_taken":0,"max_hp_gain":0,"max_hp_loss":0,"event_name":"Golden Wing","floor":4,"gold_loss":0}],"is_beta":false,"boss_relics":[],"items_purged_floors":[],"is_endless":false,"potions_floor_spawned":[1,8,10,11],"killed_by":"Gremlin Nob","ascension_level":20}}