{"host":"jm9833yuloeli2yd","time":1607658787,"event":{"mods":["BaseMod","StSLib","AchievementEnabler","Colored Map","Minty Spire (QoL Compilation)","Permanent Neow","SuperFastMode","Better Note","Better Altar","Better Match","Better Sensory Stone","Better Skull","DeckTracker","Better Vampires","Colored Powertips","Quick Restart"],"gold_per_floor":[118,138,138,154,169,169,14,49,124,124,199,237,261,285,285,381,381,401,85,105,30,30,71,71,51,51,51,90,114,153,171,171,269,269,283,302,316,24,42,42,62,62,89,123,141,141,141],"floor_reached":46,"playtime":1568,"items_purged":["Strike_G","Strike_G"],"score":1095,"play_id":"7b47e610-6644-4c9c-9bd3-8fd4c9f910d9","local_time":"20201210225307","is_ascension_mode":true,"campfire_choices":[{"data":"Dagger Spray","floor":6.0,"key":"SMITH"},{"data":"A Thousand Cuts","floor":10.0,"key":"SMITH"},{"data":"Finisher","floor":15.0,"key":"SMITH"},{"data":"Accuracy","floor":24.0,"key":"SMITH"},{"data":"Neutralize","floor":27.0,"key":"SMITH"},{"floor":32.0,"key":"REST"},{"floor":40.0,"key":"DIG"},{"floor":42,"key":"DIG"}],"circlet_count":0,"master_deck":["AscendersBane","Strike_G","Strike_G","Defend_G","Defend_G","Defend_G","Defend_G+1","Defend_G","Survivor","Neutralize+1","Acrobatics","Endless Agony","Dagger Spray+1","Bouncing Flask","Blade Dance","A Thousand Cuts+1","Expertise","PiercingWail","Backflip","Finisher+1","Terror","After Image","Accuracy+1","Blade Dance+1","Decay","Calculated Gamble","Night Terror","Prepared+1","Panache","Doubt","Well Laid Plans"],"special_seed":0,"relics":["Busted Crown","Golden Idol","Orrery","StoneCalendar","Eternal Feather","Bronze Scales","Pear","Cursed Key","War Paint","Bottled Flame","StrikeDummy","Shovel","Darkstone Periapt","Philosopher\u0027s Stone","Toxic Egg 2","InkBottle","Prayer Wheel"],"acts_visited":["Exordium","TheCity","TheBeyond"],"potions_floor_usage":[41,46],"damage_taken":[{"damage":1.0,"enemies":"Small Slimes","floor":1.0,"turns":5.0},{"damage":1.0,"enemies":"Jaw Worm","floor":2.0,"turns":5.0},{"damage":2.0,"enemies":"Cultist","floor":4.0,"turns":4.0},{"damage":4.0,"enemies":"Looter","floor":5.0,"turns":4.0},{"damage":8.0,"enemies":"Gremlin Nob","floor":8.0,"turns":3.0},{"damage":16.0,"enemies":"Gremlin Nob","floor":11.0,"turns":3.0},{"damage":12.0,"enemies":"3 Sentries","floor":12.0,"turns":7.0},{"damage":0.0,"enemies":"Exordium Wildlife","floor":13.0,"turns":3.0},{"damage":11.0,"enemies":"Lots of Slimes","floor":14.0,"turns":3.0},{"damage":0.0,"enemies":"Slime Boss","floor":16.0,"turns":5.0},{"damage":7.0,"enemies":"Shell Parasite","floor":18.0,"turns":4.0},{"damage":11.0,"enemies":"2 Thieves","floor":20.0,"turns":4.0},{"damage":0.0,"enemies":"Gremlin Leader","floor":23.0,"turns":5.0},{"damage":14.0,"enemies":"Slavers","floor":28.0,"turns":3.0},{"damage":33.0,"enemies":"Snecko","floor":29.0,"turns":5.0},{"damage":24.0,"enemies":"Book of Stabbing","floor":30.0,"turns":5.0},{"damage":12.0,"enemies":"Centurion and Healer","floor":31.0,"turns":4.0},{"damage":32.0,"enemies":"Champ","floor":33.0,"turns":8.0},{"damage":7.0,"enemies":"3 Darklings","floor":35.0,"turns":4.0},{"damage":8.0,"enemies":"3 Shapes","floor":36.0,"turns":7.0},{"damage":17.0,"enemies":"Sphere and 2 Shapes","floor":37.0,"turns":4.0},{"damage":2.0,"enemies":"3 Darklings","floor":39.0,"turns":3.0},{"damage":25,"enemies":"Jaw Worm Horde","floor":41,"turns":4},{"damage":1,"enemies":"Giant Head","floor":44,"turns":5},{"damage":31,"enemies":"Spire Growth","floor":45,"turns":4},{"damage":9,"enemies":"Reptomancer","floor":46,"turns":2}],"seed_played":"-4443771088095973311","potions_obtained":[{"floor":4.0,"key":"Poison Potion"},{"floor":12.0,"key":"LiquidBronze"},{"floor":13.0,"key":"Dexterity Potion"},{"floor":14.0,"key":"AttackPotion"},{"floor":16.0,"key":"Regen Potion"},{"floor":30.0,"key":"Fruit Juice"},{"floor":36.0,"key":"SkillPotion"},{"floor":37.0,"key":"SkillPotion"},{"floor":39.0,"key":"LiquidBronze"},{"floor":45,"key":"SneckoOil"}],"is_trial":false,"path_per_floor":["M","M","?","M","M","R","$","E","T","R","?","E","M","M","R","B",null,"M","$","M","?","$","E","R","?","T","R","E","M","E","M","R","B",null,"M","M","M","$","M","R","M","R","T","E","M","E"],"character_chosen":"THE_SILENT","items_purchased":["Orrery","Accuracy","Blade Dance","War Paint","Panache"],"campfire_rested":1,"item_purchase_floors":[7,19,19,19,38],"current_hp_per_floor":[58,57,34,32,28,28,28,20,20,32,16,14,14,3,15,15,61,54,54,43,43,43,43,58,58,58,73,59,26,14,2,39,12,64,57,49,32,32,30,45,20,35,41,40,9,0,0],"gold":141,"neow_bonus":"BOSS_RELIC","is_daily":false,"chose_seed":false,"campfire_upgraded":5,"win_rate":0,"timestamp":1607658787,"path_taken":["M","M","?","M","M","R","$","E","T","R","?","E","M","M","R","BOSS","M","$","M","?","$","E","R","?","T","R","E","M","E","M","R","BOSS","M","M","M","$","M","R","M","R","T","E","?","E"],"build_version":"2020-11-30","purchased_purges":2,"victory":false,"max_hp_per_floor":[66,66,66,66,66,66,66,66,66,66,66,76,76,76,76,76,76,76,76,76,76,76,76,76,76,76,76,76,76,76,76,76,81,81,81,81,81,81,81,81,81,81,87,87,87,87,87],"card_choices":[{"not_picked":["Prepared"],"picked":"SKIP","floor":1.0},{"not_picked":[],"picked":"Acrobatics","floor":2.0},{"not_picked":[],"picked":"Endless Agony","floor":4.0},{"not_picked":[],"picked":"Dagger Spray","floor":5.0},{"not_picked":[],"picked":"Bouncing Flask","floor":7.0},{"not_picked":[],"picked":"Blade Dance","floor":7.0},{"not_picked":[],"picked":"A Thousand Cuts","floor":7.0},{"not_picked":[],"picked":"Expertise","floor":7.0},{"not_picked":[],"picked":"PiercingWail","floor":8.0},{"not_picked":[],"picked":"Backflip","floor":11.0},{"not_picked":[],"picked":"Finisher","floor":12.0},{"not_picked":[],"picked":"Terror","floor":13.0},{"not_picked":["Sucker Punch"],"picked":"SKIP","floor":14.0},{"not_picked":[],"picked":"After Image","floor":16.0},{"not_picked":["Quick Slash"],"picked":"SKIP","floor":18.0},{"not_picked":["Deadly Poison"],"picked":"SKIP","floor":20.0},{"not_picked":["Endless Agony"],"picked":"SKIP","floor":23.0},{"not_picked":["Reflex+1"],"picked":"SKIP","floor":28.0},{"not_picked":["Caltrops"],"picked":"SKIP","floor":29.0},{"not_picked":["Underhanded Strike"],"picked":"SKIP","floor":30.0},{"not_picked":[],"picked":"Calculated Gamble","floor":31.0},{"not_picked":[],"picked":"Night Terror","floor":33.0},{"not_picked":["Eviscerate"],"picked":"SKIP","floor":35.0},{"not_picked":["Quick Slash"],"picked":"SKIP","floor":36.0},{"not_picked":[],"picked":"Prepared+1","floor":37.0},{"not_picked":["Quick Slash+1"],"picked":"SKIP","floor":39.0},{"not_picked":["Noxious Fumes"],"picked":"SKIP","floor":41},{"not_picked":["Poisoned Stab"],"picked":"SKIP","floor":44},{"not_picked":[],"picked":"Well Laid Plans","floor":45},{"not_picked":["Bane+1"],"picked":"SKIP","floor":45}],"player_experience":1018187,"relics_obtained":[{"floor":8.0,"key":"StoneCalendar"},{"floor":9.0,"key":"Eternal Feather"},{"floor":11.0,"key":"Bronze Scales"},{"floor":12.0,"key":"Pear"},{"floor":23.0,"key":"Bottled Flame"},{"floor":26.0,"key":"StrikeDummy"},{"floor":28.0,"key":"Shovel"},{"floor":30.0,"key":"Darkstone Periapt"},{"floor":40.0,"key":"Toxic Egg 2"},{"floor":42,"key":"InkBottle"},{"floor":44,"key":"Prayer Wheel"}],"event_choices":[{"damage_healed":0.0,"max_hp_gain":0.0,"max_hp_loss":0.0,"gold_gain":0.0,"event_name":"Golden Idol","player_choice":"Take Damage","floor":3.0,"gold_loss":0.0,"damage_taken":23.0,"relics_obtained":["Golden Idol"]},{"damage_healed":0.0,"max_hp_gain":0.0,"max_hp_loss":0.0,"gold_gain":0.0,"event_name":"Dead Adventurer","player_choice":"Searched \u00271\u0027 times","floor":11.0,"gold_loss":0.0,"damage_taken":0.0},{"cards_removed":["Strike_G"],"damage_healed":0.0,"max_hp_gain":0.0,"max_hp_loss":0.0,"gold_gain":0.0,"event_name":"Beggar","player_choice":"Gave Gold","floor":21.0,"gold_loss":75.0,"damage_taken":0.0},{"damage_healed":0.0,"max_hp_gain":0.0,"max_hp_loss":0.0,"gold_gain":0.0,"event_name":"The Woman in Blue","player_choice":"Bought 1 Potion","floor":25.0,"gold_loss":0.0,"damage_taken":0.0}],"is_beta":false,"boss_relics":[{"not_picked":["Pandora\u0027s Box","Snecko Eye"],"picked":"Cursed Key"},{"not_picked":["Black Star","Calling Bell"],"picked":"Philosopher\u0027s Stone"}],"items_purged_floors":[19,38],"is_endless":false,"potions_floor_spawned":[4,12,13,14,16,18,30,36,37,39,45],"killed_by":"Reptomancer","ascension_level":15}}