{"host":"d8hh7rr4yzitjeuj","time":1607706701,"event":{"mods":["2.2 Compatiblity","AchievementEnabler","BaseMod","CapriCore","Colored Map","Colored Powertips","Highlight Path","Keyboard Shortcuts","Minty Spire (QoL Compilation)","Permanent Neow","Quick Restart","StSLib","SuperFastMode"],"gold_per_floor":[115,135,149,165,175,209,209,268,323,351,351,40,67,78,78,154,154,164,181,181,192,206,206,206],"floor_reached":23,"playtime":804,"items_purged":["Clumsy"],"score":480,"play_id":"f8c900ab-01f3-42f1-900c-a7497f5aecc0","local_time":"20201212021141","is_ascension_mode":true,"campfire_choices":[{"floor":7.0,"key":"REST"},{"data":"Chaos","floor":11.0,"key":"SMITH"},{"data":"Recycle","floor":15.0,"key":"SMITH"}],"circlet_count":0,"master_deck":["AscendersBane","Zap","Dualcast","Capacitor","Melter","Turbo","Cold Snap","Ball Lightning","Glacier","Chaos+1","Tempest","Recycle+1","Compile Driver","Electrodynamics","Self Repair","Genetic Algorithm","Multi-Cast","Recycle","Coolheaded","Buffer","Doom and Gloom","Thunder Strike","Barrage","Consume","Biased Cognition"],"relics":["Cursed Key","Eternal Feather","Bag of Marbles","Mummified Hand","Runic Capacitor","MealTicket","Pandora\u0027s Box"],"acts_visited":["Exordium","TheCity"],"potions_floor_usage":[19],"damage_taken":[{"damage":0.0,"enemies":"Cultist","floor":1.0,"turns":4.0},{"damage":8.0,"enemies":"2 Louse","floor":2.0,"turns":2.0},{"damage":7.0,"enemies":"Jaw Worm","floor":3.0,"turns":3.0},{"damage":19.0,"enemies":"Red Slaver","floor":4.0,"turns":4.0},{"damage":4.0,"enemies":"Gremlin Gang","floor":5.0,"turns":5.0},{"damage":22.0,"enemies":"Gremlin Nob","floor":6.0,"turns":4.0},{"damage":14.0,"enemies":"3 Sentries","floor":10.0,"turns":8.0},{"damage":0.0,"enemies":"Gremlin Nob","floor":13.0,"turns":3.0},{"damage":8.0,"enemies":"Blue Slaver","floor":14.0,"turns":2.0},{"damage":15.0,"enemies":"The Guardian","floor":16.0,"turns":11.0},{"damage":2,"enemies":"Chosen","floor":18,"turns":3},{"damage":10,"enemies":"3 Byrds","floor":19,"turns":3},{"damage":0,"enemies":"3 Cultists","floor":21,"turns":3},{"damage":17,"enemies":"Sentry and Sphere","floor":22,"turns":3},{"damage":46,"enemies":"Gremlin Leader","floor":23,"turns":4}],"seed_played":"7347372259214487998","potions_obtained":[{"floor":1.0,"key":"GamblersBrew"},{"floor":4.0,"key":"Block Potion"},{"floor":6.0,"key":"SneckoOil"},{"floor":10.0,"key":"EssenceOfDarkness"},{"floor":16.0,"key":"Dexterity Potion"},{"floor":18,"key":"Block Potion"}],"is_trial":false,"path_per_floor":["M","M","M","M","M","E","R","?","T","E","R","$","E","M","R","B",null,"M","M","?","M","M","E"],"character_chosen":"DEFECT","items_purchased":["Runic Capacitor","Tempest"],"campfire_rested":1,"item_purchase_floors":[12,12],"current_hp_per_floor":[64,56,49,30,26,4,34,34,34,20,29,29,29,21,33,18,58,56,53,53,53,43,0,0],"gold":206,"neow_bonus":"BOSS_RELIC","is_daily":false,"chose_seed":false,"campfire_upgraded":2,"win_rate":0.0,"timestamp":1607706701,"path_taken":["M","M","M","M","M","E","R","?","T","E","R","$","E","M","R","BOSS","M","M","?","M","M","E"],"items_purchased_type":["Relic","Card"],"build_version":"2020-11-30","purchased_purges":1,"victory":false,"max_hp_per_floor":[71,71,71,71,71,71,71,71,71,71,71,71,71,71,71,71,71,71,71,71,71,71,71,71],"card_choices":[{"not_picked":["BootSequence","Hologram"],"picked":"Capacitor","floor":1.0},{"not_picked":["FTL","Darkness"],"picked":"Melter","floor":2.0},{"not_picked":["Compile Driver","Barrage"],"picked":"Turbo","floor":3.0},{"not_picked":["Loop","Blizzard"],"picked":"Cold Snap","floor":4.0},{"not_picked":["Amplify","Cold Snap"],"picked":"Ball Lightning","floor":5.0},{"not_picked":["Undo","Go for the Eyes"],"picked":"Glacier","floor":6.0},{"not_picked":["Tempest","Rip and Tear"],"picked":"Chaos","floor":10.0},{"not_picked":["Cold Snap","Scrape"],"picked":"Recycle","floor":13.0},{"not_picked":["Gash","Rebound"],"picked":"Compile Driver","floor":14.0},{"not_picked":["Creative AI","Machine Learning"],"picked":"Electrodynamics","floor":16.0},{"not_picked":["Streamline","Steam"],"picked":"Barrage","floor":18},{"not_picked":["Barrage","Leap+1","Genetic Algorithm"],"picked":"SKIP","floor":19},{"not_picked":["Conserve Battery","Chill"],"picked":"Biased Cognition","floor":21},{"not_picked":["Scrape","Rebound","Gash"],"picked":"SKIP","floor":22},{"not_picked":["Scrape","Rebound","Gash"],"picked":"SKIP","floor":22}],"player_experience":1321552,"relics_obtained":[{"floor":6.0,"key":"Eternal Feather"},{"floor":9.0,"key":"Bag of Marbles"},{"floor":10.0,"key":"Mummified Hand"},{"floor":13.0,"key":"MealTicket"}],"event_choices":[{"damage_healed":0.0,"max_hp_gain":0.0,"max_hp_loss":0.0,"gold_gain":59.0,"event_name":"Golden Wing","player_choice":"Gained Gold","floor":8.0,"gold_loss":0.0,"damage_taken":0.0},{"damage_healed":0,"gold_gain":0,"player_choice":"Read","damage_taken":0,"max_hp_gain":0,"max_hp_loss":0,"event_name":"The Library","floor":20,"gold_loss":0,"cards_obtained":["Consume"]}],"is_beta":false,"boss_relics":[{"not_picked":["Black Star","Runic Dome"],"picked":"Pandora\u0027s Box"}],"items_purged_floors":[12],"is_endless":false,"potions_floor_spawned":[1,4,6,10,16,18],"killed_by":"Gremlin Leader","ascension_level":20}}