{"host":"w6ebodudjlk2jwu4","time":1607719028,"event":{"mods":["Act Like it!","Bard","BaseMod","Beaked The Cultist","Colored Map","Glutton Mod","Hermit","Highlight Path","Infinite Spire","Jorbs\u0027s Wanderer Trilogy","Mad Scientist","Marisa????????","Minty Spire (QoL Compilation)","Relic Stats","Replay The Spire","StSLib","The Blue Laboratory","The Bug Knight","The Construct","The Cursed","The Mystic","The Servant 0.9.4","The Witch","Wandering Minibosses"],"gold_per_floor":[111,111,21,38,48,73,73,103,103,103,116,135,190,207,207,303,303,288,41,41,53,68,68,68,68],"floor_reached":24,"playtime":2008,"items_purged":[],"score":258,"play_id":"57bd50dd-1b7e-45da-8357-39bfb6d97026","local_time":"20201211123708","is_ascension_mode":false,"campfire_choices":[{"data":"Zap","floor":7,"key":"SMITH"},{"floor":10,"key":"REST"},{"floor":15,"key":"RECALL"},{"floor":23,"key":"REST"}],"circlet_count":0,"master_deck":["Strike_B","Strike_B","Strike_B","Strike_B","Defend_B","Defend_B","Defend_B","Defend_B","Zap+1","Dualcast","Time Bomb","Gash","Hologram+1","Ball Lightning","Sweeping Beam","BasicCrystalCard","Defragment","Stack","Leap","ReplayTheSpireMod:Splinters","Cold Snap","Electrodynamics","ReplaySolidLightProjector","RitualDagger","Go for the Eyes","Streamline"],"relics":["Cracked Core","Potion Belt","Pantograph","construct:FoamFinger","SlaversCollar","Divine Protection","Prayer Wheel"],"acts_visited":["Exordium","TheCity"],"potions_floor_usage":[6,16],"damage_taken":[{"damage":7,"enemies":"Small Slimes","floor":1,"turns":3},{"damage":11,"enemies":"infinitespire:Voidling","floor":4,"turns":6},{"damage":0,"enemies":"Cultist","floor":5,"turns":3},{"damage":9,"enemies":"HollowMod:MossKnight","floor":6,"turns":9},{"damage":46,"enemies":"3 Sentries","floor":8,"turns":6},{"damage":0,"enemies":"Looter","floor":11,"turns":4},{"damage":6,"enemies":"Lots of Slimes","floor":12,"turns":4},{"damage":2,"enemies":"Large Slime","floor":14,"turns":6},{"damage":0,"enemies":"Slime Boss","floor":16,"turns":5},{"damage":28,"enemies":"2 Thieves","floor":18,"turns":4},{"damage":31,"enemies":"3 Byrds","floor":21,"turns":6},{"damage":2,"enemies":"Cultist and Chosen","floor":22,"turns":7},{"damage":39,"enemies":"Snake Plant","floor":24,"turns":5}],"seed_played":"-315412022284263611","potions_obtained":[{"floor":2,"key":"LifebloodPotion"},{"floor":2,"key":"blueLaboratory:AbyssPotion"},{"floor":2,"key":"blueLaboratory:PolymorphPotion"},{"floor":6,"key":"PowerPotion"},{"floor":8,"key":"Strength Potion"},{"floor":11,"key":"PowerPotion"},{"floor":18,"key":"blueLaboratory:SystemWipe"}],"is_trial":false,"path_per_floor":["M","?","$","M","M","E","R","E","T","R","M","M","?","M","R_BF","B",null,"M","$","?","M","M","R","M"],"character_chosen":"DEFECT","items_purchased":["Gash","Hologram+1","Divine Protection"],"campfire_rested":2,"item_purchase_floors":[3,3,19],"current_hp_per_floor":[75,75,75,64,64,55,55,9,9,33,33,27,27,25,25,50,82,54,54,48,17,15,39,0,0],"gold":68,"neow_bonus":"TEN_PERCENT_HP_BONUS","is_daily":false,"chose_seed":false,"campfire_upgraded":1,"win_rate":0.0,"timestamp":1607719028,"path_taken":["M","?","$","M","M","E","R","E","T","R","M","?","?","M","R_BF","BOSS","M","?","?","M","M","R","M"],"items_purchased_type":["Card","Card","Relic"],"build_version":"2020-11-30","purchased_purges":0,"victory":false,"max_hp_per_floor":[82,82,82,82,82,82,82,82,82,82,82,82,82,82,82,82,82,82,82,82,82,82,82,82,82],"relic_stats":{"counters":[13,68],"Pantograph":25,"Prayer Wheel":0,"obtain_stats":[{"Potion Belt":6,"SlaversCollar":17,"Divine Protection":19,"construct:FoamFinger":13,"Pantograph":8,"Prayer Wheel":24,"Cracked Core":0},{"Potion Belt":4,"SlaversCollar":9,"Divine Protection":10,"construct:FoamFinger":7,"Pantograph":5,"Prayer Wheel":13,"Cracked Core":0},{"Potion Belt":21,"SlaversCollar":46,"Divine Protection":50,"construct:FoamFinger":35,"Pantograph":27,"Prayer Wheel":66,"Cracked Core":0}]},"card_choices":[{"not_picked":["Leap","Gash"],"picked":"Time Bomb","floor":1},{"not_picked":["Force Field","Sweeping Beam"],"picked":"Ball Lightning","floor":4},{"not_picked":["FTL","Barrage"],"picked":"Sweeping Beam","floor":5},{"not_picked":["Amplify","Reprogram"],"picked":"BasicCrystalCard","floor":6},{"not_picked":["Storm","Steam Power"],"picked":"Defragment","floor":8},{"not_picked":["Redo","Coolheaded"],"picked":"Stack","floor":11},{"not_picked":["Streamline","Coolheaded"],"picked":"Leap","floor":12},{"not_picked":["FIFO Queue","Compile Driver"],"picked":"Cold Snap","floor":13},{"not_picked":["White Noise","Coolheaded"],"picked":"Electrodynamics","floor":14},{"not_picked":["Biased Cognition","ReplayTheSpireMod:Omega Cannon"],"picked":"ReplayTheSpireMod:Fabricate Wheel","floor":16},{"not_picked":["Leap","ReplayGash"],"picked":"ReplaySolidLightProjector","floor":18},{"not_picked":["BasicCrystalCard","Cold Snap"],"picked":"Go for the Eyes","floor":21},{"not_picked":["ReplaySort","BasicCrystalCard"],"picked":"Streamline","floor":22}],"player_experience":47273,"relics_obtained":[{"floor":6,"key":"Potion Belt"},{"floor":8,"key":"Pantograph"},{"floor":13,"key":"construct:FoamFinger"}],"event_choices":[{"damage_healed":0,"gold_gain":0,"player_choice":"Got Potions","damage_taken":0,"max_hp_gain":0,"max_hp_loss":0,"event_name":"Lab","floor":2,"gold_loss":0},{"damage_healed":0,"gold_gain":0,"player_choice":"Joined the Cult","damage_taken":6,"max_hp_gain":0,"max_hp_loss":0,"event_name":"Nest","floor":20,"gold_loss":0,"cards_obtained":["RitualDagger"]}],"is_beta":false,"boss_relics":[{"not_picked":["construct:ClawGrip","Replay:Cursed D8"],"picked":"SlaversCollar"}],"items_purged_floors":[],"is_endless":false,"potions_floor_spawned":[5,6,8,11,18,22],"killed_by":"Snake Plant","ascension_level":0}}