{"host":"n7mxhpjy89lltbhc","time":1607688042,"event":{"mods":["2.2 Compatiblity","Act Like it!","Bard","BaseMod","Better Match","Better Sensory Stone","Better Synergies","Better Third Choice","Better Vampires","BetterRewards","Challenge The Spire","Colored Map","Colored Powertips","Displayed Cursed Tome","Gensokyo","Infinite Spire","Jedi Mod","Marisa????????","Marked Mod","Mimic Mod","Minty Spire (QoL Compilation)","Rare Cards Sparkle","Relic Sorter","Relic Stats","Replay The Spire","Shop Mod","Small Relic Pack","Spicy Shops","StSLib","Strawberry Spire","The Alterego","The Bladedancer","The Blue Laboratory","The Disciple","The Runesmith","The Servant 0.9.4","Uncapped","Waifu the Spire","Wandering Minibosses","vexMod","???????????mod"],"gold_per_floor":[115,15,32,0,11,31,51,80,80,80,80,80,120,45,45,45,45],"floor_reached":16,"playtime":906,"items_purged":[],"score":100,"play_id":"c8ac7c57-ceef-44fc-b247-edb05245e868","local_time":"25631211190042","is_ascension_mode":false,"campfire_choices":[{"data":"alterego_mod:IndependentAction","floor":10,"key":"SMITH"},{"data":"alterego_mod:Nekomimi","floor":12,"key":"SMITH"},{"data":"alterego_mod:BiFurious","floor":15,"key":"SMITH"}],"circlet_count":0,"master_deck":["alterego_mod:Strike","alterego_mod:Strike","alterego_mod:Strike","alterego_mod:Strike","alterego_mod:Defend","alterego_mod:Defend","alterego_mod:Defend","alterego_mod:Defend","alterego_mod:Impale+1","alterego_mod:BigMeatyClaws","alterego_mod:BrynhildrsRune","alterego_mod:BiFurious","alterego_mod:HighServant","alterego_mod:Maid","alterego_mod:Nekomimi+1","alterego_mod:Birthday","alterego_mod:IndependentAction+1","wanderingMiniBosses:FinaleOfPromise","alterego_mod:BiFurious+1","alterego_mod:Rip+1"],"relics":["alterego_mod:MasochisticConstitution","Golden Egg","Blue Doll","infinitespire:CheckeredPen","wanderingMiniBosses:Blackblade","Potion Belt"],"acts_visited":["Gensokyo:Gensokyo"],"potions_floor_usage":[8,13],"damage_taken":[{"damage":18,"enemies":"Gensokyo:Gryphon","floor":1,"turns":5},{"damage":12,"enemies":"Gensokyo:2_Kodama","floor":3,"turns":6},{"damage":17,"enemies":"Gensokyo:Python","floor":5,"turns":6},{"damage":28,"enemies":"Gensokyo:CorruptedTreant","floor":6,"turns":7},{"damage":19,"enemies":"Gensokyo:2_Rabbits","floor":7,"turns":7},{"damage":10,"enemies":"Gensokyo:Aya","floor":8,"turns":9},{"damage":13,"enemies":"Gensokyo:VengefulSpirit","floor":13,"turns":10},{"damage":40,"enemies":"Gensokyo:Yukari","floor":16,"turns":6}],"seed_played":"-5961769923217357069","potions_obtained":[{"floor":5,"key":"blueLaboratory:SavagePotion"},{"floor":6,"key":"SpeedPotion"},{"floor":7,"key":"jedi:tentaclejuice"}],"is_trial":false,"path_per_floor":["M","?","M","?","M","M","M","E","T","R","$","R","MIM","?","R","B"],"character_chosen":"The_Alterego","items_purchased":[],"campfire_rested":0,"item_purchase_floors":[],"current_hp_per_floor":[60,60,56,72,56,43,39,39,39,39,39,39,36,36,36,0,0],"gold":45,"neow_bonus":"UPGRADE_CARD","is_daily":false,"chose_seed":false,"campfire_upgraded":3,"win_rate":0.0,"timestamp":1607688042,"path_taken":["M","?","M","?","M","M","M","E","T","R","$","R","?","?","R","BOSS"],"items_purchased_type":[],"build_version":"2020-11-30","purchased_purges":0,"victory":false,"max_hp_per_floor":[71,71,72,72,73,74,75,76,76,76,76,76,77,77,77,77,77],"relic_stats":{"counters":[8,56],"obtain_stats":[{"Potion Belt":13,"Golden Egg":2,"alterego_mod:MasochisticConstitution":0,"wanderingMiniBosses:Blackblade":13,"Blue Doll":8,"infinitespire:CheckeredPen":9},{"Potion Belt":7,"Golden Egg":1,"alterego_mod:MasochisticConstitution":0,"wanderingMiniBosses:Blackblade":7,"Blue Doll":6,"infinitespire:CheckeredPen":6},{"Potion Belt":50,"Golden Egg":5,"alterego_mod:MasochisticConstitution":0,"wanderingMiniBosses:Blackblade":50,"Blue Doll":40,"infinitespire:CheckeredPen":40}]},"card_choices":[{"not_picked":["alterego_mod:Jiggle","alterego_mod:Smother"],"picked":"alterego_mod:BiFurious","floor":1},{"not_picked":["alterego_mod:Complex","alterego_mod:SakuraPetals"],"picked":"alterego_mod:HighServant","floor":3},{"not_picked":["alterego_mod:Bunnysuit","alterego_mod:Pet"],"picked":"alterego_mod:Maid","floor":5},{"not_picked":["alterego_mod:Stockings","alterego_mod:Lingerie"],"picked":"alterego_mod:Nekomimi","floor":6},{"not_picked":["alterego_mod:Complex","alterego_mod:Skirt"],"picked":"alterego_mod:Birthday","floor":7},{"not_picked":["alterego_mod:Jiggle","alterego_mod:Table"],"picked":"alterego_mod:IndependentAction","floor":8},{"not_picked":[],"picked":"wanderingMiniBosses:FinaleOfPromise","floor":13},{"not_picked":["alterego_mod:DiscoLights","alterego_mod:SakuraPetals"],"picked":"alterego_mod:BiFurious","floor":13},{"not_picked":["alterego_mod:PerceptionDisorder+1","alterego_mod:HighServant+1"],"picked":"alterego_mod:Rip+1","floor":14}],"player_experience":893023,"relics_obtained":[{"floor":8,"key":"Blue Doll"},{"floor":9,"key":"infinitespire:CheckeredPen"},{"floor":13,"key":"wanderingMiniBosses:Blackblade"},{"floor":13,"key":"Potion Belt"}],"event_choices":[{"damage_healed":0,"gold_gain":0,"player_choice":"2","damage_taken":0,"max_hp_gain":0,"max_hp_loss":0,"event_name":"betterMatch:BetterMatch","floor":14,"gold_loss":0,"cards_obtained":["betterMatch:CommonCard"]}],"is_beta":false,"boss_relics":[],"items_purged_floors":[],"is_endless":false,"potions_floor_spawned":[5,6,7],"killed_by":"Gensokyo:Yukari","ascension_level":0}}