{"host":"v1g0lpd6z6lg7is8","time":1607711548,"event":{"mods":["BaseMod","Colored Map","Colored Powertips","Minty Spire (QoL Compilation)","Quick Restart"],"gold_per_floor":[116,116,135,54,66,66,84,100,125,148,19,194,194,94,94,194,194,214,313,313,327,327,327,355,355,424,436,449,150,166,116,116,216,216,233,27,0,0,17,51,51,1,1,1,19,371,404,422,422,422],"floor_reached":51,"playtime":1276,"items_purged":["Strike_R","Doubt","Rupture","Strike_R","Defend_R","Strike_R"],"score":788,"play_id":"954d4a72-0846-4770-bc97-355ef753828e","local_time":"20201212023228","is_ascension_mode":false,"campfire_choices":[{"data":"Heavy Blade","floor":6,"key":"SMITH"},{"data":"Sword Boomerang","floor":13,"key":"SMITH"},{"data":"Shrug It Off","floor":15,"key":"SMITH"},{"data":"Bash","floor":23,"key":"SMITH"},{"data":"Defend_R","floor":25,"key":"SMITH"},{"data":"Defend_R","floor":32,"key":"SMITH"},{"data":"Strike_R","floor":44,"key":"SMITH"},{"floor":49,"key":"REST"}],"circlet_count":0,"master_deck":["Strike_R+1","Defend_R+1","Defend_R+1","Bash+1","Heavy Blade+1","Shrug It Off+1","Sword Boomerang+1","Impervious+1","Spot Weakness+1","Sword Boomerang+1"],"relics":["Black Blood","NeowsBlessing","Pen Nib","Red Skull","Vajra","Odd Mushroom","MutagenicStrength","Smiling Mask","Sundial","Singing Bowl","Sozu","Happy Flower","Red Mask","War Paint","Regal Pillow","Old Coin","Ancient Tea Set"],"acts_visited":["Exordium","TheCity","TheBeyond"],"potions_floor_usage":[10,33,50],"damage_taken":[{"damage":0,"enemies":"Small Slimes","floor":1,"turns":1},{"damage":0,"enemies":"2 Louse","floor":3,"turns":1},{"damage":0,"enemies":"Cultist","floor":5,"turns":1},{"damage":10,"enemies":"Looter","floor":7,"turns":2},{"damage":0,"enemies":"Large Slime","floor":8,"turns":5},{"damage":9,"enemies":"The Mushroom Lair","floor":10,"turns":4},{"damage":48,"enemies":"Slime Boss","floor":16,"turns":12},{"damage":0,"enemies":"Chosen","floor":18,"turns":4},{"damage":15,"enemies":"2 Thieves","floor":21,"turns":4},{"damage":58,"enemies":"Book of Stabbing","floor":24,"turns":4},{"damage":0,"enemies":"Snecko","floor":27,"turns":2},{"damage":12,"enemies":"Centurion and Healer","floor":28,"turns":6},{"damage":15,"enemies":"Shelled Parasite and Fungi","floor":30,"turns":3},{"damage":63,"enemies":"Collector","floor":33,"turns":8},{"damage":4,"enemies":"Orb Walker","floor":35,"turns":3},{"damage":15,"enemies":"3 Darklings","floor":39,"turns":6},{"damage":6,"enemies":"Reptomancer","floor":40,"turns":4},{"damage":15,"enemies":"4 Shapes","floor":45,"turns":6},{"damage":31,"enemies":"2 Orb Walkers","floor":46,"turns":4},{"damage":10,"enemies":"Giant Head","floor":47,"turns":6},{"damage":0,"enemies":"Writhing Mass","floor":48,"turns":1},{"damage":54,"enemies":"Awakened One","floor":50,"turns":7}],"seed_played":"1874974493201512841","potions_obtained":[{"floor":5,"key":"FairyPotion"},{"floor":7,"key":"Block Potion"},{"floor":10,"key":"SkillPotion"},{"floor":18,"key":"GamblersBrew"},{"floor":28,"key":"EssenceOfSteel"}],"is_trial":false,"path_per_floor":["M","?","M","?","M","R","M","M","T","?","$","?","R","$","R","B",null,"M","?","?","M","?","R","E","R","T","M","M","$","M","$","R","B",null,"M","$","?","?","M","E","?","$","T","R","M","?","E","M","R","B",null],"character_chosen":"IRONCLAD","items_purchased":["Sword Boomerang","Singing Bowl","Happy Flower"],"campfire_rested":1,"item_purchase_floors":[11,29,36],"current_hp_per_floor":[80,77,80,80,80,80,76,80,80,77,77,77,77,77,77,35,80,80,80,80,77,77,77,31,31,31,43,43,43,42,42,42,36,82,84,84,84,84,81,86,86,86,86,86,85,68,72,84,92,50],"gold":422,"neow_bonus":"THREE_ENEMY_KILL","is_daily":false,"chose_seed":false,"campfire_upgraded":7,"win_rate":0.0,"timestamp":1607711548,"path_taken":["M","?","M","?","M","R","?","M","T","?","$","?","R","?","R","BOSS","M","?","?","M","?","R","E","R","T","M","M","$","?","$","R","BOSS","M","?","?","?","?","E","?","?","T","R","M","?","E","?","R","BOSS"],"items_purchased_type":["Card","Relic","Relic"],"build_version":"2020-11-30","purchased_purges":6,"victory":true,"max_hp_per_floor":[80,80,80,80,80,80,80,80,80,80,80,80,80,80,80,80,80,80,80,80,80,80,80,80,80,80,80,80,80,82,82,82,82,82,84,84,84,84,84,86,86,86,86,86,88,90,92,92,92,92],"card_choices":[{"not_picked":["Sever Soul","Clash"],"picked":"Heavy Blade","floor":1},{"not_picked":["Feel No Pain","Anger","Brutality"],"picked":"SKIP","floor":3},{"not_picked":["Uppercut","Pummel","Headbutt"],"picked":"SKIP","floor":5},{"not_picked":["Pommel Strike","Headbutt","Armaments"],"picked":"SKIP","floor":7},{"not_picked":["Dark Embrace","Evolve","Clash"],"picked":"SKIP","floor":8},{"not_picked":["Thunderclap","Anger"],"picked":"Shrug It Off","floor":10},{"not_picked":["Armaments+1","Cleave+1","Sword Boomerang"],"picked":"SKIP","floor":18},{"not_picked":["Shockwave","Clothesline","Rampage"],"picked":"SKIP","floor":21},{"not_picked":["Pommel Strike","Armaments+1","Havoc"],"picked":"SKIP","floor":24},{"not_picked":["Pommel Strike","Armaments+1","Havoc"],"picked":"SKIP","floor":24},{"not_picked":["True Grit","Twin Strike","Iron Wave"],"picked":"SKIP","floor":27},{"not_picked":["Second Wind","Clothesline","Evolve"],"picked":"SKIP","floor":28},{"not_picked":["Flex","Sentinel","Sword Boomerang"],"picked":"Singing Bowl","floor":30},{"not_picked":["Double Tap","Fiend Fire"],"picked":"Impervious","floor":33},{"not_picked":["Carnage","Flex","Warcry+1"],"picked":"Singing Bowl","floor":35},{"not_picked":["True Grit","Sentinel"],"picked":"Spot Weakness","floor":39},{"not_picked":["Twin Strike+1","Dark Embrace+1","Headbutt"],"picked":"Singing Bowl","floor":40},{"not_picked":["Shrug It Off+1","Seeing Red+1","Intimidate"],"picked":"Singing Bowl","floor":45},{"not_picked":["Sever Soul","Dual Wield+1","Intimidate+1"],"picked":"Singing Bowl","floor":46},{"not_picked":["Shrug It Off+1","Feel No Pain+1","Carnage"],"picked":"Singing Bowl","floor":47},{"not_picked":["Sentinel+1","Iron Wave+1"],"picked":"Sword Boomerang+1","floor":48}],"player_experience":1966306,"relics_obtained":[{"floor":9,"key":"Vajra"},{"floor":10,"key":"Odd Mushroom"},{"floor":24,"key":"Smiling Mask"},{"floor":26,"key":"Sundial"},{"floor":40,"key":"War Paint"},{"floor":43,"key":"Regal Pillow"},{"floor":46,"key":"Old Coin"},{"floor":47,"key":"Ancient Tea Set"}],"event_choices":[{"damage_healed":0,"gold_gain":0,"player_choice":"Success","damage_taken":3,"relics_obtained":["Pen Nib"],"max_hp_gain":0,"max_hp_loss":0,"event_name":"Scrap Ooze","floor":2,"gold_loss":0},{"damage_healed":0,"gold_gain":0,"player_choice":"Paid Gold","damage_taken":0,"relics_obtained":["Red Skull"],"max_hp_gain":0,"max_hp_loss":0,"event_name":"WeMeetAgain","floor":4,"gold_loss":81},{"damage_healed":0,"gold_gain":0,"player_choice":"Fought Mushrooms","damage_taken":0,"max_hp_gain":0,"max_hp_loss":0,"event_name":"Mushrooms","floor":10,"gold_loss":0},{"damage_healed":0,"gold_gain":175,"player_choice":"AGREE","damage_taken":0,"max_hp_gain":0,"max_hp_loss":0,"event_name":"Liars Game","floor":12,"gold_loss":0,"cards_obtained":["Doubt"]},{"damage_healed":0,"gold_gain":99,"player_choice":"Stole From Cult","damage_taken":0,"max_hp_gain":0,"max_hp_loss":0,"event_name":"Nest","floor":19,"gold_loss":0},{"damage_healed":0,"gold_gain":0,"player_choice":"Inject Mutagens","damage_taken":0,"relics_obtained":["MutagenicStrength"],"max_hp_gain":0,"max_hp_loss":0,"event_name":"Drug Dealer","floor":20,"gold_loss":0},{"damage_healed":0,"gold_gain":0,"cards_transformed":["Strike_R"],"player_choice":"Transformed","damage_taken":0,"max_hp_gain":0,"max_hp_loss":0,"event_name":"Transmorgrifier","floor":22,"gold_loss":0,"cards_obtained":["Rupture"]},{"damage_healed":0,"gold_gain":0,"player_choice":"Paid","damage_taken":0,"relics_obtained":["Red Mask"],"max_hp_gain":0,"max_hp_loss":0,"event_name":"Tomb of Lord Red Mask","floor":37,"gold_loss":27},{"cards_removed":["Defend_R"],"damage_healed":0,"gold_gain":0,"player_choice":"Purged","damage_taken":0,"max_hp_gain":0,"max_hp_loss":0,"event_name":"Purifier","floor":38,"gold_loss":0},{"damage_healed":0,"gold_gain":0,"player_choice":"Memory 1","damage_taken":0,"max_hp_gain":0,"max_hp_loss":0,"event_name":"SensoryStone","floor":41,"gold_loss":0},{"damage_healed":0,"gold_gain":0,"player_choice":"Fight","damage_taken":0,"max_hp_gain":0,"max_hp_loss":0,"event_name":"Mysterious Sphere","floor":46,"gold_loss":0}],"is_beta":false,"boss_relics":[{"not_picked":["Ectoplasm","Runic Dome"],"picked":"Black Blood"},{"not_picked":["Runic Pyramid","SacredBark"],"picked":"Sozu"}],"items_purged_floors":[11,14,29,31,36,42],"is_endless":false,"potions_floor_spawned":[5,7,10,18,28,30,39,47],"ascension_level":0}}