{"host":"kmq7aw60w430zvtx","time":1607686614,"event":{"mods":["BaseMod","Downfall","GifTheSpireLib","Hermit","Hubris","Minty Spire (QoL Compilation)","Replay The Spire","StSLib","The Construct","The Cursed","The Hierophant","The Jungle","The Necromancer","The Runesmith"],"gold_per_floor":[109,89,8,8,22,22,32,32,32,42,72,88,88,101,101,200,200,218,236,236,236,236],"floor_reached":21,"playtime":1885,"items_purged":[],"score":220,"play_id":"baf93b05-0a10-494b-b81e-04aeab8fa2b9","local_time":"20201211123654","is_ascension_mode":true,"campfire_choices":[{"data":"Deadly Poison","floor":6,"key":"SMITH"},{"floor":15,"key":"REST"}],"circlet_count":0,"master_deck":["Strike_G","Strike_G","Strike_G","Strike_G","Strike_G","Defend_G+1","Defend_G+1","Defend_G+1","Defend_G+1","Defend_G+1","Survivor","Neutralize","Deadly Poison+1","Specialist+1","Poisoned Stab","Sucker Punch","Setup","Bane","Flying Knee","Endless Agony","Underhanded Strike","Venomology","Sucker Punch+1","PiercingWail","expansioncontent:Hexaburn"],"relics":["hubris:TerracottaHorce","Replay:Bottled Eggs","Blue Doll","hubris:VirtuousBlindfold"],"acts_visited":["Exordium","TheCity"],"potions_floor_usage":[8,10,16,19,19],"damage_taken":[{"damage":0,"enemies":"Cultist","floor":1,"turns":4},{"damage":2,"enemies":"Small Slimes","floor":5,"turns":3},{"damage":7,"enemies":"Jaw Worm","floor":7,"turns":2},{"damage":0,"enemies":"Gremlin Gang","floor":8,"turns":1},{"damage":0,"enemies":"Large Slime","floor":10,"turns":5},{"damage":5,"enemies":"Lagavulin","floor":11,"turns":6},{"damage":0,"enemies":"2 Fungi Beasts","floor":12,"turns":4},{"damage":12,"enemies":"Gremlin Gang","floor":14,"turns":5},{"damage":33,"enemies":"The Guardian","floor":16,"turns":11},{"damage":23,"enemies":"Chosen","floor":18,"turns":5},{"damage":7,"enemies":"Spheric Guardian","floor":19,"turns":4},{"damage":23,"enemies":"Shelled Parasite and Fungi","floor":21,"turns":2}],"seed_played":"1395664795332783864","potions_obtained":[{"floor":2,"key":"SmokeBomb"},{"floor":7,"key":"PowerPotion"},{"floor":10,"key":"Block Potion"}],"is_trial":false,"path_per_floor":["M","?","$","?","M","R","M","M","T","M","E","M","?","M","R","B",null,"M","M","?","M"],"character_chosen":"THE_SILENT","items_purchased":["Specialist"],"campfire_rested":1,"item_purchase_floors":[3],"current_hp_per_floor":[70,70,70,70,68,68,61,61,61,61,56,56,56,44,65,32,61,38,31,13,0,0],"gold":236,"neow_bonus":"BOSS_RELIC","is_daily":false,"chose_seed":false,"campfire_upgraded":1,"win_rate":0.0,"timestamp":1607686614,"path_taken":["M","?","?","?","M","R","M","M","T","M","E","M","?","?","R","BOSS","M","?","?","?"],"items_purchased_type":["Card"],"build_version":"2020-11-30","purchased_purges":0,"victory":false,"max_hp_per_floor":[70,70,70,70,70,70,70,70,70,70,70,70,70,70,70,70,70,70,70,70,70,70],"card_choices":[{"not_picked":["Backflip","Bane"],"picked":"Deadly Poison","floor":1},{"not_picked":["Bane","ReplayTheSpireMod:Speed Training"],"picked":"Poisoned Stab","floor":5},{"not_picked":["Dagger Spray","Quick Slash","All Out Attack"],"picked":"SKIP","floor":7},{"not_picked":["Blade Dance","hubris:Sniper"],"picked":"Sucker Punch","floor":10},{"not_picked":["Dagger Throw","Outmaneuver"],"picked":"Setup","floor":11},{"not_picked":["Flying Knee","Concentrate"],"picked":"Bane","floor":12},{"not_picked":["Storm of Steel","Setup"],"picked":"Underhanded Strike","floor":14},{"not_picked":["Atom Bomb","Doppelganger"],"picked":"Venomology","floor":16},{"not_picked":["Prepared","Dodge and Roll"],"picked":"Sucker Punch+1","floor":18},{"not_picked":["Blade Dance","Outmaneuver+1"],"picked":"PiercingWail","floor":19}],"player_experience":218063,"relics_obtained":[{"floor":9,"key":"Replay:Bottled Eggs"},{"floor":11,"key":"Blue Doll"}],"event_choices":[{"damage_healed":0,"gold_gain":0,"player_choice":"Bought 1 Potion","damage_taken":0,"max_hp_gain":0,"max_hp_loss":0,"event_name":"The Woman in Blue","floor":2,"gold_loss":0},{"damage_healed":0,"gold_gain":0,"player_choice":"2 cards matched","damage_taken":0,"max_hp_gain":0,"max_hp_loss":0,"event_name":"Match and Keep!","floor":13,"gold_loss":0,"cards_obtained":["Flying Knee","Endless Agony"]},{"damage_healed":0,"gold_gain":0,"player_choice":"POTION CARD ","damage_taken":18,"max_hp_gain":0,"max_hp_loss":0,"event_name":"Knowing Skull","floor":20,"potions_obtained":["BlessingOfTheForge"],"gold_loss":0,"cards_obtained":["expansioncontent:Hexaburn"]}],"is_beta":false,"boss_relics":[{"not_picked":["Runic Dome","hubris:RunicObelisk"],"picked":"hubris:VirtuousBlindfold"}],"items_purged_floors":[],"is_endless":false,"potions_floor_spawned":[7,8,10],"killed_by":"Shelled Parasite and Fungi","ascension_level":4}}