{"host":"fq1bpa5mgr3rtgnr","time":1607683127,"event":{"mods":["AchievementEnabler","BaseMod","Colored Map","Colored Powertips","Highlight Path","Minty Spire (QoL Compilation)","Relic Stats","StSLib"],"gold_per_floor":[17,17,17,17,33,33,33,33,33,33,43,43,43,74,74,169,169,187,187,187,203,221,247,69,69,93,93,93,113,113,147,147,246,246,257,257,267,12,29,29,29,62,62,88,138,150,170,209,209,209],"floor_reached":51,"playtime":5616,"items_purged":["Defend_G","Strike_G"],"score":1035,"play_id":"9f28a2e5-18c5-4fde-a530-303b9d8a534f","local_time":"20201211053847","is_ascension_mode":true,"campfire_choices":[{"data":"Cloak And Dagger","floor":6.0,"key":"SMITH"},{"data":"Neutralize","floor":8.0,"key":"SMITH"},{"data":"After Image","floor":10.0,"key":"SMITH"},{"data":"Finisher","floor":13.0,"key":"SMITH"},{"data":"Backflip","floor":15.0,"key":"SMITH"},{"data":"Tactician","floor":25.0,"key":"SMITH"},{"data":"Survivor","floor":27.0,"key":"SMITH"},{"floor":30.0,"key":"REST"},{"floor":32.0,"key":"REST"},{"data":"Acrobatics","floor":40.0,"key":"SMITH"},{"data":"Tactician","floor":49.0,"key":"SMITH"}],"circlet_count":0,"master_deck":["Strike_G+1","Defend_G","Defend_G","Survivor+1","Neutralize+1","Finisher+1","After Image+1","Backflip+1","Distraction","Cloak And Dagger+1","Crippling Poison","After Image","Leg Sweep","Terror","Adrenaline","Dagger Throw+1","Tactician+1","Accuracy","Dagger Throw","Bullet Time","Reflex","Acrobatics+1","Tactician+1","Infinite Blades","Expertise+1","Acrobatics+1","Burst"],"relics":["Ring of the Snake","Nunchaku","Akabeko","Black Star","MawBank","Centennial Puzzle","Omamori","Pantograph","CaptainsWheel","WristBlade","Whetstone","Orichalcum","Blood Vial","White Beast Statue","Happy Flower","Gambling Chip","CeramicFish","Lantern"],"acts_visited":["Exordium","TheCity","TheBeyond"],"potions_floor_usage":[50,50,50],"damage_taken":[{"damage":1.0,"enemies":"Small Slimes","floor":1.0,"turns":5.0},{"damage":0.0,"enemies":"Jaw Worm","floor":5.0,"turns":5.0},{"damage":0.0,"enemies":"Cultist","floor":11.0,"turns":3.0},{"damage":11.0,"enemies":"Gremlin Nob","floor":14.0,"turns":5.0},{"damage":17.0,"enemies":"The Guardian","floor":16.0,"turns":12.0},{"damage":6.0,"enemies":"3 Byrds","floor":18.0,"turns":4.0},{"damage":7.0,"enemies":"Spheric Guardian","floor":21.0,"turns":5.0},{"damage":0.0,"enemies":"Centurion and Healer","floor":22.0,"turns":4.0},{"damage":32.0,"enemies":"Gremlin Leader","floor":23.0,"turns":9.0},{"damage":9.0,"enemies":"3 Cultists","floor":29.0,"turns":3.0},{"damage":17.0,"enemies":"Slavers","floor":31.0,"turns":2.0},{"damage":43.0,"enemies":"Champ","floor":33.0,"turns":16.0},{"damage":32.0,"enemies":"3 Darklings","floor":35.0,"turns":3.0},{"damage":7.0,"enemies":"3 Shapes","floor":37.0,"turns":4.0},{"damage":4.0,"enemies":"3 Darklings","floor":39.0,"turns":6.0},{"damage":1.0,"enemies":"Giant Head","floor":42.0,"turns":6.0},{"damage":10.0,"enemies":"Mind Bloom Boss Battle","floor":45.0,"turns":5.0},{"damage":17.0,"enemies":"Jaw Worm Horde","floor":46.0,"turns":4.0},{"damage":0.0,"enemies":"Maw","floor":47.0,"turns":5.0},{"damage":21.0,"enemies":"Reptomancer","floor":48.0,"turns":4.0},{"damage":7,"enemies":"Donu and Deca","floor":50,"turns":7}],"seed_played":"7097743935378002464","potions_obtained":[{"floor":14.0,"key":"SkillPotion"},{"floor":16.0,"key":"FearPotion"},{"floor":18.0,"key":"Weak Potion"},{"floor":22.0,"key":"GamblersBrew"},{"floor":31.0,"key":"Poison Potion"},{"floor":39.0,"key":"PowerPotion"},{"floor":42.0,"key":"Dexterity Potion"},{"floor":45.0,"key":"Strength Potion"},{"floor":48.0,"key":"Regen Potion"}],"is_trial":false,"path_per_floor":["M","?","?","?","M","R","$","R","T","R","M","$","R","E","R","B",null,"M","?","?","M","M","E","$","R","T","R","$","M","R","E","R","B",null,"M","?","M","$","M","R","?","E","T","T","?","M","M","E","R","B",null],"character_chosen":"THE_SILENT","items_purchased":["Dagger Throw","Tactician","Whetstone"],"campfire_rested":2,"item_purchase_floors":[24,24,38],"current_hp_per_floor":[62,62,55,55,55,55,55,55,55,55,55,55,55,44,44,27,59,53,53,53,46,46,14,14,14,14,14,14,5,26,9,30,12,56,24,24,17,17,13,13,61,60,60,60,51,36,38,19,19,54],"gold":209,"neow_bonus":"TRANSFORM_TWO_CARDS","is_daily":false,"chose_seed":false,"campfire_upgraded":9,"win_rate":0.0,"timestamp":1607683127,"path_taken":["M","?","?","?","M","R","?","R","T","R","?","$","R","E","R","BOSS","M","?","?","M","M","E","$","R","T","R","$","?","R","E","R","BOSS","M","?","M","$","M","R","?","E","T","?","?","?","M","E","R","BOSS"],"items_purchased_type":["Card","Card","Relic"],"build_version":"2020-11-30","purchased_purges":2,"victory":true,"max_hp_per_floor":[70,70,70,70,70,70,70,70,70,70,70,70,70,70,70,70,70,70,70,70,70,70,70,70,70,70,70,70,70,70,70,70,70,70,70,70,70,70,70,70,61,61,61,61,61,61,61,61,61,61],"relic_stats":{"Happy Flower":[8],"counters":[21,117],"CeramicFish":9,"Whetstone":["Dagger Throw","Strike_G"],"Orichalcum":[0],"MawBank":12,"Blood Vial":9,"Nunchaku":[27],"Centennial Puzzle":[33],"Pantograph":50,"Gambling Chip":[11],"Black Star":4,"obtain_stats":[{"Lantern":48,"Happy Flower":44,"CeramicFish":48,"Omamori":26,"Whetstone":38,"Orichalcum":42,"MawBank":23,"Akabeko":14,"White Beast Statue":43,"Blood Vial":42,"Nunchaku":9,"Centennial Puzzle":23,"CaptainsWheel":31,"WristBlade":34,"Pantograph":31,"Gambling Chip":45,"Black Star":17,"Ring of the Snake":0},{"Lantern":20,"Happy Flower":16,"CeramicFish":20,"Omamori":9,"Whetstone":14,"Orichalcum":16,"MawBank":9,"Akabeko":4,"White Beast Statue":16,"Blood Vial":16,"Nunchaku":2,"Centennial Puzzle":9,"CaptainsWheel":11,"WristBlade":12,"Pantograph":11,"Gambling Chip":17,"Black Star":5,"Ring of the Snake":0},{"Lantern":110,"Happy Flower":92,"CeramicFish":110,"Omamori":52,"Whetstone":80,"Orichalcum":92,"MawBank":52,"Akabeko":18,"White Beast Statue":92,"Blood Vial":92,"Nunchaku":10,"Centennial Puzzle":52,"CaptainsWheel":57,"WristBlade":73,"Pantograph":57,"Gambling Chip":97,"Black Star":30,"Ring of the Snake":0}],"Ring of the Snake":[42]},"card_choices":[{"not_picked":["Bane","Sucker Punch"],"picked":"Backflip","floor":1.0},{"not_picked":["Distraction","Endless Agony"],"picked":"Cloak And Dagger","floor":5.0},{"not_picked":["Poisoned Stab","Dagger Throw"],"picked":"Crippling Poison","floor":11.0},{"not_picked":["Dodge and Roll","Quick Slash"],"picked":"Corpse Explosion","floor":14.0},{"not_picked":["Corpse Explosion","Unload"],"picked":"After Image","floor":16.0},{"not_picked":["Slice","Poisoned Stab"],"picked":"Leg Sweep","floor":18.0},{"not_picked":["Caltrops","Flying Knee","Skewer"],"picked":"SKIP","floor":21.0},{"not_picked":["Dagger Spray","Caltrops","Predator+1"],"picked":"SKIP","floor":22.0},{"not_picked":["Dagger Spray","Caltrops","Predator+1"],"picked":"SKIP","floor":22.0},{"not_picked":["Dagger Spray","Caltrops","Predator+1"],"picked":"SKIP","floor":22.0},{"not_picked":["Dash","Quick Slash"],"picked":"Adrenaline","floor":23.0},{"not_picked":["Deadly Poison","Dash"],"picked":"Accuracy","floor":29.0},{"not_picked":["Flying Knee","PiercingWail"],"picked":"Dagger Throw","floor":31.0},{"not_picked":["Malaise","Envenom"],"picked":"Bullet Time","floor":33.0},{"not_picked":["Backstab+1","Calculated Gamble"],"picked":"Reflex","floor":35.0},{"not_picked":["Quick Slash+1","Choke"],"picked":"Acrobatics","floor":37.0},{"not_picked":["Backflip+1","Prepared"],"picked":"Tactician","floor":39.0},{"not_picked":["Sucker Punch","Tactician"],"picked":"Infinite Blades","floor":42.0},{"not_picked":["Dagger Spray","Predator+1"],"picked":"Expertise+1","floor":46.0},{"not_picked":["Endless Agony+1","Outmaneuver+1"],"picked":"Acrobatics+1","floor":47.0},{"not_picked":["Poisoned Stab","Flechettes+1"],"picked":"Burst","floor":48.0}],"player_experience":351889,"relics_obtained":[{"floor":9.0,"key":"Nunchaku"},{"floor":14.0,"key":"Akabeko"},{"floor":23.0,"key":"MawBank"},{"floor":23.0,"key":"Centennial Puzzle"},{"floor":26.0,"key":"Omamori"},{"floor":31.0,"key":"Pantograph"},{"floor":31.0,"key":"CaptainsWheel"},{"floor":42.0,"key":"Orichalcum"},{"floor":42.0,"key":"Blood Vial"},{"floor":43.0,"key":"White Beast Statue"},{"floor":44.0,"key":"Happy Flower"},{"floor":45.0,"key":"Gambling Chip"},{"floor":48.0,"key":"CeramicFish"},{"floor":48.0,"key":"Lantern"}],"event_choices":[{"damage_healed":0.0,"max_hp_gain":0.0,"max_hp_loss":0.0,"gold_gain":0.0,"cards_transformed":["Defend_G"],"event_name":"Living Wall","player_choice":"Change","floor":2.0,"gold_loss":0.0,"damage_taken":0.0,"cards_obtained":["Distraction"]},{"cards_removed":["Defend_G"],"damage_healed":0.0,"max_hp_gain":0.0,"max_hp_loss":0.0,"gold_gain":0.0,"event_name":"Golden Wing","player_choice":"Card Removal","floor":3.0,"gold_loss":0.0,"damage_taken":7.0},{"damage_healed":0.0,"max_hp_gain":0.0,"max_hp_loss":0.0,"gold_gain":0.0,"event_name":"Liars Game","player_choice":"Ignored","floor":4.0,"gold_loss":0.0,"damage_taken":0.0},{"damage_healed":0.0,"max_hp_gain":0.0,"max_hp_loss":0.0,"gold_gain":0.0,"event_name":"Vampires","player_choice":"Ignored","floor":19.0,"gold_loss":0.0,"damage_taken":0.0},{"damage_healed":0.0,"max_hp_gain":0.0,"max_hp_loss":0.0,"gold_gain":0.0,"cards_transformed":["Strike_G"],"event_name":"Transmorgrifier","player_choice":"Transformed","floor":20.0,"gold_loss":0.0,"damage_taken":0.0,"cards_obtained":["Terror"]},{"cards_removed":["Corpse Explosion"],"damage_healed":0.0,"max_hp_gain":0.0,"max_hp_loss":0.0,"gold_gain":0.0,"event_name":"Falling","player_choice":"Removed Skill","floor":36.0,"gold_loss":0.0,"damage_taken":0.0},{"damage_healed":61.0,"max_hp_gain":0.0,"max_hp_loss":9.0,"gold_gain":0.0,"event_name":"The Moai Head","player_choice":"Heal","floor":41.0,"gold_loss":0.0,"damage_taken":0.0},{"damage_healed":0.0,"max_hp_gain":0.0,"max_hp_loss":0.0,"gold_gain":0.0,"event_name":"MindBloom","player_choice":"Fight","floor":45.0,"gold_loss":0.0,"damage_taken":0.0}],"is_beta":false,"boss_relics":[{"not_picked":["Runic Dome","Fusion Hammer"],"picked":"Black Star"},{"not_picked":["Sozu","Coffee Dripper"],"picked":"WristBlade"}],"items_purged_floors":[24,38],"is_endless":false,"potions_floor_spawned":[14,16,18,22,31,39,42,45,46,47,48],"ascension_level":9}}