{"host":"54xlu8utfq6njvlm","time":1607657348,"event":{"mods":["Aspiration","Bard","BaseMod","Beaked The Cultist","Better Altar","Better Match","Better Note","Better Sensory Stone","Better Skull","Better Third Choice","BetterRewards","CCEM","Colored Map","Conspire","Friendly Minions","GifTheSpireLib","Halation","Hermit","Highlight Path","Infinite Spire","Jorbs\u0027s Wanderer Trilogy","Koishi","Marisa????????","Minty Spire (QoL Compilation)","Permanent Neow","Remilia??????","Replay The Spire","Shade Mod","Shop Mod","Spicy Shops","StSLib","Stuff the Spire","The Animator","The Bug Knight","The Cursed","The Jungle","The Mystic","The Servant 0.9.4","The Witch","Unceasing Turn Reminder","everything is the same but u backflip on backflip"],"gold_per_floor":[116,116,133,133,58,99,128,142,168,118,118,133,165,181,181,294,294,313,333,333,353,353,371,371,371,371,394,394,412,425,505,505,600,600,636,636,656,656,669,669,703,703,703,717,717,717,731,748,748,773,773,773,773],"floor_reached":52,"playtime":4391,"items_purged":[],"score":495,"play_id":"bafbd490-37da-426e-ba76-6c8f92eb7b7d","local_time":"20201210202908","is_ascension_mode":false,"campfire_choices":[{"floor":11,"key":"REST"},{"floor":24,"key":"REST"},{"data":"animator:Mitsurugi","floor":28,"key":"SMITH"},{"data":"animator:Tet","floor":32,"key":"SMITH"},{"data":"animator:DolaSchwi","floor":40,"key":"SMITH"},{"data":"animator:Melzalgald","floor":42,"key":"SMITH"},{"floor":51,"key":"RECALL"}],"circlet_count":0,"master_deck":["animator:Strike_Konosuba","animator:Defend_Konosuba","animator:Strike","animator:Strike","animator:Defend","animator:Defend","animator:Kazuma","animator:Aqua","animator:Defend_GoblinSlayer","animator:Tatsumaki","Spot Weakness","animator:Melzalgald+1","animator:SayakaMiki","animator:IrohaTamaki","animator:YuiTsuruno","animator:YunYun","animator:Geryuganshoop","animator:Megumin+13","animator:MetalKnight","animator:YachiyoNanami","animator:MadokaKaname","animator:DolaSchwi+1","animator:Shichika","animator:OrikoMikuni","animator:Mitsurugi+1","animator:Tet+1","animator:Saitama+1","animator:Wiz+1","animator:Verdia","animator:HomuraAkemi+1","animator:Chris","animator:Darkness+1","animator:Genos"],"relics":["animator:LivingPicture","animator:TheMissingPiece","Incense Burner","Vajra","halation:Toothbrush","Replay:Mystery Machine","StuffTheSpire:Barrel","aspiration:PoetsPen_weak","Golden Egg","StuffTheSpire:ForceGauntlet","animator:HolyGrailRelic","halation:PinkSoulGem","Boot"],"acts_visited":["Exordium","TheCity","TheBeyond"],"potions_floor_usage":[13,16,16,21,27,33,33,33,38,41,41,48],"damage_taken":[{"damage":2,"enemies":"2 Louse","floor":1,"turns":4},{"damage":13,"enemies":"Jaw Worm","floor":3,"turns":4},{"damage":29,"enemies":"Lagavulin","floor":6,"turns":12},{"damage":7,"enemies":"Cultist","floor":7,"turns":4},{"damage":0,"enemies":"Large Slime","floor":8,"turns":4},{"damage":0,"enemies":"3 Louse","floor":12,"turns":3},{"damage":4,"enemies":"3 Sentries","floor":13,"turns":4},{"damage":8,"enemies":"2 Fungi Beasts","floor":14,"turns":3},{"damage":34,"enemies":"Fading Forest","floor":16,"turns":11},{"damage":23,"enemies":"2 Thieves","floor":18,"turns":3},{"damage":10,"enemies":"3 Byrds","floor":19,"turns":3},{"damage":28,"enemies":"Shelled Parasite and Fungi","floor":21,"turns":4},{"damage":10,"enemies":"Snecko","floor":23,"turns":5},{"damage":4,"enemies":"Centurion and Healer","floor":27,"turns":6},{"damage":15,"enemies":"conspire:HollyBat","floor":29,"turns":6},{"damage":0,"enemies":"3 Cultists","floor":30,"turns":3},{"damage":13,"enemies":"Champ","floor":33,"turns":6},{"damage":18,"enemies":"Orb Walker","floor":35,"turns":4},{"damage":22,"enemies":"3 Darklings","floor":37,"turns":5},{"damage":17,"enemies":"Writhing Mass","floor":39,"turns":3},{"damage":0,"enemies":"Jaw Worm Horde","floor":41,"turns":2},{"damage":8,"enemies":"Maw","floor":44,"turns":5},{"damage":9,"enemies":"Sphere and 2 Shapes","floor":47,"turns":2},{"damage":20,"enemies":"Spire Growth","floor":48,"turns":5},{"damage":32,"enemies":"infinitespire:MassOfShapes","floor":52,"turns":1}],"seed_played":"-2120752487467435394","potions_obtained":[{"floor":6,"key":"infinitespire:BlackPotion"},{"floor":12,"key":"SpeedPotion"},{"floor":13,"key":"FearPotion"},{"floor":15,"key":"Explosive Potion"},{"floor":21,"key":"LiquidBronze"},{"floor":27,"key":"FearPotion"},{"floor":29,"key":"LiquidMemories"},{"floor":30,"key":"Doom Potion"},{"floor":37,"key":"Block Potion"},{"floor":38,"key":"Fruit Juice"},{"floor":38,"key":"Ancient Potion"},{"floor":38,"key":"SpeedPotion"},{"floor":39,"key":"Weak Potion"},{"floor":44,"key":"LifebloodPotion"},{"floor":47,"key":"LiquidBronze"}],"is_trial":false,"path_per_floor":["M","?","M","?","$","E","M","M","T","?","R","M","E","M","R_BF","B",null,"M","M","?","M","?","M","R","?","T","M","R","M","M","T","R","B",null,"M","?","M","?","M","R","M","R","T","M","PTL","PTL","M","M","?","T","R_BF","B"],"character_chosen":"THE_ANIMATOR","items_purchased":["animator:IrohaTamaki"],"campfire_rested":2,"item_purchase_floors":[5],"current_hp_per_floor":[66,61,50,50,50,23,18,18,18,21,41,44,40,33,33,11,71,48,40,44,18,21,14,36,36,36,34,34,21,23,23,23,16,84,65,68,50,55,42,42,46,46,46,51,51,51,44,26,26,26,26,0,0],"gold":773,"neow_bonus":"ONE_RARE_RELIC","is_daily":false,"chose_seed":false,"campfire_upgraded":4,"win_rate":0.0,"timestamp":1607657348,"path_taken":["M","?","M","?","$","E","M","?","T","?","R","M","E","M","R_BF","BOSS","M","M","?","M","?","M","R","?","T","M","R","M","M","?","R","BOSS","M","?","?","?","?","R","M","R","T","M","PTL","PTL","M","M","?","?","R_BF","BOSS"],"items_purchased_type":["Card"],"build_version":"2020-11-30","purchased_purges":0,"victory":false,"max_hp_per_floor":[66,66,66,66,66,66,66,66,66,69,69,70,70,71,71,71,71,71,71,71,71,74,75,75,75,75,75,75,75,75,75,75,76,84,83,86,88,93,95,95,97,97,97,96,96,96,98,95,95,95,95,95,95],"card_choices":[{"not_picked":["animator:Aqua","animator:Gillette"],"picked":"animator:Tatsumaki","floor":1},{"not_picked":["animator:SilverFang","animator:ChaikaBohdan"],"picked":"animator:Melzalgald","floor":3},{"not_picked":["animator:ZankiKiguchi","animator:Azekura"],"picked":"animator:YuiTsuruno","floor":6},{"not_picked":["animator:Mitsurugi","animator:Kazuma"],"picked":"animator:YunYun","floor":7},{"not_picked":["animator:YaoHaDucy","animator:Tatsumaki"],"picked":"animator:Geryuganshoop","floor":8},{"not_picked":["animator:AcuraTooru","animator:Jibril"],"picked":"animator:Megumin","floor":12},{"not_picked":["animator:DolaRiku","animator:YuiTsuruno"],"picked":"animator:MetalKnight","floor":13},{"not_picked":["animator:KyokoSakura","animator:SuzuneAmano"],"picked":"animator:YachiyoNanami","floor":14},{"not_picked":["animator:Hans","animator:Sora"],"picked":"animator:MadokaKaname","floor":16},{"not_picked":["animator:Bozes","animator:Emonzaemon+1","animator:Jibril"],"picked":"SKIP","floor":18},{"not_picked":["animator:ZankiKiguchi","animator:Azekura"],"picked":"animator:DolaSchwi","floor":19},{"not_picked":["animator:YachiyoNanami","animator:Megumin+1","animator:Kazuma"],"picked":"SKIP","floor":21},{"not_picked":["animator:KyokoSakura","animator:SayakaMiki"],"picked":"animator:OrikoMikuni","floor":23},{"not_picked":["animator:TukaLunaMarceau","animator:Konayuki+1"],"picked":"animator:Mitsurugi","floor":27},{"not_picked":["animator:Layla","animator:Jibril"],"picked":"animator:Tet","floor":29},{"not_picked":["animator:SilverFang","animator:Konayuki"],"picked":"animator:Saitama","floor":30},{"not_picked":["animator:Biyorigo","animator:ItamiYouji"],"picked":"animator:Wiz","floor":33},{"not_picked":["animator:Kazuma","animator:Megumin"],"picked":"animator:Verdia","floor":35},{"not_picked":["animator:MetalKnight+1","animator:OrikoMikuni+1","animator:Kuribayashi+1"],"picked":"SKIP","floor":37},{"not_picked":["animator:Gillette+1","animator:Emonzaemon","animator:KyokoSakura+1"],"picked":"SKIP","floor":39},{"not_picked":["animator:Vanir","animator:Viivi+1"],"picked":"animator:HomuraAkemi","floor":41},{"not_picked":["animator:Verdia","animator:Mitsurugi"],"picked":"animator:Chris","floor":44},{"not_picked":["animator:Bozes+1","animator:Geryuganshoop+1"],"picked":"animator:Darkness+1","floor":47},{"not_picked":["animator:Tet+1","animator:Mitsurugi+1"],"picked":"animator:Genos","floor":48}],"player_experience":199368,"relics_obtained":[{"floor":6,"key":"halation:Toothbrush"},{"floor":9,"key":"Replay:Mystery Machine"},{"floor":13,"key":"StuffTheSpire:Barrel"},{"floor":26,"key":"Golden Egg"},{"floor":31,"key":"StuffTheSpire:ForceGauntlet"},{"floor":50,"key":"Boot"}],"event_choices":[{"damage_healed":0,"gold_gain":0,"cards_transformed":["stsjorbsmod:Strike_Wanderer"],"player_choice":"Transformed","damage_taken":0,"max_hp_gain":0,"max_hp_loss":0,"event_name":"Transmorgrifier","floor":4,"gold_loss":0,"cards_obtained":["animator:SayakaMiki"]},{"cards_removed":["animator:Defend"],"damage_healed":0,"gold_gain":0,"player_choice":"Card Removal","damage_taken":0,"max_hp_gain":0,"max_hp_loss":0,"event_name":"The Cleric","floor":10,"gold_loss":50},{"damage_healed":4,"gold_gain":0,"player_choice":"LEAVE ","damage_taken":0,"relics_obtained":[],"max_hp_gain":0,"max_hp_loss":0,"event_name":"betterSkull:BetterSkull","floor":20,"gold_loss":0,"cards_upgraded":[]},{"damage_healed":0,"gold_gain":0,"cards_transformed":["animator:Strike"],"player_choice":"Transformed","damage_taken":0,"max_hp_gain":0,"max_hp_loss":0,"event_name":"Transmorgrifier","floor":22,"gold_loss":0,"cards_obtained":["animator:Shichika"]},{"damage_healed":0,"gold_gain":0,"player_choice":"Cursed","damage_taken":0,"max_hp_gain":0,"max_hp_loss":0,"event_name":"Wheel of Change","floor":25,"gold_loss":0,"cards_obtained":["Decay"]},{"cards_removed":["Decay"],"damage_healed":0,"gold_gain":0,"player_choice":"Removed Curses","damage_taken":0,"max_hp_gain":0,"max_hp_loss":0,"event_name":"Fountain of Cleansing","floor":36,"gold_loss":0},{"damage_healed":0,"gold_gain":0,"player_choice":"Got Potions","damage_taken":0,"max_hp_gain":0,"max_hp_loss":0,"event_name":"Lab","floor":38,"gold_loss":0}],"is_beta":false,"boss_relics":[{"not_picked":["halation:Yufonium","aspiration:SilentSkillbook"],"picked":"aspiration:PoetsPen_weak"},{"not_picked":["Tiny House","Astrolabe"],"picked":"animator:HolyGrailRelic"}],"items_purged_floors":[],"is_endless":false,"potions_floor_spawned":[6,12,13,21,27,29,30,37,39,44,47],"killed_by":"infinitespire:MassOfShapes","ascension_level":0}}