{"host":"n7mxhpjy89lltbhc","time":1607692728,"event":{"mods":["2.2 Compatiblity","Act Like it!","Bard","BaseMod","Better Match","Better Sensory Stone","Better Synergies","Better Third Choice","Better Vampires","BetterRewards","Challenge The Spire","Colored Map","Colored Powertips","Displayed Cursed Tome","Gensokyo","Infinite Spire","Jedi Mod","Marisa????????","Marked Mod","Mimic Mod","Minty Spire (QoL Compilation)","Rare Cards Sparkle","Relic Sorter","Relic Stats","Replay The Spire","Shop Mod","Small Relic Pack","Spicy Shops","StSLib","Strawberry Spire","The Alterego","The Bladedancer","The Blue Laboratory","The Disciple","The Runesmith","The Servant 0.9.4","Uncapped","Waifu the Spire","Wandering Minibosses","vexMod","???????????mod"],"gold_per_floor":[116,41,141,1,17,52,52,62,88,88,103,134,145,165,165,260,260,219,219,970,970,989,989,1024,1024,1049,1068,1068,1078,1113,1133,1133,1236,1236,1246,1296,1396,1416,1426,1426,1455,1455,1494,1519,1534,1544,1597,1625,1625,1625],"floor_reached":51,"playtime":3047,"items_purged":[],"score":1304,"play_id":"fd1e7065-c9a4-4dc6-ad97-58843181c662","local_time":"25631211201848","is_ascension_mode":true,"campfire_choices":[{"data":"bard:MagnumOpus","floor":7.0,"key":"SMITH"},{"data":"bard:Gamble","floor":10.0,"key":"SMITH"},{"data":"bard:Strike","floor":15.0,"key":"PURGE"},{"data":"bard:HideousLaughter","floor":23.0,"key":"SMITH"},{"data":"bard:GlyphOfWarding","floor":28.0,"key":"SMITH"},{"data":"bard:Aphasia","floor":32,"key":"SMITH"},{"data":"infinitespire:Execution","floor":40,"key":"SMITH"},{"data":"infinitespire:Collect","floor":42,"key":"SMITH"},{"floor":49,"key":"REST"}],"circlet_count":0,"master_deck":["bard:Strike","bard:Strike","bard:Strike","bard:Defend","bard:Defend","bard:Defend","bard:Defend","bard:Riposte","bard:Inspire","bard:Focused+1","bard:Flourish","bard:Doot+1","bard:MagnumOpus+1","bard:Gamble+1","bard:EnGarde+1","bard:Sift+1","bard:Heroism+1","bard:GlyphOfWarding+1","bard:FingerOfDeath+1","bard:HideousLaughter+1","bard:CuttingWords+1","bard:MantleOfInspiration+1","bard:Balestra+1","bard:Aphasia+1","bard:MantleOfInspiration","bard:Rhapsody+1","bard:Haste","infinitespire:Execution+1","bard:SplendidForm","infinitespire:Collect+1","bard:HideousLaughter+1","bard:CovetousAura+1","Pot Of Greed","Pot Of Greed","Pot Of Greed"],"relics":["bard:PitchPipe","bard:BagPipes","jedi:purplefairy","Omamori","strawberrySpire:MawJerky","strawberrySpire:Treaders","vexMod:ImprovementManual","wanderingMiniBosses:MasterThiefsPresence","Runesmith:AutoHammer","Gensokyo:ConquerorOfFear","jedi:crownofsimplicity","strawberrySpire:ShipInABottle","ReplayTheSpireMod:SealedPack","vexMod:PlasmaPancake","Durian","Regal Pillow","vexMod:Dragonfruit","Grinning Jar","infinitespire:PuzzleCube"],"acts_visited":["Gensokyo:Gensokyo","Gensokyo:Gensokyoer","TheBeyond"],"potions_floor_usage":[33,37],"damage_taken":[{"damage":6.0,"enemies":"Gensokyo:3_Fairies","floor":1.0,"turns":6.0},{"damage":0.0,"enemies":"Gensokyo:Gryphon","floor":5.0,"turns":4.0},{"damage":0.0,"enemies":"Gensokyo:Cirno","floor":6.0,"turns":5.0},{"damage":0.0,"enemies":"Gensokyo:Python","floor":8.0,"turns":3.0},{"damage":0.0,"enemies":"Gensokyo:3_Kodama","floor":11.0,"turns":1.0},{"damage":14.0,"enemies":"Gensokyo:Aya","floor":12.0,"turns":9.0},{"damage":0.0,"enemies":"Gensokyo:Gryphon_and_Rabbit","floor":13.0,"turns":5.0},{"damage":4.0,"enemies":"Gensokyo:5_Fairies","floor":14.0,"turns":3.0},{"damage":18.0,"enemies":"Gensokyo:Reimu","floor":16.0,"turns":9.0},{"damage":6.0,"enemies":"Gensokyo:3_Dogs","floor":18.0,"turns":6.0},{"damage":2.0,"enemies":"Gensokyo:Chomper","floor":20.0,"turns":4.0},{"damage":20.0,"enemies":"Gensokyo:Slime_Group","floor":22.0,"turns":6.0},{"damage":27.0,"enemies":"Gensokyo:Reisen","floor":24.0,"turns":5.0},{"damage":0.0,"enemies":"Gensokyo:Swordslinger","floor":27.0,"turns":2.0},{"damage":0.0,"enemies":"Gensokyo:Chomper_and_Gloop","floor":29.0,"turns":3.0},{"damage":0,"enemies":"Gensokyo:Tenshi","floor":30,"turns":2},{"damage":5,"enemies":"Gensokyo:Slime_Group","floor":31,"turns":2},{"damage":21,"enemies":"Gensokyo:Eiki","floor":33,"turns":7},{"damage":20,"enemies":"3 Darklings","floor":35,"turns":7},{"damage":0,"enemies":"Mind Bloom Boss Battle","floor":36,"turns":3},{"damage":0,"enemies":"infinitespire:Three Voidlings","floor":37,"turns":3},{"damage":7,"enemies":"Nightmare_Alpha","floor":37,"turns":6},{"damage":0,"enemies":"Orb Walker","floor":38,"turns":1},{"damage":14,"enemies":"Jaw Worm Horde","floor":39,"turns":5},{"damage":0,"enemies":"R_Hoarder","floor":41,"turns":3},{"damage":0,"enemies":"Sphere and 2 Shapes","floor":43,"turns":3},{"damage":0,"enemies":"Giant Head","floor":44,"turns":6},{"damage":0,"enemies":"Sphere and 2 Shapes","floor":45,"turns":1},{"damage":10,"enemies":"3 Darklings","floor":46,"turns":5},{"damage":0,"enemies":"Reptomancer","floor":48,"turns":2},{"damage":32,"enemies":"Time Eater","floor":50,"turns":3}],"seed_played":"3693899874870507774","potions_obtained":[{"floor":5.0,"key":"Languid Potion"},{"floor":6.0,"key":"SkillPotion"},{"floor":11.0,"key":"Block Potion"},{"floor":18.0,"key":"blueLaboratory:NullPotion"},{"floor":29,"key":"Venom Potion"},{"floor":31,"key":"Block Potion"},{"floor":36,"key":"blueLaboratory:FrostheartPotion"},{"floor":41,"key":"blueLaboratory:BottleOfVodka"}],"is_trial":false,"path_per_floor":["M","?","?","?","M","E","R","M","T","R","M","E","M","M","R_BF","B",null,"M","?","M","?","M","R","E","?","T","M","R","M","E","M","R","B",null,"M","?","?","M","M","R","E","R","MIM","E","M","M","?","E","R","B",null],"character_chosen":"BARD","items_purchased":[],"campfire_rested":1,"item_purchase_floors":[],"current_hp_per_floor":[57,57,57,57,57,57,58,58,58,68,68,58,58,54,54,44,67,61,61,59,59,39,49,26,26,26,26,31,31,35,30,35,14,65,45,51,53,53,39,49,53,63,67,76,76,66,21,25,75,43],"gold":1625,"neow_bonus":"ONE_RANDOM_RARE_CARD","is_daily":false,"chose_seed":false,"campfire_upgraded":7,"win_rate":0.0,"timestamp":1607692728,"path_taken":["M","?","?","?","M","E","R","M","T","R","?","E","M","?","R_BF","BOSS","M","?","M","?","M","R","E","?","T","?","R","M","E","M","R","BOSS","M","?","?","?","M","R","E","R","MIM","E","M","M","?","E","R","BOSS"],"items_purchased_type":[],"build_version":"2020-11-30","purchased_purges":0,"victory":true,"max_hp_per_floor":[70,70,70,70,70,70,70,70,70,70,70,74,74,74,74,74,74,74,74,74,74,74,74,78,78,78,78,78,78,82,82,82,82,82,82,88,97,97,97,97,101,101,105,114,114,114,114,118,118,118],"relic_stats":{"Regal Pillow":15,"counters":[31,130],"obtain_stats":[{"bard:BagPipes":0,"vexMod:PlasmaPancake":36,"Regal Pillow":41,"bard:PitchPipe":0,"jedi:purplefairy":4,"Gensokyo:UndefinedDarkness":25,"wanderingMiniBosses:MasterThiefsPresence":20,"ReplayTheSpireMod:SealedPack":34,"Omamori":6,"jedi:crownofsimplicity":26,"Gensokyo:ConquerorOfFear":27,"strawberrySpire:ShipInABottle":30,"vexMod:Dragonfruit":44,"strawberrySpire:Treaders":12,"strawberrySpire:MawJerky":9,"Durian":37,"Runesmith:AutoHammer":24,"Grinning Jar":47,"vexMod:ImprovementManual":17,"infinitespire:PuzzleCube":48},{"bard:BagPipes":0,"vexMod:PlasmaPancake":20,"Regal Pillow":25,"bard:PitchPipe":0,"jedi:purplefairy":1,"Gensokyo:UndefinedDarkness":13,"wanderingMiniBosses:MasterThiefsPresence":11,"ReplayTheSpireMod:SealedPack":18,"Omamori":3,"jedi:crownofsimplicity":13,"Gensokyo:ConquerorOfFear":14,"strawberrySpire:ShipInABottle":16,"vexMod:Dragonfruit":27,"strawberrySpire:Treaders":6,"strawberrySpire:MawJerky":4,"Durian":22,"Runesmith:AutoHammer":13,"Grinning Jar":29,"vexMod:ImprovementManual":9,"infinitespire:PuzzleCube":30},{"bard:BagPipes":0,"vexMod:PlasmaPancake":92,"Regal Pillow":110,"bard:PitchPipe":0,"jedi:purplefairy":6,"Gensokyo:UndefinedDarkness":66,"wanderingMiniBosses:MasterThiefsPresence":55,"ReplayTheSpireMod:SealedPack":82,"Omamori":15,"jedi:crownofsimplicity":66,"Gensokyo:ConquerorOfFear":68,"strawberrySpire:ShipInABottle":73,"vexMod:Dragonfruit":119,"strawberrySpire:Treaders":28,"strawberrySpire:MawJerky":18,"Durian":101,"Runesmith:AutoHammer":66,"Grinning Jar":125,"vexMod:ImprovementManual":45,"infinitespire:PuzzleCube":127}]},"card_choices":[{"not_picked":["bard:PhantasmalForce","bard:InspiringSong"],"picked":"bard:Flourish","floor":1.0},{"not_picked":["bard:LifeDrain+1","bard:Flourish+1"],"picked":"bard:Doot+1","floor":2.0},{"not_picked":["bard:TinyHut","bard:Sift"],"picked":"bard:MagnumOpus","floor":5.0},{"not_picked":["bard:SongBolt","bard:BucklerBash","bard:Gamble"],"picked":"SKIP","floor":6.0},{"not_picked":["bard:SongBolt","bard:BucklerBash"],"picked":"bard:Gamble","floor":6.0},{"not_picked":["bard:FalseLife","bard:QuickSong"],"picked":"bard:EnGarde","floor":8.0},{"not_picked":["bard:EchoEcho","bard:Thunderwave"],"picked":"bard:Sift","floor":11.0},{"not_picked":["bard:StudiedStrike","bard:Silence"],"picked":"bard:Heroism","floor":12.0},{"not_picked":["bard:Invisibility","bard:Parry"],"picked":"bard:GlyphOfWarding","floor":13.0},{"not_picked":["bard:BucklerBash","bard:PhantasmalForce","bard:Gamble"],"picked":"SKIP","floor":14.0},{"not_picked":["bard:DeathMetal","bard:Invisibility"],"picked":"bard:FingerOfDeath","floor":16.0},{"not_picked":["bard:Balestra","bard:Parry"],"picked":"bard:HideousLaughter","floor":18.0},{"not_picked":["bard:Parry","bard:BucklerBash"],"picked":"bard:CuttingWords+1","floor":20.0},{"not_picked":["bard:Gamble","bard:Fermata","bard:Accelerando"],"picked":"SKIP","floor":22.0},{"not_picked":["bard:FirstStrike","bard:Parry","bard:Gamble"],"picked":"SKIP","floor":24.0},{"not_picked":["bard:SongBolt","bard:HideousLaughter"],"picked":"bard:MantleOfInspiration+1","floor":27.0},{"not_picked":["bard:Gamble","bard:ViciousMockery+1"],"picked":"bard:Balestra+1","floor":29},{"not_picked":["bard:Greatness+1","bard:PhantasmalForce"],"picked":"bard:Aphasia","floor":30},{"not_picked":["bard:Parry","bard:Silence+1"],"picked":"bard:MantleOfInspiration","floor":31},{"not_picked":["bard:Encore","bard:DeathMetal"],"picked":"bard:Rhapsody+1","floor":33},{"not_picked":["bard:ReverseGravity","bard:Focused"],"picked":"bard:Haste","floor":34},{"not_picked":["infinitespire:Gouge","infinitespire:Punishment"],"picked":"infinitespire:Execution","floor":34},{"not_picked":["bard:SongBolt+1","bard:Balestra+1","bard:GreaterMagicWeapon+1"],"picked":"SKIP","floor":35},{"not_picked":["bard:QuickSong+1","bard:LocateObject+1"],"picked":"bard:SplendidForm","floor":36},{"not_picked":["infinitespire:Starlight","infinitespire:UltimateForm"],"picked":"infinitespire:Collect","floor":37},{"not_picked":["bard:ViciousMockery","bard:FalseLife+1"],"picked":"bard:HideousLaughter+1","floor":38},{"not_picked":["bard:MantleOfInspiration","bard:EchoEcho+1","bard:HideousLaughter+1"],"picked":"SKIP","floor":39},{"not_picked":["bard:Gamble+1","bard:QuickSong+1","bard:ViciousMockery+1"],"picked":"SKIP","floor":41},{"not_picked":["bard:InspiringSong+1","bard:GlyphOfWarding"],"picked":"bard:GreaterMagicWeapon+1","floor":43},{"not_picked":["bard:DervishDance","bard:StudiedStrike"],"picked":"bard:CovetousAura+1","floor":44},{"not_picked":["bard:ViciousMockery+1","bard:Sift+1","bard:Fermata+1"],"picked":"SKIP","floor":45},{"not_picked":["bard:FirstStrike+1","bard:Fermata+1","bard:QuickSong+1"],"picked":"SKIP","floor":46},{"not_picked":["bard:FeastOnFear+1","bard:StudiedStrike+1","bard:Shout+1"],"picked":"SKIP","floor":48}],"player_experience":895305,"relics_obtained":[{"floor":6.0,"key":"Omamori"},{"floor":9.0,"key":"strawberrySpire:MawJerky"},{"floor":12.0,"key":"strawberrySpire:Treaders"},{"floor":20.0,"key":"wanderingMiniBosses:MasterThiefsPresence"},{"floor":24.0,"key":"Runesmith:AutoHammer"},{"floor":26.0,"key":"jedi:crownofsimplicity"},{"floor":27.0,"key":"Gensokyo:ConquerorOfFear"},{"floor":30,"key":"strawberrySpire:ShipInABottle"},{"floor":36,"key":"vexMod:PlasmaPancake"},{"floor":37,"key":"Durian"},{"floor":41,"key":"Regal Pillow"},{"floor":44,"key":"vexMod:Dragonfruit"},{"floor":47,"key":"Grinning Jar"},{"floor":48,"key":"infinitespire:PuzzleCube"}],"event_choices":[{"damage_healed":0.0,"max_hp_gain":0.0,"max_hp_loss":0.0,"gold_gain":0.0,"event_name":"betterMatch:BetterMatch","player_choice":"2","floor":2.0,"gold_loss":0.0,"damage_taken":0.0,"cards_obtained":["betterMatch:UncommonCard"]},{"damage_healed":0,"gold_gain":0,"player_choice":"Fight","damage_taken":0,"max_hp_gain":0,"max_hp_loss":0,"event_name":"MindBloom","floor":36,"gold_loss":0}],"is_beta":false,"boss_relics":[{"not_picked":["strawberrySpire:Dictionifier","vexMod:RockOfEvil"],"picked":"vexMod:ImprovementManual"},{"not_picked":["vexMod:EndlessSickness","strawberrySpire:JuiceKeg"],"picked":"ReplayTheSpireMod:SealedPack"}],"items_purged_floors":[],"is_endless":false,"potions_floor_spawned":[5,6,11,14,16,18,29,30,31,36,37,41,44,46,48],"ascension_level":7}}