{"host":"0fmi5fguj5lvt8pf","time":1607719140,"event":{"mods":["BaseMod","BetterRewards","Colored Map","Minty Spire (QoL Compilation)","Permanent Neow","StSLib"],"gold_per_floor":[115,126,301,301,315,346,346,365,365,365,396,396,426,426,426,529,529,540,552,63,74,105,105,5,18,63,63,163,163,173,25,25,125,125,145,145,157,207,219,248,248,259,284,284,304,315,315,330,330,330,330,330,48,83,83,83],"floor_reached":55,"playtime":3430,"items_purged":["Doubt","Defend_P","Defend_P"],"score":792,"play_id":"d8c57727-f54d-4038-b667-791b5d4a77b3","local_time":"20201211123900","is_ascension_mode":false,"campfire_choices":[{"data":"Eruption","floor":7.0,"key":"SMITH"},{"floor":12.0,"key":"RECALL"},{"data":"Halt","floor":15.0,"key":"SMITH"},{"floor":29.0,"key":"REST"},{"data":"SpiritShield","floor":32.0,"key":"SMITH"},{"data":"Establishment","floor":41.0,"key":"SMITH"},{"floor":49.0,"key":"REST"},{"data":"Protect","floor":52,"key":"SMITH"}],"circlet_count":0,"master_deck":["Strike_P","Strike_P","Strike_P","Strike_P","Defend_P","Defend_P","Eruption+1","Vigilance","Protect+1","FollowUp","CarveReality+1","EmptyBody","Vengeance+1","Halt+1","Study+1","SpiritShield+1","FearNoEvil","BattleHymn+1","Prostrate+1","FlyingSleeves+1","Establishment+1","CurseOfTheBell","Flash of Steel","Halt+1","DeceiveReality+1","Parasite","Consecrate"],"relics":["PureWater","NeowsBlessing","StrikeDummy","Pantograph","Regal Pillow","HandDrill","Darkstone Periapt","Red Mask","Oddly Smooth Stone","Nunchaku","Bird Faced Urn","InkBottle","Bronze Scales","Calling Bell","Blood Vial","Mercury Hourglass","Ginger","Mango","Yang","Anchor","OrangePellets","White Beast Statue"],"acts_visited":["Exordium","TheCity","TheBeyond","TheEnding"],"potions_floor_usage":[50],"damage_taken":[{"damage":0.0,"enemies":"Cultist","floor":1.0,"turns":1.0},{"damage":0.0,"enemies":"Jaw Worm","floor":2.0,"turns":1.0},{"damage":0.0,"enemies":"Small Slimes","floor":5.0,"turns":2.0},{"damage":12.0,"enemies":"Lagavulin","floor":6.0,"turns":7.0},{"damage":13.0,"enemies":"3 Louse","floor":8.0,"turns":3.0},{"damage":0.0,"enemies":"Gremlin Nob","floor":11.0,"turns":2.0},{"damage":11.0,"enemies":"Lagavulin","floor":13.0,"turns":5.0},{"damage":38.0,"enemies":"Hexaghost","floor":16.0,"turns":9.0},{"damage":2.0,"enemies":"Chosen","floor":18.0,"turns":3.0},{"damage":14.0,"enemies":"Spheric Guardian","floor":19.0,"turns":4.0},{"damage":14.0,"enemies":"Shelled Parasite and Fungi","floor":21.0,"turns":4.0},{"damage":11.0,"enemies":"Masked Bandits","floor":22.0,"turns":4.0},{"damage":9.0,"enemies":"Cultist and Chosen","floor":25.0,"turns":6.0},{"damage":0.0,"enemies":"Colosseum Slavers","floor":28.0,"turns":3.0},{"damage":0.0,"enemies":"Colosseum Nobs","floor":28.0,"turns":3.0},{"damage":0.0,"enemies":"Snecko","floor":30.0,"turns":4.0},{"damage":68.0,"enemies":"Champ","floor":33.0,"turns":8.0},{"damage":7.0,"enemies":"Orb Walker","floor":35.0,"turns":3.0},{"damage":18.0,"enemies":"3 Darklings","floor":37.0,"turns":4.0},{"damage":17.0,"enemies":"Mind Bloom Boss Battle","floor":38.0,"turns":5.0},{"damage":0.0,"enemies":"Transient","floor":39.0,"turns":5.0},{"damage":59.0,"enemies":"Reptomancer","floor":40.0,"turns":5.0},{"damage":23.0,"enemies":"Writhing Mass","floor":42.0,"turns":4.0},{"damage":3.0,"enemies":"3 Darklings","floor":45.0,"turns":3.0},{"damage":7.0,"enemies":"Spire Growth","floor":46.0,"turns":4.0},{"damage":6.0,"enemies":"Jaw Worm Horde","floor":48.0,"turns":4.0},{"damage":101,"enemies":"Donu and Deca","floor":50,"turns":13},{"damage":47,"enemies":"Shield and Spear","floor":54,"turns":8},{"damage":155,"enemies":"The Heart","floor":55,"turns":5}],"seed_played":"-3298087001642987432","potions_obtained":[{"floor":6.0,"key":"BottledMiracle"},{"floor":8.0,"key":"AttackPotion"},{"floor":19.0,"key":"Weak Potion"},{"floor":25.0,"key":"Ancient Potion"},{"floor":30.0,"key":"DistilledChaos"},{"floor":33.0,"key":"Explosive Potion"},{"floor":42.0,"key":"SkillPotion"},{"floor":45.0,"key":"Dexterity Potion"},{"floor":54,"key":"Ambrosia"}],"is_trial":false,"path_per_floor":["M","M","?","?","M","E","R","M","T","?","E","R","E","?","R","B",null,"M","M","$","M","?","?","$","M","T","?","?","R","M","$","R","B",null,"M","?","M","?","M","E","R","M","T","?","M","M","?","M","R","B",null,"R","$","E","B"],"character_chosen":"WATCHER","items_purchased":["HandDrill","Darkstone Periapt","Bronze Scales","OrangePellets"],"campfire_rested":2,"item_purchase_floors":[20,20,31,53],"current_hp_per_floor":[72,72,72,77,77,65,65,52,52,52,52,52,41,26,26,13,77,75,61,61,47,36,22,22,13,13,13,13,52,54,54,54,15,88,81,71,59,85,93,42,42,31,31,31,34,35,35,35,82,9,108,108,108,61,0,0],"gold":83,"neow_bonus":"THREE_ENEMY_KILL","is_daily":false,"chose_seed":false,"campfire_upgraded":5,"win_rate":0.0,"timestamp":1607719140,"path_taken":["M","?","?","?","M","E","R","M","T","?","E","R","E","?","R","BOSS","M","M","$","M","?","?","?","?","T","?","?","R","M","$","R","BOSS","M","?","M","?","?","E","R","M","T","?","M","?","?","M","R","BOSS","R","$","E","BOSS"],"items_purchased_type":["Relic","Relic","Relic","Relic"],"build_version":"2020-11-30","purchased_purges":3,"victory":false,"max_hp_per_floor":[72,72,72,77,77,77,77,77,77,77,77,77,77,77,77,77,77,77,77,77,77,77,82,82,82,82,82,82,82,82,82,82,82,88,88,88,88,102,102,102,102,108,108,108,108,108,108,108,108,108,108,108,108,108,108,108],"card_choices":[{"not_picked":["BowlingBash","Halt"],"picked":"Protect","floor":1.0},{"not_picked":["SashWhip","FlurryOfBlows"],"picked":"FollowUp","floor":2.0},{"not_picked":["DeceiveReality","Collect"],"picked":"CarveReality","floor":5.0},{"not_picked":["Collect","ThirdEye"],"picked":"EmptyBody","floor":6.0},{"not_picked":["Nirvana","SignatureMove"],"picked":"Vengeance","floor":8.0},{"not_picked":["CutThroughFate","Pray"],"picked":"Halt","floor":11.0},{"not_picked":["CutThroughFate","Conclude"],"picked":"Study","floor":13.0},{"not_picked":["Ragnarok","Wish"],"picked":"SpiritShield","floor":16.0},{"not_picked":["Indignation","Wireheading"],"picked":"FearNoEvil","floor":18.0},{"not_picked":["FlurryOfBlows+1","Nirvana"],"picked":"BattleHymn+1","floor":19.0},{"not_picked":["Halt","CutThroughFate+1","Swivel"],"picked":"SKIP","floor":21.0},{"not_picked":["Evaluate","ThirdEye+1"],"picked":"Prostrate+1","floor":25.0},{"not_picked":["Scrawl","JustLucky"],"picked":"FlyingSleeves+1","floor":30.0},{"not_picked":["Brilliance","Blasphemy"],"picked":"Establishment","floor":33.0},{"not_picked":["BowlingBash+1","SignatureMove+1","EmptyFist"],"picked":"SKIP","floor":35.0},{"not_picked":["Good Instincts","Purity"],"picked":"Flash of Steel","floor":36.0},{"not_picked":["PathToVictory","ThirdEye+1","Crescendo+1"],"picked":"SKIP","floor":37.0},{"not_picked":["SpiritShield","FlyingSleeves"],"picked":"Halt+1","floor":38.0},{"not_picked":["Crescendo","SandsOfTime","Halt+1"],"picked":"SKIP","floor":39.0},{"not_picked":["ConjureBlade","CutThroughFate"],"picked":"DeceiveReality+1","floor":40.0},{"not_picked":["CarveReality","ClearTheMind","ThirdEye+1"],"picked":"SKIP","floor":42.0},{"not_picked":["CrushJoints","LikeWater","JustLucky+1"],"picked":"SKIP","floor":45.0},{"not_picked":["BowlingBash","ClearTheMind+1","CutThroughFate+1"],"picked":"SKIP","floor":46.0},{"not_picked":["Pray","SashWhip"],"picked":"Consecrate","floor":48.0},{"not_picked":["Crescendo","CrushJoints","Establishment"],"picked":"SKIP","floor":54}],"player_experience":824538,"relics_obtained":[{"floor":6.0,"key":"StrikeDummy"},{"floor":11.0,"key":"Pantograph"},{"floor":13.0,"key":"Regal Pillow"},{"floor":22.0,"key":"Red Mask"},{"floor":26.0,"key":"Oddly Smooth Stone"},{"floor":28.0,"key":"Bird Faced Urn"},{"floor":28.0,"key":"InkBottle"},{"floor":34.0,"key":"Blood Vial"},{"floor":34.0,"key":"Mercury Hourglass"},{"floor":34.0,"key":"Ginger"},{"floor":38.0,"key":"Mango"},{"floor":40.0,"key":"Yang"},{"floor":43.0,"key":"Anchor"},{"floor":54,"key":"White Beast Statue"}],"event_choices":[{"damage_healed":0.0,"max_hp_gain":0.0,"max_hp_loss":0.0,"gold_gain":175.0,"event_name":"Liars Game","player_choice":"AGREE","floor":3.0,"gold_loss":0.0,"damage_taken":0.0,"cards_obtained":["Doubt"]},{"damage_healed":0.0,"max_hp_gain":5.0,"max_hp_loss":0.0,"gold_gain":0.0,"event_name":"Big Fish","player_choice":"Donut","floor":4.0,"gold_loss":0.0,"damage_taken":0.0},{"damage_healed":0.0,"max_hp_gain":0.0,"max_hp_loss":0.0,"gold_gain":0.0,"event_name":"Living Wall","player_choice":"Grow","floor":10.0,"gold_loss":0.0,"damage_taken":0.0,"cards_upgraded":["Vengeance"]},{"damage_healed":0.0,"max_hp_gain":0.0,"max_hp_loss":0.0,"gold_gain":0.0,"event_name":"Shining Light","player_choice":"Entered Light","floor":14.0,"gold_loss":0.0,"damage_taken":15.0,"cards_upgraded":["CarveReality","Study"]},{"damage_healed":0.0,"max_hp_gain":0.0,"max_hp_loss":0.0,"gold_gain":0.0,"event_name":"Masked Bandits","player_choice":"Fought Bandits","floor":22.0,"gold_loss":0.0,"damage_taken":0.0},{"damage_healed":0.0,"max_hp_gain":5.0,"max_hp_loss":0.0,"gold_gain":0.0,"event_name":"Forgotten Altar","player_choice":"Shed Blood","floor":23.0,"gold_loss":0.0,"damage_taken":19.0},{"damage_healed":0.0,"max_hp_gain":0.0,"max_hp_loss":0.0,"gold_gain":0.0,"event_name":"The Mausoleum","player_choice":"Opened","floor":27.0,"gold_loss":0.0,"damage_taken":0.0,"relics_obtained":["Nunchaku"]},{"damage_healed":0.0,"max_hp_gain":0.0,"max_hp_loss":0.0,"gold_gain":0.0,"event_name":"Colosseum","player_choice":"Fight","floor":28.0,"gold_loss":0.0,"damage_taken":0.0},{"damage_healed":0.0,"max_hp_gain":0.0,"max_hp_loss":0.0,"gold_gain":0.0,"event_name":"Colosseum","player_choice":"Fought Nobs","floor":28.0,"gold_loss":0.0,"damage_taken":0.0},{"damage_healed":0.0,"max_hp_gain":0.0,"max_hp_loss":0.0,"gold_gain":0.0,"event_name":"SensoryStone","player_choice":"Memory 3","floor":36.0,"gold_loss":0.0,"damage_taken":10.0},{"damage_healed":0.0,"max_hp_gain":0.0,"max_hp_loss":0.0,"gold_gain":0.0,"event_name":"MindBloom","player_choice":"Fight","floor":38.0,"gold_loss":0.0,"damage_taken":0.0},{"damage_healed":0.0,"max_hp_gain":0.0,"max_hp_loss":0.0,"gold_gain":0.0,"event_name":"NoteForYourself","player_choice":"Ignored","floor":44.0,"gold_loss":0.0,"damage_taken":0.0},{"damage_healed":0.0,"max_hp_gain":0.0,"max_hp_loss":0.0,"gold_gain":0.0,"event_name":"Mysterious Sphere","player_choice":"Ignored","floor":47.0,"gold_loss":0.0,"damage_taken":0.0}],"is_beta":false,"boss_relics":[{"not_picked":["Velvet Choker","Snecko Eye","Busted Crown"]},{"not_picked":["Cursed Key","Sozu"],"picked":"Calling Bell"}],"items_purged_floors":[20,24,53],"is_endless":false,"potions_floor_spawned":[6,8,19,25,28,30,33,42,45,46,54],"killed_by":"The Heart","ascension_level":0}}