{"host":"aeidq2c3auzxo1yh","time":1607725018,"event":{"mods":["AchievementEnabler","BaseMod","Colored Map","Colored Powertips","Minty Spire (QoL Compilation)","Relic Stats","StSLib"],"gold_per_floor":[109,109,122,135,135,135,162,162,162,162,15,32,57,70,70,167,167,181,181,181,191,91,91,105,138,138,138,154,15,41,41,41,41,41],"floor_reached":33,"playtime":1563,"items_purged":["Bite","Bite"],"score":425,"play_id":"c2158067-8fe3-4dd0-b334-5e35495b312e","local_time":"20201212031658","is_ascension_mode":true,"campfire_choices":[{"data":"Streamline","floor":6,"key":"SMITH"},{"data":"Hologram","floor":8,"key":"SMITH"},{"data":"Dualcast","floor":10,"key":"SMITH"},{"data":"Coolheaded","floor":15,"key":"SMITH"},{"data":"Coolheaded","floor":23,"key":"SMITH"},{"data":"Static Discharge","floor":27,"key":"SMITH"},{"floor":32,"key":"REST"}],"circlet_count":0,"master_deck":["Defend_B","Defend_B","Defend_B","Defend_B","Zap+1","Dualcast+1","Streamline+1","Ball Lightning","Hologram+1","Ball Lightning","Coolheaded+1","Skim","Electrodynamics","Static Discharge+1","Bite","Bite","Bite","Auto Shields+1","Coolheaded+1","Thunder Strike","Consume","Reinforced Body","BootSequence"],"relics":["Cracked Core","Toy Ornithopter","CultistMask","Emotion Chip","Gambling Chip","PreservedInsect","Bird Faced Urn","Empty Cage","Boot","Matryoshka"],"acts_visited":["Exordium","TheCity"],"potions_floor_usage":[7,13,16,21,28,33,33],"damage_taken":[{"damage":2,"enemies":"Jaw Worm","floor":1,"turns":3},{"damage":3,"enemies":"2 Louse","floor":3,"turns":3},{"damage":0,"enemies":"Cultist","floor":4,"turns":2},{"damage":22,"enemies":"3 Sentries","floor":7,"turns":5},{"damage":0,"enemies":"3 Louse","floor":12,"turns":2},{"damage":2,"enemies":"Lagavulin","floor":13,"turns":3},{"damage":2,"enemies":"Exordium Wildlife","floor":14,"turns":2},{"damage":20,"enemies":"Hexaghost","floor":16,"turns":6},{"damage":1,"enemies":"Spheric Guardian","floor":18,"turns":3},{"damage":10,"enemies":"2 Thieves","floor":21,"turns":2},{"damage":23,"enemies":"Centurion and Healer","floor":24,"turns":5},{"damage":26,"enemies":"Book of Stabbing","floor":25,"turns":4},{"damage":17,"enemies":"Snake Plant","floor":28,"turns":4},{"damage":9,"enemies":"Slavers","floor":30,"turns":3},{"damage":71,"enemies":"Collector","floor":33,"turns":6}],"seed_played":"3583820293083217533","potions_obtained":[{"floor":3,"key":"DistilledChaos"},{"floor":7,"key":"GamblersBrew"},{"floor":12,"key":"Energy Potion"},{"floor":14,"key":"Explosive Potion"},{"floor":16,"key":"FearPotion"},{"floor":18,"key":"FocusPotion"},{"floor":21,"key":"GamblersBrew"},{"floor":30,"key":"FearPotion"}],"is_trial":false,"path_per_floor":["M","?","M","M","?","R","E","R","T","R","$","M","E","M","R","B",null,"M","T","?","M","$","R","M","E","T","R","M","$","E","?","R","B"],"character_chosen":"DEFECT","items_purchased":["PreservedInsect","Coolheaded","Reinforced Body"],"campfire_rested":1,"item_purchase_floors":[11,22,29],"current_hp_per_floor":[66,66,63,63,63,63,46,46,46,46,46,46,49,47,47,32,64,63,63,63,60,60,60,49,29,29,29,23,23,18,18,40,0,0],"gold":41,"neow_bonus":"RANDOM_COMMON_RELIC","is_daily":false,"chose_seed":false,"campfire_upgraded":6,"win_rate":0.0,"timestamp":1607725018,"path_taken":["M","?","M","M","?","R","E","R","T","R","$","M","E","M","R","BOSS","M","?","?","M","$","R","M","E","T","R","M","?","E","?","R","BOSS"],"items_purchased_type":["Relic","Card","Card"],"build_version":"2020-11-30","purchased_purges":2,"victory":false,"max_hp_per_floor":[75,75,75,75,75,75,75,75,75,75,75,75,75,75,75,75,75,75,75,75,75,75,75,75,75,75,75,75,75,75,75,75,75,75],"relic_stats":{"Emotion Chip":[38,34,4,0,0],"counters":[15,53],"Gambling Chip":[44],"Bird Faced Urn":[20],"PreservedInsect":113,"Boot":[1],"obtain_stats":[{"Blood Vial":19,"Emotion Chip":7,"Matryoshka":30,"Gambling Chip":9,"Bird Faced Urn":13,"CultistMask":5,"PreservedInsect":11,"Cracked Core":0,"Empty Cage":17,"Boot":25,"Toy Ornithopter":0},{"Blood Vial":9,"Emotion Chip":4,"Matryoshka":14,"Gambling Chip":4,"Bird Faced Urn":6,"CultistMask":3,"PreservedInsect":4,"Cracked Core":0,"Empty Cage":8,"Boot":12,"Toy Ornithopter":0},{"Blood Vial":29,"Emotion Chip":13,"Matryoshka":47,"Gambling Chip":13,"Bird Faced Urn":18,"CultistMask":8,"PreservedInsect":13,"Cracked Core":0,"Empty Cage":26,"Boot":40,"Toy Ornithopter":0}],"Toy Ornithopter":35},"card_choices":[{"not_picked":["Beam Cell","Sweeping Beam"],"picked":"Streamline","floor":1},{"not_picked":["Beam Cell","Redo"],"picked":"Ball Lightning","floor":3},{"not_picked":["Scrape","Redo"],"picked":"Hologram","floor":4},{"not_picked":["Reboot","Sunder"],"picked":"Ball Lightning","floor":7},{"not_picked":["Melter","Compile Driver"],"picked":"Coolheaded","floor":12},{"not_picked":["Chaos","Barrage"],"picked":"Skim","floor":13},{"not_picked":["Double Energy","Undo","Barrage"],"picked":"SKIP","floor":14},{"not_picked":["Core Surge","Multi-Cast"],"picked":"Electrodynamics","floor":16},{"not_picked":["Ball Lightning+1","Beam Cell"],"picked":"Static Discharge","floor":18},{"not_picked":["Hologram","Melter"],"picked":"Auto Shields+1","floor":21},{"not_picked":["Streamline","Glacier","Turbo"],"picked":"SKIP","floor":24},{"not_picked":["Barrage","Reinforced Body+1"],"picked":"Thunder Strike","floor":25},{"not_picked":["Undo","Stack"],"picked":"Consume","floor":28},{"not_picked":["Sunder","Amplify"],"picked":"BootSequence","floor":30}],"player_experience":843250,"relics_obtained":[{"floor":7,"key":"Emotion Chip"},{"floor":9,"key":"Gambling Chip"},{"floor":13,"key":"Bird Faced Urn"},{"floor":19,"key":"Blood Vial"},{"floor":25,"key":"Boot"},{"floor":30,"key":"Matryoshka"}],"event_choices":[{"damage_healed":0,"gold_gain":0,"player_choice":"Grow","damage_taken":0,"max_hp_gain":0,"max_hp_loss":0,"event_name":"Living Wall","floor":2,"gold_loss":0,"cards_upgraded":["Zap"]},{"damage_healed":0,"gold_gain":0,"player_choice":"Trade","damage_taken":0,"relics_obtained":["CultistMask"],"max_hp_gain":0,"max_hp_loss":0,"event_name":"FaceTrader","floor":5,"gold_loss":0},{"damage_healed":0,"gold_gain":0,"player_choice":"Became a vampire (Vial)","damage_taken":0,"max_hp_gain":0,"max_hp_loss":0,"event_name":"Vampires","floor":20,"relics_lost":["Blood Vial"],"gold_loss":0,"cards_obtained":["Bite","Bite","Bite","Bite","Bite"]}],"is_beta":false,"boss_relics":[{"not_picked":["Velvet Choker","Philosopher\u0027s Stone"],"picked":"Empty Cage"}],"items_purged_floors":[22,29],"is_endless":false,"potions_floor_spawned":[3,7,12,14,16,18,21,30],"killed_by":"Collector","ascension_level":9}}