{"host":"kw4o7b3ro2ktmmbe","time":1607646023,"event":{"mods":["BaseMod","Minty Spire (QoL Compilation)","StSLib","Treasure Hunter","Yuri Mod"],"gold_per_floor":[110,125,125,125,125,158,158,185,185,211,211,225,251,319,319,319,319],"floor_reached":16,"playtime":1505,"items_purged":[],"score":132,"play_id":"286e08c6-3232-4005-a62f-660a7bba4a43","local_time":"20201211132023","is_ascension_mode":true,"campfire_choices":[{"data":"yuri:Oolong","floor":7.0,"key":"SMITH"},{"data":"TH:ElvenBoots","floor":11.0,"key":"SMITH"},{"data":"TH:ElvenBoots","floor":15,"key":"SMITH"}],"circlet_count":0,"master_deck":["yuri:yuriStrike","yuri:yuriStrike","yuri:yuriStrike","yuri:yuriStrike","yuri:yuriStrike","yuri:yuriDefend","yuri:yuriDefend","yuri:yuriDefend","yuri:yuriDefend","yuri:Oolong+1","yuri:yuriStab","yuri:SturdyUniform","TH:CursedSword","TH:TreasureMap","yuri:AdaptiveAI","TH:ElvenBoots+1","yuri:GrowingInsanity","TH:ElvenBoots+1","TH:BikiniMail","yuri:DisableStrike+1","TH:TreasureMap","yuri:GreenTea"],"relics":["yuri:yuriKnife","Unceasing Top","Question Card","TungstenRod","Calipers","Molten Egg 2","Pantograph"],"acts_visited":["Exordium"],"potions_floor_usage":[16],"damage_taken":[{"damage":2.0,"enemies":"2 Louse","floor":1.0,"turns":3.0},{"damage":5.0,"enemies":"Jaw Worm","floor":2.0,"turns":4.0},{"damage":26.0,"enemies":"3 Sentries","floor":6.0,"turns":8.0},{"damage":38.0,"enemies":"Lagavulin","floor":8.0,"turns":7.0},{"damage":29.0,"enemies":"Gremlin Nob","floor":10.0,"turns":6.0},{"damage":0.0,"enemies":"Small Slimes","floor":12.0,"turns":5.0},{"damage":25,"enemies":"3 Sentries","floor":13,"turns":12},{"damage":54,"enemies":"Hexaghost","floor":16,"turns":18}],"seed_played":"870400971934412266","potions_obtained":[{"floor":2.0,"key":"Regen Potion"},{"floor":12.0,"key":"EssenceOfSteel"}],"is_trial":false,"path_per_floor":["M","M","?","T","?","E","R","E","T","E","R","M","E","?","R","B"],"character_chosen":"YURI","items_purchased":[],"campfire_rested":0,"item_purchase_floors":[],"current_hp_per_floor":[88,87,87,87,87,77,77,46,46,24,24,31,13,13,13,0,0],"gold":319,"neow_bonus":"TEN_PERCENT_HP_BONUS","is_daily":false,"chose_seed":false,"campfire_upgraded":3,"win_rate":0.0,"timestamp":1607646023,"path_taken":["M","M","?","?","?","E","R","E","T","E","R","M","E","?","R","BOSS"],"items_purchased_type":[],"build_version":"2020-11-30","purchased_purges":0,"victory":false,"max_hp_per_floor":[88,88,88,88,88,88,88,88,88,88,88,88,88,88,88,88,88],"card_choices":[{"not_picked":["yuri:WickedSlash","yuri:TPose","yuri:RecklessStrike"],"picked":"SKIP","floor":1.0},{"not_picked":["yuri:GlitchedStrike","yuri:BrokenCode","yuri:ThrowBook"],"picked":"SKIP","floor":2.0},{"not_picked":["TH:DeckOfManyThings"],"picked":"TH:CursedSword","floor":4.0},{"not_picked":["TH:PixieDust"],"picked":"TH:TreasureMap","floor":6.0},{"not_picked":["yuri:Stare","yuri:GhostForm"],"picked":"yuri:AdaptiveAI","floor":6.0},{"not_picked":["TH:DeckOfManyThings","TH:BikiniMail"],"picked":"TH:ElvenBoots","floor":8.0},{"not_picked":["yuri:RecklessStrike","yuri:ReactiveMadness","yuri:Stalk"],"picked":"yuri:GrowingInsanity","floor":8.0},{"not_picked":["TH:CopperCoins","TH:DeckOfManyThings"],"picked":"TH:ElvenBoots","floor":9.0},{"not_picked":["TH:EnergyPotion","TH:CopperCoins"],"picked":"TH:BikiniMail","floor":10.0},{"not_picked":["yuri:Stalk","yuri:Parry+1","yuri:HeavierStrike+1"],"picked":"yuri:DisableStrike+1","floor":10.0},{"not_picked":["yuri:Stare","yuri:Skip","yuri:DeepBreathing","yuri:Stalk"],"picked":"SKIP","floor":12.0},{"not_picked":["TH:CopperCoins","TH:PixieDust"],"picked":"TH:TreasureMap","floor":13},{"not_picked":["yuri:MPose","yuri:UnstableStrike+1","yuri:yuriQuickStrike+1"],"picked":"yuri:GreenTea","floor":13}],"player_experience":1728935,"relics_obtained":[{"floor":4.0,"key":"Unceasing Top"},{"floor":6.0,"key":"Question Card"},{"floor":8.0,"key":"TungstenRod"},{"floor":9.0,"key":"Calipers"},{"floor":10.0,"key":"Molten Egg 2"},{"floor":13,"key":"Pantograph"}],"event_choices":[{"damage_healed":0.0,"max_hp_gain":0.0,"max_hp_loss":0.0,"gold_gain":0.0,"cards_transformed":["yuri:yuriDefend"],"event_name":"Living Wall","player_choice":"Change","floor":3.0,"gold_loss":0.0,"damage_taken":0.0,"cards_obtained":["yuri:SturdyUniform"]},{"damage_healed":0.0,"max_hp_gain":0.0,"max_hp_loss":0.0,"gold_gain":0.0,"event_name":"Liars Game","player_choice":"Ignored","floor":5.0,"gold_loss":0.0,"damage_taken":0.0},{"damage_healed":0,"gold_gain":68,"player_choice":"Gained Gold","damage_taken":0,"max_hp_gain":0,"max_hp_loss":0,"event_name":"Golden Wing","floor":14,"gold_loss":0}],"is_beta":false,"boss_relics":[],"items_purged_floors":[],"is_endless":false,"potions_floor_spawned":[2,12],"killed_by":"Hexaghost","ascension_level":1}}