{"host":"78hrz0ylpj9lzvi8","time":1607659550,"event":{"mods":["BaseMod","Bestiary","Minty Spire (QoL Compilation)","Quick Restart","Random Character Button","Relic Stats","StSLib"],"gold_per_floor":[109,109,9,29,29,29,60,78,78,105,105,105,105,132,144,232,244,274,297,35,52,66,92,15,15,15],"floor_reached":25,"playtime":891,"items_purged":["Strike_P"],"score":458,"play_id":"8f12175f-5668-44a5-bd33-ce50bc0c6184","local_time":"20201211010550","is_ascension_mode":true,"campfire_choices":[{"floor":6.0,"key":"REST"},{"data":"Eruption","floor":11.0,"key":"SMITH"},{"data":"CutThroughFate","floor":13.0,"key":"SMITH"},{"floor":15.0,"key":"REST"}],"circlet_count":0,"master_deck":["AscendersBane","Strike_P","Strike_P","Strike_P","Defend_P","Defend_P","Defend_P","Defend_P","Eruption+1","Vigilance","FlyingSleeves","SashWhip+1","Consecrate","Indignation","CutThroughFate+1","Wallop","FearNoEvil","MasterReality","Protect","Crescendo","ClearTheMind","Adaptation","BattleHymn"],"relics":["PureWater","Juzu Bracelet","TungstenRod","Dead Branch","Turnip","Odd Mushroom","MawBank","Sozu","Gremlin Horn","Prayer Wheel"],"acts_visited":["Exordium","TheCity"],"potions_floor_usage":[],"damage_taken":[{"damage":9.0,"enemies":"Jaw Worm","floor":1.0,"turns":6.0},{"damage":0.0,"enemies":"Small Slimes","floor":4.0,"turns":2.0},{"damage":4.0,"enemies":"3 Sentries","floor":7.0,"turns":4.0},{"damage":0.0,"enemies":"Cultist","floor":8.0,"turns":2.0},{"damage":12.0,"enemies":"The Mushroom Lair","floor":10.0,"turns":4.0},{"damage":19.0,"enemies":"Lagavulin","floor":14.0,"turns":3.0},{"damage":22.0,"enemies":"The Guardian","floor":16.0,"turns":7.0},{"damage":0.0,"enemies":"Chosen","floor":18.0,"turns":2.0},{"damage":0.0,"enemies":"Spheric Guardian","floor":19.0,"turns":3.0},{"damage":15.0,"enemies":"Centurion and Healer","floor":21.0,"turns":2.0},{"damage":17.0,"enemies":"3 Cultists","floor":22.0,"turns":5.0},{"damage":6.0,"enemies":"Gremlin Leader","floor":23.0,"turns":4.0},{"damage":21,"enemies":"Slavers","floor":25,"turns":1}],"seed_played":"-6632900106191253112","potions_obtained":[{"floor":1.0,"key":"AttackPotion"},{"floor":10.0,"key":"LiquidBronze"},{"floor":16.0,"key":"Swift Potion"}],"is_trial":false,"path_per_floor":["M","?","$","M","$","R","E","M","T","?","R","?","R","E","R","B",null,"M","M","$","M","M","E","$","E"],"character_chosen":"WATCHER","items_purchased":["SashWhip","Gremlin Horn","BattleHymn"],"campfire_rested":2,"item_purchase_floors":[3,20,24],"current_hp_per_floor":[52,26,26,26,26,46,42,42,42,30,30,30,30,11,31,9,53,53,53,53,38,21,15,15,0,0],"gold":15,"neow_bonus":"RANDOM_COMMON_RELIC","is_daily":false,"chose_seed":false,"campfire_upgraded":2,"win_rate":0.0,"timestamp":1607659550,"path_taken":["M","?","$","M","$","R","E","M","T","?","R","?","R","E","R","BOSS","M","M","$","M","M","E","?","E"],"items_purchased_type":["Card","Relic","Card"],"build_version":"2020-11-30","purchased_purges":1,"victory":false,"max_hp_per_floor":[68,68,68,68,68,68,68,68,68,68,68,68,68,68,68,68,68,68,68,68,68,68,68,68,68,68],"relic_stats":{"Sozu":2,"Gremlin Horn":[8,8],"counters":[13,45],"Dead Branch":[18],"Prayer Wheel":0,"Turnip":[5],"Juzu Bracelet":0,"MawBank":72,"obtain_stats":[{"Sozu":17,"Gremlin Horn":20,"Dead Branch":7,"Prayer Wheel":23,"Turnip":9,"Juzu Bracelet":0,"PureWater":0,"Odd Mushroom":10,"MawBank":14,"TungstenRod":2},{"Sozu":7,"Gremlin Horn":9,"Dead Branch":3,"Prayer Wheel":12,"Turnip":4,"Juzu Bracelet":0,"PureWater":0,"Odd Mushroom":5,"MawBank":6,"TungstenRod":1},{"Sozu":28,"Gremlin Horn":33,"Dead Branch":12,"Prayer Wheel":44,"Turnip":14,"Juzu Bracelet":0,"PureWater":0,"Odd Mushroom":18,"MawBank":21,"TungstenRod":6}],"TungstenRod":16},"card_choices":[{"not_picked":["EmptyMind","SignatureMove"],"picked":"FlyingSleeves","floor":1.0},{"not_picked":["InnerPeace","JustLucky"],"picked":"Consecrate","floor":4.0},{"not_picked":["Prostrate","WaveOfTheHand"],"picked":"Indignation","floor":7.0},{"not_picked":["Evaluate","SashWhip"],"picked":"CutThroughFate","floor":8.0},{"not_picked":["FlyingSleeves","FlurryOfBlows"],"picked":"Wallop","floor":10.0},{"not_picked":["Nirvana","Crescendo"],"picked":"FearNoEvil","floor":14.0},{"not_picked":["SpiritShield","Blasphemy"],"picked":"MasterReality","floor":16.0},{"not_picked":["PathToVictory","FlyingSleeves"],"picked":"Protect","floor":18.0},{"not_picked":["Halt+1","Meditate"],"picked":"Crescendo","floor":19.0},{"not_picked":["WreathOfFlame","Crescendo","ThirdEye"],"picked":"SKIP","floor":21.0},{"not_picked":["ThirdEye","JustLucky+1"],"picked":"ClearTheMind","floor":22.0},{"not_picked":["Perseverance","Consecrate"],"picked":"Adaptation","floor":23.0}],"player_experience":916590,"relics_obtained":[{"floor":7.0,"key":"Dead Branch"},{"floor":9.0,"key":"Turnip"},{"floor":10.0,"key":"Odd Mushroom"},{"floor":14.0,"key":"MawBank"},{"floor":23.0,"key":"Prayer Wheel"}],"event_choices":[{"damage_healed":0.0,"max_hp_gain":0.0,"max_hp_loss":0.0,"gold_gain":0.0,"event_name":"Scrap Ooze","player_choice":"Success","floor":2.0,"gold_loss":0.0,"damage_taken":26.0,"relics_obtained":["TungstenRod"]},{"damage_healed":0.0,"max_hp_gain":0.0,"max_hp_loss":0.0,"gold_gain":0.0,"event_name":"Mushrooms","player_choice":"Fought Mushrooms","floor":10.0,"gold_loss":0.0,"damage_taken":0.0},{"damage_healed":0.0,"max_hp_gain":0.0,"max_hp_loss":0.0,"gold_gain":0.0,"event_name":"Accursed Blacksmith","player_choice":"Forge","floor":12.0,"gold_loss":0.0,"damage_taken":0.0,"cards_upgraded":["SashWhip"]}],"is_beta":false,"boss_relics":[{"not_picked":["Ectoplasm","VioletLotus"],"picked":"Sozu"}],"items_purged_floors":[3],"is_endless":false,"potions_floor_spawned":[1,10,16,21,22],"killed_by":"Slavers","ascension_level":20}}