{"host":"r5cycnjhcbwgkpkf","time":1607712867,"event":{"mods":["2.2 Compatiblity","AchievementEnabler","BaseMod","Bestiary","Better Match","Better Note","Better Skull","Better Third Choice","BetterRewards","Colored Map","Colored Powertips","Downfall","Infinite Spire","Minty Spire (QoL Compilation)","Replay The Spire","Spicy Shops","StSLib"],"gold_per_floor":[111,128,138,152,227,255,176,176,176,99,99,128,153,189,201,321,333,369,61,85,85,85,95,95],"floor_reached":23,"playtime":952,"items_purged":[],"score":406,"play_id":"3d61f654-1691-4fbb-908d-912962bb05c5","local_time":"20201211105427","is_ascension_mode":true,"campfire_choices":[{"floor":8,"key":"REST"},{"data":"Zap","floor":11,"key":"SMITH"},{"floor":15,"key":"REST"}],"circlet_count":0,"master_deck":["Strike_B","Strike_B","Strike_B","Strike_B","Defend_B","Defend_B","Defend_B","Defend_B","Zap+1","Dualcast","Ball Lightning","Conserve Battery","Steam","ReplayTheSpireMod:Calculation Training","Static Discharge","Machine Learning","Electrodynamics","Self Repair+1"],"relics":["Cracked Core","Replay:Bottled Flurry","Replay:Bandana","Blue Candle","Pen Nib","MawBank","SlaversCollar","Orrery","Cables","Nloth\u0027s Gift"],"acts_visited":["Exordium","TheCity"],"potions_floor_usage":[6,14],"damage_taken":[{"damage":6,"enemies":"Cultist","floor":1,"turns":3},{"damage":2,"enemies":"Jaw Worm","floor":2,"turns":3},{"damage":7,"enemies":"2 Louse","floor":3,"turns":2},{"damage":3,"enemies":"Red Slaver","floor":4,"turns":3},{"damage":18,"enemies":"3 Sentries","floor":6,"turns":5},{"damage":8,"enemies":"3 Louse","floor":12,"turns":3},{"damage":24,"enemies":"Gremlin Gang","floor":13,"turns":4},{"damage":14,"enemies":"Lagavulin","floor":14,"turns":5},{"damage":28,"enemies":"Slime Boss","floor":16,"turns":9},{"damage":32,"enemies":"Chosen","floor":18,"turns":5},{"damage":22,"enemies":"Spheric Guardian","floor":20,"turns":3},{"damage":26,"enemies":"Book of Stabbing","floor":23,"turns":3}],"seed_played":"-9091193641177012587","potions_obtained":[{"floor":3,"key":"Explosive Potion"},{"floor":12,"key":"SkillPotion"},{"floor":16,"key":"sneckomod:MuddlingPotion"},{"floor":18,"key":"Languid Potion"}],"is_trial":false,"path_per_floor":["M","M","M","M","?","E","?","R","T","$","R","M","M","E","R","B",null,"M","$","M","?","$","E"],"character_chosen":"DEFECT","items_purchased":["Ball Lightning","Strawberry","Pen Nib","Orrery","Cables"],"campfire_rested":2,"item_purchase_floors":[0,0,10,19,19],"current_hp_per_floor":[69,67,60,57,46,28,28,52,52,52,52,44,20,6,30,2,62,30,30,18,18,18,0,0],"gold":95,"neow_bonus":"","is_daily":false,"chose_seed":false,"campfire_upgraded":1,"win_rate":0.0,"timestamp":1607712867,"path_taken":["M","M","M","?","?","E","?","R","T","$","R","?","M","E","R","BOSS","M","$","M","?","$","E"],"items_purchased_type":["Card","Relic","Relic","Relic","Relic"],"build_version":"2020-11-30","purchased_purges":0,"victory":false,"max_hp_per_floor":[82,82,82,82,82,82,82,82,82,82,82,82,82,82,82,82,82,82,82,82,82,82,82,82],"card_choices":[{"not_picked":["Double Energy","Hello World"],"picked":"Conserve Battery","floor":1},{"not_picked":["Turbo","ReplaySolidLightProjector","Barrage"],"picked":"SKIP","floor":2},{"not_picked":["Darkness","Tempest"],"picked":"Steam","floor":3},{"not_picked":["Double Energy","Barrage","Coolheaded"],"picked":"SKIP","floor":4},{"not_picked":["Go for the Eyes","Meteor Strike"],"picked":"ReplayTheSpireMod:Calculation Training","floor":6},{"not_picked":["Turbo","Steam"],"picked":"Static Discharge","floor":12},{"not_picked":["Barrage","Darkness","Go for the Eyes"],"picked":"SKIP","floor":13},{"not_picked":["Coolheaded","Fusion"],"picked":"Machine Learning","floor":14},{"not_picked":["Seek","Mirror Shield"],"picked":"Electrodynamics","floor":16},{"not_picked":["Fusion","Cold Snap+1"],"picked":"Self Repair+1","floor":18},{"not_picked":["Rebound","Streamline","Go for the Eyes"],"picked":"SKIP","floor":20}],"player_experience":339303,"relics_obtained":[{"floor":6,"key":"Replay:Bottled Flurry"},{"floor":9,"key":"Blue Candle"},{"floor":14,"key":"MawBank"}],"event_choices":[{"damage_healed":0,"gold_gain":75,"player_choice":"Gold","damage_taken":11,"max_hp_gain":0,"max_hp_loss":0,"event_name":"betterThird:BetterGoop","floor":5,"gold_loss":0},{"damage_healed":0,"gold_gain":0,"player_choice":"Paid Gold","damage_taken":0,"relics_obtained":["Replay:Bandana"],"max_hp_gain":0,"max_hp_loss":0,"event_name":"WeMeetAgain","floor":7,"gold_loss":79},{"damage_healed":0,"gold_gain":0,"player_choice":"Traded Relic","damage_taken":0,"relics_obtained":["Nloth\u0027s Gift"],"max_hp_gain":0,"max_hp_loss":0,"event_name":"N\u0027loth","floor":21,"relics_lost":["Strawberry"],"gold_loss":0}],"is_beta":false,"boss_relics":[{"not_picked":["Runic Dome","Painkiller Herb"],"picked":"SlaversCollar"}],"items_purged_floors":[],"is_endless":false,"potions_floor_spawned":[3,12,16,18],"killed_by":"Book of Stabbing","ascension_level":7}}