{"host":"63rwe7p34ct1i0qu","time":1607691905,"event":{"mods":["BaseMod","DeckTracker","Minty Spire (QoL Compilation)","Permanent Neow","Quick Restart","StSLib"],"gold_per_floor":[109,109,109,32,32,32,51,65,91,91,109,128,145,145,145,248,248,262,181,193,208,208,208,208,208,208,208,218,231,231,231],"floor_reached":30,"playtime":1824,"items_purged":[],"score":354,"play_id":"5ad01141-8ddc-42c7-b944-1e9ac1a7103d","local_time":"20201211220505","is_ascension_mode":true,"campfire_choices":[{"floor":6.0,"key":"REST"},{"data":"Sunder","floor":10,"key":"SMITH"},{"floor":15,"key":"REST"},{"floor":23,"key":"REST"},{"floor":25,"key":"REST"},{"floor":27,"key":"REST"}],"circlet_count":0,"master_deck":["Defend_B","Defend_B","Defend_B","Defend_B","Zap","Dualcast","Seek","Hologram","Sunder+1","Self Repair","Sweeping Beam","Conserve Battery","Turbo","All For One","Creative AI","Conserve Battery+1","Leap+1","Amplify+1","FTL","Go for the Eyes","Beam Cell"],"relics":["Cracked Core","Bag of Marbles","InkBottle","Astrolabe","Sundial"],"acts_visited":["Exordium","TheCity"],"potions_floor_usage":[16,18,28],"damage_taken":[{"damage":13.0,"enemies":"Small Slimes","floor":1.0,"turns":2.0},{"damage":0.0,"enemies":"2 Louse","floor":7.0,"turns":1.0},{"damage":1,"enemies":"Cultist","floor":8,"turns":3},{"damage":14,"enemies":"Large Slime","floor":11,"turns":5},{"damage":12,"enemies":"Gremlin Gang","floor":12,"turns":3},{"damage":4,"enemies":"Blue Slaver","floor":13,"turns":3},{"damage":0,"enemies":"Slime Boss","floor":16,"turns":5},{"damage":24,"enemies":"Shell Parasite","floor":18,"turns":7},{"damage":25,"enemies":"3 Byrds","floor":20,"turns":6},{"damage":35,"enemies":"Snecko","floor":21,"turns":5},{"damage":8,"enemies":"3 Cultists","floor":28,"turns":5},{"damage":29,"enemies":"Snake Plant","floor":29,"turns":4},{"damage":0,"enemies":"Centurion and Healer","floor":30,"turns":1}],"seed_played":"2667025398042545793","potions_obtained":[{"floor":11,"key":"DuplicationPotion"},{"floor":12,"key":"Explosive Potion"},{"floor":13,"key":"FocusPotion"},{"floor":20,"key":"FearPotion"},{"floor":24,"key":"EntropicBrew"},{"floor":24,"key":"FocusPotion"}],"is_trial":false,"path_per_floor":["M","?","?","$","?","R","M","M","T","R","M","M","M","?","R","B",null,"M","$","M","M","?","R","?","R","T","R","M","M","M"],"character_chosen":"DEFECT","items_purchased":["Sunder","FTL"],"campfire_rested":5,"item_purchase_floors":[4,19],"current_hp_per_floor":[37,37,30,30,30,52,52,58,58,58,51,46,42,42,64,71,74,64,64,46,18,4,28,28,52,52,76,75,53,53,53],"gold":231,"neow_bonus":"THREE_RARE_CARDS","is_daily":false,"chose_seed":false,"campfire_upgraded":1,"win_rate":0.0,"timestamp":1607691905,"path_taken":["M","?","?","$","?","R","M","M","T","R","M","M","M","?","R","BOSS","M","$","M","M","?","R","?","R","T","R","M","?","M"],"items_purchased_type":["Card","Card"],"build_version":"2020-11-30","purchased_purges":0,"victory":false,"max_hp_per_floor":[75,75,75,75,75,75,75,75,75,75,75,75,75,75,75,75,75,75,75,75,75,80,80,80,80,80,80,80,80,80,80],"card_choices":[{"not_picked":["Hyperbeam","Creative AI"],"picked":"Seek","floor":0.0},{"not_picked":["Rebound","Defragment"],"picked":"Hologram","floor":1.0},{"not_picked":["Barrage","Hologram"],"picked":"Self Repair","floor":7.0},{"not_picked":["Cold Snap","Lockon"],"picked":"Sweeping Beam","floor":8},{"not_picked":["Lockon","Glacier"],"picked":"Conserve Battery","floor":11},{"not_picked":["Compile Driver","Hologram"],"picked":"Turbo","floor":12},{"not_picked":["Static Discharge","Coolheaded"],"picked":"All For One","floor":13},{"not_picked":["Multi-Cast","Buffer"],"picked":"Creative AI","floor":16},{"not_picked":["Sweeping Beam","Barrage","BootSequence"],"picked":"SKIP","floor":18},{"not_picked":["Turbo","Aggregate+1"],"picked":"Go for the Eyes","floor":20},{"not_picked":["Conserve Battery","Barrage","Defragment"],"picked":"SKIP","floor":21},{"not_picked":["Steam Power","Heatsinks"],"picked":"Beam Cell","floor":28},{"not_picked":["Compile Driver","Loop","Sunder"],"picked":"SKIP","floor":29}],"player_experience":1269612,"relics_obtained":[{"floor":9,"key":"Bag of Marbles"},{"floor":26,"key":"Sundial"}],"event_choices":[{"damage_healed":0.0,"max_hp_gain":0.0,"max_hp_loss":0.0,"gold_gain":0.0,"event_name":"Liars Game","player_choice":"Ignored","floor":2.0,"gold_loss":0.0,"damage_taken":0.0},{"cards_removed":["Strike_B"],"damage_healed":0.0,"max_hp_gain":0.0,"max_hp_loss":0.0,"gold_gain":0.0,"event_name":"Golden Wing","player_choice":"Card Removal","floor":3.0,"gold_loss":0.0,"damage_taken":7.0},{"damage_healed":0.0,"max_hp_gain":0.0,"max_hp_loss":0.0,"gold_gain":0.0,"event_name":"Golden Idol","player_choice":"Ignored","floor":5.0,"gold_loss":0.0,"damage_taken":0.0},{"damage_healed":0,"gold_gain":0,"player_choice":"Gave Potion","damage_taken":0,"relics_obtained":["InkBottle"],"max_hp_gain":0,"max_hp_loss":0,"event_name":"WeMeetAgain","floor":14,"gold_loss":0},{"damage_healed":0,"gold_gain":0,"player_choice":"Shed Blood","damage_taken":19,"max_hp_gain":5,"max_hp_loss":0,"event_name":"Forgotten Altar","floor":22,"gold_loss":0},{"damage_healed":0,"gold_gain":0,"player_choice":"Got Potions","damage_taken":0,"max_hp_gain":0,"max_hp_loss":0,"event_name":"Lab","floor":24,"gold_loss":0}],"is_beta":false,"boss_relics":[{"not_picked":["Inserter","Empty Cage"],"picked":"Astrolabe"}],"items_purged_floors":[],"is_endless":false,"potions_floor_spawned":[11,12,13,20],"killed_by":"Centurion and Healer","ascension_level":6}}