{"host":"zi8o4akxlgxypwgb","time":1607692463,"event":{"mods":["BaseMod","Minty Spire (QoL Compilation)","Replay The Spire","StSLib","SuperFastMode"],"gold_per_floor":[117,117,128,146,321,354,354,354,380,380,380,21,21,41,71,71,71,171,171,187,112,129,129,143,143,178,178,247,247,275,375,422,437,437,437,437],"floor_reached":35,"playtime":6940,"items_purged":["Strike_G"],"score":493,"play_id":"e242fb88-6752-4ff2-bb83-d210d5cd9e9e","local_time":"20201211211423","is_ascension_mode":true,"campfire_choices":[{"data":"Burst","floor":10,"key":"SMITH"},{"data":"ReplayTheSpireMod:Scrap Shanks","floor":13,"key":"SMITH"},{"data":"ReplayTheSpireMod:Scrap Shanks","floor":25,"key":"SMITH"},{"data":"Blade Dance","floor":27,"key":"SMITH"},{"data":"Prepared","floor":29,"key":"SMITH"},{"floor":34,"key":"REST"}],"circlet_count":0,"master_deck":["Strike_G","Strike_G+1","Strike_G","Defend_G","Defend_G","Defend_G+1","Defend_G","Survivor","Neutralize","Blade Dance","Blade Dance","Burst+1","Doubt","Bullet Time","Envenom","ReplayTheSpireMod:Scrap Shanks+1","ReplayTheSpireMod:Scrap Shanks+1","Prepared+1","Blade Dance+1","Slice","Masterful Stab","Backflip","Doppelganger","Dodge and Roll","Venomology","Underhanded Strike","Slice+1","Acrobatics","Cloak And Dagger+1","Outmaneuver","Hidden Blade","Flying Knee","Atom Bomb"],"relics":["WristBlade","Replay:Rubber Ducky","StoneCalendar","Gremlin Horn","Ice Cream","Oddly Smooth Stone","Snecko Heart","Bronze Scales","Chameleon Ring","StrikeDummy","Byrd Skull","Iron Hammer","Tiny Chest"],"acts_visited":["Exordium","TheCity"],"potions_floor_usage":[15,20,22,24,26,26,30,31,31,31,33],"damage_taken":[{"damage":4,"enemies":"Jaw Worm","floor":1,"turns":5},{"damage":2,"enemies":"Small Slimes","floor":3,"turns":3},{"damage":0,"enemies":"2 Louse","floor":4,"turns":2},{"damage":3,"enemies":"Replay:BlueRogue","floor":6,"turns":4},{"damage":19,"enemies":"3 Sentries","floor":9,"turns":8},{"damage":1,"enemies":"Large Slime","floor":14,"turns":4},{"damage":0,"enemies":"Gremlin Nob","floor":15,"turns":3},{"damage":0,"enemies":"Slime Boss","floor":18,"turns":6},{"damage":15,"enemies":"Shell Parasite","floor":20,"turns":4},{"damage":15,"enemies":"3 Byrds","floor":22,"turns":3},{"damage":6,"enemies":"Cultist and Chosen","floor":24,"turns":4},{"damage":15,"enemies":"Slavers","floor":26,"turns":4},{"damage":11,"enemies":"Replay:Snechameleon","floor":30,"turns":3},{"damage":0,"enemies":"Colosseum Slavers","floor":31,"turns":3},{"damage":0,"enemies":"Colosseum Nobs","floor":31,"turns":2},{"damage":0,"enemies":"Centurion and Healer","floor":33,"turns":3},{"damage":33,"enemies":"Champ","floor":35,"turns":3}],"seed_played":"228723940898790674","potions_obtained":[{"floor":6,"key":"Venom Potion"},{"floor":14,"key":"LifebloodPotion"},{"floor":15,"key":"DuplicationPotion"},{"floor":22,"key":"Swift Potion"},{"floor":26,"key":"PowerPotion"},{"floor":31,"key":"Explosive Potion"}],"is_trial":false,"path_per_floor":["M","?","M","M","?","E","PTL","PTL","E","R","T","$","R","M","E","?","R","B",null,"M","?","M","?","M","R","E","R","T","R","E","?","T","M","R","B"],"character_chosen":"THE_SILENT","items_purchased":["ReplayTheSpireMod:Scrap Shanks","Prepared","Blade Dance","Slice","Masterful Stab"],"campfire_rested":1,"item_purchase_floors":[12,12,12,12,12],"current_hp_per_floor":[66,52,50,50,50,47,47,47,28,28,28,28,28,27,27,20,20,20,70,55,55,40,40,34,34,19,19,19,19,8,8,8,8,29,0,0],"gold":437,"neow_bonus":"BOSS_RELIC","is_daily":false,"chose_seed":false,"campfire_upgraded":5,"win_rate":0.0,"timestamp":1607692463,"path_taken":["M","?","M","M","?","E","PTL","PTL","E","R","T","$","R","M","E","?","R","BOSS","M","?","M","?","M","R","E","R","T","R","E","?","?","M","R","BOSS"],"items_purchased_type":["Card","Card","Card","Card","Card"],"build_version":"2020-11-30","purchased_purges":1,"victory":false,"max_hp_per_floor":[70,70,70,70,70,70,70,70,70,70,70,70,70,70,70,70,70,70,70,70,70,70,70,70,70,70,70,70,70,70,70,70,70,70,70,70],"card_choices":[{"not_picked":["Slice","Deflect"],"picked":"Blade Dance","floor":1},{"not_picked":["Underhanded Strike","Flying Knee"],"picked":"Blade Dance","floor":3},{"not_picked":["PiercingWail","Sucker Punch"],"picked":"Burst","floor":4},{"not_picked":["Infinite Blades","Masterful Stab"],"picked":"Bullet Time","floor":6},{"not_picked":["Quick Slash","Dagger Throw"],"picked":"Envenom","floor":9},{"not_picked":["Deadly Poison","Noxious Fumes"],"picked":"Backflip","floor":14},{"not_picked":["All Out Attack","Fluid Movement"],"picked":"Doppelganger","floor":15},{"not_picked":["Doppelganger","ReplayTheSpireMod:Necrosis"],"picked":"Venomology","floor":18},{"not_picked":["Toxin Wave","Deflect"],"picked":"Underhanded Strike","floor":20},{"not_picked":["Flying Knee","ReplayTheSpireMod:Speed Training"],"picked":"Slice+1","floor":22},{"not_picked":["Quick Slash","Underhanded Strike"],"picked":"Cloak And Dagger+1","floor":24},{"not_picked":["ReplayTheSpireMod:Exploit Weakness","Catalyst"],"picked":"Outmaneuver","floor":26},{"not_picked":["Corpse Explosion","Outmaneuver"],"picked":"Hidden Blade","floor":30},{"not_picked":["Concentrate","Riddle With Holes"],"picked":"Flying Knee","floor":31},{"not_picked":["Sucker Punch+1","Poisoned Stab"],"picked":"Atom Bomb","floor":33}],"player_experience":264937,"relics_obtained":[{"floor":6,"key":"Replay:Rubber Ducky"},{"floor":9,"key":"StoneCalendar"},{"floor":11,"key":"Gremlin Horn"},{"floor":15,"key":"Ice Cream"},{"floor":26,"key":"Bronze Scales"},{"floor":28,"key":"Chameleon Ring"},{"floor":30,"key":"StrikeDummy"},{"floor":31,"key":"Byrd Skull"},{"floor":31,"key":"Iron Hammer"},{"floor":32,"key":"Tiny Chest"}],"event_choices":[{"damage_healed":0,"gold_gain":0,"player_choice":"Entered Light","damage_taken":14,"max_hp_gain":0,"max_hp_loss":0,"event_name":"Shining Light","floor":2,"gold_loss":0,"cards_upgraded":["Strike_G","Defend_G"]},{"damage_healed":0,"gold_gain":175,"player_choice":"AGREE","damage_taken":0,"max_hp_gain":0,"max_hp_loss":0,"event_name":"Liars Game","floor":5,"gold_loss":0,"cards_obtained":["Doubt"]},{"damage_healed":0,"gold_gain":0,"player_choice":"Success","damage_taken":7,"relics_obtained":["Oddly Smooth Stone"],"max_hp_gain":0,"max_hp_loss":0,"event_name":"Scrap Ooze","floor":16,"gold_loss":0},{"cards_removed":["Defend_G"],"damage_healed":0,"gold_gain":0,"player_choice":"Gave Gold","damage_taken":0,"max_hp_gain":0,"max_hp_loss":0,"event_name":"Beggar","floor":21,"gold_loss":75},{"damage_healed":0,"gold_gain":0,"player_choice":"Read","damage_taken":0,"max_hp_gain":0,"max_hp_loss":0,"event_name":"The Library","floor":23,"gold_loss":0,"cards_obtained":["Acrobatics"]},{"damage_healed":0,"gold_gain":0,"player_choice":"Fight","damage_taken":0,"max_hp_gain":0,"max_hp_loss":0,"event_name":"Colosseum","floor":31,"gold_loss":0},{"damage_healed":0,"gold_gain":0,"player_choice":"Fought Nobs","damage_taken":0,"max_hp_gain":0,"max_hp_loss":0,"event_name":"Colosseum","floor":31,"gold_loss":0}],"is_beta":false,"boss_relics":[{"not_picked":["HoveringKite","Velvet Choker"],"picked":"Snecko Heart"}],"items_purged_floors":[12],"is_endless":false,"potions_floor_spawned":[6,14,15,22,26,31],"killed_by":"Champ","ascension_level":4}}