{"host":"e7sl0pd4xxdbbdh2","time":1607691447,"event":{"mods":["BaseMod","Better Third Choice","Colored Map","Colored Powertips","Hubris","Minty Spire (QoL Compilation)","Replay The Spire","StSLib","SuperFastMode"],"gold_per_floor":[111,111,131,13,33,0,19,19,19,36,71,84,117,130,130,202,202,213,213,12,12,27,27,27,52,79,79,79,79],"floor_reached":28,"playtime":2020,"items_purged":["Strike_R","hubris:Wrath"],"score":471,"play_id":"6ed661fc-bc0e-4519-8b92-9607be7d5dbc","local_time":"20201211095727","is_ascension_mode":true,"campfire_choices":[{"data":"Demonic Infusion","floor":8.0,"key":"SMITH"},{"data":"Rampage","floor":15.0,"key":"SMITH"},{"floor":27,"key":"REST"}],"circlet_count":0,"master_deck":["AscendersBane","Strike_R","Strike_R","Strike_R","Strike_R","Defend_R","Defend_R","Defend_R","Defend_R","Demonic Infusion+1","Clothesline","Survivor","Neutralize","Pommel Strike","Rampage+1","Shockwave","Enlightenment+1","Feel No Pain","Rage","Reaper","Battle Trance","Shrug It Off","Impervious","Burning Pact","Abandon","hubris:ReadiedAction"],"relics":["Burning Blood","The Courier","ReplayTheSpireMod:Lightbulb","Replay:Ancient Bell","Omamori","hubris:SphereOfDissonance","Replay:Multitool","Membership Card","betterThird:NestCultRelic","Blood Vial","ReplayTheSpireMod:TigerMarble"],"acts_visited":["Exordium","TheCity"],"potions_floor_usage":[],"damage_taken":[{"damage":14.0,"enemies":"Jaw Worm","floor":1.0,"turns":4.0},{"damage":3.0,"enemies":"2 Louse","floor":3.0,"turns":2.0},{"damage":0.0,"enemies":"Small Slimes","floor":5.0,"turns":4.0},{"damage":2.0,"enemies":"2 Fungi Beasts","floor":7.0,"turns":4.0},{"damage":15.0,"enemies":"Large Slime","floor":10.0,"turns":6.0},{"damage":22.0,"enemies":"Gremlin Nob","floor":11.0,"turns":4.0},{"damage":4.0,"enemies":"Blue Slaver","floor":12.0,"turns":4.0},{"damage":27.0,"enemies":"Lagavulin","floor":13.0,"turns":7.0},{"damage":7.0,"enemies":"3 Louse","floor":14.0,"turns":5.0},{"damage":38.0,"enemies":"Fading Forest","floor":16.0,"turns":11.0},{"damage":38.0,"enemies":"Spheric Guardian","floor":18.0,"turns":6.0},{"damage":33.0,"enemies":"3 Byrds","floor":22.0,"turns":11.0},{"damage":46,"enemies":"Replay:Snechameleon","floor":25,"turns":13},{"damage":0,"enemies":"Book of Stabbing","floor":28,"turns":1}],"seed_played":"-7351900898002997952","potions_obtained":[{"floor":5.0,"key":"Fire Potion"},{"floor":7.0,"key":"LiquidMemories"},{"floor":13.0,"key":"Elixir"}],"is_trial":false,"path_per_floor":["M","?","M","$","M","?","M","R","T","M","E","M","E","M","R","B",null,"M","?","$","?","M","R","?","E","T","R","E"],"character_chosen":"IRONCLAD","items_purchased":["Rampage","Membership Card","Abandon"],"campfire_rested":1,"item_purchase_floors":[4,20,20],"current_hp_per_floor":[60,60,63,63,69,75,79,79,79,70,54,56,41,48,48,42,71,39,55,55,55,34,58,58,29,29,53,55,55],"gold":79,"neow_bonus":"ONE_RANDOM_RARE_CARD","is_daily":false,"chose_seed":false,"campfire_upgraded":2,"win_rate":0.0,"timestamp":1607691447,"path_taken":["M","?","M","$","M","?","M","R","T","M","E","M","E","M","R","BOSS","M","?","$","?","M","R","?","E","T","R","E"],"items_purchased_type":["Card","Relic","Card"],"build_version":"2020-11-30","purchased_purges":2,"victory":false,"max_hp_per_floor":[75,75,75,75,75,81,81,81,81,81,81,81,81,81,81,81,81,81,81,81,81,81,81,81,81,81,81,81,81],"card_choices":[{"not_picked":["Evolve","Thunderclap"],"picked":"Clothesline","floor":1.0},{"not_picked":["Fiend Fire","Flex"],"picked":"Pommel Strike","floor":3.0},{"not_picked":["Bloodletting","Pummel"],"picked":"Shockwave","floor":5.0},{"not_picked":["Cleave","Flex","Twin Strike"],"picked":"SKIP","floor":7.0},{"not_picked":["Sword Boomerang","Run Through"],"picked":"Feel No Pain","floor":10.0},{"not_picked":["ReplayTheSpireMod:Strike From Hell","Twin Strike"],"picked":"Rage","floor":11.0},{"not_picked":["Twin Strike","Pommel Strike"],"picked":"Reaper","floor":12.0},{"not_picked":["Combust","Havoc"],"picked":"Battle Trance","floor":13.0},{"not_picked":["True Grit","Ghostly Armor"],"picked":"Shrug It Off","floor":14.0},{"not_picked":["Berserk","Brutality"],"picked":"Impervious","floor":16.0},{"not_picked":["hubris:Lust","hubris:Gluttony"],"picked":"ReplayTheSpireMod:Splinters","floor":17.0},{"not_picked":["Voices","CurseOfTheBell"],"picked":"hubris:Gluttony","floor":17.0},{"not_picked":["Normality","Delirium"],"picked":"hubris:Wrath","floor":17.0},{"not_picked":["ReplayTheSpireMod:Corrosion Curse","Headbutt"],"picked":"Burning Pact","floor":18.0},{"not_picked":["Shockwave","Seeing Red"],"picked":"hubris:ReadiedAction","floor":22.0},{"not_picked":["Warcry","Wild Strike","Rupture"],"picked":"SKIP","floor":25}],"player_experience":1579851,"relics_obtained":[{"floor":9.0,"key":"The Courier"},{"floor":13.0,"key":"ReplayTheSpireMod:Lightbulb"},{"floor":25,"key":"Blood Vial"},{"floor":26,"key":"ReplayTheSpireMod:TigerMarble"}],"event_choices":[{"damage_healed":0.0,"max_hp_gain":0.0,"max_hp_loss":0.0,"gold_gain":0.0,"event_name":"betterThird:BetterSerpent","player_choice":"RENOUNCE","floor":6.0,"gold_loss":33.0,"damage_taken":33.0,"cards_obtained":["Enlightenment"]},{"damage_healed":16.0,"max_hp_gain":0.0,"max_hp_loss":0.0,"gold_gain":0.0,"event_name":"The Library","player_choice":"Heal","floor":19.0,"gold_loss":0.0,"damage_taken":0.0},{"damage_healed":0.0,"max_hp_gain":0.0,"max_hp_loss":0.0,"gold_gain":0.0,"event_name":"betterThird:BetterNest","player_choice":"Madness","floor":24.0,"gold_loss":0.0,"damage_taken":0.0,"relics_obtained":["betterThird:NestCultRelic"]}],"is_beta":false,"boss_relics":[{"not_picked":["ReplayTheSpireMod:DimensionalGlitch","hubris:Stopwatch"],"picked":"Replay:Ancient Bell"},{"not_picked":["ReplayTheSpireMod:Spearhead","PreservedInsect"],"picked":"Omamori"},{"not_picked":["hubris:Metronome","InkBottle"],"picked":"hubris:SphereOfDissonance"},{"not_picked":["Unceasing Top","Ginger"],"picked":"Replay:Multitool"}],"items_purged_floors":[4,20],"is_endless":false,"potions_floor_spawned":[5,7,11,13],"killed_by":"Book of Stabbing","ascension_level":18}}