{"host":"f7oa3d5f3fx74imu","time":1607718816,"event":{"mods":["AchievementEnabler","Aspiration","BaseMod","Better Altar","Better Third Choice","BetterRewards","Conspire","Downfall","Hubris","Infinite Spire","Lobotomy","Minty Spire (QoL Compilation)","Replay The Spire","Shop Mod","Spicy Shops","StSLib"],"gold_per_floor":[109,109,120,133,133,169,169,202,228,268,310,43,64,102,102,102,102],"floor_reached":16,"playtime":1146,"items_purged":[],"score":211,"play_id":"bcc57bd8-bc31-44fa-8fea-033a410f9333","local_time":"20201211123336","is_ascension_mode":true,"campfire_choices":[{"floor":7.0,"key":"REST"},{"floor":15,"key":"DIG"}],"circlet_count":0,"master_deck":["Strike_B","Strike_B","Strike_B","Strike_B","Defend_B+1","Defend_B+1","Defend_B+1","Defend_B+1","Zap","Dualcast","OldLady","Cold Snap","Hemokinesis","Beam Cell","BigBird","Auto Shields","Bloodbath","ShyLook","Core Surge","WallGazer","Aggregate","UniverseFragment","Skim","SnowQueen","Defragment","Scarecrow","Cold Snap","GreedKing","Buffer"],"relics":["Cracked Core","CogitoBucket","Golden Idol","Toy Ornithopter","Replay:Bottled Eggs","Omamori","Lantern","MerchantsRug","Toolbox","HellTrain","Cables","Darkstone Periapt"],"acts_visited":["Exordium"],"potions_floor_usage":[14],"damage_taken":[{"damage":4.0,"enemies":"Small Slimes","floor":1.0,"turns":3.0},{"damage":6.0,"enemies":"conspire:RoseBush","floor":3.0,"turns":2.0},{"damage":3.0,"enemies":"2 Louse","floor":4.0,"turns":2.0},{"damage":23.0,"enemies":"Lagavulin","floor":6.0,"turns":6.0},{"damage":25.0,"enemies":"Gremlin Nob","floor":8.0,"turns":4.0},{"damage":24.0,"enemies":"3 Sentries","floor":10.0,"turns":7.0},{"damage":18.0,"enemies":"conspire:MimicChest","floor":11.0,"turns":7.0},{"damage":18.0,"enemies":"2 Fungi Beasts","floor":13.0,"turns":5.0},{"damage":11,"enemies":"Gremlin Nob","floor":14,"turns":4},{"damage":38,"enemies":"Hexaghost","floor":16,"turns":5}],"seed_played":"1883032147126674893","potions_obtained":[{"floor":3.0,"key":"Dexterity Potion"},{"floor":4.0,"key":"SteroidPotion"},{"floor":8.0,"key":"Toxic Potion"},{"floor":10.0,"key":"Energy Potion"},{"floor":13.0,"key":"PowerPotion"}],"is_trial":false,"path_per_floor":["M","?","M","M","?","E","R","E","T","E","?","$","M","E","R","B"],"character_chosen":"DEFECT","items_purchased":["MerchantsRug","Toolbox"],"campfire_rested":1,"item_purchase_floors":[12,12],"current_hp_per_floor":[64,58,52,49,49,28,52,27,27,39,33,33,16,15,15,0,0],"gold":102,"neow_bonus":"","is_daily":false,"chose_seed":false,"campfire_upgraded":0,"win_rate":0.0,"timestamp":1607718816,"path_taken":["M","?","M","M","?","E","R","E","T","E","?","$","M","E","R","BOSS"],"items_purchased_type":["Relic","Relic"],"build_version":"2020-11-30","purchased_purges":0,"victory":false,"max_hp_per_floor":[75,89,89,89,82,82,82,82,82,82,92,92,92,92,92,92,92],"card_choices":[{"not_picked":["SpiderBud","CherryBlossoms"],"picked":"OldLady","floor":1.0},{"not_picked":["Stack","Melter"],"picked":"Cold Snap","floor":1.0},{"not_picked":["Defragment","Compile Driver"],"picked":"Beam Cell","floor":3.0},{"not_picked":["LittleHelper","Murderer"],"picked":"BigBird","floor":3.0},{"not_picked":["Go for the Eyes","ReplayTheSpireMod:Calculation Training"],"picked":"Auto Shields","floor":4.0},{"not_picked":["Wellcheers","MHz"],"picked":"Bloodbath","floor":4.0},{"not_picked":["Freischutz","BeautyBeast"],"picked":"ShyLook","floor":6.0},{"not_picked":["Panic Button","Ball Lightning"],"picked":"Core Surge","floor":6.0},{"not_picked":["BeautyBeast","VoidDream"],"picked":"WallGazer","floor":8.0},{"not_picked":["Streamline","Rebound"],"picked":"Aggregate","floor":8.0},{"not_picked":["CherryBlossoms","MeatLantern"],"picked":"UniverseFragment","floor":10.0},{"not_picked":["Redo","BasicCrystalCard"],"picked":"Skim","floor":10.0},{"not_picked":["VoidDream","FairyFestival"],"picked":"SnowQueen","floor":11.0},{"not_picked":["Storm","ReplayGash"],"picked":"Defragment","floor":11.0},{"not_picked":["Wellcheers","BigBadWolf"],"picked":"Scarecrow","floor":13.0},{"not_picked":["Stack","Turbo"],"picked":"Cold Snap","floor":13.0},{"not_picked":["CherryBlossoms","SpiderBud"],"picked":"GreedKing","floor":14},{"not_picked":["Skim","Ball Lightning"],"picked":"Buffer","floor":14}],"player_experience":206612,"relics_obtained":[{"floor":6.0,"key":"Toy Ornithopter"},{"floor":8.0,"key":"Replay:Bottled Eggs"},{"floor":9.0,"key":"Omamori"},{"floor":10.0,"key":"Lantern"},{"floor":11.0,"key":"Pear"},{"floor":14,"key":"Cables"},{"floor":15,"key":"Darkstone Periapt"}],"event_choices":[{"damage_healed":0.0,"max_hp_gain":0.0,"max_hp_loss":7.0,"gold_gain":0.0,"event_name":"Golden Idol","player_choice":"Lose Max HP","floor":5.0,"gold_loss":0.0,"damage_taken":0.0,"relics_obtained":["Golden Idol"]}],"is_beta":false,"boss_relics":[],"items_purged_floors":[],"is_endless":false,"potions_floor_spawned":[3,4,8,10,13],"killed_by":"Hexaghost","ascension_level":9}}