{"host":"j9kxs091fhjybap3","time":1607693360,"event":{"mods":["Act Like it!","BaseMod","Hallownest","Hermit","Jorbs\u0027s Wanderer Trilogy","Lobotomy","Minty Spire (QoL Compilation)","Replay The Spire","StSLib","The Bug Knight","The Cursed","The Hierophant"],"gold_per_floor":[111,30,30,105,30,30,30,30,30,30,58,69,32,58,58,153,153,153,153],"floor_reached":18,"playtime":1215,"items_purged":["stsjorbsmod:Strike_Wanderer"],"score":164,"play_id":"d16a04f1-a026-44a0-ba40-0fe96506387e","local_time":"20201211082920","is_ascension_mode":false,"campfire_choices":[{"data":"stsjorbsmod:DeathThroes","floor":6,"key":"SMITH"},{"data":"stsjorbsmod:FreshAdventure","floor":8,"key":"SMITH"},{"data":"stsjorbsmod:EyeOfTheStorm","floor":10,"key":"SMITH"},{"floor":15,"key":"REST"}],"circlet_count":0,"master_deck":["stsjorbsmod:ForbiddenGrimoire+1","stsjorbsmod:Strike_Wanderer","stsjorbsmod:Strike_Wanderer","stsjorbsmod:Defend_Wanderer","stsjorbsmod:Defend_Wanderer","stsjorbsmod:Defend_Wanderer+1","stsjorbsmod:Defend_Wanderer","stsjorbsmod:FreshAdventure+1","stsjorbsmod:EyeOfTheStorm+1","stsjorbsmod:DisguiseSelf","stsjorbsmod:DeathThroes+1","Magnetism+1","stsjorbsmod:ColorSpray+1","stsjorbsmod:WeightOfMemory+1","stsjorbsmod:BookOfTongues","stsjorbsmod:Patron+1","stsjorbsmod:MirrorImage"],"relics":["stsjorbsmod:GrimoireRelic","Molten Egg 2","Shuriken","Garlic","Replay:Bronze Core"],"acts_visited":["Exordium","TheCity"],"potions_floor_usage":[16],"damage_taken":[{"damage":0,"enemies":"Small Slimes","floor":1,"turns":3},{"damage":26,"enemies":"Lagavulin","floor":11,"turns":9},{"damage":0,"enemies":"2 Louse","floor":12,"turns":2},{"damage":8,"enemies":"3 Sentries","floor":14,"turns":6},{"damage":32,"enemies":"Fading Forest","floor":16,"turns":11},{"damage":0,"enemies":"3 Byrds","floor":18,"turns":1}],"seed_played":"3912612428501696283","potions_obtained":[{"floor":1,"key":"PowerPotion"},{"floor":12,"key":"Milkshake"},{"floor":16,"key":"GamblersBrew"}],"is_trial":false,"path_per_floor":["M","$","?","?","$","R","?","R","T","R","E","M","$","E","R","B",null,"M"],"character_chosen":"WANDERER","items_purchased":["stsjorbsmod:DeathThroes","stsjorbsmod:BookOfTongues"],"campfire_rested":1,"item_purchase_floors":[2,13],"current_hp_per_floor":[68,68,68,57,57,57,57,57,57,57,31,32,32,26,46,24,68,68,68],"gold":153,"neow_bonus":"RANDOM_COLORLESS","is_daily":false,"chose_seed":false,"campfire_upgraded":3,"win_rate":0.0,"timestamp":1607693360,"path_taken":["M","$","?","?","$","R","?","R","T","R","E","M","$","E","R","BOSS","M"],"items_purchased_type":["Card","Card"],"build_version":"2020-11-30","purchased_purges":1,"victory":false,"max_hp_per_floor":[68,68,68,68,68,68,68,68,68,68,68,68,68,68,68,68,68,68,68],"card_choices":[{"not_picked":["Forethought","Purity"],"picked":"ReplayTheSpireMod:Private Reserves","floor":0},{"not_picked":["stsjorbsmod:ChatteringStrike","stsjorbsmod:UnseenServant"],"picked":"stsjorbsmod:DisguiseSelf","floor":1},{"not_picked":["stsjorbsmod:Prestidigitation","stsjorbsmod:OldPocket"],"picked":"stsjorbsmod:ColorSpray+1","floor":11},{"not_picked":["stsjorbsmod:Channel","stsjorbsmod:TrueStrike+1"],"picked":"stsjorbsmod:WeightOfMemory+1","floor":12},{"not_picked":["stsjorbsmod:DeathThroes+1","stsjorbsmod:Rest"],"picked":"stsjorbsmod:Patron+1","floor":14},{"not_picked":["stsjorbsmod:Fear","stsjorbsmod:Trauma+1"],"picked":"stsjorbsmod:MirrorImage","floor":16}],"player_experience":859536,"relics_obtained":[{"floor":9,"key":"Molten Egg 2"},{"floor":11,"key":"Shuriken"},{"floor":14,"key":"Garlic"}],"event_choices":[{"cards_removed":["stsjorbsmod:Strike_Wanderer"],"damage_healed":0,"gold_gain":0,"player_choice":"Forget","damage_taken":0,"max_hp_gain":0,"max_hp_loss":0,"event_name":"Living Wall","floor":3,"gold_loss":0},{"damage_healed":0,"gold_gain":75,"player_choice":"Gather Gold","damage_taken":11,"max_hp_gain":0,"max_hp_loss":0,"event_name":"World of Goop","floor":4,"gold_loss":0}],"is_beta":false,"boss_relics":[{"not_picked":["Philosopher\u0027s Stone","Runic Pyramid"],"picked":"Replay:Bronze Core"}],"items_purged_floors":[5],"is_endless":false,"potions_floor_spawned":[1,12,16],"killed_by":"3 Byrds","ascension_level":0}}