{"host":"b0dcklafnoly879c","time":1607684001,"event":{"mods":["BaseMod","Hermit","Minty Spire (QoL Compilation)","StSLib","The Jungle"],"gold_per_floor":[13,29,40,57,75,105,124,124,147,147,147,180,180,191,191,294,294,312,328,345,50,60,95,100,100],"floor_reached":24,"playtime":1747,"items_purged":[],"score":244,"play_id":"dd705149-9a7d-4b6d-a49d-4922482869a3","local_time":"20201211195321","is_ascension_mode":true,"campfire_choices":[{"data":"hermit:Maintenance","floor":8.0,"key":"SMITH"},{"data":"hermit:CalledShot","floor":10.0,"key":"SMITH"},{"data":"hermit:TakeCover","floor":15.0,"key":"SMITH"}],"circlet_count":0,"master_deck":["hermit:Strike_Hermit","hermit:Strike_Hermit","hermit:Strike_Hermit","hermit:Strike_Hermit","hermit:Defend_Hermit","hermit:Defend_Hermit","hermit:Defend_Hermit","hermit:Defend_Hermit","hermit:Snapshot","hermit:Covet","Secret Technique+1","hermit:Coalescence","hermit:Maintenance+1","hermit:CalledShot+1","hermit:Gambit","hermit:TakeCover+1","hermit:HeroicBravado","CurseOfTheBell","hermit:BodyArmor+1","hermit:Scavenge","hermit:GhostlyPresence","hermit:HighNoon","hermit:LuckOfTheDraw"],"relics":["hermit:Momento","Ornamental Fan","Toy Ornithopter","hermit:RyeStalk","Calling Bell","Pen Nib","Letter Opener","Prayer Wheel","PreservedInsect","Strawberry"],"acts_visited":["Exordium","TheCity"],"potions_floor_usage":[23],"damage_taken":[{"damage":1.0,"enemies":"Cultist","floor":1.0,"turns":4.0},{"damage":5.0,"enemies":"Small Slimes","floor":2.0,"turns":4.0},{"damage":0.0,"enemies":"2 Louse","floor":3.0,"turns":3.0},{"damage":2.0,"enemies":"Gremlin Gang","floor":4.0,"turns":6.0},{"damage":2.0,"enemies":"Looter","floor":5.0,"turns":4.0},{"damage":9.0,"enemies":"Lagavulin","floor":6.0,"turns":9.0},{"damage":17.0,"enemies":"Lots of Slimes","floor":7.0,"turns":6.0},{"damage":18.0,"enemies":"3 Sentries","floor":12.0,"turns":11.0},{"damage":0.0,"enemies":"Blue Slaver","floor":14.0,"turns":3.0},{"damage":6.0,"enemies":"The Guardian","floor":16.0,"turns":12.0},{"damage":19.0,"enemies":"Chosen","floor":18.0,"turns":5.0},{"damage":13.0,"enemies":"Shell Parasite","floor":19.0,"turns":9.0},{"damage":9.0,"enemies":"Sentry and Sphere","floor":20.0,"turns":8.0},{"damage":21.0,"enemies":"Snake Plant","floor":22.0,"turns":5.0},{"damage":12,"enemies":"Gremlin Leader","floor":23,"turns":6},{"damage":18,"enemies":"Centurion and Healer","floor":24,"turns":5}],"seed_played":"4147421008481844172","potions_obtained":[{"floor":1.0,"key":"BlessingOfTheForge"},{"floor":2.0,"key":"DistilledChaos"},{"floor":6.0,"key":"LiquidBronze"},{"floor":13.0,"key":"Explosive Potion"},{"floor":13.0,"key":"GamblersBrew"},{"floor":16.0,"key":"LiquidBronze"},{"floor":19.0,"key":"DistilledChaos"}],"is_trial":false,"path_per_floor":["M","M","M","M","M","E","M","R","T","R","?","E","?","M","R","B",null,"M","M","M","$","M","E","M"],"character_chosen":"HERMIT","items_purchased":["hermit:HighNoon","PreservedInsect","hermit:LuckOfTheDraw"],"campfire_rested":0,"item_purchase_floors":[21,21,21],"current_hp_per_floor":[74,69,69,67,65,56,39,39,39,39,39,26,26,26,26,20,75,56,43,34,34,18,18,0,0],"gold":100,"neow_bonus":"RANDOM_COLORLESS_2","is_daily":false,"chose_seed":false,"campfire_upgraded":3,"win_rate":0.0,"timestamp":1607684001,"path_taken":["M","M","M","M","?","E","M","R","T","R","?","E","?","M","R","BOSS","M","?","M","$","M","E","M"],"items_purchased_type":["Card","Relic","Card"],"build_version":"2020-11-30","purchased_purges":0,"victory":false,"max_hp_per_floor":[75,75,75,75,75,75,75,75,75,75,75,75,75,75,75,75,75,75,75,75,75,75,82,82,82],"card_choices":[{"not_picked":["Chrysalis","The Bomb"],"picked":"Secret Technique","floor":0.0},{"not_picked":["hermit:SprayPray","hermit:Snipe","hermit:PistolWhip"],"picked":"SKIP","floor":1.0},{"not_picked":["hermit:Roulette","hermit:Virtue","hermit:Ricochet"],"picked":"SKIP","floor":2.0},{"not_picked":["hermit:Virtue","hermit:SprayPray"],"picked":"hermit:Coalescence","floor":3.0},{"not_picked":["hermit:HoleUp","hermit:Ricochet"],"picked":"hermit:Maintenance","floor":4.0},{"not_picked":["hermit:Glare","hermit:Gestalt"],"picked":"hermit:CalledShot","floor":5.0},{"not_picked":["hermit:TrackingShot","hermit:FlashPowder","hermit:Roulette"],"picked":"SKIP","floor":6.0},{"not_picked":["hermit:Headshot","hermit:SprayPray"],"picked":"hermit:Gambit","floor":7.0},{"not_picked":["hermit:Brawl","hermit:WideOpen"],"picked":"hermit:TakeCover","floor":12.0},{"not_picked":["hermit:Desperado","hermit:TrackingShot","hermit:Dive"],"picked":"SKIP","floor":14.0},{"not_picked":["hermit:RoundhouseKick","hermit:Roughhouse"],"picked":"hermit:HeroicBravado","floor":16.0},{"not_picked":["hermit:Quickdraw","hermit:Malice"],"picked":"hermit:BodyArmor+1","floor":18.0},{"not_picked":["hermit:BigShot+1","hermit:WideOpen"],"picked":"hermit:Scavenge","floor":18.0},{"not_picked":["hermit:CalledShot","hermit:Ricochet","hermit:ItchyTrigger+1"],"picked":"SKIP","floor":19.0},{"not_picked":["hermit:DeadMansHand","hermit:Roulette+1","hermit:Glare"],"picked":"SKIP","floor":19.0},{"not_picked":["hermit:Misfire","hermit:Glare+1"],"picked":"hermit:GhostlyPresence","floor":20.0},{"not_picked":["hermit:HoleUp","hermit:Magnum","hermit:Snipe"],"picked":"SKIP","floor":20.0},{"not_picked":["hermit:Misfire","hermit:LoneWolf+1","hermit:Scavenge"],"picked":"SKIP","floor":22.0},{"not_picked":["hermit:Grudge","hermit:Roulette+1","hermit:Cheat+1"],"picked":"SKIP","floor":22.0},{"not_picked":["hermit:Midnight","hermit:Manifest","hermit:TrackingShot+1"],"picked":"SKIP","floor":23}],"player_experience":284342,"relics_obtained":[{"floor":6.0,"key":"Ornamental Fan"},{"floor":9.0,"key":"Toy Ornithopter"},{"floor":12.0,"key":"hermit:RyeStalk"},{"floor":17.0,"key":"Pen Nib"},{"floor":17.0,"key":"Letter Opener"},{"floor":17.0,"key":"Prayer Wheel"},{"floor":23,"key":"Strawberry"}],"event_choices":[{"damage_healed":0.0,"max_hp_gain":0.0,"max_hp_loss":0.0,"gold_gain":0.0,"event_name":"Living Wall","player_choice":"Grow","floor":11.0,"gold_loss":0.0,"damage_taken":0.0,"cards_upgraded":["Secret Technique"]},{"damage_healed":0.0,"max_hp_gain":0.0,"max_hp_loss":0.0,"gold_gain":0.0,"event_name":"Lab","player_choice":"Got Potions","floor":13.0,"gold_loss":0.0,"damage_taken":0.0}],"is_beta":false,"boss_relics":[{"not_picked":["Snecko Eye","hermit:DentedPlate"],"picked":"Calling Bell"}],"items_purged_floors":[],"is_endless":false,"potions_floor_spawned":[1,2,6,16,19,20],"killed_by":"Centurion and Healer","ascension_level":1}}