{"host":"dvpvhz1t6etneyb3","time":1607711361,"event":{"mods":["AchievementEnabler","BaseMod","Colored Map","Highlight Path","Minty Spire (QoL Compilation)","Permanent Neow","Quick Restart"],"gold_per_floor":[118,138,157,2,77,77,104,104,104,120,100,100,100,20,20,94,94,69,87,15,15,31,31,31,31,31,31,56,76,105,125,125,202,202,219,237,237,237,289,289,614,63,63,90,102,142,34,81,81,81,81],"floor_reached":52,"playtime":3456,"items_purged":["Strike_G","Strike_G","Strike_G"],"score":1964,"play_id":"1a58ee4f-596f-4aff-be25-ae12eb9017fd","local_time":"20201211132921","is_ascension_mode":true,"campfire_choices":[{"data":"Corpse Explosion","floor":6.0,"key":"SMITH"},{"floor":13.0,"key":"REST"},{"floor":15.0,"key":"REST"},{"data":"After Image","floor":23.0,"key":"SMITH"},{"floor":25.0,"key":"REST"},{"floor":27.0,"key":"REST"},{"floor":32.0,"key":"REST"},{"floor":40.0,"key":"REST"},{"floor":45,"key":"REST"},{"data":"Cloak And Dagger","floor":49,"key":"SMITH"}],"circlet_count":0,"master_deck":["AscendersBane","Strike_G+1","Defend_G","Defend_G","Defend_G","Defend_G","Survivor","Neutralize+1","Corpse Explosion+1","Masterful Stab","Predator","Endless Agony","After Image+1","Crippling Poison","Bouncing Flask","Calculated Gamble","Sucker Punch","Cloak And Dagger+1","Bullet Time","Deflect+1","Setup+1","Cloak And Dagger","Noxious Fumes","Tools of the Trade"],"relics":["Ring of the Snake","Paper Crane","Ornamental Fan","The Courier","Runic Pyramid","Nilry\u0027s Codex","Matryoshka","Mummified Hand","Whetstone","Busted Crown","Ice Cream","Old Coin","Kunai","Anchor","Bag of Marbles","Darkstone Periapt","MawBank","Omamori","Bronze Scales","Bag of Preparation"],"acts_visited":["Exordium","TheCity","TheBeyond"],"potions_floor_usage":[51,51],"damage_taken":[{"damage":9.0,"enemies":"Cultist","floor":1.0,"turns":4.0},{"damage":0.0,"enemies":"2 Louse","floor":2.0,"turns":1.0},{"damage":4.0,"enemies":"Jaw Worm","floor":3.0,"turns":4.0},{"damage":36.0,"enemies":"Gremlin Nob","floor":7.0,"turns":4.0},{"damage":5.0,"enemies":"Gremlin Gang","floor":10.0,"turns":3.0},{"damage":0.0,"enemies":"Lagavulin","floor":12.0,"turns":3.0},{"damage":28.0,"enemies":"Slime Boss","floor":16.0,"turns":10.0},{"damage":12.0,"enemies":"2 Thieves","floor":18.0,"turns":4.0},{"damage":9.0,"enemies":"Spheric Guardian","floor":19.0,"turns":7.0},{"damage":1.0,"enemies":"Snecko","floor":22.0,"turns":6.0},{"damage":25.0,"enemies":"Slavers","floor":28.0,"turns":3.0},{"damage":7.0,"enemies":"Snake Plant","floor":29.0,"turns":5.0},{"damage":2.0,"enemies":"Book of Stabbing","floor":30.0,"turns":5.0},{"damage":0.0,"enemies":"Centurion and Healer","floor":31.0,"turns":6.0},{"damage":31.0,"enemies":"Champ","floor":33.0,"turns":17.0},{"damage":13.0,"enemies":"3 Shapes","floor":35.0,"turns":2.0},{"damage":0.0,"enemies":"Orb Walker","floor":36.0,"turns":4.0},{"damage":3.0,"enemies":"2 Orb Walkers","floor":39.0,"turns":3.0},{"damage":16,"enemies":"Nemesis","floor":41,"turns":9},{"damage":2,"enemies":"Giant Head","floor":44,"turns":10},{"damage":4,"enemies":"Nemesis","floor":46,"turns":9},{"damage":14,"enemies":"Donu and Deca","floor":50,"turns":8},{"damage":17,"enemies":"Awakened One","floor":51,"turns":18}],"seed_played":"7009102203416457269","potions_obtained":[{"floor":2.0,"key":"SteroidPotion"},{"floor":7.0,"key":"SmokeBomb"},{"floor":10.0,"key":"Energy Potion"},{"floor":11.0,"key":"EntropicBrew"},{"floor":19.0,"key":"Poison Potion"},{"floor":29.0,"key":"PowerPotion"},{"floor":30.0,"key":"PowerPotion"},{"floor":31.0,"key":"LiquidMemories"},{"floor":33.0,"key":"Strength Potion"},{"floor":39.0,"key":"Explosive Potion"},{"floor":41,"key":"ColorlessPotion"}],"is_trial":false,"path_per_floor":["M","M","M","$","T","R","E","?","T","M","?","E","R","$","R","B",null,"M","M","$","?","M","R","?","R","T","R","E","M","E","M","R","B",null,"M","M","?","?","?","R","E","$","T","E","R","E","$","T","R","B","B",null],"character_chosen":"THE_SILENT","items_purchased":["Regen Potion","Crippling Poison","Kunai","Cloak And Dagger","Anchor","Noxious Fumes","Tools of the Trade"],"campfire_rested":7,"item_purchase_floors":[4,20,42,42,42,42,47],"current_hp_per_floor":[35,35,31,31,31,31,7,7,7,2,2,2,21,21,40,12,53,41,32,32,32,31,31,10,29,29,48,23,16,14,14,33,2,50,37,37,37,37,34,53,37,37,37,35,54,50,50,50,50,36,19],"gold":81,"neow_bonus":"THREE_RARE_CARDS","is_daily":false,"chose_seed":false,"campfire_upgraded":3,"win_rate":0.0,"timestamp":1607711361,"path_taken":["M","M","M","$","?","R","E","?","T","?","?","E","R","$","R","BOSS","M","?","$","?","M","R","?","R","T","R","E","M","E","M","R","BOSS","M","M","?","?","?","R","E","$","T","E","R","E","$","?","R","BOSS","BOSS"],"items_purchased_type":["Potion","Card","Relic","Card","Relic","Card","Card"],"build_version":"2020-11-30","purchased_purges":3,"victory":true,"max_hp_per_floor":[66,66,66,66,66,66,66,66,66,66,66,66,66,66,66,66,66,66,66,66,66,66,66,66,66,66,66,66,66,66,66,66,66,66,66,66,66,66,66,66,66,66,66,66,66,66,66,66,66,66,66],"card_choices":[{"not_picked":["Envenom","After Image"],"picked":"Corpse Explosion","floor":0.0},{"not_picked":["Underhanded Strike","Riddle With Holes"],"picked":"Masterful Stab","floor":1.0},{"not_picked":["Blade Dance","Infinite Blades","Choke"],"picked":"SKIP","floor":2.0},{"not_picked":["Blade Dance","Infinite Blades","Choke"],"picked":"SKIP","floor":2.0},{"not_picked":["Distraction","Catalyst"],"picked":"Predator","floor":3.0},{"not_picked":["Backflip","Dodge and Roll"],"picked":"Endless Agony","floor":7.0},{"not_picked":["Blade Dance","Prepared","Dodge and Roll"],"picked":"SKIP","floor":10.0},{"not_picked":["Envenom","Night Terror"],"picked":"After Image","floor":16.0},{"not_picked":["Riddle With Holes","Prepared","Blade Dance"],"picked":"SKIP","floor":18.0},{"not_picked":["Dagger Spray","Quick Slash","Prepared"],"picked":"SKIP","floor":19.0},{"not_picked":["Finisher","Deadly Poison"],"picked":"Bouncing Flask","floor":22.0},{"not_picked":["Riddle With Holes+1","Unload"],"picked":"Calculated Gamble","floor":28.0},{"not_picked":["Poisoned Stab+1","Terror","Outmaneuver"],"picked":"SKIP","floor":29.0},{"not_picked":["Underhanded Strike","Bane"],"picked":"Sucker Punch","floor":30.0},{"not_picked":["Backflip","Caltrops"],"picked":"Cloak And Dagger","floor":31.0},{"not_picked":["Wraith Form v2","Malaise"],"picked":"Bullet Time","floor":33.0},{"not_picked":["Dagger Throw"],"picked":"SKIP","floor":35.0},{"not_picked":[],"picked":"Deflect+1","floor":36.0},{"not_picked":[],"picked":"Setup+1","floor":39.0},{"not_picked":["Setup+1"],"picked":"SKIP","floor":41},{"not_picked":["Deadly Poison"],"picked":"SKIP","floor":44},{"not_picked":["Dagger Throw"],"picked":"SKIP","floor":46}],"player_experience":1824554,"relics_obtained":[{"floor":5.0,"key":"Paper Crane"},{"floor":7.0,"key":"Ornamental Fan"},{"floor":9.0,"key":"The Courier"},{"floor":24.0,"key":"Nilry\u0027s Codex"},{"floor":26.0,"key":"Matryoshka"},{"floor":28.0,"key":"Mummified Hand"},{"floor":30.0,"key":"Whetstone"},{"floor":39.0,"key":"Ice Cream"},{"floor":41,"key":"Old Coin"},{"floor":43,"key":"Bag of Marbles"},{"floor":43,"key":"Darkstone Periapt"},{"floor":44,"key":"MawBank"},{"floor":46,"key":"Omamori"},{"floor":48,"key":"Bronze Scales"},{"floor":48,"key":"Bag of Preparation"}],"event_choices":[{"cards_removed":["Strike_G"],"damage_healed":0.0,"max_hp_gain":0.0,"max_hp_loss":0.0,"gold_gain":0.0,"event_name":"Purifier","player_choice":"Purged","floor":8.0,"gold_loss":0.0,"damage_taken":0.0},{"damage_healed":0.0,"max_hp_gain":0.0,"max_hp_loss":0.0,"gold_gain":0.0,"event_name":"The Woman in Blue","player_choice":"Bought 1 Potion","floor":11.0,"gold_loss":0.0,"damage_taken":0.0},{"damage_healed":0.0,"max_hp_gain":0.0,"max_hp_loss":0.0,"gold_gain":0.0,"event_name":"The Mausoleum","player_choice":"Ignored","floor":21.0,"gold_loss":0.0,"damage_taken":0.0},{"damage_healed":0.0,"max_hp_gain":0.0,"max_hp_loss":0.0,"gold_gain":0.0,"event_name":"Cursed Tome","player_choice":"Obtained Book","floor":24.0,"gold_loss":0.0,"damage_taken":21.0},{"damage_healed":0.0,"max_hp_gain":0.0,"max_hp_loss":0.0,"gold_gain":0.0,"event_name":"Tomb of Lord Red Mask","player_choice":"Ignored","floor":37.0,"gold_loss":0.0,"damage_taken":0.0},{"cards_removed":["Defend_G"],"damage_healed":0.0,"max_hp_gain":0.0,"max_hp_loss":0.0,"gold_gain":0.0,"event_name":"Falling","player_choice":"Removed Skill","floor":38.0,"gold_loss":0.0,"damage_taken":0.0},{"damage_healed":0.0,"max_hp_gain":0.0,"max_hp_loss":0.0,"gold_gain":0.0,"event_name":"Mysterious Sphere","player_choice":"Fight","floor":39.0,"gold_loss":0.0,"damage_taken":0.0}],"is_beta":false,"boss_relics":[{"not_picked":["WristBlade","Runic Dome"],"picked":"Runic Pyramid"},{"not_picked":["Empty Cage","Velvet Choker"],"picked":"Busted Crown"}],"items_purged_floors":[4,14,42],"is_endless":false,"potions_floor_spawned":[2,7,10,19,29,30,31,33,39,41],"ascension_level":20}}