{"host":"28p8ce41sjwa6lzf","time":1607724594,"event":{"mods":["BaseMod","Colored Map","Colored Powertips","Highlight Path","Minty Spire (QoL Compilation)","Permanent Neow","Quick Restart","Random Character Button","Rare Cards Sparkle","Relic Stats","StSLib","Unceasing Turn Reminder"],"gold_per_floor":[119,137,156,176,226,226,253,253,253,253,283,296,308,319,319,393,393,408,408,70,40,53,102,115,115,191,202,202,232,244,87,87,87,87],"floor_reached":33,"playtime":1755,"items_purged":["Writhe","Strike_R"],"score":623,"play_id":"8e250863-76ff-4010-b4d4-a5ddc4b5f98b","local_time":"20201211160954","is_ascension_mode":true,"campfire_choices":[{"data":"Sword Boomerang","floor":6.0,"key":"SMITH"},{"data":"Anger","floor":8.0,"key":"SMITH"},{"floor":10.0,"key":"REST"},{"data":"Carnage","floor":15.0,"key":"SMITH"},{"data":"Double Tap","floor":25,"key":"SMITH"},{"data":"Feed","floor":28,"key":"SMITH"},{"data":"Flame Barrier","floor":32,"key":"SMITH"}],"circlet_count":0,"master_deck":["AscendersBane","Strike_R","Strike_R","Strike_R+1","Defend_R","Defend_R","Defend_R","Defend_R","Bash","Headbutt","Sword Boomerang+1","Second Wind","Anger+1","Reaper","Shrug It Off","Cleave+1","Carnage+1","Shrug It Off","Metallicize","Exhume","Feed+1","Sword Boomerang","Double Tap+1","Shockwave","Seeing Red+1","Flame Barrier+1"],"relics":["Burning Blood","Lantern","Dream Catcher","Coffee Dripper","Eternal Feather","Kunai","Anchor","Paper Frog","Whetstone"],"acts_visited":["Exordium","TheCity"],"potions_floor_usage":[24,29,30,30,33],"damage_taken":[{"damage":10.0,"enemies":"Small Slimes","floor":1.0,"turns":3.0},{"damage":2.0,"enemies":"Cultist","floor":2.0,"turns":4.0},{"damage":3.0,"enemies":"2 Louse","floor":3.0,"turns":4.0},{"damage":21.0,"enemies":"Exordium Wildlife","floor":4.0,"turns":5.0},{"damage":39.0,"enemies":"Lagavulin","floor":7.0,"turns":6.0},{"damage":5.0,"enemies":"3 Sentries","floor":11.0,"turns":3.0},{"damage":9.0,"enemies":"Red Slaver","floor":12.0,"turns":3.0},{"damage":16.0,"enemies":"Blue Slaver","floor":13.0,"turns":3.0},{"damage":0.0,"enemies":"2 Fungi Beasts","floor":14.0,"turns":2.0},{"damage":46.0,"enemies":"Hexaghost","floor":16.0,"turns":8.0},{"damage":12.0,"enemies":"2 Thieves","floor":18.0,"turns":3.0},{"damage":20.0,"enemies":"3 Byrds","floor":22.0,"turns":5.0},{"damage":24.0,"enemies":"Slavers","floor":23.0,"turns":5.0},{"damage":42,"enemies":"Snake Plant","floor":24,"turns":7},{"damage":16,"enemies":"3 Cultists","floor":27,"turns":4},{"damage":42,"enemies":"Book of Stabbing","floor":29,"turns":5},{"damage":19,"enemies":"Cultist and Chosen","floor":30,"turns":5},{"damage":60,"enemies":"Collector","floor":33,"turns":7}],"seed_played":"9089791533399365487","potions_obtained":[{"floor":3.0,"key":"DistilledChaos"},{"floor":7.0,"key":"AttackPotion"},{"floor":11.0,"key":"PowerPotion"},{"floor":13.0,"key":"AttackPotion"},{"floor":21.0,"key":"SneckoOil"},{"floor":21.0,"key":"ColorlessPotion"},{"floor":23.0,"key":"SpeedPotion"},{"floor":24,"key":"Weak Potion"},{"floor":27,"key":"Swift Potion"},{"floor":29,"key":"Weak Potion"}],"is_trial":false,"path_per_floor":["M","M","M","M","?","R","E","R","T","R","E","M","M","M","R","B",null,"M","?","$","?","M","E","M","R","T","M","R","E","M","$","R","B"],"character_chosen":"IRONCLAD","items_purchased":["Kunai","Block Potion"],"campfire_rested":1,"item_purchase_floors":[20,31],"current_hp_per_floor":[64,68,71,56,56,56,29,29,29,51,64,61,55,61,61,21,62,59,59,59,59,57,50,24,36,36,44,59,34,33,33,48,0,0],"gold":87,"neow_bonus":"TRANSFORM_CARD","is_daily":false,"chose_seed":false,"campfire_upgraded":6,"win_rate":0.0,"timestamp":1607724594,"path_taken":["M","M","M","M","?","R","E","R","T","R","E","M","?","M","R","BOSS","M","?","$","?","M","E","M","R","T","?","R","E","M","$","R","BOSS"],"items_purchased_type":["Relic","Potion"],"build_version":"2020-11-30","purchased_purges":2,"victory":false,"max_hp_per_floor":[75,75,75,75,75,75,75,75,75,75,75,75,75,75,75,75,75,78,78,78,78,84,87,90,90,90,96,96,100,104,104,104,104,104],"relic_stats":{"Dream Catcher":1,"counters":[18,82],"Eternal Feather":42,"Kunai":[16],"Whetstone":["Cleave","Strike_R"],"obtain_stats":[{"Lantern":7,"Dream Catcher":9,"Anchor":23,"Eternal Feather":19,"Coffee Dripper":17,"Kunai":20,"Whetstone":29,"Burning Blood":0,"Paper Frog":26},{"Lantern":5,"Dream Catcher":5,"Anchor":13,"Eternal Feather":11,"Coffee Dripper":10,"Kunai":11,"Whetstone":16,"Burning Blood":0,"Paper Frog":14},{"Lantern":22,"Dream Catcher":22,"Anchor":54,"Eternal Feather":44,"Coffee Dripper":41,"Kunai":44,"Whetstone":70,"Burning Blood":0,"Paper Frog":61}],"Burning Blood":102},"card_choices":[{"not_picked":["Burning Pact","Twin Strike"],"picked":"Sword Boomerang","floor":1.0},{"not_picked":["Sever Soul","Armaments"],"picked":"Second Wind","floor":2.0},{"not_picked":["Clothesline","Blood for Blood"],"picked":"Anger","floor":3.0},{"not_picked":["Flex","Thunderclap"],"picked":"Reaper","floor":4.0},{"not_picked":["Clothesline","Sever Soul"],"picked":"Shrug It Off","floor":7.0},{"not_picked":["Wild Strike","Rupture"],"picked":"Cleave","floor":10.0},{"not_picked":["Cleave","Disarm"],"picked":"Carnage","floor":11.0},{"not_picked":["Iron Wave","Body Slam"],"picked":"Shrug It Off","floor":12.0},{"not_picked":["Headbutt","Cleave"],"picked":"Metallicize","floor":13.0},{"not_picked":["Wild Strike","Thunderclap"],"picked":"Exhume","floor":14.0},{"not_picked":["Offering","Impervious"],"picked":"Feed","floor":16.0},{"not_picked":["Perfected Strike","Dropkick"],"picked":"Sword Boomerang","floor":18.0},{"not_picked":["Thunderclap+1","Pommel Strike","Twin Strike"],"picked":"SKIP","floor":22.0},{"not_picked":["Anger","Armaments","Havoc"],"picked":"SKIP","floor":23.0},{"not_picked":["Shrug It Off","Heavy Blade"],"picked":"Double Tap","floor":24},{"not_picked":["Body Slam","Combust"],"picked":"Shockwave","floor":27},{"not_picked":["Heavy Blade","Entrench"],"picked":"Seeing Red+1","floor":29},{"not_picked":["Uppercut","Intimidate"],"picked":"Flame Barrier","floor":30}],"player_experience":980971,"relics_obtained":[{"floor":7.0,"key":"Lantern"},{"floor":9.0,"key":"Dream Catcher"},{"floor":23.0,"key":"Anchor"},{"floor":26,"key":"Paper Frog"},{"floor":29,"key":"Whetstone"}],"event_choices":[{"damage_healed":0.0,"max_hp_gain":0.0,"max_hp_loss":0.0,"gold_gain":50.0,"event_name":"Golden Shrine","player_choice":"Pray","floor":5.0,"gold_loss":0.0,"damage_taken":0.0},{"damage_healed":0.0,"max_hp_gain":0.0,"max_hp_loss":0.0,"gold_gain":0.0,"event_name":"The Mausoleum","player_choice":"Opened","floor":19.0,"gold_loss":0.0,"damage_taken":0.0,"relics_obtained":["Eternal Feather"],"cards_obtained":["Writhe"]},{"damage_healed":0.0,"max_hp_gain":0.0,"max_hp_loss":0.0,"gold_gain":0.0,"event_name":"The Woman in Blue","player_choice":"Bought 2 Potions","floor":21.0,"gold_loss":0.0,"damage_taken":0.0}],"is_beta":false,"boss_relics":[{"not_picked":["Cursed Key","Runic Dome"],"picked":"Coffee Dripper"}],"items_purged_floors":[20,31],"is_endless":false,"potions_floor_spawned":[3,7,11,13,23,24,27,29],"killed_by":"Collector","ascension_level":20}}