{"host":"mvw7i28zi3kj0eu9","time":1607699499,"event":{"mods":["AchievementEnabler","BaseMod","Better Third Choice","BetterRewards","Block Reminder","Conspire","Custom Start","Downfall","Energized Spire","Halation","Hermit","Hubris","Infinite Spire","Jorbs\u0027s Wanderer Trilogy","Minty Spire (QoL Compilation)","Replay The Spire","Shop Mod","Small Relic Pack","Spikes Relics","StSLib","The Blue Laboratory","The Necromancer","The Servant 0.9.4","Virulent Crown"],"gold_per_floor":[116,116,130,130,155,155,197,197,197,227,251,251,251,251,251,366,366,396,422,422,441,462,237,152,152,233,233,233,259,9,27,27,142,142,154,175,175,175,175,207,207,231,231,231,259,259,290,290,290,397,397,410,439,439,453,467,481,481,481,481,509,534,546,397,420,420,515,515,524,524,543,543,543,543,543,557,580,580,607,620,639,639,639,738,738,753,753,753,795,658,692,692,703,703,703,725,738,738,764,764,859,859,878,878,892,908,908,908,938,1001,1001,1001,1028,1028,1028,1047,1047,1146,1146,1166,1166,1166,1182,1197,1233,1233,1260,1307,1387,1415,1514,1526,1539,1539,1637,1637,1649,1649,1649,1649,1659,1680,1630,1662,1662,1675,1675,1675,1703,1716,1716,1808,1808,1808,1808,1840,1968],"floor_reached":158,"playtime":2192,"items_purged":["Defend_R","Strike_R","Strike_R","Defend_R","Strike_R","Strike_R+1","Strike_R+1","Bash","Defend_R","Shrug It Off+1"],"score":5618,"play_id":"16dadaf9-c8a4-485d-8281-1f23d37406e6","local_time":"20201211161139","is_ascension_mode":true,"campfire_choices":[{"data":"Body Slam","floor":6.0,"key":"SMITH"},{"data":"Entrench","floor":8.0,"key":"SMITH"},{"data":"Shrug It Off","floor":13.0,"key":"SMITH"},{"data":"Defend_R","floor":15.0,"key":"SMITH"},{"data":"Defend_R+1","floor":25.0,"key":"SMITH"},{"data":"Defend_R+2","floor":28.0,"key":"SMITH"},{"data":"Defend_R+3","floor":32.0,"key":"SMITH"},{"data":"Defend_R+4","floor":41.0,"key":"SMITH"},{"data":"Defend_R+5","floor":49.0,"key":"SMITH"},{"data":"Defend_R+8","floor":66.0,"key":"SMITH"},{"data":"Defend_R+9","floor":74.0,"key":"SMITH"},{"data":"Defend_R+10","floor":78.0,"key":"SMITH"},{"data":"Defend_R+11","floor":83.0,"key":"SMITH"},{"data":"Defend_R+12","floor":92,"key":"SMITH"},{"data":"Defend_R+13","floor":95,"key":"SMITH"},{"data":"Defend_R+14","floor":98,"key":"SMITH"},{"data":"Defend_R+15","floor":100,"key":"SMITH"},{"data":"Defend_R+17","floor":108,"key":"SMITH"},{"data":"Defend_R+18","floor":114,"key":"SMITH"},{"data":"Defend_R+19","floor":117,"key":"SMITH"},{"data":"Defend_R+20","floor":126,"key":"SMITH"},{"data":"Defend_R+21","floor":134,"key":"SMITH"},{"data":"Defend_R+22","floor":147,"key":"SMITH"},{"data":"Defend_R+23","floor":151,"key":"SMITH"},{"data":"Defend_R+24","floor":154,"key":"SMITH"}],"circlet_count":0,"master_deck":["Defend_R+25","Shrug It Off+1","Body Slam+1","Entrench+1","Double Tap"],"relics":["Burning Blood","Replay:Bandana","Gremlin Food","Lantern","Shovel","Simple Rune","Unceasing Top","Orichalcum","hubris:TenFootPole","Oddly Smooth Stone","PreservedInsect","relicPack:AllForOne","King of Hearts","CherryCoatedStake","Sozu","hubris:PeanutButter","Quantum Egg","hubris:TerracottaHorce","halation:EternalFortune","Frozen Egg 2","Calipers","Du-Vu Doll","Runic Pyramid","halation:PromiseList","MiniBlackHole","Odd Mushroom","Tiny Chest","Runic Dome","LugNut","Bronze Scales","SlaversCollar","Question Card","conspire:InfiniteJournal","MerchantsRug","Dead Branch","Pantograph","Art of War","Black Star","RollingBoulder","Eternal Feather","Gremlin Horn","BrokenLever","hubris:ChampionShield","infinitespire:CheckeredPen","Replay:Baseball","halation:WeightlessCrab","infinitespire:EmpoweringShard","Smiling Mask","Iron Hammer","Whetstone","Paper Frog","Turnip","Onion Ring","Anchor","Potion Belt","halation:Toothbrush","ZombieTooth","halation:IllGainedPizza","Toy Ornithopter"],"acts_visited":["Exordium","TheCity","TheBeyond","Exordium","TheCity","TheBeyond","Exordium","TheCity","TheBeyond","TheEnding"],"potions_floor_usage":[],"damage_taken":[{"damage":0.0,"enemies":"conspire:RoseBush","floor":1.0,"turns":4.0},{"damage":0.0,"enemies":"Jaw Worm","floor":3.0,"turns":2.0},{"damage":0.0,"enemies":"2 Louse","floor":5.0,"turns":2.0},{"damage":3.0,"enemies":"3 Sentries","floor":7.0,"turns":8.0},{"damage":0.0,"enemies":"Blue Slaver","floor":10.0,"turns":3.0},{"damage":0.0,"enemies":"Lots of Slimes","floor":11.0,"turns":4.0},{"damage":0.0,"enemies":"Fading Forest","floor":16.0,"turns":11.0},{"damage":0.0,"enemies":"3 Byrds","floor":18.0,"turns":3.0},{"damage":0.0,"enemies":"Shell Parasite","floor":19.0,"turns":1.0},{"damage":1.0,"enemies":"conspire:HollyBat","floor":21.0,"turns":3.0},{"damage":0.0,"enemies":"Snecko","floor":22.0,"turns":1.0},{"damage":0.0,"enemies":"Chosen and Byrds","floor":29.0,"turns":2.0},{"damage":0.0,"enemies":"Sentry and Sphere","floor":31.0,"turns":1.0},{"damage":0.0,"enemies":"Champ","floor":33.0,"turns":4.0},{"damage":0.0,"enemies":"Orb Walker","floor":35.0,"turns":1.0},{"damage":0.0,"enemies":"3 Darklings","floor":36.0,"turns":2.0},{"damage":0.0,"enemies":"R_Hoarder","floor":40.0,"turns":1.0},{"damage":0.0,"enemies":"Writhing Mass","floor":42.0,"turns":1.0},{"damage":0.0,"enemies":"4 Shapes","floor":45.0,"turns":1.0},{"damage":0.0,"enemies":"Nightmare","floor":47.0,"turns":1.0},{"damage":0.0,"enemies":"hubris:GrandSnecko","floor":50.0,"turns":2.0},{"damage":0.0,"enemies":"2 Louse","floor":52.0,"turns":1.0},{"damage":0.0,"enemies":"conspire:MimicChest","floor":53.0,"turns":2.0},{"damage":0.0,"enemies":"Jaw Worm","floor":55.0,"turns":1.0},{"damage":0.0,"enemies":"Small Slimes","floor":56.0,"turns":1.0},{"damage":0.0,"enemies":"Gremlin Gang","floor":57.0,"turns":1.0},{"damage":0.0,"enemies":"3 Sentries","floor":61.0,"turns":1.0},{"damage":0.0,"enemies":"The Mushroom Lair","floor":62.0,"turns":1.0},{"damage":0.0,"enemies":"Blue Slaver","floor":63.0,"turns":1.0},{"damage":0.0,"enemies":"Gremlin Nob","floor":65.0,"turns":1.0},{"damage":0.0,"enemies":"The Guardian","floor":67.0,"turns":1.0},{"damage":0.0,"enemies":"2 Thieves","floor":69.0,"turns":1.0},{"damage":0.0,"enemies":"Shell Parasite","floor":71.0,"turns":1.0},{"damage":0.0,"enemies":"Chosen and Byrds","floor":76.0,"turns":1.0},{"damage":0.0,"enemies":"Slavers","floor":79.0,"turns":1.0},{"damage":0.0,"enemies":"3 Cultists","floor":80.0,"turns":1.0},{"damage":0.0,"enemies":"Snake Plant","floor":81.0,"turns":1.0},{"damage":0.0,"enemies":"conspire:MysteriousRune","floor":84.0,"turns":1.0},{"damage":0,"enemies":"3 Darklings","floor":86,"turns":1},{"damage":0,"enemies":"Nemesis","floor":91,"turns":1},{"damage":0,"enemies":"3 Shapes","floor":93,"turns":1},{"damage":0,"enemies":"R_Hoarder","floor":96,"turns":1},{"damage":0,"enemies":"Writhing Mass","floor":97,"turns":1},{"damage":0,"enemies":"Awakened One","floor":101,"turns":2},{"damage":0,"enemies":"Jaw Worm","floor":103,"turns":1},{"damage":0,"enemies":"Small Slimes","floor":105,"turns":1},{"damage":0,"enemies":"Cultist","floor":106,"turns":1},{"damage":0,"enemies":"Replay:BlueRogue","floor":109,"turns":1},{"damage":0,"enemies":"Lagavulin","floor":113,"turns":1},{"damage":0,"enemies":"2 Fungi Beasts","floor":116,"turns":1},{"damage":0,"enemies":"Hexaghost","floor":118,"turns":1},{"damage":0,"enemies":"Spheric Guardian","floor":120,"turns":1},{"damage":0,"enemies":"2 Thieves","floor":123,"turns":1},{"damage":0,"enemies":"Cultist and Chosen","floor":124,"turns":1},{"damage":0,"enemies":"Slavers","floor":125,"turns":1},{"damage":0,"enemies":"Book of Stabbing","floor":127,"turns":1},{"damage":0,"enemies":"Nightmare","floor":130,"turns":1},{"damage":0,"enemies":"Centurion and Healer","floor":132,"turns":1},{"damage":0,"enemies":"Snecko","floor":133,"turns":1},{"damage":0,"enemies":"infinitespire:LordOfFortification","floor":135,"turns":2},{"damage":0,"enemies":"Orb Walker","floor":137,"turns":1},{"damage":0,"enemies":"3 Darklings","floor":141,"turns":1},{"damage":0,"enemies":"Spire Growth","floor":142,"turns":1},{"damage":0,"enemies":"R_Hoarder","floor":144,"turns":1},{"damage":0,"enemies":"4 Shapes","floor":146,"turns":1},{"damage":0,"enemies":"Reptomancer","floor":149,"turns":1},{"damage":0,"enemies":"Jaw Worm Horde","floor":150,"turns":1},{"damage":0,"enemies":"infinitespire:LordOfFortification","floor":152,"turns":3},{"damage":0,"enemies":"Shield and Spear","floor":156,"turns":1},{"damage":0,"enemies":"The Heart","floor":157,"turns":6}],"seed_played":"-4252712507586761959","potions_obtained":[{"floor":5.0,"key":"blueLaboratory:SmithPotion"},{"floor":11.0,"key":"Swift Potion"}],"is_trial":false,"path_per_floor":["M","?","M","?","M","R","E","R","T","M","M","?","R","?","R","B",null,"M","M","?","M","M","$","?","R","T","T","R","M","$","M","R","B",null,"M","M","?","?","?","E","R","M","T","AVR","M","?","NM","?","R","B",null,"M","?","?","M","M","M","$","?","T","E","?","M","$","E","R","B",null,"M","?","M","$","?","R","T","M","T","R","E","M","M","T","R","B",null,"M","?","T","?","$","E","R","M","T","R","E","M","R","T","R","B",null,"M","?","M","M","?","R","E","$","T","?","E","R","T","M","R","B",null,"M","?","?","M","M","E","R","E","T","T","NM","?","M","M","R","B",null,"M","?","?","T","M","M","$","E","T","M","R","?","E","M","R","B",null,"R","$","E","B",null],"character_chosen":"IRONCLAD","items_purchased":["Replay:Bandana","Shrug It Off","Gremlin Food","Shrug It Off","Lantern","Body Slam","Shovel","Simple Rune","Unceasing Top","Orichalcum","Entrench","hubris:TenFootPole","Oddly Smooth Stone","PreservedInsect","Tiny Chest","conspire:InfiniteJournal","MerchantsRug"],"campfire_rested":0,"item_purchase_floors":[0,0,0,0,0,0,0,0,0,0,0,0,0,0,64,90,90],"current_hp_per_floor":[80,80,80,80,80,80,80,80,80,80,80,80,80,80,80,80,80,80,80,80,80,80,80,80,80,80,80,80,80,80,80,80,80,80,80,80,80,80,83,83,83,83,83,83,83,83,86,86,86,86,86,86,86,86,86,86,86,86,78,78,84,86,86,86,86,86,86,86,86,86,86,86,86,86,86,86,86,86,86,86,86,86,86,86,86,86,86,86,76,76,82,82,86,86,86,89,89,89,89,89,89,89,89,89,89,89,89,89,89,89,89,89,89,89,89,89,89,89,89,89,89,89,92,92,92,92,92,92,92,95,95,98,98,98,98,98,98,98,98,98,98,98,98,98,98,98,98,98,101,101,101,101,101,101,101,104,104],"gold":1968,"neow_bonus":"","is_daily":false,"chose_seed":false,"campfire_upgraded":25,"win_rate":0.0,"timestamp":1607699499,"path_taken":["M","?","M","?","?","R","E","R","T","M","M","?","R","?","R","BOSS","M","M","?","?","M","$","?","R","T","?","R","M","?","M","R","BOSS","M","M","?","?","?","E","R","M","T","AVR","M","?","NM","?","R","BOSS","M","?","?","?","M","M","$","?","T","E","?","M","$","E","R","BOSS","M","?","?","$","?","R","?","?","T","R","E","M","M","?","R","BOSS","BOSS","M","?","?","?","?","E","R","?","T","R","E","M","R","?","R","BOSS","M","?","M","M","?","R","E","$","T","?","E","R","?","M","R","BOSS","M","?","?","?","M","E","R","E","T","?","NM","?","M","M","R","BOSS","M","?","?","?","M","M","$","E","T","M","R","?","E","M","R","BOSS","R","$","E","BOSS"],"items_purchased_type":["Relic","Card","Relic","Card","Relic","Card","Relic","Relic","Relic","Relic","Card","Relic","Relic","Relic","Relic","Relic","Relic"],"build_version":"2020-11-30","purchased_purges":10,"victory":true,"max_hp_per_floor":[80,80,80,80,80,80,80,80,80,80,80,80,80,80,80,80,80,80,80,80,80,80,80,80,80,80,80,80,80,80,80,80,80,80,80,80,80,80,83,83,83,83,83,83,83,83,86,86,86,86,86,86,86,86,86,86,86,86,86,86,86,86,86,86,86,86,86,86,86,86,86,86,86,86,86,86,86,86,86,86,86,86,86,86,86,86,86,86,86,86,86,86,86,86,86,89,89,89,89,89,89,89,89,89,89,89,89,89,89,89,89,89,89,89,89,89,89,89,89,89,89,89,92,92,92,92,92,92,92,95,95,98,98,98,98,98,98,98,98,98,98,98,98,98,98,98,98,98,101,101,101,101,101,101,101,104,104],"card_choices":[{"not_picked":["True Grit","Battle Trance","Headbutt"],"picked":"SKIP","floor":1.0},{"not_picked":["Combust","Warcry"],"picked":"Body Slam","floor":3.0},{"not_picked":["Body Slam","Burning Pact","Disarm"],"picked":"SKIP","floor":5.0},{"not_picked":["Invigoration","Clash","conspire:Purge"],"picked":"SKIP","floor":7.0},{"not_picked":["Body Slam","Perfected Strike","Clash"],"picked":"SKIP","floor":10.0},{"not_picked":["Clothesline","conspire:Charge","hubris:ReadiedAction"],"picked":"SKIP","floor":11.0},{"not_picked":["ReplayTheSpireMod:Strike From Hell+1","Body Slam","Replay:Undeath\u0027s Touch"],"picked":"SKIP","floor":18.0},{"not_picked":["Power Through+1","Run Through","Cleave+1"],"picked":"SKIP","floor":19.0},{"not_picked":["Armaments","True Grit","Reaper"],"picked":"SKIP","floor":21.0},{"not_picked":["Wild Strike","Clash","Flex+1"],"picked":"SKIP","floor":22.0},{"not_picked":["Clash","Havoc","Replay:Undeath\u0027s Touch+1"],"picked":"SKIP","floor":29.0},{"not_picked":["Clothesline+1","Body Slam","Pummel+1"],"picked":"SKIP","floor":31.0},{"not_picked":["Sword Boomerang+1","Wild Strike+1","ReplayTheSpireMod:Limb From Limb"],"picked":"SKIP","floor":35.0},{"not_picked":["Life Link+1","Hemokinesis","Iron Wave+1"],"picked":"SKIP","floor":36.0},{"not_picked":["Clash+1","ReplayTheSpireMod:LeadingStrike+1","Battle Trance"],"picked":"SKIP","floor":40.0},{"not_picked":["hubris:ReadiedAction+1","ReplayTheSpireMod:Strike From Hell+1","Warcry"],"picked":"SKIP","floor":42.0},{"not_picked":["Run Through+1","Perfected Strike+1","ReplayTheSpireMod:Strike From Hell"],"picked":"SKIP","floor":45.0},{"not_picked":["Abandon+1","Shrug It Off","Offering"],"picked":"SKIP","floor":47.0},{"not_picked":["conspire:ExplosiveBarrier","Havoc","Armaments"],"picked":"SKIP","floor":52.0},{"not_picked":["Anger","Clash","Whirlwind"],"picked":"SKIP","floor":55.0},{"not_picked":["Clothesline","Flex","Body Slam"],"picked":"SKIP","floor":56.0},{"not_picked":["Warcry","Replay:Undeath\u0027s Touch","Anger"],"picked":"SKIP","floor":57.0},{"not_picked":["Intimidate","True Grit","Anger"],"picked":"SKIP","floor":61.0},{"not_picked":["conspire:ExplosiveBarrier","ReplayTheSpireMod:Strike From Hell","Armaments"],"picked":"SKIP","floor":63.0},{"not_picked":["Shrug It Off","ReplayTheSpireMod:Corrosion Curse","Blood for Blood"],"picked":"SKIP","floor":65.0},{"not_picked":["Perfected Strike","Twin Strike","Replay:Undeath\u0027s Touch"],"picked":"SKIP","floor":69.0},{"not_picked":["Warcry","Iron Wave","Metallicize+1"],"picked":"SKIP","floor":71.0},{"not_picked":["Seeing Red+1","Second Wind+1","ReplayTheSpireMod:Muscle Training"],"picked":"SKIP","floor":76.0},{"not_picked":["Power Through","Anger+1","Body Slam"],"picked":"SKIP","floor":79.0},{"not_picked":["Hemokinesis+1","Thunderclap+1","Intimidate+1"],"picked":"SKIP","floor":80.0},{"not_picked":["Spot Weakness","hubris:CleavingFinish","Sentinel"],"picked":"SKIP","floor":81.0},{"not_picked":["Limit Break","Berserk+1"],"picked":"Double Tap","floor":84},{"not_picked":["Warcry+1","Twin Strike+1","Clothesline+1"],"picked":"SKIP","floor":86},{"not_picked":["Sever Soul+1","Body Slam","Havoc","Reckless Charge+1"],"picked":"SKIP","floor":91},{"not_picked":["Flex+1","Iron Wave+1","Replay:Undeath\u0027s Touch+1","Headbutt+1"],"picked":"SKIP","floor":93},{"not_picked":["Power Through+1","ReplayTheSpireMod:LeadingStrike+1","Demon Form+1","Cleave+1"],"picked":"SKIP","floor":96},{"not_picked":["Twin Strike","ReplayTheSpireMod:Limb From Limb","Power Through","ReplayTheSpireMod:Stacked"],"picked":"SKIP","floor":97},{"not_picked":["Pommel Strike","Flex","ReplayTheSpireMod:Strike From Hell","Rupture+1"],"picked":"SKIP","floor":103},{"not_picked":["Rupture+1","ReplayTheSpireMod:Corrosion Curse","Shrug It Off","Cleave"],"picked":"SKIP","floor":105},{"not_picked":["Dark Embrace+1","Havoc","Shrug It Off","Metallicize+1"],"picked":"SKIP","floor":106},{"not_picked":["Bloodletting","Feed","Perfected Strike","conspire:Charge"],"picked":"SKIP","floor":109},{"not_picked":["Twin Strike","Heavy Blade","Spot Weakness","Hemokinesis"],"picked":"SKIP","floor":113},{"not_picked":["Blood for Blood","True Grit","infinitespire:OneForAll","hubris:SharpeningStone"],"picked":"SKIP","floor":116},{"not_picked":["Sword Boomerang","hubris:ReadiedAction","Thunderclap","Spot Weakness"],"picked":"SKIP","floor":120},{"not_picked":["Headbutt","Pommel Strike","ReplayTheSpireMod:Limb From Limb","Havoc"],"picked":"SKIP","floor":123},{"not_picked":["Infernal Blade","BarbarianYell","Wild Strike","Pommel Strike"],"picked":"SKIP","floor":124},{"not_picked":["Anger","Thunderclap","Inflame+1","Bloodletting"],"picked":"SKIP","floor":125},{"not_picked":["Pommel Strike","Clash","Anger+1","Searing Blow"],"picked":"SKIP","floor":127},{"not_picked":["Sentinel","ReplayTheSpireMod:LeadingStrike","Seeing Red","Warcry"],"picked":"SKIP","floor":130},{"not_picked":["True Grit","Flex","Twin Strike","Blood for Blood"],"picked":"SKIP","floor":132},{"not_picked":["Second Wind","Wild Strike","Clash","Battle Trance"],"picked":"SKIP","floor":133},{"not_picked":["Evolve+1","Armaments","Flex","ReplayTheSpireMod:LeadingStrike"],"picked":"SKIP","floor":137},{"not_picked":["Perfected Strike+1","Clash","Flex","Body Slam"],"picked":"SKIP","floor":141},{"not_picked":["Cleave","ReplayTheSpireMod:Stacked+1","Flex","Shrug It Off+1"],"picked":"SKIP","floor":142},{"not_picked":["Heavy Blade+1","conspire:Charge+1","hubris:CleavingFinish+1","Shrug It Off"],"picked":"SKIP","floor":144},{"not_picked":["Hemogenesis","Wild Strike","Sever Soul+1","Carnage+1"],"picked":"SKIP","floor":146},{"not_picked":["ReplayTheSpireMod:Strike From Hell+1","Iron Wave","Sever Soul","Headbutt"],"picked":"SKIP","floor":149},{"not_picked":["Clash+1","Havoc","Twin Strike+1","Anger+1"],"picked":"SKIP","floor":150},{"not_picked":["Life Link+1","Second Wind","Pommel Strike+1","Absolvement+1"],"picked":"SKIP","floor":156}],"player_experience":829303,"relics_obtained":[{"floor":7.0,"key":"King of Hearts"},{"floor":9.0,"key":"CherryCoatedStake"},{"floor":26.0,"key":"hubris:PeanutButter"},{"floor":27.0,"key":"Quantum Egg"},{"floor":43.0,"key":"Frozen Egg 2"},{"floor":47.0,"key":"halation:EternalFortune"},{"floor":53.0,"key":"halation:PromiseList"},{"floor":60.0,"key":"MiniBlackHole"},{"floor":62.0,"key":"Odd Mushroom"},{"floor":65.0,"key":"infinitespire:Magic Flask"},{"floor":75.0,"key":"LugNut"},{"floor":79.0,"key":"ReplayTheSpireMod:Spearhead"},{"floor":82.0,"key":"Bronze Scales"},{"floor":88,"key":"Question Card"},{"floor":91,"key":"Dead Branch"},{"floor":94,"key":"Pantograph"},{"floor":96,"key":"halation:EternalFortune"},{"floor":96,"key":"Golden Egg"},{"floor":99,"key":"Art of War"},{"floor":109,"key":"RollingBoulder"},{"floor":111,"key":"Eternal Feather"},{"floor":113,"key":"BrokenLever"},{"floor":113,"key":"hubris:ChampionShield"},{"floor":115,"key":"infinitespire:CheckeredPen"},{"floor":123,"key":"halation:EternalFortune"},{"floor":125,"key":"Replay:Baseball"},{"floor":125,"key":"halation:WeightlessCrab"},{"floor":127,"key":"infinitespire:EmpoweringShard"},{"floor":128,"key":"Smiling Mask"},{"floor":129,"key":"Iron Hammer"},{"floor":130,"key":"halation:EternalFortune"},{"floor":130,"key":"Whetstone"},{"floor":130,"key":"Paper Frog"},{"floor":132,"key":"halation:EternalFortune"},{"floor":140,"key":"Onion Ring"},{"floor":144,"key":"Anchor"},{"floor":145,"key":"Potion Belt"},{"floor":149,"key":"halation:EternalFortune"},{"floor":149,"key":"halation:Toothbrush"},{"floor":149,"key":"ZombieTooth"},{"floor":156,"key":"halation:EternalFortune"},{"floor":156,"key":"halation:IllGainedPizza"},{"floor":156,"key":"Toy Ornithopter"}],"event_choices":[{"damage_healed":0.0,"max_hp_gain":0.0,"max_hp_loss":0.0,"gold_gain":0.0,"event_name":"Duplicator","player_choice":"Ignored","floor":20.0,"gold_loss":0.0,"damage_taken":0.0},{"damage_healed":0.0,"max_hp_gain":0.0,"max_hp_loss":0.0,"gold_gain":0.0,"event_name":"Addict","player_choice":"Obtained Relic","floor":24.0,"gold_loss":85.0,"damage_taken":0.0,"relics_obtained":["Replay:Bottled Steam"]},{"damage_healed":0.0,"max_hp_gain":0.0,"max_hp_loss":0.0,"gold_gain":0.0,"event_name":"SensoryStone","player_choice":"Memory 1","floor":37.0,"gold_loss":0.0,"damage_taken":0.0},{"damage_healed":0.0,"max_hp_gain":0.0,"max_hp_loss":0.0,"gold_gain":0.0,"event_name":"Accursed Blacksmith","player_choice":"Forge","floor":54.0,"gold_loss":0.0,"damage_taken":0.0,"cards_upgraded":["Defend_R"]},{"damage_healed":86.0,"max_hp_gain":0.0,"max_hp_loss":86.0,"gold_gain":0.0,"event_name":"betterThird:BetterShining","player_choice":"Upgrade","floor":59.0,"gold_loss":0.0,"damage_taken":17.0,"cards_upgraded":["Defend_R"]},{"damage_healed":0.0,"max_hp_gain":0.0,"max_hp_loss":0.0,"gold_gain":0.0,"event_name":"Mushrooms","player_choice":"Fought Mushrooms","floor":62.0,"gold_loss":0.0,"damage_taken":0.0},{"damage_healed":0.0,"max_hp_gain":0.0,"max_hp_loss":0.0,"gold_gain":0.0,"event_name":"Transmorgrifier","player_choice":"Ignored","floor":70.0,"gold_loss":0.0,"damage_taken":0.0},{"damage_healed":0.0,"max_hp_gain":0.0,"max_hp_loss":0.0,"gold_gain":0.0,"event_name":"Vampires","player_choice":"Ignored","floor":73.0,"gold_loss":0.0,"damage_taken":0.0},{"damage_healed":0,"gold_gain":0,"player_choice":"Grow","damage_taken":0,"max_hp_gain":0,"max_hp_loss":0,"event_name":"Living Wall","floor":107,"gold_loss":0,"cards_upgraded":["Defend_R"]},{"damage_healed":0,"gold_gain":0,"player_choice":"Searched \u00271\u0027 times","damage_taken":0,"relics_obtained":["Gremlin Horn"],"max_hp_gain":0,"max_hp_loss":0,"event_name":"Dead Adventurer","floor":112,"gold_loss":0},{"damage_healed":0,"gold_gain":0,"player_choice":"Ignored","damage_taken":0,"max_hp_gain":0,"max_hp_loss":0,"event_name":"Cursed Tome","floor":121,"gold_loss":0},{"damage_healed":0,"gold_gain":0,"player_choice":"Ignored","damage_taken":0,"max_hp_gain":0,"max_hp_loss":0,"event_name":"The Mausoleum","floor":122,"gold_loss":0},{"damage_healed":0,"gold_gain":99,"player_choice":"Steal","damage_taken":0,"max_hp_gain":0,"max_hp_loss":0,"event_name":"betterThird:BetterNest","floor":131,"gold_loss":0},{"damage_healed":0,"gold_gain":0,"player_choice":"Ignored","damage_taken":0,"max_hp_gain":0,"max_hp_loss":0,"event_name":"Tomb of Lord Red Mask","floor":138,"gold_loss":0},{"damage_healed":0,"gold_gain":0,"player_choice":"Gave Potion","damage_taken":0,"relics_obtained":["Turnip"],"max_hp_gain":0,"max_hp_loss":0,"event_name":"WeMeetAgain","floor":139,"gold_loss":0},{"cards_removed":["Body Slam"],"damage_healed":0,"gold_gain":0,"player_choice":"Removed Attack","damage_taken":0,"max_hp_gain":0,"max_hp_loss":0,"event_name":"Falling","floor":148,"gold_loss":0}],"is_beta":false,"boss_relics":[{"not_picked":["hubris:RunicObelisk","HailfireSword"],"picked":"Sozu"},{"not_picked":["Black Star","energizedSpire:DecayingSkull"],"picked":"hubris:TerracottaHorce"},{"not_picked":["Kintsugi","relicPack:KazumaCape"],"picked":"Runic Pyramid"},{"not_picked":["Replay:Grab Bag","relicPack:KazumaCape"],"picked":"Runic Dome"},{"not_picked":["SacredBark","energizedSpire:EnergizedDie"],"picked":"SlaversCollar"},{"not_picked":["Pandora\u0027s Box","hubris:VirtuousBlindfold"],"picked":"Black Star"},{"not_picked":["Snecko Eye","SacredBark","Replay:Bronze Core"]},{"not_picked":["halation:Yufonium","relicPack:ShieldShield","Cursed Key"]},{"not_picked":["relicPack:KazumaCape","relicPack:StarArrow","energizedSpire:DecayingSkull"]}],"items_purged_floors":[0,0,0,0,0,0,23,30,44,143],"is_endless":true,"potions_floor_spawned":[5,11,21,29,33,35,42,50,53,56,57,67,69,76,96,97,101,105,116,118,123,124,125,132,142,144,150,152],"ascension_level":5}}