{"host":"sabve5zmqufxyc5o","time":1607668400,"event":{"mods":["2.2 Compatiblity","AchievementEnabler","Act Like it!","BaseMod","Block Reminder","Colored Map","Colored Powertips","DeckTracker","KOR Keyword Fix","Keyboard Shortcuts","Minty Spire (QoL Compilation)","Quick Restart","Rare Cards Sparkle","Relic Stats","StSLib","SuperFastMode"],"gold_per_floor":[219,219,3,3,22,22,22,39,39,53,53,70,84,95,95,95,95],"floor_reached":16,"playtime":312,"items_purged":["Strike_B"],"score":179,"play_id":"5cf1ed45-9e27-4479-b4f2-ae677843af51","local_time":"20201211153320","is_ascension_mode":true,"campfire_choices":[{"data":"Dualcast","floor":6,"key":"SMITH"},{"data":"Beam Cell","floor":11,"key":"SMITH"},{"data":"Undo","floor":15,"key":"SMITH"}],"circlet_count":0,"master_deck":["AscendersBane","Strike_B","Strike_B","Strike_B","Defend_B","Defend_B","Defend_B","Defend_B","Zap","Dualcast+1","Coolheaded+1","BootSequence","Beam Cell+1","Genetic Algorithm","Electrodynamics","Undo+1","Turbo","Cold Snap"],"relics":["Cracked Core","Sundial"],"acts_visited":["Exordium"],"potions_floor_usage":[16],"damage_taken":[{"damage":1,"enemies":"Cultist","floor":1,"turns":3},{"damage":3,"enemies":"2 Louse","floor":5,"turns":2},{"damage":0,"enemies":"Small Slimes","floor":8,"turns":3},{"damage":1,"enemies":"Blue Slaver","floor":10,"turns":4},{"damage":0,"enemies":"Lots of Slimes","floor":12,"turns":2},{"damage":29,"enemies":"Gremlin Gang","floor":13,"turns":4},{"damage":2,"enemies":"Exordium Thugs","floor":14,"turns":4},{"damage":33,"enemies":"Hexaghost","floor":16,"turns":16}],"seed_played":"272391320742136","potions_obtained":[{"floor":1,"key":"EssenceOfSteel"},{"floor":8,"key":"Weak Potion"},{"floor":10,"key":"FairyPotion"}],"is_trial":false,"path_per_floor":["M","?","$","?","M","R","?","M","T","M","R","M","M","M","R","B"],"character_chosen":"DEFECT","items_purchased":["BootSequence","Beam Cell"],"campfire_rested":0,"item_purchase_floors":[3,3],"current_hp_per_floor":[63,68,68,68,65,65,65,65,65,64,64,64,35,33,33,22,22],"gold":95,"neow_bonus":"HUNDRED_GOLD","is_daily":false,"chose_seed":false,"campfire_upgraded":3,"win_rate":0.0,"timestamp":1607668400,"path_taken":["M","?","$","?","M","R","?","M","T","M","R","M","M","M","R","BOSS"],"items_purchased_type":["Card","Card"],"build_version":"2020-11-30","purchased_purges":1,"victory":false,"max_hp_per_floor":[71,76,76,76,76,76,76,76,76,76,76,76,76,76,76,76,76],"relic_stats":{"counters":[8,38],"Sundial":[4],"obtain_stats":[{"Sundial":9,"Cracked Core":0},{"Sundial":3,"Cracked Core":0},{"Sundial":8,"Cracked Core":0}]},"card_choices":[{"not_picked":["Steam Power","Redo"],"picked":"Coolheaded","floor":1},{"not_picked":["Consume","Redo","BootSequence"],"picked":"SKIP","floor":5},{"not_picked":["Doom and Gloom","Go for the Eyes"],"picked":"Genetic Algorithm","floor":8},{"not_picked":["Redo","Undo"],"picked":"Electrodynamics","floor":10},{"not_picked":["Leap","Doom and Gloom"],"picked":"Undo","floor":12},{"not_picked":["Beam Cell","Steam Power"],"picked":"Turbo","floor":13},{"not_picked":["Gash","Skim"],"picked":"Cold Snap","floor":14}],"player_experience":751201,"relics_obtained":[{"floor":9,"key":"Sundial"}],"event_choices":[{"damage_healed":0,"gold_gain":0,"player_choice":"Donut","damage_taken":0,"max_hp_gain":5,"max_hp_loss":0,"event_name":"Big Fish","floor":2,"gold_loss":0},{"damage_healed":0,"gold_gain":0,"player_choice":"Grow","damage_taken":0,"max_hp_gain":0,"max_hp_loss":0,"event_name":"Living Wall","floor":4,"gold_loss":0,"cards_upgraded":["Coolheaded"]},{"damage_healed":0,"gold_gain":0,"player_choice":"Ignored","damage_taken":0,"max_hp_gain":0,"max_hp_loss":0,"event_name":"Liars Game","floor":7,"gold_loss":0}],"is_beta":false,"boss_relics":[],"items_purged_floors":[3],"is_endless":false,"potions_floor_spawned":[1,8,10,12,13],"killed_by":"Hexaghost","ascension_level":18}}