{"host":"uxq2rly8rxtwffuf","time":1607668407,"event":{"mods":["BaseMod","Koishi","Minty Spire (QoL Compilation)","StSLib","The Judge","The Servant 0.9.4"],"gold_per_floor":[110,110,123,134,214,214,229,47,47,74,74,103,121,140,140,214,214,233,245,13,26,26,26,42,74,99,24,59,69,79,79,79],"floor_reached":31,"playtime":964,"items_purged":["Koishi:BasicDefend"],"score":531,"play_id":"7f2e2d52-02ae-4605-975f-eed3ece109fc","local_time":"20201211093327","is_ascension_mode":true,"campfire_choices":[{"data":"Koishi:SubconsciousSweep","floor":6,"key":"SMITH"},{"data":"Koishi:HeartAttack","floor":11,"key":"SMITH"},{"floor":15,"key":"RECALL"},{"data":"Koishi:ReleaseOfTheId","floor":23,"key":"SMITH"}],"circlet_count":0,"master_deck":["AscendersBane","Koishi:BasicDefend","Koishi:BasicDefend","Koishi:BasicDefend","Koishi:Provoke","Koishi:HauntingSlash","Koishi:SubconsciousSweep+1","Koishi:SubterraneanRose","Koishi:ReflexRadar","Koishi:UnconsciousUprising","Koishi:HeartAttack+1","Koishi:RorschachInDanmaku","Koishi:SpiritedAway","Koishi:SubconsciousSweep","Koishi:JumpScare","Koishi:IdleWhim","Koishi:ReleaseOfTheId+1","Koishi:FadingMemory","Koishi:MindNumbingTerror+1","Koishi:HeartAttack+1","Koishi:UnansweredLove+1","Koishi:ReflexRadar","Koishi:SubconsciousSweep","Koishi:SubconsciousSweep","Koishi:RorschachInDanmaku","Koishi:SpiritedAway","Koishi:Bloodlust","Koishi:DNAsFlaw","Koishi:MassHysteria","Koishi:UnconsciousUprising+1","Koishi:UnconsciousUprising","Koishi:SubconsciousSweep+1","Koishi:Prune"],"relics":["Koishi:ImaginaryFriend","Koishi:LettersToReimu","Bottled Flame","Prayer Wheel","Astrolabe","PreservedInsect","Eternal Feather","Gambling Chip"],"acts_visited":["Exordium","TheCity"],"potions_floor_usage":[10,12,16,21,24,30,30],"damage_taken":[{"damage":5,"enemies":"Jaw Worm","floor":1,"turns":5},{"damage":3,"enemies":"Cultist","floor":3,"turns":4},{"damage":4,"enemies":"2 Louse","floor":4,"turns":2},{"damage":0,"enemies":"Large Slime","floor":7,"turns":6},{"damage":18,"enemies":"Lagavulin","floor":10,"turns":5},{"damage":6,"enemies":"3 Sentries","floor":12,"turns":6},{"damage":0,"enemies":"Blue Slaver","floor":13,"turns":1},{"damage":0,"enemies":"Looter","floor":14,"turns":1},{"damage":31,"enemies":"The Guardian","floor":16,"turns":9},{"damage":0,"enemies":"Spheric Guardian","floor":18,"turns":2},{"damage":0,"enemies":"Chosen","floor":19,"turns":2},{"damage":0,"enemies":"Snake Plant","floor":21,"turns":1},{"damage":0,"enemies":"Chosen and Byrds","floor":24,"turns":3},{"damage":33,"enemies":"Slavers","floor":25,"turns":3},{"damage":5,"enemies":"Book of Stabbing","floor":28,"turns":3},{"damage":0,"enemies":"3 Cultists","floor":29,"turns":3},{"damage":11,"enemies":"Snake Plant","floor":30,"turns":2},{"damage":18,"enemies":"Shelled Parasite and Fungi","floor":31,"turns":3}],"seed_played":"5829305107021838947","potions_obtained":[{"floor":4,"key":"FearPotion"},{"floor":10,"key":"PowerPotion"},{"floor":12,"key":"Ancient Potion"},{"floor":14,"key":"GamblersBrew"},{"floor":18,"key":"PowerPotion"},{"floor":19,"key":"DistilledChaos"},{"floor":24,"key":"SteroidPotion"},{"floor":28,"key":"Energy Potion"}],"is_trial":false,"path_per_floor":["M","?","M","M","?","R","M","$","T","E","R","E","M","M","R","B",null,"M","M","$","M","?","R","M","E","T","?","E","M","M","M"],"character_chosen":"KOISHI","items_purchased":["Koishi:HeartAttack","Koishi:RorschachInDanmaku","PreservedInsect","Koishi:RorschachInDanmaku"],"campfire_rested":0,"item_purchase_floors":[8,8,20,20],"current_hp_per_floor":[54,62,61,58,58,58,58,58,58,42,42,36,36,36,36,8,49,49,51,51,53,53,53,55,25,25,25,22,24,16,0,0],"gold":79,"neow_bonus":"TEN_PERCENT_HP_BONUS","is_daily":false,"chose_seed":false,"campfire_upgraded":3,"win_rate":0.0,"timestamp":1607668407,"path_taken":["M","?","M","?","?","R","M","$","T","E","R","E","M","M","R","BOSS","M","M","$","M","?","R","M","E","T","?","E","M","M","M"],"items_purchased_type":["Card","Card","Relic","Card"],"build_version":"2020-11-30","purchased_purges":1,"victory":false,"max_hp_per_floor":[62,62,62,62,62,62,62,62,62,62,62,62,62,62,62,62,62,62,62,62,62,62,62,62,62,62,62,62,62,62,62,62],"card_choices":[{"not_picked":["Koishi:FidgetySnatcher","Koishi:Jaunt"],"picked":"Koishi:SubconsciousSweep","floor":1},{"not_picked":["Koishi:DreadfulBlow","Koishi:UnseenTerror"],"picked":"Koishi:SubterraneanRose","floor":3},{"not_picked":["Koishi:PhilosophyOfTheDespised","Koishi:PhantomStrike"],"picked":"Koishi:ReflexRadar","floor":4},{"not_picked":["Koishi:SpiritedAway","Koishi:Possession"],"picked":"Koishi:UnconsciousUprising","floor":7},{"not_picked":["Koishi:EmbersOfLove","Koishi:ParalyzingFear"],"picked":"Koishi:SpiritedAway","floor":10},{"not_picked":["Koishi:ParalyzingFear","Koishi:BloodcurdlingScream"],"picked":"Koishi:SubconsciousSweep","floor":12},{"not_picked":["Koishi:EmbryosDream","Koishi:DanmakuParanoia"],"picked":"Koishi:JumpScare","floor":13},{"not_picked":["Koishi:SuperEgo","Koishi:MindNumbingTerror"],"picked":"Koishi:IdleWhim","floor":13},{"not_picked":["Koishi:Jaunt","Koishi:FourthEye"],"picked":"Koishi:ReleaseOfTheId","floor":14},{"not_picked":["Koishi:Vanish","Koishi:UnansweredLove","Koishi:ParalyzingFear"],"picked":"SKIP","floor":14},{"not_picked":["Koishi:MentalBreakdown","Koishi:TerrifyingSpectre"],"picked":"Koishi:FadingMemory","floor":16},{"not_picked":["Koishi:BloodcurdlingScream+1","Koishi:EmbryosDream"],"picked":"Koishi:ReflexRadar","floor":18},{"not_picked":["Koishi:PhantomBarrier","Koishi:JumpScare","Koishi:Jaunt"],"picked":"SKIP","floor":18},{"not_picked":["Koishi:RacingHeart","Koishi:PhantomStrike"],"picked":"Koishi:SubconsciousSweep","floor":19},{"not_picked":["Koishi:RollingInRichesHeart","Koishi:FleetingPhantom+1"],"picked":"Koishi:SubconsciousSweep","floor":19},{"not_picked":["Koishi:UnansweredLove","Koishi:UnseenTerror"],"picked":"Koishi:SpiritedAway","floor":21},{"not_picked":["Koishi:Catatonia","Koishi:PhantomBarrier+1","Koishi:GhostParty"],"picked":"SKIP","floor":21},{"not_picked":["Koishi:PhantomStrike","Koishi:DanmakuParanoia"],"picked":"Koishi:Bloodlust","floor":24},{"not_picked":["Koishi:PhantomBarrier","Koishi:UnseenTerror"],"picked":"Koishi:DNAsFlaw","floor":24},{"not_picked":["Koishi:YoukaiPolygraph","Koishi:RuptureMind"],"picked":"Koishi:MassHysteria","floor":25},{"not_picked":["Koishi:TremblingHands","Koishi:CatchAndRose","Koishi:DreadfulBlow"],"picked":"SKIP","floor":28},{"not_picked":["Koishi:Untouchable","Koishi:DreadfulBlow"],"picked":"Koishi:UnconsciousUprising+1","floor":29},{"not_picked":["Koishi:Jaunt","Koishi:StrangeCloudFist"],"picked":"Koishi:UnconsciousUprising","floor":29},{"not_picked":["Koishi:DreadfulBlow+1","Koishi:MassHysteria+1"],"picked":"Koishi:SubconsciousSweep+1","floor":30},{"not_picked":["Koishi:VengefulSpirit+1","Koishi:StingingMind"],"picked":"Koishi:Prune","floor":30}],"player_experience":1325842,"relics_obtained":[{"floor":9,"key":"Koishi:LettersToReimu"},{"floor":10,"key":"Bottled Flame"},{"floor":12,"key":"Prayer Wheel"},{"floor":25,"key":"Eternal Feather"},{"floor":28,"key":"Gambling Chip"}],"event_choices":[{"damage_healed":8,"gold_gain":0,"player_choice":"Full Heal","damage_taken":0,"max_hp_gain":0,"max_hp_loss":0,"event_name":"Wheel of Change","floor":2,"gold_loss":0},{"damage_healed":0,"gold_gain":80,"player_choice":"Gained Gold","damage_taken":0,"max_hp_gain":0,"max_hp_loss":0,"event_name":"Golden Wing","floor":5,"gold_loss":0},{"damage_healed":0,"gold_gain":0,"player_choice":"Ignored","damage_taken":0,"max_hp_gain":0,"max_hp_loss":0,"event_name":"Cursed Tome","floor":22,"gold_loss":0},{"cards_removed":["Koishi:BasicStrike"],"damage_healed":0,"gold_gain":0,"player_choice":"Gave Gold","damage_taken":0,"max_hp_gain":0,"max_hp_loss":0,"event_name":"Beggar","floor":27,"gold_loss":75}],"is_beta":false,"boss_relics":[{"not_picked":["Fusion Hammer","Velvet Choker"],"picked":"Astrolabe"}],"items_purged_floors":[8],"is_endless":false,"potions_floor_spawned":[4,10,12,14,18,19,24,28],"killed_by":"Shelled Parasite and Fungi","ascension_level":15}}