{"host":"v5q6ggeyvx3goqgy","time":1607709297,"event":{"mods":["AchievementEnabler","BaseMod","BetterRewards","Minty Spire (QoL Compilation)","StSLib","Uncapped"],"gold_per_floor":[116,128,139,157,176,207,207,236,287,300,318,335,367,378,378,481,481,492,509,524,541,555,590,606,638,692,719,733,733,733,758,758,858,858,869,885,900,680,695,695,725,725,725,745,759,791,803,829,829,829,829,829,95,120,120],"floor_reached":56,"playtime":3224,"items_purged":["Strike_G","Strike_G","Strike_G","Strike_G+1","Defend_G"],"score":2739,"play_id":"764d4c67-20ba-4e71-a6ed-010fd5c43704","local_time":"20201211175457","is_ascension_mode":true,"campfire_choices":[{"data":"Catalyst","floor":7,"key":"SMITH"},{"data":"Catalyst","floor":15,"key":"SMITH"},{"floor":29,"key":"RECALL"},{"floor":32,"key":"REST"},{"floor":40,"key":"REST"},{"floor":42,"key":"REST"},{"floor":49,"key":"REST"},{"floor":52,"key":"REST"}],"circlet_count":0,"master_deck":["AscendersBane","Defend_G","Defend_G","Defend_G","Defend_G","Survivor","Neutralize+1","Footwork+1","Caltrops+1","Catalyst+1","Dash","Noxious Fumes+1","Noxious Fumes+1","Noxious Fumes+1","Noxious Fumes+1","Noxious Fumes+1","Noxious Fumes+1","Catalyst+1","Footwork+1","Footwork+1","Night Terror+1","Crippling Poison+1","Noxious Fumes+1","Noxious Fumes+1","Outmaneuver+1","Footwork+1","Burst","Blur+1","Adrenaline+1","Noxious Fumes+1","Catalyst+1","Footwork+1","Adrenaline+1","Master of Strategy"],"relics":["Ring of the Snake","Oddly Smooth Stone","Chemical X","Strawberry","Frozen Egg 2","Centennial Puzzle","Bird Faced Urn","The Specimen","Snake Skull","Anchor","Bag of Preparation","Lantern","Lee\u0027s Waffle","Art of War","Molten Egg 2","Pear","Fusion Hammer","MealTicket","Bronze Scales","Whetstone","Ancient Tea Set","Anchor","SlaversCollar","HornCleat","HornCleat","CaptainsWheel","CaptainsWheel","Lantern","War Paint","Tough Bandages","Meat on the Bone","Mango","DollysMirror","Vajra","Mercury Hourglass"],"acts_visited":["Exordium","TheCity","TheBeyond","TheEnding"],"potions_floor_usage":[8,23,44,55,55],"damage_taken":[{"damage":2,"enemies":"Small Slimes","floor":1,"turns":3},{"damage":0,"enemies":"Cultist","floor":2,"turns":3},{"damage":0,"enemies":"2 Louse","floor":3,"turns":2},{"damage":0,"enemies":"Exordium Thugs","floor":4,"turns":3},{"damage":0,"enemies":"Blue Slaver","floor":5,"turns":3},{"damage":3,"enemies":"3 Sentries","floor":6,"turns":4},{"damage":4,"enemies":"Gremlin Nob","floor":8,"turns":3},{"damage":1,"enemies":"Looter","floor":10,"turns":3},{"damage":0,"enemies":"Large Slime","floor":11,"turns":4},{"damage":4,"enemies":"Lots of Slimes","floor":12,"turns":3},{"damage":2,"enemies":"3 Sentries","floor":13,"turns":5},{"damage":1,"enemies":"Looter","floor":14,"turns":3},{"damage":33,"enemies":"Hexaghost","floor":16,"turns":5},{"damage":0,"enemies":"Chosen","floor":18,"turns":4},{"damage":10,"enemies":"2 Thieves","floor":19,"turns":4},{"damage":2,"enemies":"Snake Plant","floor":20,"turns":4},{"damage":8,"enemies":"Centurion and Healer","floor":21,"turns":5},{"damage":2,"enemies":"Snecko","floor":22,"turns":4},{"damage":0,"enemies":"Book of Stabbing","floor":23,"turns":3},{"damage":12,"enemies":"Shelled Parasite and Fungi","floor":24,"turns":4},{"damage":18,"enemies":"Gremlin Leader","floor":25,"turns":4},{"damage":15,"enemies":"Book of Stabbing","floor":27,"turns":3},{"damage":18,"enemies":"Snake Plant","floor":28,"turns":4},{"damage":12,"enemies":"Gremlin Leader","floor":31,"turns":5},{"damage":29,"enemies":"Collector","floor":33,"turns":5},{"damage":0,"enemies":"Orb Walker","floor":35,"turns":4},{"damage":0,"enemies":"3 Shapes","floor":36,"turns":5},{"damage":6,"enemies":"Maw","floor":37,"turns":5},{"damage":0,"enemies":"Jaw Worm Horde","floor":39,"turns":3},{"damage":0,"enemies":"Reptomancer","floor":41,"turns":4},{"damage":1,"enemies":"Writhing Mass","floor":44,"turns":4},{"damage":0,"enemies":"Maw","floor":45,"turns":3},{"damage":0,"enemies":"Nemesis","floor":46,"turns":3},{"damage":0,"enemies":"Jaw Worm Horde","floor":47,"turns":3},{"damage":9,"enemies":"Reptomancer","floor":48,"turns":3},{"damage":0,"enemies":"Donu and Deca","floor":50,"turns":5},{"damage":0,"enemies":"Shield and Spear","floor":54,"turns":4},{"damage":0,"enemies":"The Heart","floor":55,"turns":4}],"seed_played":"-7114917909288243074","potions_obtained":[{"floor":2,"key":"Strength Potion"},{"floor":5,"key":"Poison Potion"},{"floor":6,"key":"Explosive Potion"},{"floor":11,"key":"SmokeBomb"},{"floor":12,"key":"DistilledChaos"},{"floor":13,"key":"DuplicationPotion"},{"floor":19,"key":"FairyPotion"},{"floor":22,"key":"DistilledChaos"},{"floor":24,"key":"Energy Potion"},{"floor":41,"key":"DistilledChaos"},{"floor":44,"key":"EssenceOfSteel"},{"floor":46,"key":"Poison Potion"}],"is_trial":false,"path_per_floor":["M","M","M","M","M","E","R","E","T","M","M","M","E","M","R","B",null,"M","M","M","M","M","E","M","E","T","E","M","R","?","E","R","B",null,"M","M","M","$","M","R","E","R","T","M","M","E","M","E","R","B",null,"R","$","E","B",null],"character_chosen":"THE_SILENT","items_purchased":["Oddly Smooth Stone","Chemical X","Strawberry","Frozen Egg 2","Footwork+1","Centennial Puzzle","Caltrops+1","Catalyst","Dash","Adrenaline","Footwork+1","DollysMirror","Master of Strategy","Vajra"],"campfire_rested":5,"item_purchase_floors":[0,0,0,0,0,0,0,0,0,38,53,53,53,53],"current_hp_per_floor":[84,84,84,84,84,83,83,84,84,84,84,84,94,94,94,67,87,94,90,94,90,94,94,88,84,84,81,83,83,83,90,94,75,89,94,94,94,94,94,94,94,94,94,94,94,94,94,105,108,108,108,108,108,108,108],"gold":120,"neow_bonus":"","is_daily":false,"chose_seed":false,"campfire_upgraded":2,"win_rate":0.0,"timestamp":1607709297,"path_taken":["M","M","M","M","M","E","R","E","T","M","M","M","E","M","R","BOSS","M","M","M","M","M","E","M","E","T","E","M","R","?","E","R","BOSS","M","M","M","$","?","R","E","R","T","M","M","E","M","E","R","BOSS","R","$","E","BOSS"],"items_purchased_type":["Relic","Relic","Relic","Relic","Card","Relic","Card","Card","Card","Card","Card","Relic","Card","Relic"],"build_version":"2020-11-30","purchased_purges":5,"victory":true,"max_hp_per_floor":[84,84,84,84,84,84,84,84,84,84,84,84,94,94,94,94,94,94,94,94,94,94,94,94,94,94,94,94,94,94,94,94,94,94,94,94,94,94,94,94,94,94,94,94,94,94,94,108,108,108,108,108,108,108,108],"card_choices":[{"not_picked":["Flying Knee","Accuracy+1","Underhanded Strike"],"picked":"SKIP","floor":1},{"not_picked":["Acrobatics","Predator","Poisoned Stab"],"picked":"SKIP","floor":2},{"not_picked":["Masterful Stab","Slice","Acrobatics"],"picked":"SKIP","floor":3},{"not_picked":["Prepared","Tactician","Backflip"],"picked":"SKIP","floor":4},{"not_picked":["Flying Knee","Cloak And Dagger","Choke"],"picked":"SKIP","floor":5},{"not_picked":["Tactician","Riddle With Holes","Quick Slash"],"picked":"SKIP","floor":6},{"not_picked":["Deflect","Choke+1"],"picked":"Catalyst","floor":8},{"not_picked":["Flying Knee+1","Well Laid Plans+1"],"picked":"Footwork+1","floor":10},{"not_picked":["Setup","Dagger Spray+1","Underhanded Strike+1"],"picked":"SKIP","floor":11},{"not_picked":["Deflect","PiercingWail","Predator+1"],"picked":"SKIP","floor":12},{"not_picked":["Backstab+1","Deflect","Deadly Poison"],"picked":"SKIP","floor":13},{"not_picked":["Expertise","PiercingWail"],"picked":"Footwork+1","floor":14},{"not_picked":["Tools of the Trade+1","Glass Knife+1"],"picked":"Night Terror","floor":16},{"not_picked":["Bouncing Flask","Tactician"],"picked":"Crippling Poison+1","floor":18},{"not_picked":["Tactician","All Out Attack+1"],"picked":"Noxious Fumes+1","floor":19},{"not_picked":["Underhanded Strike+1","Poisoned Stab+1"],"picked":"Noxious Fumes+1","floor":20},{"not_picked":["Endless Agony+1","PiercingWail","Dodge and Roll"],"picked":"SKIP","floor":21},{"not_picked":["Flechettes+1","Deadly Poison+1"],"picked":"Outmaneuver+1","floor":22},{"not_picked":["Choke+1","Poisoned Stab+1","Slice+1"],"picked":"SKIP","floor":23},{"not_picked":["A Thousand Cuts+1","Sucker Punch+1","Cloak And Dagger"],"picked":"SKIP","floor":24},{"not_picked":["Bane+1","Flying Knee+1","Skewer+1"],"picked":"SKIP","floor":25},{"not_picked":["Dagger Throw+1","Blade Dance+1","Dash+1"],"picked":"SKIP","floor":27},{"not_picked":["Underhanded Strike+1","Corpse Explosion"],"picked":"Footwork+1","floor":28},{"not_picked":["Backflip+1","Leg Sweep+1","PiercingWail"],"picked":"SKIP","floor":31},{"not_picked":["Venomology","Tools of the Trade+1"],"picked":"Burst","floor":33},{"not_picked":["Dodge and Roll+1","PiercingWail","Backstab+1"],"picked":"SKIP","floor":35},{"not_picked":["Cloak And Dagger","PiercingWail"],"picked":"Blur+1","floor":36},{"not_picked":["Predator+1","Prepared","Quick Slash+1"],"picked":"SKIP","floor":37},{"not_picked":["Dagger Throw+1","Dagger Spray+1"],"picked":"Noxious Fumes+1","floor":39},{"not_picked":["Endless Agony+1","Backflip"],"picked":"Catalyst+1","floor":41},{"not_picked":["Venomology","Dodge and Roll+1","Outmaneuver+1"],"picked":"SKIP","floor":44},{"not_picked":["Acrobatics+1","PiercingWail","Bane+1"],"picked":"SKIP","floor":45},{"not_picked":["Quick Slash+1","Outmaneuver+1","Poisoned Stab+1"],"picked":"SKIP","floor":46},{"not_picked":["Slice+1","PiercingWail+1","Grand Finale+1"],"picked":"SKIP","floor":47},{"not_picked":["Distraction","Finisher+1","Die Die Die+1"],"picked":"SKIP","floor":48},{"not_picked":["Flying Knee+1","Outmaneuver","Catalyst"],"picked":"SKIP","floor":54}],"player_experience":460154,"relics_obtained":[{"floor":6,"key":"Art of War"},{"floor":8,"key":"Molten Egg 2"},{"floor":13,"key":"Pear"},{"floor":23,"key":"MealTicket"},{"floor":25,"key":"Bronze Scales"},{"floor":26,"key":"Whetstone"},{"floor":27,"key":"Ancient Tea Set"},{"floor":31,"key":"Anchor"},{"floor":41,"key":"War Paint"},{"floor":43,"key":"Tough Bandages"},{"floor":46,"key":"Meat on the Bone"},{"floor":48,"key":"Mango"},{"floor":54,"key":"Mercury Hourglass"}],"event_choices":[{"cards_removed":["Strike_G"],"damage_healed":0,"gold_gain":0,"player_choice":"Purged","damage_taken":0,"max_hp_gain":0,"max_hp_loss":0,"event_name":"Purifier","floor":30,"gold_loss":0}],"is_beta":false,"boss_relics":[{"not_picked":["Snecko Eye","SacredBark"],"picked":"Fusion Hammer"},{"not_picked":["Empty Cage","Tiny House"],"picked":"SlaversCollar"}],"items_purged_floors":[0,0,0,38,53],"is_endless":false,"potions_floor_spawned":[2,5,6,11,12,13,14,16,19,20,22,24,27,31,36,41,44,45,46,54],"ascension_level":10}}