{"host":"tknto047uabgu3zm","time":1607670330,"event":{"mods":["AchievementEnabler","BaseMod","Bestiary","Block Reminder","Colored Map","Colored Powertips","Highlight Path","Minty Spire (QoL Compilation)","MonsterHotkey","Permanent Neow","Random Character Button","Rare Cards Sparkle","Relic Sorter","Relic Stats","StSLib"],"gold_per_floor":[118,118,130,130,130,130,148,148,148,159,159,169,196,216,216,317,317,327,71,71,33,33,33,49,49,117,117,117,127,152,193,193,315,315,360,399,202,202,202,242,242,342,367,385,385,396,428,34,34,34],"floor_reached":51,"playtime":2863,"items_purged":["Strike_P","Strike_P","Parasite"],"score":1057,"play_id":"13d90733-e257-45f2-a6f4-9d1e989726f3","local_time":"20201210230530","is_ascension_mode":true,"campfire_choices":[{"data":"WaveOfTheHand","floor":6.0,"key":"SMITH"},{"data":"TalkToTheHand","floor":8.0,"key":"SMITH"},{"floor":11.0,"key":"REST"},{"floor":15.0,"key":"REST"},{"floor":23,"key":"REST"},{"floor":25,"key":"REST"},{"data":"MasterReality","floor":28,"key":"SMITH"},{"floor":32,"key":"REST"},{"data":"Wish","floor":45,"key":"SMITH"},{"floor":49,"key":"REST"}],"circlet_count":0,"master_deck":["AscendersBane","Strike_P+1","Strike_P","Defend_P","Defend_P+1","Defend_P+1","Eruption","Vigilance+1","FlurryOfBlows+1","WaveOfTheHand+1","FollowUp","TalkToTheHand+1","Weave+1","BattleHymn","FearNoEvil","Study","MasterReality+1","Crescendo+1","Necronomicurse","Evaluate+1","WheelKick","Wish+1","ThirdEye+1","CurseOfTheBell","CutThroughFate","LessonLearned","FearNoEvil","Wallop+1","Nirvana+1","Collect"],"relics":["Philosopher\u0027s Stone","White Beast Statue","Centennial Puzzle","Runic Pyramid","Membership Card","Art of War","Necronomicon","HornCleat","Frozen Egg 2","Calling Bell","Juzu Bracelet","Pantograph","StoneCalendar","Oddly Smooth Stone","Anchor","Blood Vial","Nunchaku","Meat on the Bone","Omamori","Sling"],"acts_visited":["TheCity","TheBeyond"],"potions_floor_usage":[21,30,33,35,40,50],"damage_taken":[{"damage":0.0,"enemies":"Small Slimes","floor":1.0,"turns":4.0},{"damage":0.0,"enemies":"Cultist","floor":3.0,"turns":3.0},{"damage":0.0,"enemies":"2 Louse","floor":7.0,"turns":2.0},{"damage":23.0,"enemies":"Exordium Thugs","floor":10.0,"turns":4.0},{"damage":12.0,"enemies":"Exordium Wildlife","floor":12.0,"turns":3.0},{"damage":21.0,"enemies":"Gremlin Nob","floor":13.0,"turns":5.0},{"damage":4.0,"enemies":"2 Fungi Beasts","floor":14.0,"turns":3.0},{"damage":13.0,"enemies":"The Guardian","floor":16.0,"turns":7.0},{"damage":30.0,"enemies":"3 Byrds","floor":18.0,"turns":5.0},{"damage":0,"enemies":"Chosen","floor":24,"turns":5},{"damage":9,"enemies":"Sentry and Sphere","floor":29,"turns":4},{"damage":32,"enemies":"Slavers","floor":30,"turns":4},{"damage":0,"enemies":"Centurion and Healer","floor":31,"turns":4},{"damage":11,"enemies":"Champ","floor":33,"turns":6},{"damage":28,"enemies":"Orb Walker","floor":35,"turns":4},{"damage":9,"enemies":"3 Darklings","floor":36,"turns":6},{"damage":7,"enemies":"Writhing Mass","floor":40,"turns":6},{"damage":9,"enemies":"Spire Growth","floor":44,"turns":4},{"damage":7,"enemies":"4 Shapes","floor":46,"turns":7},{"damage":36,"enemies":"Reptomancer","floor":47,"turns":7},{"damage":78,"enemies":"Donu and Deca","floor":50,"turns":11}],"seed_played":"4574535805090462548","potions_obtained":[{"floor":3.0,"key":"EssenceOfSteel"},{"floor":10.0,"key":"BottledMiracle"},{"floor":16.0,"key":"Strength Potion"},{"floor":18.0,"key":"Fruit Juice"},{"floor":24,"key":"CultistPotion"},{"floor":27,"key":"Ambrosia"},{"floor":30,"key":"EssenceOfSteel"},{"floor":33,"key":"DistilledChaos"},{"floor":35,"key":"LiquidBronze"},{"floor":36,"key":"GamblersBrew"},{"floor":40,"key":"EssenceOfSteel"},{"floor":44,"key":"FairyPotion"}],"is_trial":false,"path_per_floor":["M","?","M","?","?","R","M","R","T","M","R","M","E","M","R","B",null,"M","$","?","$","?","R","M","R","T","?","R","M","E","M","R","B",null,"M","M","$","?","?","M","?","?","T","M","R","M","E","$","R","B",null],"character_chosen":"WATCHER","items_purchased":["Membership Card","Art of War","LiquidMemories","Oddly Smooth Stone","Anchor","Nirvana+1","Collect","Meat on the Bone","Omamori","Sling"],"campfire_rested":6,"item_purchase_floors":[19,19,21,37,37,48,48,48,48,48],"current_hp_per_floor":[65,65,65,51,51,51,51,51,51,28,49,37,16,12,33,20,59,29,29,13,18,18,41,41,64,64,64,64,55,23,23,46,35,67,39,30,30,67,67,60,60,60,60,53,53,48,14,14,33,16],"gold":34,"neow_bonus":"BOSS_RELIC","is_daily":false,"chose_seed":false,"campfire_upgraded":4,"win_rate":0.0,"timestamp":1607670330,"path_taken":["M","?","?","?","?","R","M","R","T","?","R","M","E","M","R","BOSS","M","$","?","$","?","R","M","R","T","?","R","M","E","M","R","BOSS","M","M","$","?","?","M","?","?","T","M","R","M","E","$","R","BOSS"],"items_purchased_type":["Relic","Relic","Potion","Relic","Relic","Undefined","Card","Relic","Relic","Relic"],"build_version":"2020-11-30","purchased_purges":3,"victory":true,"max_hp_per_floor":[72,72,72,72,72,72,72,72,72,72,72,72,72,72,72,72,72,72,72,72,77,77,77,77,77,77,77,77,77,77,77,77,77,77,77,77,77,67,67,67,67,67,67,67,67,67,67,64,64,64],"relic_stats":{"Blood Vial":8,"Centennial Puzzle":[39],"Nunchaku":[4],"counters":[21,104],"Pantograph":25,"StoneCalendar":[103],"Art of War":[8],"Necronomicon":[25],"Juzu Bracelet":1,"obtain_stats":[{"Oddly Smooth Stone":37,"StoneCalendar":34,"Juzu Bracelet":34,"Omamori":48,"Frozen Egg 2":30,"Sling":48,"White Beast Statue":9,"Calling Bell":34,"Blood Vial":43,"Centennial Puzzle":13,"Anchor":37,"Nunchaku":47,"HornCleat":26,"Pantograph":34,"Philosopher\u0027s Stone":0,"Art of War":19,"Necronomicon":20,"Membership Card":19,"PureWater":0,"Runic Pyramid":17,"Meat on the Bone":48},{"Oddly Smooth Stone":16,"StoneCalendar":14,"Juzu Bracelet":14,"Omamori":20,"Frozen Egg 2":12,"Sling":20,"White Beast Statue":3,"Calling Bell":14,"Blood Vial":17,"Centennial Puzzle":6,"Anchor":16,"Nunchaku":20,"HornCleat":10,"Pantograph":14,"Philosopher\u0027s Stone":0,"Art of War":9,"Necronomicon":9,"Membership Card":9,"PureWater":0,"Runic Pyramid":8,"Meat on the Bone":20},{"Oddly Smooth Stone":69,"StoneCalendar":59,"Juzu Bracelet":59,"Omamori":93,"Frozen Egg 2":49,"Sling":93,"White Beast Statue":9,"Calling Bell":59,"Blood Vial":75,"Centennial Puzzle":21,"Anchor":69,"Nunchaku":93,"HornCleat":41,"Pantograph":59,"Philosopher\u0027s Stone":0,"Art of War":36,"Necronomicon":36,"Membership Card":36,"PureWater":0,"Runic Pyramid":31,"Meat on the Bone":93}],"Meat on the Bone":12},"card_choices":[{"not_picked":["FollowUp","FlyingSleeves"],"picked":"FlurryOfBlows","floor":1.0},{"not_picked":["Wallop","Crescendo"],"picked":"WaveOfTheHand","floor":3.0},{"not_picked":["Adaptation","Consecrate"],"picked":"TalkToTheHand","floor":7.0},{"not_picked":["SashWhip","BowlingBash"],"picked":"Weave","floor":10.0},{"not_picked":["Tantrum","CarveReality"],"picked":"BattleHymn","floor":12.0},{"not_picked":["Halt","Prostrate"],"picked":"FearNoEvil","floor":13.0},{"not_picked":["FlurryOfBlows","PathToVictory"],"picked":"Study","floor":14.0},{"not_picked":["Scrawl","SpiritShield"],"picked":"MasterReality","floor":16.0},{"not_picked":["Fasting2","BowlingBash"],"picked":"Crescendo+1","floor":18.0},{"not_picked":["BattleHymn","ForeignInfluence"],"picked":"Evaluate+1","floor":24},{"not_picked":["BattleHymn","Collect"],"picked":"WheelKick","floor":29},{"not_picked":["SignatureMove","Conclude"],"picked":"Wish","floor":30},{"not_picked":["InnerPeace+1","ClearTheMind"],"picked":"ThirdEye","floor":31},{"not_picked":["FollowUp","Prostrate"],"picked":"CutThroughFate","floor":35},{"not_picked":["CutThroughFate+1","CrushJoints"],"picked":"LessonLearned","floor":36},{"not_picked":["Halt+1","FollowUp"],"picked":"FearNoEvil","floor":40},{"not_picked":["EmptyBody+1","Evaluate","Prostrate+1"],"picked":"SKIP","floor":44},{"not_picked":["WheelKick","EmptyBody"],"picked":"Wallop+1","floor":46},{"not_picked":["SandsOfTime","FlyingSleeves","Consecrate"],"picked":"SKIP","floor":47}],"player_experience":422330,"relics_obtained":[{"floor":9.0,"key":"White Beast Statue"},{"floor":13.0,"key":"Centennial Puzzle"},{"floor":20,"key":"Necronomicon"},{"floor":26,"key":"HornCleat"},{"floor":30,"key":"Frozen Egg 2"},{"floor":34,"key":"Juzu Bracelet"},{"floor":34,"key":"Pantograph"},{"floor":34,"key":"StoneCalendar"},{"floor":43,"key":"Blood Vial"},{"floor":47,"key":"Nunchaku"}],"event_choices":[{"damage_healed":0.0,"max_hp_gain":0.0,"max_hp_loss":0.0,"gold_gain":0.0,"event_name":"Match and Keep!","player_choice":"0 cards matched","floor":2.0,"gold_loss":0.0,"damage_taken":0.0,"cards_obtained":[]},{"damage_healed":0.0,"max_hp_gain":0.0,"max_hp_loss":0.0,"gold_gain":0.0,"event_name":"Shining Light","player_choice":"Entered Light","floor":4.0,"gold_loss":0.0,"damage_taken":14.0,"cards_upgraded":["Vigilance","Defend_P"]},{"damage_healed":0.0,"max_hp_gain":0.0,"max_hp_loss":0.0,"gold_gain":0.0,"cards_transformed":["Defend_P"],"event_name":"Transmorgrifier","player_choice":"Transformed","floor":5.0,"gold_loss":0.0,"damage_taken":0.0,"cards_obtained":["FollowUp"]},{"damage_healed":0,"gold_gain":0,"player_choice":"Obtained Book","damage_taken":16,"max_hp_gain":0,"max_hp_loss":0,"event_name":"Cursed Tome","floor":20,"gold_loss":0},{"damage_healed":0,"gold_gain":0,"player_choice":"Got Potions","damage_taken":0,"max_hp_gain":0,"max_hp_loss":0,"event_name":"Lab","floor":27,"gold_loss":0},{"damage_healed":67,"gold_gain":0,"player_choice":"Heal","damage_taken":0,"max_hp_gain":0,"max_hp_loss":10,"event_name":"The Moai Head","floor":38,"gold_loss":0},{"damage_healed":0,"gold_gain":0,"player_choice":"Ignored","damage_taken":0,"max_hp_gain":0,"max_hp_loss":0,"event_name":"Mysterious Sphere","floor":39,"gold_loss":0},{"damage_healed":0,"gold_gain":0,"player_choice":"Forge","damage_taken":0,"max_hp_gain":0,"max_hp_loss":0,"event_name":"Accursed Blacksmith","floor":41,"gold_loss":0,"cards_upgraded":["ThirdEye"]},{"damage_healed":0,"gold_gain":100,"player_choice":"Pray","damage_taken":0,"max_hp_gain":0,"max_hp_loss":0,"event_name":"Golden Shrine","floor":42,"gold_loss":0}],"is_beta":false,"boss_relics":[{"not_picked":["Empty Cage","Black Star"],"picked":"Runic Pyramid"},{"not_picked":["Fusion Hammer","Coffee Dripper"],"picked":"Calling Bell"}],"items_purged_floors":[19,37,48],"is_endless":false,"potions_floor_spawned":[3,10,12,13,14,16,18,24,29,30,31,33,35,36,40,44,46,47],"ascension_level":12}}