{"host":"2461dio7vetlq1z3","time":1607689884,"event":{"mods":["AchievementEnabler","BaseMod","Hermit","Lobotomy","Minty Spire (QoL Compilation)","Relic Stats","StSLib","Waifu the Spire"],"gold_per_floor":[110,110,127,138,151,151,177,188,266,292,292,104,104,118,118,221,221,241,241,241],"floor_reached":19,"playtime":1126,"items_purged":["Strike_P"],"score":224,"play_id":"e077848c-b390-4452-9a4a-de7d3536fe47","local_time":"20201211133124","is_ascension_mode":true,"campfire_choices":[{"data":"WindmillStrike","floor":6,"key":"SMITH"},{"floor":11,"key":"REST"},{"data":"CrushJoints","floor":15,"key":"SMITH"}],"circlet_count":0,"master_deck":["Strike_P","Strike_P","Strike_P","Defend_P","Defend_P","Defend_P","Defend_P","Eruption","Vigilance","LongBird","WindmillStrike+1","Decay","SingingMachine","CrushJoints+1","Laetitia","FollowUp","MeatLantern","Conclude","QueenOfHatred","Wallop","Mercenary","DeceiveReality","CherryBlossoms","WaveOfTheHand","Wallop","Wireheading","FieryBird","DevaForm","Meditate"],"relics":["PureWater","CogitoBucket","Bag of Marbles","HellTrain","CloakClasp","Mercury Hourglass","Philosopher\u0027s Stone"],"acts_visited":["Exordium","TheCity"],"potions_floor_usage":[8,10,19,19],"damage_taken":[{"damage":0,"enemies":"Small Slimes","floor":1,"turns":4},{"damage":5,"enemies":"Cultist","floor":3,"turns":3},{"damage":11,"enemies":"Jaw Worm","floor":4,"turns":4},{"damage":4,"enemies":"Large Slime","floor":5,"turns":2},{"damage":23,"enemies":"3 Sentries","floor":7,"turns":8},{"damage":10,"enemies":"Exordium Thugs","floor":8,"turns":2},{"damage":2,"enemies":"Lagavulin","floor":10,"turns":4},{"damage":2,"enemies":"Exordium Wildlife","floor":14,"turns":2},{"damage":5,"enemies":"Slime Boss","floor":16,"turns":5},{"damage":1,"enemies":"Spheric Guardian","floor":18,"turns":4},{"damage":89,"enemies":"3 Byrds","floor":19,"turns":4}],"seed_played":"-3544386240595766876","potions_obtained":[{"floor":1,"key":"Block Potion"},{"floor":3,"key":"Explosive Potion"},{"floor":4,"key":"PowerPotion"},{"floor":18,"key":"Swift Potion"}],"is_trial":false,"path_per_floor":["M","?","M","M","M","R","E","M","T","E","R","$","T","M","R","B",null,"M","M"],"character_chosen":"WATCHER","items_purchased":["Wallop","Wireheading"],"campfire_rested":1,"item_purchase_floors":[12,12],"current_hp_per_floor":[72,72,67,56,52,52,29,19,19,17,38,38,38,42,42,43,65,70,0,0],"gold":241,"neow_bonus":"","is_daily":false,"chose_seed":false,"campfire_upgraded":2,"win_rate":0.0,"timestamp":1607689884,"path_taken":["M","?","M","M","M","R","E","M","T","E","R","?","?","M","R","BOSS","M","M"],"items_purchased_type":["Card","Card"],"build_version":"2020-11-30","purchased_purges":1,"victory":false,"max_hp_per_floor":[72,72,72,72,72,72,72,72,72,72,72,72,72,72,72,72,72,72,72,72],"relic_stats":{"counters":[13,44],"CloakClasp":[37],"obtain_stats":[{"CogitoBucket":0,"Philosopher\u0027s Stone":17,"Bag of Marbles":7,"CloakClasp":10,"PureWater":0,"HellTrain":8,"Mercury Hourglass":13},{"CogitoBucket":0,"Philosopher\u0027s Stone":10,"Bag of Marbles":5,"CloakClasp":8,"PureWater":0,"HellTrain":7,"Mercury Hourglass":8},{"CogitoBucket":0,"Philosopher\u0027s Stone":35,"Bag of Marbles":21,"CloakClasp":28,"PureWater":0,"HellTrain":24,"Mercury Hourglass":28}],"Mercury Hourglass":[72]},"card_choices":[{"not_picked":["CrumblingArmor","PunishingBird"],"picked":"LongBird","floor":1},{"not_picked":["JustLucky","Halt"],"picked":"WindmillStrike","floor":1},{"not_picked":["Woodsman","FairyFestival"],"picked":"SingingMachine","floor":3},{"not_picked":["FlyingSleeves","Sanctity"],"picked":"CrushJoints","floor":3},{"not_picked":["SpiderBud","BlackSwan"],"picked":"Laetitia","floor":4},{"not_picked":["JustLucky","Pray"],"picked":"FollowUp","floor":4},{"not_picked":["Variant","CrumblingArmor"],"picked":"MeatLantern","floor":5},{"not_picked":["WheelKick","WindmillStrike"],"picked":"Conclude","floor":5},{"not_picked":["DreamingCurrent","CherryBlossoms"],"picked":"QueenOfHatred","floor":7},{"not_picked":["WreathOfFlame","ClearTheMind"],"picked":"Wallop","floor":7},{"not_picked":["SpiderBud","GreedKing"],"picked":"Mercenary","floor":8},{"not_picked":["Evaluate","ThirdEye"],"picked":"DeceiveReality","floor":8},{"not_picked":["VoidDream","OldLady"],"picked":"CherryBlossoms","floor":10},{"not_picked":["SpiritShield","WindmillStrike"],"picked":"WaveOfTheHand","floor":10},{"not_picked":["CrushJoints","Halt","Conclude"],"picked":"SKIP","floor":14},{"not_picked":["MHz","FairyFestival"],"picked":"FieryBird","floor":16},{"not_picked":["LessonLearned","ConjureBlade"],"picked":"DevaForm","floor":16},{"not_picked":["Protect+1","Consecrate"],"picked":"Meditate","floor":18}],"player_experience":619595,"relics_obtained":[{"floor":7,"key":"Bag of Marbles"},{"floor":10,"key":"CloakClasp"},{"floor":13,"key":"Mercury Hourglass"}],"event_choices":[{"damage_healed":0,"gold_gain":0,"player_choice":"Cursed","damage_taken":0,"max_hp_gain":0,"max_hp_loss":0,"event_name":"Wheel of Change","floor":2,"gold_loss":0,"cards_obtained":["Decay"]}],"is_beta":false,"boss_relics":[{"not_picked":["Busted Crown","Pandora\u0027s Box"],"picked":"Philosopher\u0027s Stone"}],"items_purged_floors":[12],"is_endless":false,"potions_floor_spawned":[1,3,4,18],"killed_by":"3 Byrds","ascension_level":5}}