{"host":"ds28d883r3sz42zs","time":1607722722,"event":{"mods":["2.2 Compatiblity","AchievementEnabler","Act Like it!","Aspiration","BaseMod","Bestiary","Better Match","Better Note","Better Sensory Stone","Better Skull","Better Third Choice","Better-Laid Plans","BetterRewards","Block Reminder","Challenge The Spire","Colored Map","Colored Powertips","Conspire","DeckTracker","Defuse TimeMaze Blight","Disable Question Mark Monsters","Displayed Cursed Tome","Downfall-Rebalance","Emptier Cage","GifTheSpireLib","Gold Saver","Hubris","Infinite Spire","Marked Mod","Minty Spire (QoL Compilation)","Permanent Neow","Practice Mode","Quick Restart","Random Character Button","Rare Cards Sparkle","Relic Filter","Relic Sorter","Relic Stats","Replay The Spire","SacredBarkPlus","StSLib","Stuff the Spire","SuperFastMode","The Bug Knight","The Construct","The Jungle","Uncapped","Unknown Chances"],"gold_per_floor":[118,118,129,229,249,249,280,291,337,347,362,362,394,412,412,516,516,532,145,105,116,116,116,127,154,154,181,192,192,192,218,218,314,314,331,351,362,70,97,131,131,166,166,166,179,199,216,243,243,243,243,243,22,57,57],"floor_reached":56,"playtime":2951,"items_purged":["Strike_G","Regret","StuffTheSpire:FinalStruggle"],"score":1919,"play_id":"c47f5153-dad9-41e3-a16c-437ad30d24eb","local_time":"20201211163842","is_ascension_mode":true,"campfire_choices":[{"data":"Sucker Punch","floor":6.0,"key":"SMITH"},{"data":"Cloak And Dagger","floor":12.0,"key":"SMITH"},{"data":"Calculated Gamble","floor":15.0,"key":"SMITH"},{"data":"After Image","floor":23.0,"key":"SMITH"},{"data":"Flechettes","floor":29.0,"key":"SMITH"},{"data":"Neutralize","floor":32.0,"key":"SMITH"},{"floor":41,"key":"RECALL"},{"floor":49,"key":"REST"},{"data":"expansioncontent:AwakenDeath","floor":52,"key":"SMITH"}],"circlet_count":0,"master_deck":["Defend_G","Defend_G","Defend_G","Defend_G","Defend_G+1","Survivor","Neutralize+1","Sucker Punch+1","Calculated Gamble+1","Cloak And Dagger+1","Flying Knee","Backflip+1","After Image+1","Backflip+1","PiercingWail+1","Corpse Explosion+1","Blur+1","Deadly Poison+1","Acrobatics+1","StuffTheSpire:ReptileScales+1","Blade Dance+1","ReplayTheSpireMod:Speed Training+1","Flechettes+1","Catalyst+1","Dagger Spray+1","StuffTheSpire:Repulse+1","StuffTheSpire:Repulse+1","Dodge and Roll+1","Deflect+1","expansioncontent:AwakenDeath+1","Phantasmal Killer+1","ReplayTheSpireMod:Scrap Shanks+1","Blade Dance+1"],"relics":["Ring of the Snake","aspiration:Nostalgia","Cracked Core","StuffTheSpire:RedRose","Toxic Egg 2","Blue Doll","Bird Faced Urn","Runic Dome","hubris:Zylophone","Omamori","StuffTheSpire:Tea","hubris:MysteriousPyramids","Replay:PocketPolymizer","hubris:Metronome","Busted Crown","infinitespire:Satchel","Onion Ring","Shuriken","Pantograph","Gremlin Food","Turnip"],"acts_visited":["Exordium","Exordium","TheBeyond","TheEnding"],"potions_floor_usage":[55,55,55,55,55],"damage_taken":[{"damage":0.0,"enemies":"Jaw Worm","floor":1.0,"turns":4.0},{"damage":0.0,"enemies":"Cultist","floor":3.0,"turns":4.0},{"damage":1.0,"enemies":"conspire:RoseBush","floor":5.0,"turns":4.0},{"damage":15.0,"enemies":"3 Sentries","floor":7.0,"turns":8.0},{"damage":1.0,"enemies":"Large Slime","floor":8.0,"turns":6.0},{"damage":0.0,"enemies":"3 Louse","floor":10.0,"turns":3.0},{"damage":0.0,"enemies":"Blue Slaver","floor":11.0,"turns":4.0},{"damage":14.0,"enemies":"Lagavulin","floor":13.0,"turns":6.0},{"damage":2.0,"enemies":"Lots of Slimes","floor":14.0,"turns":5.0},{"damage":16.0,"enemies":"The Guardian","floor":16.0,"turns":11.0},{"damage":7.0,"enemies":"theJungle:MUSHROOMGANG","floor":18.0,"turns":3.0},{"damage":9.0,"enemies":"theJungle:GiantWrat","floor":21.0,"turns":6.0},{"damage":0.0,"enemies":"theJungle:2_Snecko_Cultists","floor":24.0,"turns":4.0},{"damage":10.0,"enemies":"theJungle:Cassacara","floor":25.0,"turns":11.0},{"damage":4.0,"enemies":"theJungle:2_Phrogs","floor":27.0,"turns":10.0},{"damage":0.0,"enemies":"theJungle:Lyon","floor":28.0,"turns":5.0},{"damage":1.0,"enemies":"Nightmare","floor":31.0,"turns":6.0},{"damage":3.0,"enemies":"theJungle:FunGuy","floor":33.0,"turns":9.0},{"damage":1.0,"enemies":"Orb Walker","floor":35.0,"turns":5.0},{"damage":3,"enemies":"3 Shapes","floor":36,"turns":5},{"damage":5,"enemies":"Maw","floor":37,"turns":7},{"damage":0,"enemies":"Giant Head","floor":40,"turns":8},{"damage":0,"enemies":"R_Hoarder","floor":42,"turns":10},{"damage":0,"enemies":"Jaw Worm Horde","floor":45,"turns":4},{"damage":6,"enemies":"Spire Growth","floor":46,"turns":4},{"damage":27,"enemies":"4 Shapes","floor":47,"turns":2},{"damage":13,"enemies":"Reptomancer","floor":48,"turns":5},{"damage":13,"enemies":"Donu and Deca","floor":50,"turns":8},{"damage":21,"enemies":"Shield and Spear","floor":54,"turns":4},{"damage":12,"enemies":"The Heart","floor":55,"turns":8}],"seed_played":"676704355805465057","potions_obtained":[{"floor":1.0,"key":"SpeedPotion"},{"floor":5.0,"key":"SkillPotion"},{"floor":8.0,"key":"FearPotion"},{"floor":14.0,"key":"SteroidPotion"},{"floor":16.0,"key":"Dexterity Potion"},{"floor":20.0,"key":"EntropicBrew"},{"floor":20.0,"key":"Slimebound:ThreeZeroPotion"},{"floor":25.0,"key":"Strength Potion"},{"floor":35.0,"key":"DistilledChaos"}],"is_trial":false,"path_per_floor":["M","?","M","?","M","R","E","M","T","M","M","R","E","M","R_BF","B",null,"M","$","?","M","?","R","M","E","T","E","M","R","?","NM","R","B",null,"M","M","M","$","T","E","R","E","T","?","M","M","M","E","R_BF","B",null,"R","$","E","B",null],"character_chosen":"THE_SILENT","items_purchased":["hubris:Zylophone","infinitespire:Satchel","StuffTheSpire:Repulse+1","ReplayTheSpireMod:Scrap Shanks+1","Blade Dance+1"],"campfire_rested":1,"item_purchase_floors":[19,38,38,53,53],"current_hp_per_floor":[63,63,63,63,62,62,47,46,46,46,46,46,32,32,32,18,57,52,52,52,45,45,45,47,39,39,37,39,39,43,44,44,43,63,64,63,60,60,60,62,62,66,66,66,70,66,41,32,53,57,67,67,67,49,62],"gold":57,"neow_bonus":"NOSTALGIA","is_daily":false,"chose_seed":false,"campfire_upgraded":7,"win_rate":0.0,"timestamp":1607722722,"path_taken":["M","?","M","?","M","R","E","M","T","?","M","R","E","M","R_BF","BOSS","M","$","?","M","?","R","?","E","T","E","M","R","?","NM","R","BOSS","M","M","M","$","?","E","R","E","T","?","M","M","M","E","R_BF","BOSS","R","$","E","BOSS"],"items_purchased_type":["Relic","Relic","Card","Card","Card"],"build_version":"2020-11-30","purchased_purges":3,"victory":true,"max_hp_per_floor":[70,70,70,70,70,70,70,70,70,70,70,70,70,70,70,70,70,70,70,70,70,70,70,70,70,70,70,70,70,70,70,70,70,70,70,70,70,70,70,70,70,70,70,70,70,70,70,70,70,70,70,70,70,70,70],"relic_stats":{"Busted Crown":28,"counters":[30,179],"Shuriken":[25],"Bird Faced Urn":[51],"Pantograph":38,"Turnip":[2],"obtain_stats":[{"Gremlin Food":48,"hubris:Metronome":31,"Replay:PocketPolymizer":27,"aspiration:Nostalgia":0,"Blue Doll":9,"Omamori":22,"hubris:MysteriousPyramids":26,"hubris:Zylophone":19,"Runic Dome":17,"Busted Crown":34,"Shuriken":42,"Bird Faced Urn":13,"Pantograph":43,"infinitespire:Satchel":38,"Onion Ring":40,"Turnip":54,"StuffTheSpire:RedRose":2,"Toxic Egg 2":7,"Cracked Core":0,"Ring of the Snake":0,"StuffTheSpire:Tea":25},{"Gremlin Food":27,"hubris:Metronome":17,"Replay:PocketPolymizer":15,"aspiration:Nostalgia":0,"Blue Doll":5,"Omamori":12,"hubris:MysteriousPyramids":14,"hubris:Zylophone":11,"Runic Dome":10,"Busted Crown":18,"Shuriken":23,"Bird Faced Urn":8,"Pantograph":23,"infinitespire:Satchel":21,"Onion Ring":22,"Turnip":29,"StuffTheSpire:RedRose":1,"Toxic Egg 2":4,"Cracked Core":0,"Ring of the Snake":0,"StuffTheSpire:Tea":14},{"Gremlin Food":159,"hubris:Metronome":100,"Replay:PocketPolymizer":89,"aspiration:Nostalgia":0,"Blue Doll":26,"Omamori":64,"hubris:MysteriousPyramids":79,"hubris:Zylophone":58,"Runic Dome":55,"Busted Crown":109,"Shuriken":144,"Bird Faced Urn":39,"Pantograph":144,"infinitespire:Satchel":126,"Onion Ring":134,"Turnip":171,"StuffTheSpire:RedRose":4,"Toxic Egg 2":20,"Cracked Core":0,"Ring of the Snake":0,"StuffTheSpire:Tea":79}],"Ring of the Snake":[61]},"card_choices":[{"not_picked":["StuffTheSpire:Shiver","ReplayTheSpireMod:The Works"],"picked":"Sucker Punch","floor":1.0},{"not_picked":["Dodge and Roll","StuffTheSpire:Incantation"],"picked":"Calculated Gamble","floor":3.0},{"not_picked":["Poisoned Stab","StuffTheSpire:Sprint"],"picked":"Cloak And Dagger","floor":5.0},{"not_picked":["ReplayTheSpireMod:Exploit Weakness+1","StuffTheSpire:Injection"],"picked":"Flying Knee","floor":7.0},{"not_picked":["Deflect+1","Dodge and Roll+1"],"picked":"Backflip+1","floor":8.0},{"not_picked":["ReplayTheSpireMod:Scrap Shanks","StuffTheSpire:Fury+1"],"picked":"After Image","floor":10.0},{"not_picked":["Bane","Catalyst+1","Slice"],"picked":"SKIP","floor":11.0},{"not_picked":["Deflect+1","Prepared+1"],"picked":"Backflip+1","floor":13.0},{"not_picked":["Backflip+1","StuffTheSpire:Python+1"],"picked":"PiercingWail+1","floor":14.0},{"not_picked":["Die Die Die","infinitespire:Neurotoxin+1"],"picked":"Corpse Explosion+1","floor":16.0},{"not_picked":["Underhanded Strike+1","Sucker Punch"],"picked":"Blur+1","floor":18.0},{"not_picked":["hubris:SlightOfHand+1","Dagger Throw"],"picked":"Deadly Poison+1","floor":21.0},{"not_picked":["Deadly Poison+1","Setup+1"],"picked":"Acrobatics+1","floor":24.0},{"not_picked":["Underhanded Strike","Atom Bomb"],"picked":"StuffTheSpire:ReptileScales+1","floor":25.0},{"not_picked":["Deadly Poison+1","All Out Attack+1"],"picked":"Blade Dance+1","floor":27.0},{"not_picked":["ReplayTheSpireMod:The Works+1","Escape Plan+1"],"picked":"ReplayTheSpireMod:Speed Training+1","floor":28.0},{"not_picked":["Deadly Poison+1","StuffTheSpire:ClusterCrunch","Finisher"],"picked":"SKIP","floor":31.0},{"not_picked":["hubris:SlightOfHand+1"],"picked":"SKIP","floor":35.0},{"not_picked":[],"picked":"Dagger Spray+1","floor":36},{"not_picked":["Flying Knee+1"],"picked":"SKIP","floor":37},{"not_picked":[],"picked":"Dodge and Roll+1","floor":40},{"not_picked":[],"picked":"Deflect+1","floor":42},{"not_picked":[],"picked":"expansioncontent:AwakenDeath","floor":44},{"not_picked":["conspire:PoisonWeapons+1"],"picked":"SKIP","floor":45},{"not_picked":["ReplayTheSpireMod:Exploit Weakness+1"],"picked":"SKIP","floor":46},{"not_picked":["hubris:Sniper+1"],"picked":"SKIP","floor":47},{"not_picked":["Expertise+1"],"picked":"SKIP","floor":48},{"not_picked":["Bouncing Flask+1"],"picked":"SKIP","floor":54}],"player_experience":724673,"relics_obtained":[{"floor":7.0,"key":"Toxic Egg 2"},{"floor":9.0,"key":"Blue Doll"},{"floor":13.0,"key":"Bird Faced Urn"},{"floor":25.0,"key":"StuffTheSpire:Tea"},{"floor":26.0,"key":"hubris:MysteriousPyramids"},{"floor":27.0,"key":"Replay:PocketPolymizer"},{"floor":31.0,"key":"hubris:Metronome"},{"floor":40,"key":"Onion Ring"},{"floor":42,"key":"Shuriken"},{"floor":43,"key":"Pantograph"},{"floor":48,"key":"Gremlin Food"},{"floor":54,"key":"Turnip"}],"event_choices":[{"damage_healed":0.0,"max_hp_gain":0.0,"max_hp_loss":0.0,"gold_gain":100.0,"event_name":"Golden Shrine","player_choice":"Pray","floor":4.0,"gold_loss":0.0,"damage_taken":0.0},{"damage_healed":0.0,"max_hp_gain":0.0,"max_hp_loss":0.0,"gold_gain":0.0,"event_name":"The Woman in Blue","player_choice":"Bought 3 Potions","floor":20.0,"gold_loss":0.0,"damage_taken":0.0},{"damage_healed":0.0,"max_hp_gain":0.0,"max_hp_loss":0.0,"gold_gain":0.0,"event_name":"WeMeetAgain","player_choice":"Gave Potion","floor":22.0,"gold_loss":0.0,"damage_taken":0.0,"relics_obtained":["Omamori"]},{"damage_healed":4.0,"max_hp_gain":0.0,"max_hp_loss":0.0,"gold_gain":0.0,"event_name":"betterSkull:BetterSkull","player_choice":"LEAVE ","floor":30.0,"gold_loss":0.0,"damage_taken":0.0,"cards_upgraded":[],"relics_obtained":[]},{"damage_healed":0,"gold_gain":3,"player_choice":"1","damage_taken":0,"max_hp_gain":0,"max_hp_loss":0,"event_name":"betterStone:BetterStone","floor":44,"gold_loss":0}],"is_beta":false,"boss_relics":[{"not_picked":["StuffTheSpire:Kangaroo","conspire:SlowCooker"],"picked":"Runic Dome"},{"not_picked":["hubris:CrackedHourglass","hubris:GrandSneckoEye"],"picked":"Busted Crown"}],"items_purged_floors":[19,38,53],"is_endless":false,"potions_floor_spawned":[1,5,8,14,16,25,27,28,35,36,45,47,48],"ascension_level":9}}