{"host":"i2s4iw62z1dejrqn","time":1607684087,"event":{"mods":["AchievementEnabler","BaseMod","Minty Spire (QoL Compilation)","Random Character Button","SuperFastMode"],"gold_per_floor":[109,109,109,34,45,70,70,99,99,21,21,21],"floor_reached":11,"playtime":368,"items_purged":["Strike_G"],"score":146,"play_id":"80681e04-4101-480b-88a0-e8a3ff3414bb","local_time":"20201211195447","is_ascension_mode":true,"campfire_choices":[{"data":"Leg Sweep","floor":7,"key":"SMITH"}],"circlet_count":0,"master_deck":["Strike_G","Strike_G","Strike_G","Strike_G","Defend_G","Defend_G","Defend_G","Defend_G","Defend_G","Survivor","Neutralize+1","Leg Sweep+1","Accuracy","Poisoned Stab","Footwork"],"relics":["Ring of the Snake","NeowsBlessing","Question Card","MealTicket"],"acts_visited":["Exordium"],"potions_floor_usage":[8,8],"damage_taken":[{"damage":0,"enemies":"Cultist","floor":1,"turns":1},{"damage":0,"enemies":"Jaw Worm","floor":5,"turns":1},{"damage":0,"enemies":"3 Sentries","floor":6,"turns":2},{"damage":31,"enemies":"Lagavulin","floor":8,"turns":15},{"damage":53,"enemies":"3 Sentries","floor":11,"turns":14}],"seed_played":"9210887343077479994","potions_obtained":[{"floor":1,"key":"FearPotion"},{"floor":5,"key":"DuplicationPotion"}],"is_trial":false,"path_per_floor":["M","?","?","$","M","E","R","E","T","$","E"],"character_chosen":"THE_SILENT","items_purchased":["Footwork"],"campfire_rested":0,"item_purchase_floors":[10],"current_hp_per_floor":[63,63,63,63,63,63,63,32,32,47,0,0],"gold":21,"neow_bonus":"THREE_ENEMY_KILL","is_daily":false,"chose_seed":false,"campfire_upgraded":1,"win_rate":0.0,"timestamp":1607684087,"path_taken":["M","?","?","$","?","E","R","E","T","?","E"],"items_purchased_type":["Card"],"build_version":"2020-11-30","purchased_purges":1,"victory":false,"max_hp_per_floor":[70,70,70,70,70,70,70,70,70,70,70,70],"card_choices":[{"not_picked":["Dodge and Roll","Flying Knee"],"picked":"Leg Sweep","floor":1},{"not_picked":["All Out Attack","Cloak And Dagger","Quick Slash"],"picked":"SKIP","floor":5},{"not_picked":["Backflip","Dash"],"picked":"Accuracy","floor":6},{"not_picked":["Bane","Reflex","Deadly Poison"],"picked":"Poisoned Stab","floor":8}],"player_experience":416409,"relics_obtained":[{"floor":6,"key":"Question Card"},{"floor":8,"key":"MealTicket"}],"event_choices":[{"damage_healed":0,"gold_gain":0,"player_choice":"Ignored","damage_taken":0,"max_hp_gain":0,"max_hp_loss":0,"event_name":"Liars Game","floor":2,"gold_loss":0},{"damage_healed":0,"gold_gain":0,"player_choice":"Upgraded","damage_taken":0,"max_hp_gain":0,"max_hp_loss":0,"event_name":"Upgrade Shrine","floor":3,"gold_loss":0,"cards_upgraded":["Neutralize"]}],"is_beta":false,"boss_relics":[],"items_purged_floors":[4],"is_endless":false,"potions_floor_spawned":[1,5],"killed_by":"3 Sentries","ascension_level":8}}