{"host":"wppa8gky53tnknhf","time":1607649325,"event":{"mods":["AchievementEnabler","Act Like it!","BaseMod","Better Third Choice","BetterRewards","Card Forge","Colored Powertips","Energized Spire","Hubris","Infinite Spire","Marked Mod","Minty Spire (QoL Compilation)","Permanent Neow","Quick Restart","Rare Cards Sparkle","Relic Stats","Remove Card Discount Mod","Replay The Spire","Spikes Relics","Spire Birthday Party","StSLib"],"gold_per_floor":[112,123,135,135,153,187,206,237,263,263,275,62,62,78,78,183,183,193,225,241,260,279,279,279],"floor_reached":23,"playtime":1024,"items_purged":[],"score":322,"play_id":"28df761f-f61e-4bb8-9c3f-649ef1282d21","local_time":"20201211011525","is_ascension_mode":true,"campfire_choices":[{"floor":10.0,"key":"REST"},{"floor":15.0,"key":"RECALL"}],"circlet_count":0,"master_deck":["Strike_P+1","Strike_P+1","Strike_P+1","Strike_P+1","Defend_P+1","Defend_P+1","Defend_P+1","Defend_P+1","Eruption+1","Vigilance+1","MarkedMod:ChiBlock+1","BowlingBash+1","CarveReality+1","DevaForm+1","Halt+1","Judgement+1","ForeignInfluence+1","BowlingBash+1","MarkedMod:GracefulMovements+1","Replay:Hum+1","MarkedMod:GentlePulse+1","MarkedMod:NorthStar+1","SandsOfTime+1","FlyingSleeves","PathToVictory","BowlingBash"],"relics":["PureWater","Hammer of Thor","Seething Fire","Anvil of the Gods","Juzu Bracelet","Blood Vial","Tiny Chest","ChewingGum","Red Mask"],"acts_visited":["Exordium","TheCity"],"potions_floor_usage":[],"damage_taken":[{"damage":6.0,"enemies":"Jaw Worm","floor":1.0,"turns":4.0},{"damage":0.0,"enemies":"Small Slimes","floor":2.0,"turns":4.0},{"damage":0.0,"enemies":"Cultist","floor":3.0,"turns":2.0},{"damage":9.0,"enemies":"Blue Slaver","floor":5.0,"turns":4.0},{"damage":0.0,"enemies":"Replay:BlueRogue","floor":6.0,"turns":6.0},{"damage":0.0,"enemies":"3 Louse","floor":7.0,"turns":4.0},{"damage":0.0,"enemies":"3 Sentries","floor":8.0,"turns":6.0},{"damage":11.0,"enemies":"Lots of Slimes","floor":11.0,"turns":4.0},{"damage":2.0,"enemies":"Exordium Thugs","floor":14.0,"turns":5.0},{"damage":0.0,"enemies":"Slime Boss","floor":16.0,"turns":4.0},{"damage":2.0,"enemies":"Chosen","floor":18.0,"turns":4.0},{"damage":12.0,"enemies":"Masked Bandits","floor":19.0,"turns":3.0},{"damage":16.0,"enemies":"2 Thieves","floor":20.0,"turns":3.0},{"damage":20.0,"enemies":"Shelled Parasite and Fungi","floor":21.0,"turns":3.0},{"damage":6.0,"enemies":"Centurion and Healer","floor":22.0,"turns":5.0},{"damage":26,"enemies":"Replay:Snechameleon","floor":23,"turns":5}],"seed_played":"4495095003392465002","potions_obtained":[{"floor":1.0,"key":"Weak Potion"},{"floor":5.0,"key":"Swift Potion"},{"floor":7.0,"key":"PowerPotion"},{"floor":20.0,"key":"Reflective Coating"},{"floor":22.0,"key":"SteroidPotion"}],"is_trial":false,"path_per_floor":["M","M","M","?","M","E","M","E","T","R","M","$","?","M","R","B",null,"M","?","M","M","M","E"],"character_chosen":"WATCHER","items_purchased":["Tiny Chest","MarkedMod:GracefulMovements"],"campfire_rested":1,"item_purchase_floors":[12,12],"current_hp_per_floor":[66,66,66,66,57,57,57,57,57,72,61,61,61,61,61,63,72,70,60,46,28,24,0,0],"gold":279,"neow_bonus":"ONE_RANDOM_RARE_CARD","is_daily":false,"chose_seed":false,"campfire_upgraded":0,"win_rate":0.0,"timestamp":1607649325,"path_taken":["M","M","M","?","M","E","M","E","T","R","M","$","?","M","R","BOSS","M","?","M","M","M","E"],"items_purchased_type":["Relic","Card"],"build_version":"2020-11-30","purchased_purges":0,"victory":false,"max_hp_per_floor":[72,72,72,72,72,72,72,72,72,72,72,72,72,72,72,72,72,72,72,72,72,72,72,72],"relic_stats":{"Blood Vial":14,"counters":[16,66],"Tiny Chest":0,"Juzu Bracelet":0,"obtain_stats":[{"Blood Vial":8,"Anvil of the Gods":0,"Tiny Chest":12,"ChewingGum":17,"Hammer of Thor":0,"Juzu Bracelet":6,"Red Mask":19,"Seething Fire":0,"PureWater":0},{"Blood Vial":7,"Anvil of the Gods":0,"Tiny Chest":8,"ChewingGum":10,"Hammer of Thor":0,"Juzu Bracelet":5,"Red Mask":12,"Seething Fire":0,"PureWater":0},{"Blood Vial":30,"Anvil of the Gods":0,"Tiny Chest":34,"ChewingGum":43,"Hammer of Thor":0,"Juzu Bracelet":20,"Red Mask":50,"Seething Fire":0,"PureWater":0}]},"card_choices":[{"not_picked":["CutThroughFate","Consecrate"],"picked":"BowlingBash","floor":1.0},{"not_picked":["Swivel","CutThroughFate"],"picked":"SashWhip","floor":2.0},{"not_picked":["ThirdEye","InnerPeace"],"picked":"CarveReality","floor":3.0},{"not_picked":["Evaluate","WindmillStrike"],"picked":"DevaForm","floor":5.0},{"not_picked":["SashWhip","JustLucky"],"picked":"Halt","floor":6.0},{"not_picked":["EmptyFist","Meditate"],"picked":"Judgement","floor":7.0},{"not_picked":["JustLucky","Collect"],"picked":"ForeignInfluence","floor":8.0},{"not_picked":["DeceiveReality","Crescendo"],"picked":"BowlingBash","floor":11.0},{"not_picked":["Replay:Anticipation","ReachHeaven"],"picked":"MarkedMod:GentlePulse","floor":14.0},{"not_picked":["Establishment","Alpha"],"picked":"MarkedMod:NorthStar","floor":16.0},{"not_picked":["Swivel","DeceiveReality+1","Crescendo"],"picked":"SKIP","floor":18.0},{"not_picked":["Protect","Crescendo"],"picked":"SandsOfTime+1","floor":19.0},{"not_picked":["SashWhip","FlurryOfBlows+1"],"picked":"FlyingSleeves","floor":20.0},{"not_picked":["Sanctity","TalkToTheHand+1"],"picked":"PathToVictory","floor":21.0},{"not_picked":["Replay:Cycle","Wireheading"],"picked":"BowlingBash","floor":22.0}],"player_experience":658650,"relics_obtained":[{"floor":6.0,"key":"Juzu Bracelet"},{"floor":8.0,"key":"Blood Vial"},{"floor":19.0,"key":"Red Mask"}],"event_choices":[{"damage_healed":0.0,"max_hp_gain":0.0,"max_hp_loss":0.0,"gold_gain":0.0,"event_name":"Masked Bandits","player_choice":"Fought Bandits","floor":19.0,"gold_loss":0.0,"damage_taken":0.0}],"is_beta":false,"boss_relics":[{"not_picked":["Pandora\u0027s Box","Calling Bell"],"picked":"ChewingGum"}],"items_purged_floors":[],"is_endless":false,"potions_floor_spawned":[1,5,7,14,20,21,22],"killed_by":"Replay:Snechameleon","ascension_level":1}}