{"host":"uxcj4mbfd6al3ksq","time":1607725002,"event":{"mods":["AchievementEnabler","Aspiration","Bard","BaseMod","Beaked The Cultist","Better Altar","Better Match","Better Note","Better Sensory Stone","Better Skull","Better Third Choice","BetterRewards","CCEM","Clawfect","Colored Map","Conspire","Downfall","GifTheSpireLib","Googly Eyes","Halation","Hermit","Highlight Path","Hubris","Hunter ??","Infinite Spire","Jedi Mod","Jorbs\u0027s Wanderer Trilogy","Mad Scientist","Marisa????????","Mimic Mod","Minty Spire (QoL Compilation)","Permanent Neow","Replay The Spire","Shade Mod","Shop Mod","Spicy Shops","StSLib","Stuff the Spire","The Administrix","The Blackbeard","The Bug Knight","The Construct","The Cursed","The Disciple","The Gatherer","The Hierophant","The IronCluck","The Jungle","The Mystic","The Necromancer","The Problem Sleuth","The Runesmith","The Servant 0.9.4","The Spell Scribe","The Witch","Unceasing Turn Reminder","[IsaacMod]????","everything is the same but u backflip on backflip","slay the spire mod where everything is the same but ironclad has a cowboy hat"],"gold_per_floor":[115,15,28,41,52,84,0,0,36,52,67,67,98,98,98,196,196,211,223,54,68,68,101,26,37,106,106,118,128,140,157,157,260,260,276,327,337,81,91,116,116,116,116,127,138,138,138,166,166,267,267,266,265,268,268,312,308,308,304,330,335,300,100,97,102,102,3,3],"floor_reached":67,"playtime":8805,"items_purged":["Strike_S","Strike_S","Defend_S"],"score":1147,"play_id":"ad1aafb5-1ecd-4e54-a3b3-b5158f7717cd","local_time":"20201211231642","is_ascension_mode":false,"campfire_choices":[{"floor":8,"key":"REST"},{"floor":12,"key":"REST"},{"data":"ReplayTheSpireMod:Black Plague","floor":15,"key":"SMITH"},{"data":"Ghostly","floor":27,"key":"SMITH"},{"floor":32,"key":"REST"},{"floor":41,"key":"REST"},{"floor":49,"key":"REST"},{"data":"infinitespire:Oblivion","floor":66,"key":"SMITH"}],"circlet_count":0,"master_deck":["Strike_S","Strike_S","Defend_S","Defend_S","Defend_S","KidneyShot","Exchange","Moonlight","Ghostly+1","Beam Cell","BottledTime","MurderousAura","Enlightenment","Comet","Revamp","Barrier","Chaos","ReplayTheSpireMod:Black Plague+1","Machine Learning","Defy","Snipe+1","Comet","Replay:SS_fish_1","Poisoned Strike","Replace+1","BestPractice","BottledTime","BottledTime","SilverBlades","Defy","BottledTime","MurderousAura","Ricochet","Spin+1","BottledTime+1","SpecialFormula","InstantArmor","infinitespire:Oblivion+1","BestPractice+1","Dilation","SurpressingFire","infinitespire:FutureSight","ReturningBlade","StuffTheSpire:Innocence","Advance"],"relics":["Uniform","HushsDoor","aspiration:Nostalgia","m_SpellCore","BookOfRevelations","StuffTheSpire:DarkSteelAnvil","Pen Nib","infinitespire:Golems Mask","aspiration:SecretTechniqueScroll","ReplayTheSpireMod:ShopPack","halation:BottledLove","NineVolt","hubris:RunicObelisk","GuppysPaw","Replay:Towering Pillar of Hats","CCEMRelics:WrappedPresent","infinitespire:Joker Card","StuffTheSpire:Barrel","Regal Pillow","Chameleon Ring","UnicornStump","MagicMushroom","Smiling Mask","ReplayTheSpireMod:TigerMarble","halation:PromiseList"],"acts_visited":["Exordium","TheCity","TheBeyond","Exordium"],"potions_floor_usage":[6,11,19,21,29,31,33,45,48,50,59,64,67,67],"damage_taken":[{"damage":15,"enemies":"2 Louse","floor":1,"turns":3},{"damage":0,"enemies":"Jaw Worm","floor":3,"turns":4},{"damage":0,"enemies":"Cultist","floor":4,"turns":3},{"damage":0,"enemies":"Large Slime","floor":5,"turns":3},{"damage":38,"enemies":"Lagavulin","floor":6,"turns":10},{"damage":3,"enemies":"3 Louse","floor":9,"turns":7},{"damage":2,"enemies":"3 Louse","floor":10,"turns":4},{"damage":7,"enemies":"conspire:2 RoseBushes","floor":11,"turns":3},{"damage":1,"enemies":"Replay:BlueRogue","floor":13,"turns":5},{"damage":0,"enemies":"Slime Boss","floor":16,"turns":7},{"damage":0,"enemies":"Chosen","floor":18,"turns":2},{"damage":0,"enemies":"Shell Parasite","floor":19,"turns":3},{"damage":0,"enemies":"Centurion and Healer","floor":21,"turns":6},{"damage":0,"enemies":"conspire:Head Lice","floor":23,"turns":5},{"damage":5,"enemies":"Sentry and Sphere","floor":25,"turns":5},{"damage":12,"enemies":"conspire:HollyBat","floor":28,"turns":6},{"damage":4,"enemies":"Snake Plant","floor":29,"turns":3},{"damage":3,"enemies":"Centurion and Healer","floor":30,"turns":6},{"damage":9,"enemies":"Cultist and Chosen","floor":31,"turns":7},{"damage":14,"enemies":"hubris:MusketHawk","floor":33,"turns":7},{"damage":0,"enemies":"3 Darklings","floor":35,"turns":6},{"damage":43,"enemies":"2 Orb Walkers","floor":36,"turns":6},{"damage":0,"enemies":"3 Shapes","floor":37,"turns":3},{"damage":0,"enemies":"Transient","floor":39,"turns":5},{"damage":0,"enemies":"Giant Head","floor":40,"turns":6},{"damage":0,"enemies":"Sphere and 2 Shapes","floor":44,"turns":4},{"damage":0,"enemies":"4 Shapes","floor":45,"turns":4},{"damage":41,"enemies":"Nightmare","floor":48,"turns":7},{"damage":30,"enemies":"hubris:GrandSnecko","floor":50,"turns":12},{"damage":0,"enemies":"Jaw Worm","floor":52,"turns":2},{"damage":0,"enemies":"Cultist","floor":53,"turns":1},{"damage":0,"enemies":"Small Slimes","floor":54,"turns":2},{"damage":0,"enemies":"Lagavulin","floor":57,"turns":4},{"damage":0,"enemies":"Gremlin Gang","floor":59,"turns":2},{"damage":0,"enemies":"2 Fungi Beasts","floor":61,"turns":2},{"damage":0,"enemies":"Lots of Slimes","floor":64,"turns":2},{"damage":0,"enemies":"Exordium Wildlife","floor":65,"turns":1},{"damage":46,"enemies":"Delirium","floor":67,"turns":12}],"seed_played":"8935696150386304336","potions_obtained":[{"floor":4,"key":"Explosive Potion"},{"floor":6,"key":"Energy Potion"},{"floor":10,"key":"DistilledChaos"},{"floor":13,"key":"LifebloodPotion"},{"floor":16,"key":"Reflective Coating"},{"floor":28,"key":"Swift Potion"},{"floor":29,"key":"sneckomod:MuddlingPotion"},{"floor":30,"key":"LiquidBronze"},{"floor":36,"key":"Energy Potion"},{"floor":40,"key":"Swift Potion"},{"floor":45,"key":"Fire Potion"},{"floor":50,"key":"FearPotion"},{"floor":53,"key":"Swift Potion"},{"floor":64,"key":"SkillPotion"}],"is_trial":false,"path_per_floor":["M","?","M","M","M","E","?","R","MIM","M","M","R","E","?","R","B",null,"M","M","$","M","?","E","$","M","T","R","M","M","M","M","R","B",null,"M","?","M","$","M","E","R","$","T","M","M","AVR","?","NM","R","B",null,"M","M","M","AVR","?","E","?","M","T","M","?","$","M","M","R","B"],"character_chosen":"THE_SERVANT","items_purchased":["ReplayTheSpireMod:ShopPack","Comet","NineVolt","GuppysPaw","CCEMRelics:WrappedPresent","halation:PromiseList"],"campfire_rested":5,"item_purchase_floors":[20,20,24,34,38,63],"current_hp_per_floor":[50,50,50,50,50,12,18,39,36,34,27,48,47,31,31,31,71,71,71,71,71,71,71,71,66,66,66,54,50,47,38,59,45,61,61,18,18,28,28,28,45,45,45,45,54,54,57,16,48,23,31,31,31,31,31,16,17,10,11,11,12,19,19,20,20,20,0,0],"gold":3,"neow_bonus":"NOSTALGIA","is_daily":false,"chose_seed":false,"campfire_upgraded":3,"win_rate":0.0,"timestamp":1607725002,"path_taken":["M","?","M","M","?","E","?","R","MIM","M","M","R","E","?","R","BOSS","M","?","?","M","?","E","$","M","T","R","?","M","?","M","R","BOSS","M","?","M","$","M","E","R","$","T","M","?","AVR","?","NM","R","BOSS","M","M","M","AVR","?","E","?","M","T","M","?","$","M","?","R","BOSS"],"items_purchased_type":["Relic","Card","Relic","Relic","Relic","Relic"],"build_version":"2020-11-30","purchased_purges":3,"victory":false,"max_hp_per_floor":[65,65,65,65,65,65,71,71,71,71,71,71,71,71,71,71,71,71,71,71,71,71,71,71,71,71,71,71,71,71,71,71,71,61,61,61,52,57,57,57,57,57,57,57,57,57,57,57,57,24,31,31,31,31,31,31,31,31,31,31,31,31,31,31,31,31,31,31],"card_choices":[{"not_picked":[],"picked":"ChaosCard","floor":0},{"not_picked":["Revamp","Bomb"],"picked":"Moonlight","floor":1},{"not_picked":["Replace","ShatteredReality"],"picked":"Beam Cell","floor":3},{"not_picked":["Moonlight","DoubleEdge"],"picked":"BottledTime","floor":4},{"not_picked":["Potential","Gash","Spin"],"picked":"SKIP","floor":5},{"not_picked":["Misdirection","Spin"],"picked":"MurderousAura","floor":6},{"not_picked":["Bomb","BottledTime"],"picked":"Comet","floor":9},{"not_picked":["Capacitor","Unruled"],"picked":"Revamp","floor":10},{"not_picked":["Go for the Eyes","Sabotage"],"picked":"Barrier","floor":11},{"not_picked":["Conserve Battery","Turbo"],"picked":"Chaos","floor":13},{"not_picked":["hubris:Rewind","ReplayTheSpireMod:Haul"],"picked":"ReplayTheSpireMod:Black Plague","floor":14},{"not_picked":["ForgedInTime","Sunlight"],"picked":"Machine Learning","floor":16},{"not_picked":["Revamp","FanOfKnives"],"picked":"Defy","floor":18},{"not_picked":["FastForward","Potential"],"picked":"Snipe+1","floor":19},{"not_picked":["Mayhem","Blind"],"picked":"Replay:SS_fish_1","floor":20},{"not_picked":["Impatience","Purity"],"picked":"Poisoned Strike","floor":20},{"not_picked":["Snipe","BestPractice"],"picked":"Replace+1","floor":21},{"not_picked":["Starlight","ShatteredReality"],"picked":"BestPractice","floor":23},{"not_picked":["Replace","Potential+1"],"picked":"BottledTime","floor":25},{"not_picked":["Solidify","Rearm"],"picked":"BottledTime","floor":28},{"not_picked":["ReturningBlade","Rewind"],"picked":"SilverBlades","floor":29},{"not_picked":["ShatteredReality+1","RealityMarble"],"picked":"Defy","floor":30},{"not_picked":["Moonlight","Deny"],"picked":"BottledTime","floor":31},{"not_picked":["PendulumOfEternity","ForgedInTime"],"picked":"MurderousAura","floor":33},{"not_picked":["Alleviate","Defy+1"],"picked":"Ricochet","floor":35},{"not_picked":["Ricochet","Advance+1"],"picked":"Spin+1","floor":36},{"not_picked":["Unruled","SoulSculpture","TimeWarp+1"],"picked":"SKIP","floor":37},{"not_picked":["TimeWarp+1","ReturningBlade+1"],"picked":"BottledTime+1","floor":39},{"not_picked":["Spin+1","Rearm","Defy"],"picked":"SKIP","floor":40},{"not_picked":["Barrier","TimeWarp"],"picked":"SpecialFormula","floor":44},{"not_picked":["Potential","Starlight+1"],"picked":"InstantArmor","floor":45},{"not_picked":["RealityMarble","Potential"],"picked":"BestPractice+1","floor":48},{"not_picked":["KillingDoll","LightFlow"],"picked":"Dilation","floor":50},{"not_picked":["Defy","Replace"],"picked":"SurpressingFire","floor":52},{"not_picked":["ShatteredReality","Ricochet","Alleviate"],"picked":"SKIP","floor":53},{"not_picked":["MoonPhase","Defy","FanOfKnives"],"picked":"SKIP","floor":54},{"not_picked":["ShatteredReality","RealityMarble"],"picked":"ReturningBlade","floor":57},{"not_picked":["Starlight","GearUp"],"picked":"Advance","floor":59},{"not_picked":["MoonPhase","Defy","Revamp"],"picked":"SKIP","floor":61},{"not_picked":["TimeWarp","Spin","Rearm"],"picked":"SKIP","floor":64},{"not_picked":["FanOfKnives","Rearm","Revamp"],"picked":"SKIP","floor":65}],"player_experience":181521,"relics_obtained":[{"floor":6,"key":"StuffTheSpire:DarkSteelAnvil"},{"floor":9,"key":"Pen Nib"},{"floor":13,"key":"infinitespire:Golems Mask"},{"floor":23,"key":"halation:BottledLove"},{"floor":36,"key":"Replay:Towering Pillar of Hats"},{"floor":38,"key":"infinitespire:Joker Card"},{"floor":40,"key":"StuffTheSpire:Barrel"},{"floor":43,"key":"Regal Pillow"},{"floor":48,"key":"UnicornStump"},{"floor":57,"key":"Smiling Mask"},{"floor":60,"key":"ReplayTheSpireMod:TigerMarble"}],"event_choices":[{"damage_healed":0,"gold_gain":0,"player_choice":"Argue","damage_taken":0,"max_hp_gain":0,"max_hp_loss":0,"event_name":"conspire:LoneGhost","floor":2,"gold_loss":0},{"damage_healed":0,"gold_gain":0,"player_choice":"RENOUNCE","damage_taken":84,"max_hp_gain":0,"max_hp_loss":0,"event_name":"betterThird:BetterSerpent","floor":7,"gold_loss":84,"cards_obtained":["Enlightenment"]},{"cards_removed":["ReplayTheSpireMod:Black Plague"],"damage_healed":0,"gold_gain":0,"player_choice":"Give","damage_taken":0,"max_hp_gain":0,"max_hp_loss":0,"event_name":"betterNote:BetterNote","floor":22,"gold_loss":0,"cards_obtained":["Strike_R"]},{"damage_healed":0,"gold_gain":0,"player_choice":"Fight","damage_taken":0,"max_hp_gain":0,"max_hp_loss":0,"event_name":"Mysterious Sphere","floor":36,"gold_loss":0},{"damage_healed":7,"gold_gain":0,"player_choice":"Healed","damage_taken":0,"max_hp_gain":0,"max_hp_loss":0,"event_name":"The Cleric","floor":62,"gold_loss":35}],"is_beta":false,"boss_relics":[{"not_picked":["halation:Risk","halation:MonkeysPaw"],"picked":"aspiration:SecretTechniqueScroll"},{"not_picked":[]},{"not_picked":["halation:PlatinumPhoenix","Tiny House"],"picked":"hubris:RunicObelisk"},{"not_picked":[]},{"not_picked":["StuffTheSpire:RunicHypercube","Honey Jar"],"picked":"MagicMushroom"},{"not_picked":[]}],"items_purged_floors":[20,46,63],"is_endless":true,"potions_floor_spawned":[4,6,10,13,16,28,29,30,36,40,45,50,53,54,64],"killed_by":"Delirium","ascension_level":0}}