{"host":"qqjv58wfhopf6ysa","time":1607709967,"event":{"mods":["AchievementEnabler","Aspiration","BaseMod","Conspire","Hubris","Infinite Spire","Minty Spire (QoL Compilation)","Quick Restart","Replay The Spire","StSLib","SuperFastMode","vexMod"],"gold_per_floor":[119,136,148,148,148,148,167,167,240,83,131,131,131,165,165,165,165],"floor_reached":16,"playtime":382,"items_purged":["Defend_B+1"],"score":123,"play_id":"e7f7071f-e398-498a-b0cd-72ef31d35307","local_time":"20201212030607","is_ascension_mode":false,"campfire_choices":[{"data":"Dualcast","floor":6,"key":"SMITH"},{"data":"Madness","floor":12,"key":"SMITH"},{"floor":15,"key":"REST"}],"circlet_count":0,"master_deck":["Strike_B","Strike_B","Strike_B","Defend_B+1","Defend_B+1","Defend_B+1","Zap","Dualcast+1","Chill","Coolheaded+1","Madness+1","hubris:Rewind"],"relics":["Cracked Core","NeowsBlessing","Replay:Bottled Eggs","Snack Pack","conspire:Dentures"],"acts_visited":["Exordium"],"potions_floor_usage":[14],"damage_taken":[{"damage":0,"enemies":"Cultist","floor":1,"turns":1},{"damage":0,"enemies":"Small Slimes","floor":2,"turns":1},{"damage":0,"enemies":"Jaw Worm","floor":3,"turns":1},{"damage":0,"enemies":"Exordium Wildlife","floor":7,"turns":4},{"damage":23,"enemies":"conspire:MimicChest","floor":11,"turns":10},{"damage":13,"enemies":"Lagavulin","floor":14,"turns":7},{"damage":40,"enemies":"Fading Forest","floor":16,"turns":9}],"seed_played":"2572180986787148673","potions_obtained":[{"floor":3,"key":"SkillPotion"},{"floor":7,"key":"FearPotion"},{"floor":11,"key":"Dexterity Potion"}],"is_trial":false,"path_per_floor":["M","M","M","?","?","R","M","?","T","$","?","R","?","E","R","B"],"character_chosen":"DEFECT","items_purchased":["Madness"],"campfire_rested":1,"item_purchase_floors":[10],"current_hp_per_floor":[75,75,75,80,80,80,80,64,64,64,41,41,21,8,32,0,0],"gold":165,"neow_bonus":"THREE_ENEMY_KILL","is_daily":false,"chose_seed":false,"campfire_upgraded":2,"win_rate":0.0,"timestamp":1607709967,"path_taken":["M","?","M","?","?","R","?","?","T","$","?","R","?","E","R","BOSS"],"items_purchased_type":["Card"],"build_version":"2020-11-30","purchased_purges":1,"victory":false,"max_hp_per_floor":[75,75,75,80,80,80,80,80,80,80,80,80,80,80,80,80,80],"card_choices":[{"not_picked":["Hologram","Panic Button","Beam Cell"],"picked":"SKIP","floor":1},{"not_picked":["Aggregate","Rebound"],"picked":"Chill","floor":2},{"not_picked":["Gash","Ball Lightning"],"picked":"Coolheaded","floor":3},{"not_picked":["Streamline","Sweeping Beam","Steam"],"picked":"SKIP","floor":7},{"not_picked":["infinitespire:Execution","Replay:Fractal Strike"],"picked":"hubris:Rewind","floor":13},{"not_picked":["Hello World","Aggregate","Force Field"],"picked":"SKIP","floor":14}],"player_experience":310726,"relics_obtained":[{"floor":9,"key":"Replay:Bottled Eggs"},{"floor":11,"key":"Snack Pack"},{"floor":14,"key":"conspire:Dentures"}],"event_choices":[{"damage_healed":0,"gold_gain":0,"player_choice":"Donut","damage_taken":0,"max_hp_gain":5,"max_hp_loss":0,"event_name":"Big Fish","floor":4,"gold_loss":0},{"cards_removed":["Strike_B"],"damage_healed":0,"gold_gain":0,"player_choice":"Purged","damage_taken":0,"max_hp_gain":0,"max_hp_loss":0,"event_name":"Purifier","floor":5,"gold_loss":0},{"damage_healed":0,"gold_gain":0,"player_choice":"Entered Light","damage_taken":16,"max_hp_gain":0,"max_hp_loss":0,"event_name":"Shining Light","floor":8,"gold_loss":0,"cards_upgraded":["Coolheaded","Defend_B"]}],"is_beta":false,"boss_relics":[],"items_purged_floors":[10],"is_endless":false,"potions_floor_spawned":[3,7,11],"killed_by":"Fading Forest","ascension_level":0}}