{"host":"qzpuxnheibnu7155","time":1607686480,"event":{"mods":["Act Like it!","BaseMod","Displayed Cursed Tome","Minty Spire (QoL Compilation)","MostiFishMod","Pale of the Ancients","Remilia（蕾米莉亚）","RumiaBox-露米娅的神秘盒子","StSLib","TestMod","Waifu the Spire","【功能Mod】Neow奖励","【遗物卡牌】REMEMod","没有小屋子和绿帽子啦"],"gold_per_floor":[123,134,209,221,146,177,261,261,261,278,278,284,200,215,215,293,293,314,314,318,344,344,344,383,395,430,491,562,574,607,640,652,746,758,790,814,559,781,781,781,838,882,934,974,974,998,1027,1055,1055,1059,1073,1112,1137,1137,496,496,517,517,36,36,58],"floor_reached":62,"playtime":3699,"items_purged":["Strike_RM","Defend_RM"],"score":3266,"play_id":"55c66e10-c33e-4e74-9a1a-2d3990719c60","local_time":"20201211193440","is_ascension_mode":true,"campfire_choices":[{"data":"MastersStateliness","floor":8.0,"key":"SMITH"},{"data":"QueenOfMidnight","floor":15.0,"key":"SMITH"},{"data":"MastersStateliness","floor":23.0,"key":"SMITH"},{"data":"UnstableMagic","floor":25.0,"key":"SMITH"},{"floor":29.0,"key":"RECALL"},{"data":"VampirishNight","floor":32.0,"key":"SMITH"},{"data":"testmod-AssimilatedRune","floor":40.0,"key":"SMITH"},{"data":"MastersStateliness","floor":49.0,"key":"SMITH"},{"data":"MastersStateliness","floor":56,"key":"SMITH"},{"floor":58,"key":"REST"}],"circlet_count":0,"master_deck":["Strike_RM","Defend_RM","RedMoon","ScarletShoot","Infernal Blade","FavorOfDestiny","UnstableMagic+1","MastersStateliness+1","DiffusionOfMisfortune+1","BombardNight+1","QueenOfMidnight+1","DemonKingCradle","MastersStateliness+1","BloodyHallows","BombardNight+1","MastersStateliness+1","ScarletDevil+1","DiffusionOfMisfortune+1","LeisurelyOfLord+1","DiffusionOfMisfortune+1","BlasphemousPunishment+1","VampirishNight+1","RedNightlessCastle+1","ScarletMeister","Maim","MastersStateliness+1","MastersStateliness+1","BloodyHallows","testmod-AssimilatedRune+1","BombardNight+1","MastersStateliness+1","BlasphemousPunishment+1","testmod-Arrangement+1","DiffusionOfMisfortune+1","Ultimatum+1","BloodyHallows","ScarletDream+1"],"relics":["ScarletHat","DaveBox","testmod-TestBox","REME_ComplimentaryCards","JellyFishMachine","testmod-TheFather","Question Card","Molten Egg 2","Happy Flower","Anchor","ImportantClient","APieceOfRedMist","Nilry\u0027s Codex","MawBank","testmod-Antiphasic","ScarletDevilRocket","Red Mask","Baka2","REME_LowDesire","Omamori","Toy Ornithopter","DollysMirror","ZombieArmy","Sundial","White Beast Statue","paleoftheancients:Timepiece","paleoftheancients:KeyRelic","paleoftheancients:SoulOfTheIroncluck","Pear","REME_PuzzleBoxRelic","Blood Vial","ClockworkSouvenir","Bottled Flame"],"acts_visited":["Exordium","TheCity","TheBeyond","paleoftheancients:PaleOfTheAncients"],"potions_floor_usage":[61,61],"damage_taken":[{"damage":0.0,"enemies":"Cultist","floor":1.0,"turns":4.0},{"damage":3.0,"enemies":"Jaw Worm","floor":2.0,"turns":8.0},{"damage":0.0,"enemies":"Small Slimes","floor":4.0,"turns":1.0},{"damage":1.0,"enemies":"Gremlin Nob","floor":6.0,"turns":3.0},{"damage":1.0,"enemies":"Gremlin Nob","floor":7.0,"turns":4.0},{"damage":0.0,"enemies":"2 Fungi Beasts","floor":10.0,"turns":2.0},{"damage":0.0,"enemies":"Lagavulin","floor":12.0,"turns":3.0},{"damage":0.0,"enemies":"3 Louse","floor":13.0,"turns":2.0},{"damage":0.0,"enemies":"Lots of Slimes","floor":14.0,"turns":1.0},{"damage":25.0,"enemies":"Slime Boss","floor":16.0,"turns":4.0},{"damage":8.0,"enemies":"Shell Parasite","floor":18.0,"turns":2.0},{"damage":0.0,"enemies":"Spheric Guardian","floor":20.0,"turns":2.0},{"damage":0.0,"enemies":"Chosen and Byrds","floor":21.0,"turns":2.0},{"damage":10.0,"enemies":"Slavers","floor":24.0,"turns":2.0},{"damage":6.0,"enemies":"Masked Bandits","floor":28.0,"turns":2.0},{"damage":3.0,"enemies":"3 Cultists","floor":30.0,"turns":1.0},{"damage":10.0,"enemies":"Snake Plant","floor":31.0,"turns":1.0},{"damage":19.0,"enemies":"Collector","floor":33.0,"turns":3.0},{"damage":0.0,"enemies":"Orb Walker","floor":35.0,"turns":1.0},{"damage":0.0,"enemies":"3 Shapes","floor":36.0,"turns":1.0},{"damage":2.0,"enemies":"2 Orb Walkers","floor":41.0,"turns":2.0},{"damage":31.0,"enemies":"Transient","floor":42.0,"turns":4.0},{"damage":0.0,"enemies":"Reptomancer","floor":44.0,"turns":2.0},{"damage":0.0,"enemies":"3 Darklings","floor":46.0,"turns":1.0},{"damage":10.0,"enemies":"Nemesis","floor":47.0,"turns":1.0},{"damage":22.0,"enemies":"Maw","floor":48.0,"turns":3.0},{"damage":42.0,"enemies":"Time Eater","floor":50.0,"turns":4.0},{"damage":26.0,"enemies":"Donu and Deca","floor":51.0,"turns":5.0},{"damage":23,"enemies":"Donu and Deca","floor":52,"turns":3},{"damage":96,"enemies":"Donu and Deca","floor":53,"turns":4},{"damage":120,"enemies":"Donu and Deca","floor":57,"turns":4},{"damage":260,"enemies":"paleoftheancients:N","floor":61,"turns":6}],"seed_played":"-2645722547706857073","potions_obtained":[{"floor":2.0,"key":"Energy Potion"},{"floor":2.0,"key":"FearPotion"},{"floor":4.0,"key":"ColorlessPotion"},{"floor":6.0,"key":"SkillPotion"},{"floor":10.0,"key":"Regen Potion"},{"floor":12.0,"key":"Strength Potion"},{"floor":12.0,"key":"AttackPotion"},{"floor":14.0,"key":"PowerPotion"},{"floor":30.0,"key":"CultistPotion"},{"floor":33.0,"key":"testmod-EscapePotion"},{"floor":36.0,"key":"DistilledChaos"},{"floor":44.0,"key":"PowerPotion"},{"floor":52,"key":"DistilledChaos"},{"floor":52,"key":"Block Potion"},{"floor":53,"key":"SkillPotion"}],"is_trial":false,"path_per_floor":["M","M","?","M","?","E","?","R","T","M","?","E","M","M","R","B",null,"M","?","M","M","?","R","E","R","T","T","?","R","M","M","R","B",null,"M","M","$","?","?","R","?","M","T","E","?","M","E","M","R","B","B","M","M","?","$","R","M","R","$","?","B",null],"character_chosen":"REMILIA","items_purchased":["DollysMirror","BloodyHallows","Pear","FairyPotion","BloodyHallows","REME_PuzzleBoxRelic","Blood Vial","ClockworkSouvenir","Bottled Flame"],"campfire_rested":1,"item_purchase_floors":[37,37,55,55,55,55,59,59,59],"current_hp_per_floor":[65,70,59,59,59,63,62,62,62,62,62,71,71,71,71,60,90,90,90,93,93,72,72,72,72,72,72,66,66,66,76,76,63,91,91,91,91,91,91,91,96,100,100,100,100,100,100,100,100,100,100,95,100,100,110,110,50,83,83,83,58],"gold":58,"neow_bonus":"REMOVE_CARD","is_daily":false,"chose_seed":false,"campfire_upgraded":8,"win_rate":0.0,"timestamp":1607686480,"path_taken":["M","?","?","M","?","E","?","R","T","M","?","E","?","M","R","BOSS","M","?","?","M","?","R","E","R","T","?","?","R","M","?","R","BOSS","M","M","$","?","?","R","?","M","T","E","?","?","E","M","R","BOSS","BOSS","M","M","?","$","R","M","R","$","?","BOSS"],"items_purchased_type":["Relic","Card","Relic","Potion","Card","Relic","Relic","Relic","Relic"],"build_version":"2020-11-30","purchased_purges":2,"victory":true,"max_hp_per_floor":[70,100,100,100,100,100,100,100,100,100,100,100,100,100,100,100,100,100,100,100,100,100,100,100,100,100,100,100,100,100,100,100,100,100,100,100,100,100,100,100,100,100,100,100,100,100,100,100,100,100,100,100,100,100,110,110,110,110,110,110,120],"card_choices":[{"not_picked":["ScarletGensokyo","BloodAndWine"],"picked":"FavorOfDestiny","floor":1.0},{"not_picked":["StarOfDavid","NightDance","ScarletImprint"],"picked":"UnstableMagic","floor":2.0},{"not_picked":["NightLord","DiffusionOfMisfortune","BlasphemousPunishment"],"picked":"MastersStateliness","floor":4.0},{"not_picked":["UnstableMagic","SuperhumanBloodyKnife+1","StarOfDavid+1","BlasphemousPunishment"],"picked":"SKIP","floor":6.0},{"not_picked":["UnderTheZenith","RedRainbow+1","ScarletImprint+1"],"picked":"DiffusionOfMisfortune+1","floor":7.0},{"not_picked":["MillenniumVampire","DevilSight","ScarletDevil+1"],"picked":"BombardNight+1","floor":10.0},{"not_picked":["EndlessAdversity+1","Stigmanizer+1","BadLadyScramble"],"picked":"DemonKingCradle","floor":12.0},{"not_picked":["UnderTheZenith","ScarletImprint+1","CharismaGuard"],"picked":"MastersStateliness","floor":13.0},{"not_picked":["ScarletGensokyo","VampireClaw+1","MiserableFate","ScarletImprint+1"],"picked":"SKIP","floor":14.0},{"not_picked":["ChaoticDestiny","BatForm","TricksterDevil"],"picked":"BloodyHallows","floor":16.0},{"not_picked":["UnderTheZenith","EmergencyRegeneration","BloodHunter"],"picked":"BombardNight+1","floor":18.0},{"not_picked":["BadLadyScramble","Stigmanizer+1","EternalNight"],"picked":"ScarletDevil+1","floor":20.0},{"not_picked":["UnderTheZenith","Stigmanizer+1","ChainGang+1"],"picked":"DiffusionOfMisfortune+1","floor":21.0},{"not_picked":["ScarletDream","ForbiddenFruit","Septette"],"picked":"LeisurelyOfLord+1","floor":24.0},{"not_picked":["RedNightlessCastle+1","ScarletDevil+1","BloodRain"],"picked":"DiffusionOfMisfortune+1","floor":24.0},{"not_picked":["BloodyTrap","EndlessAdversity+1","StarOfDavid+1"],"picked":"BlasphemousPunishment+1","floor":24.0},{"not_picked":["Septette","ForbiddenFruit","GlobalNightmare","Stigmanizer+1"],"picked":"SKIP","floor":24.0},{"not_picked":["SuperhumanBloodyKnife+1","ScarletGensokyo","BadLadyScramble"],"picked":"VampirishNight","floor":30.0},{"not_picked":["NightDance+1","RedRainbow+1","FavorOfDestiny"],"picked":"RedNightlessCastle+1","floor":31.0},{"not_picked":["QueenOfMidnight","ScarletCoffin+1","CeilingFear"],"picked":"ScarletMeister","floor":33.0},{"not_picked":["EndlessAdversity+1","BloodyTrap","MiserableFate","testmod-RabbitOfFibonacci+1"],"picked":"Maim","floor":35.0},{"not_picked":["ScarletCoffin+1","BombardNight+1","UnstableMagic","Mind Blast+1"],"picked":"MastersStateliness","floor":36.0},{"not_picked":["Dark Shackles","testmod-SubstituteBySubterfuge","Swift Strike+1"],"picked":"testmod-AssimilatedRune","floor":39.0},{"not_picked":["RedNightlessCastle+1","Stigmanizer+1","LeisurelyOfLord+1","testmod-PowerStrike"],"picked":"BombardNight+1","floor":42.0},{"not_picked":["BlasphemousPunishment","ScarletDream","CharismaGuard+1","Secret Technique"],"picked":"MastersStateliness","floor":44.0},{"not_picked":["BlasphemousPunishment","ForbiddenFruit","BloodHunter","StarOfDavid+1","testmod-SubstituteBySubterfuge"],"picked":"SKIP","floor":46.0},{"not_picked":["DiffusionOfMisfortune+1","VampirishNight","VampireKiss+1","testmod-ShutDown"],"picked":"BlasphemousPunishment+1","floor":47.0},{"not_picked":["BombardNight+1","BloodHunter","FavorOfDestiny","BloodyCatastrophe"],"picked":"testmod-Arrangement+1","floor":48.0},{"not_picked":["BadLadyScramble+1","ScarletImprint+1","BombardNight+1","RedRainbow+1","MostiFishMod:Kaleido"],"picked":"SKIP","floor":52},{"not_picked":["BlasphemousPunishment","MiserableFate","Stigmanizer+1","testmod-BackupPower"],"picked":"DiffusionOfMisfortune+1","floor":53},{"not_picked":["ChainGang+1","Stigmanizer+1","BlasphemousPunishment","MostiFishMod:JungleRules"],"picked":"ScarletDream+1","floor":57}],"player_experience":543107,"relics_obtained":[{"floor":1.0,"key":"Question Card"},{"floor":1.0,"key":"Baka"},{"floor":6.0,"key":"Molten Egg 2"},{"floor":7.0,"key":"Happy Flower"},{"floor":12.0,"key":"Anchor"},{"floor":16.0,"key":"ImportantClient"},{"floor":24.0,"key":"MawBank"},{"floor":26.0,"key":"testmod-Antiphasic"},{"floor":27.0,"key":"ScarletDevilRocket"},{"floor":28.0,"key":"Red Mask"},{"floor":28.0,"key":"Baka2"},{"floor":34.0,"key":"Omamori"},{"floor":34.0,"key":"Toy Ornithopter"},{"floor":43.0,"key":"ZombieArmy"},{"floor":44.0,"key":"Sundial"},{"floor":47.0,"key":"White Beast Statue"},{"floor":52,"key":"paleoftheancients:SoulOfTheIroncluck"}],"event_choices":[{"damage_healed":0.0,"max_hp_gain":0.0,"max_hp_loss":0.0,"gold_gain":75.0,"event_name":"World of Goop","player_choice":"Gather Gold","floor":3.0,"gold_loss":0.0,"damage_taken":11.0},{"cards_removed":["Defend_RM"],"damage_healed":0.0,"max_hp_gain":0.0,"max_hp_loss":0.0,"gold_gain":0.0,"event_name":"The Cleric","player_choice":"Card Removal","floor":5.0,"gold_loss":75.0,"damage_taken":0.0},{"damage_healed":0.0,"max_hp_gain":0.0,"max_hp_loss":0.0,"gold_gain":0.0,"event_name":"Dead Adventurer","player_choice":"Searched \u00271\u0027 times","floor":7.0,"gold_loss":0.0,"damage_taken":0.0},{"damage_healed":0.0,"max_hp_gain":0.0,"max_hp_loss":0.0,"gold_gain":0.0,"cards_transformed":["Strike_RM"],"event_name":"Transmorgrifier","player_choice":"Transformed","floor":11.0,"gold_loss":0.0,"damage_taken":0.0,"cards_obtained":["QueenOfMidnight"]},{"damage_healed":0.0,"max_hp_gain":0.0,"max_hp_loss":0.0,"gold_gain":0.0,"event_name":"Duplicator","player_choice":"Copied","floor":19.0,"gold_loss":0.0,"damage_taken":0.0,"cards_obtained":["MastersStateliness"]},{"damage_healed":0.0,"max_hp_gain":0.0,"max_hp_loss":0.0,"gold_gain":0.0,"event_name":"Cursed Tome","player_choice":"Obtained Book","floor":22.0,"gold_loss":0.0,"damage_taken":21.0},{"damage_healed":0.0,"max_hp_gain":0.0,"max_hp_loss":0.0,"gold_gain":0.0,"event_name":"Masked Bandits","player_choice":"Fought Bandits","floor":28.0,"gold_loss":0.0,"damage_taken":0.0},{"damage_healed":0.0,"max_hp_gain":0.0,"max_hp_loss":0.0,"gold_gain":222.0,"event_name":"Tomb of Lord Red Mask","player_choice":"Wore Mask","floor":38.0,"gold_loss":0.0,"damage_taken":0.0},{"damage_healed":0.0,"max_hp_gain":0.0,"max_hp_loss":0.0,"gold_gain":0.0,"event_name":"SensoryStone","player_choice":"Memory 1","floor":39.0,"gold_loss":0.0,"damage_taken":0.0},{"damage_healed":0.0,"max_hp_gain":0.0,"max_hp_loss":0.0,"gold_gain":0.0,"event_name":"Mysterious Sphere","player_choice":"Fight","floor":41.0,"gold_loss":0.0,"damage_taken":0.0},{"damage_healed":0.0,"max_hp_gain":0.0,"max_hp_loss":0.0,"gold_gain":0.0,"event_name":"Wheel of Change","player_choice":"Cursed","floor":45.0,"gold_loss":0.0,"damage_taken":0.0,"cards_obtained":["Decay"]},{"damage_healed":0,"gold_gain":0,"cards_transformed":["Strike_RM"],"player_choice":"Transformed","damage_taken":0,"max_hp_gain":0,"max_hp_loss":0,"event_name":"Transmorgrifier","floor":54,"gold_loss":0,"cards_obtained":["Ultimatum"]}],"is_beta":false,"boss_relics":[{"not_picked":["HereWithMe","testmod-StringDisintegrator"],"picked":"APieceOfRedMist"},{"not_picked":["MostiFishMod:Hod","Coffee Dripper"],"picked":"REME_LowDesire"}],"items_purged_floors":[37,55],"is_endless":false,"potions_floor_spawned":[2,4,12,14,20,30,33,36,41,44,48,52,53,57,61],"ascension_level":20}}