{"host":"hfxp6ue4pvwo3fit","time":1607676057,"event":{"mods":["AchievementEnabler","BaseMod","Colored Map","Colored Powertips","Highlight Path","Minty Spire (QoL Compilation)","StSLib","SuperFastMode"],"gold_per_floor":[118,118,133,57,71,71,106,106,106,106,106,118,151,170,170,249,249,263,62,62,62,77,77,109,124,124,124,124,144,172,185,185,264,314,325,325,4,4,21,55,55,90,90,121,121,146,197,211,211,211,211],"floor_reached":50,"playtime":2310,"items_purged":["Strike_G"],"score":1402,"play_id":"d1c00ef0-46cf-427c-93b8-2c7c7757455b","local_time":"20201211024057","is_ascension_mode":true,"campfire_choices":[{"data":"Noxious Fumes","floor":6,"key":"SMITH"},{"data":"Dagger Spray","floor":8,"key":"SMITH"},{"data":"Quick Slash","floor":10,"key":"SMITH"},{"floor":15,"key":"REST"},{"floor":23,"key":"REST"},{"floor":27,"key":"REST"},{"data":"Wraith Form v2","floor":32,"key":"SMITH"},{"data":"Wraith Form v2","floor":41,"key":"SMITH"},{"floor":45,"key":"REST"},{"floor":49,"key":"REST"}],"circlet_count":0,"master_deck":["AscendersBane","Strike_G+1","Strike_G","Strike_G","Defend_G","Defend_G","Defend_G","Defend_G","Defend_G","Survivor","Neutralize","Quick Slash+1","Sucker Punch","Leg Sweep+1","Noxious Fumes+1","Dagger Spray+1","Adrenaline","Backflip","Adrenaline","Endless Agony","Wraith Form v2+1","Footwork","Infinite Blades+1","Dagger Spray","Deadly Poison","PiercingWail","Escape Plan+1","Backstab+1","Wraith Form v2+1","Blade Dance","Envenom","PiercingWail","Escape Plan","Noxious Fumes","PiercingWail+1","Poisoned Stab","After Image"],"relics":["Ring of the Snake","Bag of Marbles","Ornamental Fan","Strawberry","SlaversCollar","Orrery","Blood Vial","Dead Branch","Prayer Wheel","Tiny House","Boot","White Beast Statue","Thread and Needle","Anchor","Bronze Scales","CaptainsWheel","Ancient Tea Set"],"acts_visited":["Exordium","TheCity","TheBeyond"],"potions_floor_usage":[7,13,16,16,30,33,33,40,48,50,50],"damage_taken":[{"damage":0,"enemies":"Cultist","floor":1,"turns":5},{"damage":3,"enemies":"Small Slimes","floor":3,"turns":4},{"damage":0,"enemies":"2 Louse","floor":5,"turns":3},{"damage":40,"enemies":"Gremlin Nob","floor":7,"turns":5},{"damage":7,"enemies":"Exordium Thugs","floor":12,"turns":4},{"damage":9,"enemies":"Lagavulin","floor":13,"turns":6},{"damage":0,"enemies":"2 Fungi Beasts","floor":14,"turns":1},{"damage":0,"enemies":"The Guardian","floor":16,"turns":9},{"damage":34,"enemies":"Chosen","floor":18,"turns":6},{"damage":17,"enemies":"Spheric Guardian","floor":22,"turns":5},{"damage":9,"enemies":"Book of Stabbing","floor":24,"turns":7},{"damage":18,"enemies":"Shelled Parasite and Fungi","floor":25,"turns":8},{"damage":0,"enemies":"Cultist and Chosen","floor":29,"turns":4},{"damage":0,"enemies":"Slavers","floor":30,"turns":1},{"damage":23,"enemies":"Sentry and Sphere","floor":31,"turns":7},{"damage":21,"enemies":"Collector","floor":33,"turns":14},{"damage":8,"enemies":"3 Shapes","floor":35,"turns":7},{"damage":9,"enemies":"3 Darklings","floor":39,"turns":5},{"damage":1,"enemies":"Nemesis","floor":40,"turns":3},{"damage":0,"enemies":"Reptomancer","floor":42,"turns":4},{"damage":22,"enemies":"Nemesis","floor":44,"turns":6},{"damage":0,"enemies":"Mind Bloom Boss Battle","floor":46,"turns":6},{"damage":17,"enemies":"Maw","floor":48,"turns":8},{"damage":95,"enemies":"Time Eater","floor":50,"turns":13}],"seed_played":"-8664183656438928742","potions_obtained":[{"floor":1,"key":"LiquidBronze"},{"floor":12,"key":"BlessingOfTheForge"},{"floor":13,"key":"DuplicationPotion"},{"floor":14,"key":"BlessingOfTheForge"},{"floor":22,"key":"DuplicationPotion"},{"floor":25,"key":"SteroidPotion"},{"floor":30,"key":"Regen Potion"},{"floor":34,"key":"Fire Potion"},{"floor":35,"key":"Strength Potion"},{"floor":39,"key":"PowerPotion"},{"floor":42,"key":"AttackPotion"},{"floor":48,"key":"Poison Potion"}],"is_trial":false,"path_per_floor":["M","?","M","$","M","R","E","R","T","R","?","M","E","M","R","B",null,"M","$","?","?","M","R","E","M","T","R","?","M","E","M","R","B",null,"M","?","$","?","M","E","R","E","T","E","R","?","T","M","R","B"],"character_chosen":"THE_SILENT","items_purchased":["Leg Sweep","Orrery","Dagger Spray","Noxious Fumes","Boot"],"campfire_rested":5,"item_purchase_floors":[4,19,19,37,37],"current_hp_per_floor":[65,70,67,67,67,67,27,27,27,27,27,20,18,18,43,43,74,40,40,40,40,23,48,39,23,23,48,48,50,52,31,31,27,75,69,69,69,69,62,63,63,65,65,45,71,73,73,58,84,0,0],"gold":211,"neow_bonus":"TEN_PERCENT_HP_BONUS","is_daily":false,"chose_seed":false,"campfire_upgraded":5,"win_rate":0.0,"timestamp":1607676057,"path_taken":["M","?","M","$","M","R","E","R","T","R","?","M","E","M","R","BOSS","M","$","?","?","M","R","E","M","T","R","?","M","E","?","R","BOSS","M","?","?","?","?","E","R","E","T","E","R","?","?","M","R","BOSS"],"items_purchased_type":["Card","Relic","Card","Card","Relic"],"build_version":"2020-11-30","purchased_purges":1,"victory":false,"max_hp_per_floor":[72,77,77,77,77,77,77,77,77,77,77,77,84,84,84,84,84,84,84,84,84,84,84,84,84,84,84,84,84,84,84,84,84,89,89,89,89,89,89,89,89,89,89,89,89,89,89,89,89,89,89],"card_choices":[{"not_picked":["Masterful Stab","Backflip"],"picked":"Quick Slash","floor":1},{"not_picked":["Backflip","Terror"],"picked":"Sucker Punch","floor":3},{"not_picked":["Crippling Poison","Slice"],"picked":"Noxious Fumes","floor":5},{"not_picked":["Skewer","Poisoned Stab"],"picked":"Dagger Spray","floor":7},{"not_picked":["PiercingWail","Flying Knee"],"picked":"Adrenaline","floor":12},{"not_picked":["Deflect","Setup","Heel Hook"],"picked":"SKIP","floor":13},{"not_picked":["Dagger Spray","Slice"],"picked":"Backflip","floor":14},{"not_picked":["Glass Knife","Burst"],"picked":"Adrenaline","floor":16},{"not_picked":["Heel Hook","Flying Knee"],"picked":"Endless Agony","floor":18},{"not_picked":["Bane","Deflect+1"],"picked":"Wraith Form v2","floor":19},{"not_picked":["Expertise","Infinite Blades+1"],"picked":"Footwork","floor":19},{"not_picked":["Flying Knee+1","Dagger Throw"],"picked":"Infinite Blades+1","floor":19},{"not_picked":["Sucker Punch","Prepared+1"],"picked":"PiercingWail","floor":22},{"not_picked":["Bane","Cloak And Dagger"],"picked":"Escape Plan+1","floor":24},{"not_picked":["Blur","Cloak And Dagger"],"picked":"Backstab+1","floor":25},{"not_picked":["Quick Slash","Slice","Dagger Throw"],"picked":"SKIP","floor":29},{"not_picked":["Phantasmal Killer","Endless Agony","Finisher"],"picked":"SKIP","floor":30},{"not_picked":["Outmaneuver","Caltrops"],"picked":"Blade Dance","floor":31},{"not_picked":["Dash","Slice","Deflect"],"picked":"SKIP","floor":31},{"not_picked":["Burst","Corpse Explosion"],"picked":"Envenom","floor":33},{"not_picked":["Deflect","Prepared"],"picked":"PiercingWail","floor":34},{"not_picked":["Outmaneuver","Dagger Spray","Flechettes"],"picked":"SKIP","floor":35},{"not_picked":["Deadly Poison","Underhanded Strike","Concentrate"],"picked":"SKIP","floor":35},{"not_picked":["Blade Dance","Concentrate+1"],"picked":"PiercingWail+1","floor":39},{"not_picked":["Acrobatics+1","Caltrops","Slice"],"picked":"SKIP","floor":39},{"not_picked":["PiercingWail","Backstab"],"picked":"Poisoned Stab","floor":40},{"not_picked":["Dagger Throw+1","Slice+1","Doppelganger"],"picked":"SKIP","floor":42},{"not_picked":["Deflect","Acrobatics","Dagger Throw"],"picked":"SKIP","floor":44},{"not_picked":["Outmaneuver","PiercingWail"],"picked":"After Image","floor":48},{"not_picked":["Predator","Bouncing Flask","Dagger Throw"],"picked":"SKIP","floor":48}],"player_experience":353270,"relics_obtained":[{"floor":7,"key":"Bag of Marbles"},{"floor":9,"key":"Ornamental Fan"},{"floor":13,"key":"Strawberry"},{"floor":24,"key":"Blood Vial"},{"floor":26,"key":"Dead Branch"},{"floor":30,"key":"Prayer Wheel"},{"floor":40,"key":"White Beast Statue"},{"floor":42,"key":"Thread and Needle"},{"floor":43,"key":"Anchor"},{"floor":44,"key":"Bronze Scales"},{"floor":46,"key":"CaptainsWheel"},{"floor":47,"key":"Ancient Tea Set"}],"event_choices":[{"damage_healed":0,"gold_gain":0,"player_choice":"Donut","damage_taken":0,"max_hp_gain":5,"max_hp_loss":0,"event_name":"Big Fish","floor":2,"gold_loss":0},{"damage_healed":0,"gold_gain":0,"player_choice":"Forge","damage_taken":0,"max_hp_gain":0,"max_hp_loss":0,"event_name":"Accursed Blacksmith","floor":11,"gold_loss":0,"cards_upgraded":["Leg Sweep"]},{"damage_healed":0,"gold_gain":0,"player_choice":"Ignored","damage_taken":0,"max_hp_gain":0,"max_hp_loss":0,"event_name":"The Mausoleum","floor":20,"gold_loss":0},{"damage_healed":0,"gold_gain":0,"player_choice":"Read","damage_taken":0,"max_hp_gain":0,"max_hp_loss":0,"event_name":"The Library","floor":21,"gold_loss":0,"cards_obtained":["Deadly Poison"]},{"damage_healed":0,"gold_gain":0,"player_choice":"Copied","damage_taken":0,"max_hp_gain":0,"max_hp_loss":0,"event_name":"Duplicator","floor":28,"gold_loss":0,"cards_obtained":["Wraith Form v2"]},{"damage_healed":0,"gold_gain":0,"cards_transformed":["Strike_G"],"player_choice":"Transformed","damage_taken":0,"max_hp_gain":0,"max_hp_loss":0,"event_name":"Transmorgrifier","floor":36,"gold_loss":0,"cards_obtained":["Escape Plan"]},{"damage_healed":0,"gold_gain":0,"player_choice":"Ignored","damage_taken":0,"max_hp_gain":0,"max_hp_loss":0,"event_name":"SecretPortal","floor":38,"gold_loss":0},{"damage_healed":0,"gold_gain":0,"player_choice":"Fight","damage_taken":0,"max_hp_gain":0,"max_hp_loss":0,"event_name":"MindBloom","floor":46,"gold_loss":0}],"is_beta":false,"boss_relics":[{"not_picked":["Empty Cage","Astrolabe"],"picked":"SlaversCollar"},{"not_picked":["Runic Dome","Runic Pyramid"],"picked":"Tiny House"}],"items_purged_floors":[37],"is_endless":false,"potions_floor_spawned":[1,12,13,14,22,25,30,35,39,42,44,46,48],"killed_by":"Time Eater","ascension_level":20}}