{"host":"hfxp6ue4pvwo3fit","time":1607728339,"event":{"mods":["AchievementEnabler","BaseMod","Colored Map","Colored Powertips","Highlight Path","Minty Spire (QoL Compilation)","StSLib","SuperFastMode"],"gold_per_floor":[110,128,140,152,166,197,197,223,223,256,275,275,305,405,405,507,507,526,537,537,556,575,609,609,609,632,646,646,666,666,701,701,797,797,814,513,513,561,561,561,572,572,572,583,611,664,681,53,53,53],"floor_reached":51,"playtime":2918,"items_purged":["Strike_B+1","Normality"],"score":1124,"play_id":"93a65125-5016-4d9f-9e3e-9c3c732b00b3","local_time":"20201211171219","is_ascension_mode":true,"campfire_choices":[{"data":"Zap","floor":7,"key":"SMITH"},{"data":"Coolheaded","floor":12,"key":"SMITH"},{"data":"Glacier","floor":15,"key":"SMITH"},{"data":"Chaos","floor":24,"key":"SMITH"},{"data":"Hologram","floor":28,"key":"SMITH"},{"data":"Defragment","floor":30,"key":"SMITH"},{"data":"Barrage","floor":32,"key":"SMITH"},{"data":"Barrage","floor":40,"key":"SMITH"},{"data":"Beam Cell","floor":42,"key":"SMITH"},{"data":"Heatsinks","floor":49,"key":"SMITH"}],"circlet_count":0,"master_deck":["AscendersBane","Strike_B+1","Strike_B+1","Defend_B+1","Defend_B+1","Defend_B+1","Defend_B+1","Zap+1","Dualcast","Go for the Eyes","Glacier+1","White Noise","Self Repair","Coolheaded+1","Beam Cell+1","Compile Driver","Biased Cognition","Genetic Algorithm","Chaos+1","Barrage+1","Hologram+1","Compile Driver","Barrage+1","Defragment+1","Sweeping Beam","Creative AI","Self Repair","Writhe","Chaos","Heatsinks+1"],"relics":["Cursed Key","Omamori","PreservedInsect","Orichalcum","Oddly Smooth Stone","White Beast Statue","Philosopher\u0027s Stone","Happy Flower","Tiny Chest","Bag of Preparation","Snecko Eye","Blood Vial","Unceasing Top","Kunai","Centennial Puzzle","Strawberry","CaptainsWheel"],"acts_visited":["Exordium","TheCity","TheBeyond"],"potions_floor_usage":[8,10,16,19,21,21,23,27,29,33,33,38,48,50,50],"damage_taken":[{"damage":3,"enemies":"Small Slimes","floor":1,"turns":4},{"damage":0,"enemies":"Jaw Worm","floor":2,"turns":3},{"damage":0,"enemies":"Cultist","floor":3,"turns":3},{"damage":1,"enemies":"Looter","floor":4,"turns":3},{"damage":3,"enemies":"Red Slaver","floor":5,"turns":4},{"damage":13,"enemies":"3 Sentries","floor":6,"turns":8},{"damage":22,"enemies":"Gremlin Nob","floor":8,"turns":5},{"damage":15,"enemies":"3 Sentries","floor":10,"turns":10},{"damage":0,"enemies":"2 Fungi Beasts","floor":11,"turns":4},{"damage":4,"enemies":"The Guardian","floor":16,"turns":14},{"damage":0,"enemies":"Spheric Guardian","floor":18,"turns":6},{"damage":23,"enemies":"Chosen","floor":19,"turns":6},{"damage":0,"enemies":"3 Cultists","floor":21,"turns":8},{"damage":6,"enemies":"Centurion and Healer","floor":22,"turns":9},{"damage":21,"enemies":"Slavers","floor":23,"turns":3},{"damage":0,"enemies":"Snecko","floor":27,"turns":7},{"damage":3,"enemies":"Snake Plant","floor":29,"turns":4},{"damage":21,"enemies":"Gremlin Leader","floor":31,"turns":7},{"damage":29,"enemies":"Collector","floor":33,"turns":10},{"damage":2,"enemies":"Orb Walker","floor":35,"turns":4},{"damage":22,"enemies":"2 Orb Walkers","floor":38,"turns":7},{"damage":0,"enemies":"3 Shapes","floor":41,"turns":5},{"damage":0,"enemies":"Spire Growth","floor":44,"turns":8},{"damage":5,"enemies":"Reptomancer","floor":45,"turns":7},{"damage":36,"enemies":"3 Darklings","floor":47,"turns":6},{"damage":50,"enemies":"Time Eater","floor":50,"turns":11}],"seed_played":"-2856576150930187319","potions_obtained":[{"floor":2,"key":"SkillPotion"},{"floor":4,"key":"Weak Potion"},{"floor":10,"key":"SteroidPotion"},{"floor":11,"key":"Fire Potion"},{"floor":16,"key":"Swift Potion"},{"floor":18,"key":"ColorlessPotion"},{"floor":19,"key":"LiquidMemories"},{"floor":21,"key":"FearPotion"},{"floor":22,"key":"AttackPotion"},{"floor":23,"key":"FearPotion"},{"floor":27,"key":"AttackPotion"},{"floor":29,"key":"SteroidPotion"},{"floor":31,"key":"Strength Potion"},{"floor":33,"key":"FocusPotion"},{"floor":35,"key":"Dexterity Potion"},{"floor":38,"key":"Dexterity Potion"}],"is_trial":false,"path_per_floor":["M","M","M","M","M","E","R","E","T","E","M","R","?","?","R","B",null,"M","M","?","M","M","E","R","?","T","M","R","M","R","E","R","B",null,"M","$","?","?","?","R","M","R","T","M","E","T","M","$","R","B",null],"character_chosen":"DEFECT","items_purchased":["Self Repair","Blood Vial","Heatsinks","Fruit Juice","PowerPotion","CaptainsWheel"],"campfire_rested":0,"item_purchase_floors":[36,36,48,48,48,48],"current_hp_per_floor":[65,65,65,64,61,55,55,40,40,32,39,39,39,39,39,42,67,74,58,58,58,59,45,45,45,45,52,52,56,56,42,42,20,61,66,66,66,60,60,60,69,69,69,75,75,82,60,65,65,24],"gold":53,"neow_bonus":"BOSS_RELIC","is_daily":false,"chose_seed":false,"campfire_upgraded":10,"win_rate":0.0,"timestamp":1607728339,"path_taken":["M","M","M","M","M","E","R","E","T","E","M","R","?","?","R","BOSS","M","?","?","?","M","E","R","?","T","M","R","M","R","E","R","BOSS","M","$","?","?","?","R","M","R","T","M","E","?","M","$","R","BOSS"],"items_purchased_type":["Card","Relic","Card","Potion","Potion","Relic"],"build_version":"2020-11-30","purchased_purges":2,"victory":true,"max_hp_per_floor":[75,75,75,75,75,75,75,75,75,75,75,75,75,75,75,75,75,75,75,75,75,75,75,75,75,75,75,75,75,75,75,75,75,75,75,75,75,75,75,75,75,75,75,75,75,82,82,87,87,87],"card_choices":[{"not_picked":["Steam","Reinforced Body"],"picked":"Go for the Eyes","floor":1},{"not_picked":["Heatsinks","Lockon","Steam Power"],"picked":"SKIP","floor":2},{"not_picked":["Steam","Compile Driver"],"picked":"Glacier","floor":3},{"not_picked":["Storm","Sweeping Beam"],"picked":"White Noise","floor":4},{"not_picked":["Scrape","Coolheaded"],"picked":"Self Repair","floor":5},{"not_picked":["Doom and Gloom","Loop"],"picked":"Coolheaded","floor":6},{"not_picked":["Turbo","Auto Shields"],"picked":"Beam Cell","floor":8},{"not_picked":["Lockon","Gash","Static Discharge"],"picked":"SKIP","floor":10},{"not_picked":["Leap","Go for the Eyes"],"picked":"Compile Driver","floor":11},{"not_picked":["Core Surge","Multi-Cast"],"picked":"Biased Cognition","floor":16},{"not_picked":["Beam Cell+1","Undo"],"picked":"Genetic Algorithm","floor":18},{"not_picked":["Steam","Beam Cell+1"],"picked":"Chaos","floor":19},{"not_picked":["Steam+1","Auto Shields"],"picked":"Barrage","floor":21},{"not_picked":["Conserve Battery+1","Doom and Gloom"],"picked":"Hologram","floor":22},{"not_picked":["Redo","Leap"],"picked":"Compile Driver","floor":23},{"not_picked":["Go for the Eyes","Stack+1"],"picked":"Barrage","floor":27},{"not_picked":["Heatsinks","Coolheaded"],"picked":"Defragment","floor":29},{"not_picked":["Steam","Loop"],"picked":"Sweeping Beam","floor":31},{"not_picked":["Rainbow","Biased Cognition"],"picked":"Creative AI","floor":33},{"not_picked":["Melter","Sweeping Beam"],"picked":"Cold Snap","floor":35},{"not_picked":["Turbo","Go for the Eyes","Beam Cell"],"picked":"SKIP","floor":41},{"not_picked":["Chill","Beam Cell"],"picked":"Chaos","floor":44},{"not_picked":["Chaos","Sunder","Stack"],"picked":"SKIP","floor":45},{"not_picked":["Double Energy","Beam Cell","Ball Lightning"],"picked":"SKIP","floor":47}],"player_experience":361768,"relics_obtained":[{"floor":6,"key":"Omamori"},{"floor":8,"key":"PreservedInsect"},{"floor":9,"key":"Orichalcum"},{"floor":10,"key":"Oddly Smooth Stone"},{"floor":23,"key":"Happy Flower"},{"floor":26,"key":"Tiny Chest"},{"floor":31,"key":"Bag of Preparation"},{"floor":38,"key":"Unceasing Top"},{"floor":43,"key":"Kunai"},{"floor":45,"key":"Centennial Puzzle"},{"floor":46,"key":"Strawberry"}],"event_choices":[{"damage_healed":0,"gold_gain":30,"player_choice":"Searched \u00273\u0027 times","damage_taken":0,"relics_obtained":["White Beast Statue"],"max_hp_gain":0,"max_hp_loss":0,"event_name":"Dead Adventurer","floor":13,"gold_loss":0},{"damage_healed":0,"gold_gain":100,"player_choice":"Pray","damage_taken":0,"max_hp_gain":0,"max_hp_loss":0,"event_name":"Golden Shrine","floor":14,"gold_loss":0},{"cards_removed":["Strike_B"],"damage_healed":0,"gold_gain":0,"player_choice":"Offered Basic","damage_taken":0,"max_hp_gain":0,"max_hp_loss":0,"event_name":"Bonfire Elementals","floor":20,"gold_loss":0},{"damage_healed":0,"gold_gain":0,"player_choice":"Simplicity","damage_taken":0,"max_hp_gain":0,"max_hp_loss":0,"event_name":"Back to Basics","floor":25,"gold_loss":0,"cards_upgraded":["Strike_B","Strike_B","Strike_B","Defend_B","Defend_B","Defend_B","Defend_B"]},{"cards_removed":["Cold Snap"],"damage_healed":0,"gold_gain":0,"player_choice":"Removed Attack","damage_taken":0,"max_hp_gain":0,"max_hp_loss":0,"event_name":"Falling","floor":37,"gold_loss":0},{"damage_healed":0,"gold_gain":0,"player_choice":"Fight","damage_taken":0,"max_hp_gain":0,"max_hp_loss":0,"event_name":"Mysterious Sphere","floor":38,"gold_loss":0},{"damage_healed":0,"gold_gain":0,"player_choice":"Memory 1","damage_taken":0,"max_hp_gain":0,"max_hp_loss":0,"event_name":"SensoryStone","floor":39,"gold_loss":0}],"is_beta":false,"boss_relics":[{"not_picked":["Runic Dome","Runic Pyramid"],"picked":"Philosopher\u0027s Stone"},{"not_picked":["Velvet Choker","Astrolabe"],"picked":"Snecko Eye"}],"items_purged_floors":[36,48],"is_endless":false,"potions_floor_spawned":[2,4,6,10,11,16,18,19,21,22,23,27,29,31,33,35,38,41,44,45,47],"ascension_level":12}}