{"host":"88juja6i2ayx4x6u","time":1607716148,"event":{"mods":["AchievementEnabler","BaseMod","Colored Powertips","Minty Spire (QoL Compilation)","Quick Restart"],"gold_per_floor":[115,115,135,210,210,239,239,262,262,293,293,312,327,338,338,443,443,463,483,483,88,88,88,102,136,136,171,171,202,216,233,233,330,330,345,345,25,42,58,58,93,142,142,142,192,192,206,239,239,239,239,239,40,68,68],"floor_reached":56,"playtime":3359,"items_purged":["Writhe"],"score":1373,"play_id":"2b3e2a45-f0d7-4336-a834-5ee2fb8a3306","local_time":"20201211204907","is_ascension_mode":false,"campfire_choices":[{"data":"Spot Weakness","floor":7.0,"key":"SMITH"},{"data":"Inflame","floor":11.0,"key":"SMITH"},{"data":"Dual Wield","floor":15.0,"key":"SMITH"},{"data":"Limit Break","floor":23.0,"key":"SMITH"},{"data":"Inflame","floor":28.0,"key":"SMITH"},{"data":"Dual Wield","floor":32.0,"key":"SMITH"},{"data":"Dual Wield","floor":40.0,"key":"SMITH"},{"floor":44.0,"key":"REST"},{"floor":46.0,"key":"REST"},{"floor":49.0,"key":"RECALL"},{"data":"Spot Weakness","floor":52,"key":"SMITH"}],"circlet_count":0,"master_deck":["Bash","Headbutt+1","Feel No Pain","Heavy Blade+1","Spot Weakness+1","Inflame+1","Battle Trance","Cleave","Dual Wield+1","Limit Break+1","CurseOfTheBell","Metallicize","Warcry","Inflame+1","Impervious","Perfected Strike","Bandage Up","Spot Weakness+1","Intimidate+1","Dual Wield+1","Flame Barrier","Flex","Entrench+1","Uppercut+1","Cleave+1","Metallicize","Shrug It Off","Demon Form","Intimidate","Whirlwind","Havoc","Dual Wield+1","Metallicize","Rage","Shockwave","Ghostly Armor","Flex","Armaments+1","Double Tap","Pummel","Secret Weapon","Feed","Metallicize+1","Clothesline+1","Heavy Blade+1","Shockwave","Dual Wield+1","Ghostly Armor+1","Seeing Red+1","Immolate","Twin Strike","Inflame","Flex","Thunderclap","True Grit","Dark Embrace+1"],"relics":["Burning Blood","NeowsBlessing","Pocketwatch","Bronze Scales","Bottled Lightning","Calling Bell","Potion Belt","Mummified Hand","Ginger","Prayer Wheel","Bag of Marbles","Self Forming Clay","Magic Flower","HornCleat","Pandora\u0027s Box","Gremlin Horn","Incense Burner","Regal Pillow","Calipers","Pen Nib","Kunai"],"acts_visited":["Exordium","TheCity","TheBeyond","TheEnding"],"potions_floor_usage":[50,55,55],"damage_taken":[{"damage":0.0,"enemies":"Jaw Worm","floor":1.0,"turns":1.0},{"damage":0.0,"enemies":"Cultist","floor":3.0,"turns":1.0},{"damage":0.0,"enemies":"3 Sentries","floor":6.0,"turns":1.0},{"damage":18.0,"enemies":"Lagavulin","floor":10.0,"turns":3.0},{"damage":0.0,"enemies":"2 Louse","floor":12.0,"turns":2.0},{"damage":10.0,"enemies":"Large Slime","floor":13.0,"turns":3.0},{"damage":0.0,"enemies":"Looter","floor":14.0,"turns":2.0},{"damage":44.0,"enemies":"Hexaghost","floor":16.0,"turns":7.0},{"damage":22.0,"enemies":"Shell Parasite","floor":18.0,"turns":4.0},{"damage":2.0,"enemies":"Spheric Guardian","floor":19.0,"turns":3.0},{"damage":0.0,"enemies":"Snake Plant","floor":24.0,"turns":3.0},{"damage":18.0,"enemies":"Slavers","floor":25.0,"turns":6.0},{"damage":18.0,"enemies":"Book of Stabbing","floor":27.0,"turns":3.0},{"damage":37.0,"enemies":"Slavers","floor":29.0,"turns":5.0},{"damage":15.0,"enemies":"Cultist and Chosen","floor":30.0,"turns":4.0},{"damage":14.0,"enemies":"Shelled Parasite and Fungi","floor":31.0,"turns":3.0},{"damage":29.0,"enemies":"Collector","floor":33.0,"turns":6.0},{"damage":28.0,"enemies":"3 Darklings","floor":35.0,"turns":6.0},{"damage":6.0,"enemies":"3 Shapes","floor":38.0,"turns":4.0},{"damage":32.0,"enemies":"Transient","floor":39.0,"turns":5.0},{"damage":34.0,"enemies":"Nemesis","floor":41.0,"turns":5.0},{"damage":35.0,"enemies":"2 Orb Walkers","floor":42.0,"turns":5.0},{"damage":6.0,"enemies":"Mind Bloom Boss Battle","floor":45.0,"turns":7.0},{"damage":28.0,"enemies":"Spire Growth","floor":47.0,"turns":8.0},{"damage":9.0,"enemies":"Reptomancer","floor":48.0,"turns":5.0},{"damage":44,"enemies":"Awakened One","floor":50,"turns":9},{"damage":22,"enemies":"Shield and Spear","floor":54,"turns":4},{"damage":57,"enemies":"The Heart","floor":55,"turns":8}],"seed_played":"2768048193042954995","potions_obtained":[{"floor":6.0,"key":"Dexterity Potion"},{"floor":12.0,"key":"Fruit Juice"},{"floor":18.0,"key":"Dexterity Potion"},{"floor":24.0,"key":"SpeedPotion"},{"floor":31.0,"key":"SkillPotion"},{"floor":33.0,"key":"HeartOfIron"},{"floor":38.0,"key":"FearPotion"},{"floor":47.0,"key":"Energy Potion"},{"floor":54,"key":"LiquidMemories"}],"is_trial":false,"path_per_floor":["M","?","M","?","?","E","R","T","T","E","R","M","M","M","R","B",null,"M","M","?","$","?","R","M","E","T","E","R","E","M","M","R","B",null,"M","?","$","M","M","R","E","?","T","R","?","R","M","E","R","B",null,"R","$","E","B",null],"character_chosen":"IRONCLAD","items_purchased":["Inflame","Impervious","Perfected Strike","Bandage Up","Double Tap","Pummel","Secret Weapon","Inflame","Flex","Thunderclap","True Grit"],"campfire_rested":2,"item_purchase_floors":[21,21,21,21,37,37,37,53,53,53,53],"current_hp_per_floor":[80,80,80,69,53,59,59,59,59,47,47,53,54,60,60,22,85,69,73,73,73,73,73,79,71,71,63,63,41,41,36,36,22,85,72,72,72,75,61,61,36,10,10,50,64,88,75,81,81,52,88,88,88,75,33],"gold":68,"neow_bonus":"THREE_ENEMY_KILL","is_daily":false,"chose_seed":false,"campfire_upgraded":8,"win_rate":0.0,"timestamp":1607716147,"path_taken":["M","?","?","?","?","E","R","?","T","E","R","M","M","?","R","BOSS","M","M","?","$","?","R","M","E","T","E","R","E","M","M","R","BOSS","M","?","$","M","M","R","E","?","T","R","?","R","M","E","R","BOSS","R","$","E","BOSS"],"items_purchased_type":["Card","Card","Card","Card","Card","Card","Card","Card","Card","Card","Card"],"build_version":"2020-11-30","purchased_purges":1,"victory":true,"max_hp_per_floor":[80,80,80,80,80,80,80,80,80,80,80,80,85,85,85,85,85,85,85,85,85,85,85,85,85,85,85,85,85,85,85,85,85,85,85,85,85,85,85,85,85,85,85,85,88,88,88,88,88,88,88,88,88,88,88],"card_choices":[{"not_picked":["Wild Strike","Second Wind"],"picked":"Headbutt","floor":1.0},{"not_picked":["Warcry","Cleave"],"picked":"Heavy Blade","floor":3.0},{"not_picked":["Rampage","Shockwave"],"picked":"Spot Weakness","floor":6.0},{"not_picked":["Wild Strike","Cleave"],"picked":"Inflame","floor":10.0},{"not_picked":["Dark Embrace","Pommel Strike"],"picked":"Battle Trance","floor":12.0},{"not_picked":["Pommel Strike","True Grit"],"picked":"Cleave","floor":13.0},{"not_picked":["Body Slam","Shrug It Off"],"picked":"Dual Wield","floor":14.0},{"not_picked":["Berserk","Barricade"],"picked":"Limit Break","floor":16.0},{"not_picked":["Body Slam","Anger"],"picked":"Metallicize","floor":18.0},{"not_picked":["Anger","Wild Strike"],"picked":"Warcry","floor":19.0},{"not_picked":["Wild Strike","Sentinel"],"picked":"Intimidate+1","floor":24.0},{"not_picked":["Twin Strike","Clothesline"],"picked":"Dual Wield","floor":24.0},{"not_picked":["Berserk","Cleave+1"],"picked":"Flame Barrier","floor":25.0},{"not_picked":["Reckless Charge","Headbutt"],"picked":"Flex","floor":27.0},{"not_picked":["Clash+1","Armaments"],"picked":"Entrench+1","floor":29.0},{"not_picked":["Sever Soul+1","Clash+1"],"picked":"Uppercut+1","floor":30.0},{"not_picked":["Warcry","Searing Blow"],"picked":"Cleave+1","floor":30.0},{"not_picked":["Searing Blow","Evolve"],"picked":"Metallicize","floor":31.0},{"not_picked":["Body Slam","Perfected Strike"],"picked":"Shrug It Off","floor":31.0},{"not_picked":["Exhume","Juggernaut"],"picked":"Demon Form","floor":33.0},{"not_picked":["Warcry","Wild Strike"],"picked":"Flex","floor":35.0},{"not_picked":["Flex","Havoc+1"],"picked":"Armaments+1","floor":35.0},{"not_picked":["Shockwave","Anger"],"picked":"Feed","floor":38.0},{"not_picked":["Sword Boomerang","Havoc+1"],"picked":"Metallicize+1","floor":38.0},{"not_picked":["Iron Wave","Fire Breathing"],"picked":"Clothesline+1","floor":39.0},{"not_picked":["Perfected Strike","Pommel Strike+1"],"picked":"Heavy Blade+1","floor":39.0},{"not_picked":["Shrug It Off","Warcry"],"picked":"Shockwave","floor":41.0},{"not_picked":["Anger+1","Rage"],"picked":"Dual Wield+1","floor":42.0},{"not_picked":["Cleave","Headbutt"],"picked":"Ghostly Armor+1","floor":45.0},{"not_picked":["Anger","Cleave"],"picked":"Seeing Red+1","floor":47.0},{"not_picked":["Perfected Strike+1","Armaments+1"],"picked":"Immolate","floor":47.0},{"not_picked":["Warcry+1","Reckless Charge"],"picked":"Twin Strike","floor":48.0},{"not_picked":["Flame Barrier","Iron Wave+1"],"picked":"Dark Embrace+1","floor":54}],"player_experience":100446,"relics_obtained":[{"floor":6.0,"key":"Pocketwatch"},{"floor":8.0,"key":"Bronze Scales"},{"floor":10.0,"key":"Bottled Lightning"},{"floor":17.0,"key":"Potion Belt"},{"floor":17.0,"key":"Mummified Hand"},{"floor":17.0,"key":"Ginger"},{"floor":25.0,"key":"Bag of Marbles"},{"floor":26.0,"key":"Self Forming Clay"},{"floor":27.0,"key":"Magic Flower"},{"floor":29.0,"key":"HornCleat"},{"floor":41.0,"key":"Gremlin Horn"},{"floor":42.0,"key":"Incense Burner"},{"floor":43.0,"key":"Regal Pillow"},{"floor":45.0,"key":"Calipers"},{"floor":48.0,"key":"Pen Nib"},{"floor":54,"key":"Kunai"}],"event_choices":[{"damage_healed":0.0,"max_hp_gain":0.0,"max_hp_loss":0.0,"gold_gain":0.0,"cards_transformed":["Strike_R"],"event_name":"Transmorgrifier","player_choice":"Transformed","floor":2.0,"gold_loss":0.0,"damage_taken":0.0,"cards_obtained":["Feel No Pain"]},{"damage_healed":0.0,"max_hp_gain":0.0,"max_hp_loss":0.0,"gold_gain":75.0,"event_name":"World of Goop","player_choice":"Gather Gold","floor":4.0,"gold_loss":0.0,"damage_taken":11.0},{"damage_healed":0.0,"max_hp_gain":0.0,"max_hp_loss":0.0,"gold_gain":0.0,"event_name":"Shining Light","player_choice":"Entered Light","floor":5.0,"gold_loss":0.0,"damage_taken":16.0,"cards_upgraded":["Headbutt","Heavy Blade"]},{"damage_healed":0.0,"max_hp_gain":0.0,"max_hp_loss":0.0,"gold_gain":0.0,"event_name":"The Mausoleum","player_choice":"Opened","floor":20.0,"gold_loss":0.0,"damage_taken":0.0,"relics_obtained":["Prayer Wheel"],"cards_obtained":["Writhe"]},{"damage_healed":0.0,"max_hp_gain":0.0,"max_hp_loss":0.0,"gold_gain":0.0,"event_name":"The Library","player_choice":"Read","floor":22.0,"gold_loss":0.0,"damage_taken":0.0,"cards_obtained":["Spot Weakness"]},{"damage_healed":0.0,"max_hp_gain":0.0,"max_hp_loss":0.0,"gold_gain":0.0,"event_name":"Tomb of Lord Red Mask","player_choice":"Ignored","floor":36.0,"gold_loss":0.0,"damage_taken":0.0},{"damage_healed":0.0,"max_hp_gain":0.0,"max_hp_loss":0.0,"gold_gain":0.0,"event_name":"Mysterious Sphere","player_choice":"Fight","floor":42.0,"gold_loss":0.0,"damage_taken":0.0},{"damage_healed":0.0,"max_hp_gain":0.0,"max_hp_loss":0.0,"gold_gain":0.0,"event_name":"MindBloom","player_choice":"Fight","floor":45.0,"gold_loss":0.0,"damage_taken":0.0}],"is_beta":false,"boss_relics":[{"not_picked":["Runic Cube","Sozu"],"picked":"Calling Bell"},{"not_picked":["Mark of Pain","Snecko Eye"],"picked":"Pandora\u0027s Box"}],"items_purged_floors":[21],"is_endless":false,"potions_floor_spawned":[6,12,18,24,31,33,38,47,54],"ascension_level":0}}