{"host":"51f0ad793vly1w6u","time":1607675389,"event":{"mods":["BaseMod","Colored Map","DeckTracker","Minty Spire (QoL Compilation)","StSLib","SuperFastMode"],"gold_per_floor":[114,114,133,151,171,171,200,200,227,227,243,272,288,307,307,381,381,391,0,0,16,16,45,45,45,45,45,55,55,55,55],"floor_reached":30,"playtime":636,"items_purged":["Strike_R"],"score":520,"play_id":"c596e156-0471-43af-984b-97216f990e89","local_time":"20201211172949","is_ascension_mode":true,"campfire_choices":[{"data":"Fiend Fire","floor":6.0,"key":"SMITH"},{"data":"Spot Weakness","floor":10.0,"key":"SMITH"},{"data":"Feel No Pain","floor":15.0,"key":"SMITH"},{"data":"Barricade","floor":25.0,"key":"SMITH"},{"data":"Feed","floor":27.0,"key":"SMITH"},{"data":"Evolve","floor":29.0,"key":"SMITH"}],"circlet_count":0,"master_deck":["AscendersBane","Strike_R+1","Strike_R+1","Defend_R+1","Defend_R+1","Defend_R+1","Defend_R+1","Bash","Fiend Fire+1","Anger+1","Ghostly Armor","Feel No Pain+1","Spot Weakness+1","Sword Boomerang","Shrug It Off","Feed+1","Battle Trance","Evolve+1","Shrug It Off","Power Through","Barricade+1","Ghostly","Ghostly","Ghostly"],"relics":["Burning Blood","Sundial","FossilizedHelix","Happy Flower","Ginger","Empty Cage","Bag of Preparation","Smiling Mask","Torii"],"acts_visited":["Exordium","TheCity"],"potions_floor_usage":[30],"damage_taken":[{"damage":11.0,"enemies":"Jaw Worm","floor":1.0,"turns":4.0},{"damage":0.0,"enemies":"Cultist","floor":3.0,"turns":3.0},{"damage":4.0,"enemies":"Small Slimes","floor":4.0,"turns":3.0},{"damage":13.0,"enemies":"3 Louse","floor":5.0,"turns":4.0},{"damage":3.0,"enemies":"3 Sentries","floor":7.0,"turns":10.0},{"damage":0.0,"enemies":"Looter","floor":11.0,"turns":2.0},{"damage":18.0,"enemies":"Gremlin Nob","floor":12.0,"turns":4.0},{"damage":6.0,"enemies":"Exordium Thugs","floor":13.0,"turns":5.0},{"damage":9.0,"enemies":"Gremlin Gang","floor":14.0,"turns":4.0},{"damage":31.0,"enemies":"Slime Boss","floor":16.0,"turns":14.0},{"damage":9.0,"enemies":"Chosen","floor":18.0,"turns":5.0},{"damage":0.0,"enemies":"Spheric Guardian","floor":21.0,"turns":3.0},{"damage":19.0,"enemies":"Book of Stabbing","floor":23.0,"turns":5.0},{"damage":3.0,"enemies":"Centurion and Healer","floor":28.0,"turns":8.0},{"damage":45,"enemies":"Gremlin Leader","floor":30,"turns":4}],"seed_played":"-6496104917520647477","potions_obtained":[{"floor":1.0,"key":"Regen Potion"},{"floor":4.0,"key":"ColorlessPotion"},{"floor":5.0,"key":"Block Potion"},{"floor":11.0,"key":"Fruit Juice"},{"floor":16.0,"key":"Block Potion"},{"floor":28.0,"key":"BlessingOfTheForge"}],"is_trial":false,"path_per_floor":["M","?","M","M","M","R","E","T","T","R","M","E","M","M","R","B",null,"M","$","?","M","?","E","?","R","T","R","M","R","E"],"character_chosen":"IRONCLAD","items_purchased":["Evolve","Bag of Preparation","Shrug It Off"],"campfire_rested":0,"item_purchase_floors":[19,19,19],"current_hp_per_floor":[63,63,69,71,64,64,67,67,67,67,78,66,66,63,63,38,70,70,70,70,76,76,63,41,41,41,41,45,45,0,0],"gold":55,"neow_bonus":"ONE_RANDOM_RARE_CARD","is_daily":false,"chose_seed":false,"campfire_upgraded":6,"win_rate":0.0,"timestamp":1607675389,"path_taken":["M","?","M","M","?","R","E","?","T","R","M","E","M","M","R","BOSS","M","$","?","M","?","E","?","R","T","R","M","R","E"],"items_purchased_type":["Card","Relic","Card"],"build_version":"2020-11-30","purchased_purges":1,"victory":false,"max_hp_per_floor":[75,75,75,75,75,75,75,75,75,75,80,80,80,80,80,80,80,83,83,83,83,83,83,41,41,41,41,45,45,45,45],"card_choices":[{"not_picked":["Dark Embrace","Clash"],"picked":"Anger","floor":1.0},{"not_picked":["Searing Blow","Dropkick"],"picked":"Ghostly Armor","floor":3.0},{"not_picked":["Searing Blow","Thunderclap","Clothesline"],"picked":"SKIP","floor":4.0},{"not_picked":["Sever Soul","Blood for Blood"],"picked":"Feel No Pain","floor":5.0},{"not_picked":["Ghostly Armor","Anger"],"picked":"Spot Weakness","floor":7.0},{"not_picked":["Clothesline","Heavy Blade"],"picked":"Sword Boomerang","floor":11.0},{"not_picked":["Havoc","Flex","Wild Strike"],"picked":"SKIP","floor":12.0},{"not_picked":["Flex","Thunderclap","Heavy Blade"],"picked":"SKIP","floor":13.0},{"not_picked":["Ghostly Armor","Flame Barrier"],"picked":"Shrug It Off","floor":14.0},{"not_picked":["Impervious","Corruption"],"picked":"Feed","floor":16.0},{"not_picked":["Heavy Blade","Sever Soul"],"picked":"Battle Trance","floor":18.0},{"not_picked":["Wild Strike","Perfected Strike","Blood for Blood"],"picked":"SKIP","floor":21.0},{"not_picked":["Heavy Blade","Warcry+1"],"picked":"Barricade","floor":23.0},{"not_picked":["Clothesline","Sword Boomerang","Headbutt+1"],"picked":"SKIP","floor":28.0}],"player_experience":1361428,"relics_obtained":[{"floor":7.0,"key":"Sundial"},{"floor":8.0,"key":"FossilizedHelix"},{"floor":9.0,"key":"Happy Flower"},{"floor":12.0,"key":"Ginger"},{"floor":23.0,"key":"Smiling Mask"},{"floor":26.0,"key":"Torii"}],"event_choices":[{"damage_healed":0.0,"max_hp_gain":0.0,"max_hp_loss":0.0,"gold_gain":0.0,"event_name":"Upgrade Shrine","player_choice":"Upgraded","floor":2.0,"gold_loss":0.0,"damage_taken":0.0,"cards_upgraded":["Anger"]},{"damage_healed":0.0,"max_hp_gain":0.0,"max_hp_loss":0.0,"gold_gain":0.0,"event_name":"The Library","player_choice":"Read","floor":20.0,"gold_loss":0.0,"damage_taken":0.0,"cards_obtained":["Power Through"]},{"damage_healed":0.0,"max_hp_gain":0.0,"max_hp_loss":0.0,"gold_gain":0.0,"event_name":"Back to Basics","player_choice":"Simplicity","floor":22.0,"gold_loss":0.0,"damage_taken":0.0,"cards_upgraded":["Strike_R","Strike_R","Defend_R","Defend_R","Defend_R","Defend_R"]},{"damage_healed":0.0,"max_hp_gain":0.0,"max_hp_loss":42.0,"gold_gain":0.0,"event_name":"Ghosts","player_choice":"Became a Ghost","floor":24.0,"gold_loss":0.0,"damage_taken":0.0,"cards_obtained":["Ghostly","Ghostly","Ghostly"]}],"is_beta":false,"boss_relics":[{"not_picked":["Busted Crown","SlaversCollar"],"picked":"Empty Cage"}],"items_purged_floors":[19],"is_endless":false,"potions_floor_spawned":[1,4,5,11,16,21,28],"killed_by":"Gremlin Leader","ascension_level":20}}