{"host":"2lo6hma6kymb0g9i","time":1607673031,"event":{"mods":["BaseMod","Colored Map","DeckTracker","Minty Spire (QoL Compilation)"],"gold_per_floor":[109,119,119,119,130,157,157,192,218,230,258,304,316,362,374,481,493,518,530,556,580,611,623,635,647,683,715,727,789,801,827,839,948,960,986,1016,1028,1055,1083,1095,696,711,711,761,266,0,14,43,43,43],"floor_reached":51,"playtime":5448,"items_purged":["Strike_G","Strike_G"],"score":954,"play_id":"781d3379-dac8-4353-9b23-b3568b0c575e","local_time":"20201211165031","is_ascension_mode":true,"campfire_choices":[{"floor":7,"key":"REST"},{"floor":10,"key":"REST"},{"floor":15,"key":"REST"},{"floor":23,"key":"REST"},{"floor":25,"key":"REST"},{"floor":32,"key":"REST"},{"floor":40,"key":"REST"},{"floor":49,"key":"REST"}],"circlet_count":0,"master_deck":["Strike_G","Strike_G+1","Strike_G","Defend_G+1","Defend_G","Defend_G","Defend_G","Defend_G","Survivor","Neutralize","Well Laid Plans","Distraction","Backflip","Burst","Tools of the Trade","Underhanded Strike","Escape Plan","Footwork","A Thousand Cuts","Distraction+1","Dagger Throw","Underhanded Strike+1","Flechettes","Backstab+1","Tools of the Trade","Prepared","Underhanded Strike","PiercingWail+1","Terror","Underhanded Strike+1","Die Die Die","Apotheosis","Dagger Throw"],"relics":["Ring of the Snake","Akabeko","Happy Flower","MawBank","Tingsha","Dead Branch","Fusion Hammer","MealTicket","SacredBark","Ninja Scroll","Potion Belt","Pen Nib","CaptainsWheel","Red Mask","StoneCalendar"],"acts_visited":["Exordium","TheCity","TheBeyond"],"potions_floor_usage":[6,6,6,14,33,33,38,38,39,48,50,50,50,50],"damage_taken":[{"damage":3,"enemies":"Small Slimes","floor":1,"turns":5},{"damage":0,"enemies":"2 Louse","floor":2,"turns":4},{"damage":0,"enemies":"Jaw Worm","floor":5,"turns":7},{"damage":19,"enemies":"Lagavulin","floor":6,"turns":7},{"damage":37,"enemies":"3 Sentries","floor":8,"turns":10},{"damage":3,"enemies":"Looter","floor":11,"turns":4},{"damage":14,"enemies":"Lagavulin","floor":12,"turns":6},{"damage":9,"enemies":"Gremlin Nob","floor":14,"turns":3},{"damage":1,"enemies":"Hexaghost","floor":16,"turns":13},{"damage":14,"enemies":"Spheric Guardian","floor":18,"turns":5},{"damage":4,"enemies":"Chosen","floor":20,"turns":5},{"damage":0,"enemies":"Snecko","floor":21,"turns":2},{"damage":29,"enemies":"Snake Plant","floor":22,"turns":4},{"damage":19,"enemies":"Sentry and Sphere","floor":27,"turns":6},{"damage":14,"enemies":"Centurion and Healer","floor":31,"turns":5},{"damage":39,"enemies":"Collector","floor":33,"turns":9},{"damage":26,"enemies":"3 Darklings","floor":35,"turns":6},{"damage":8,"enemies":"3 Shapes","floor":36,"turns":3},{"damage":0,"enemies":"Maw","floor":38,"turns":7},{"damage":11,"enemies":"Transient","floor":39,"turns":5},{"damage":18,"enemies":"Spire Growth","floor":42,"turns":3},{"damage":0,"enemies":"Mind Bloom Boss Battle","floor":44,"turns":1},{"damage":0,"enemies":"Sphere and 2 Shapes","floor":47,"turns":1},{"damage":34,"enemies":"Reptomancer","floor":48,"turns":3},{"damage":60,"enemies":"Time Eater","floor":50,"turns":9}],"seed_played":"-1170314386543293964","potions_obtained":[{"floor":0,"key":"Poison Potion"},{"floor":0,"key":"GamblersBrew"},{"floor":0,"key":"EssenceOfSteel"},{"floor":5,"key":"Fire Potion"},{"floor":11,"key":"ColorlessPotion"},{"floor":16,"key":"PowerPotion"},{"floor":21,"key":"CultistPotion"},{"floor":27,"key":"GamblersBrew"},{"floor":35,"key":"Weak Potion"},{"floor":38,"key":"Fruit Juice"},{"floor":48,"key":"SkillPotion"}],"is_trial":false,"path_per_floor":["M","M","?","?","M","E","R","E","T","R","M","E","?","E","R","B",null,"M","?","M","M","M","R","$","R","T","M","?","?","$","M","R","B",null,"M","M","T","M","M","R","$","M","T","?","$","?","M","E","R","B",null],"character_chosen":"THE_SILENT","items_purchased":["Potion Belt","Regen Potion","BlessingOfTheForge","Terror","Apotheosis","Fruit Juice","LiquidMemories","Explosive Potion"],"campfire_rested":8,"item_purchase_floors":[41,41,41,41,45,45,45,45],"current_hp_per_floor":[60,60,46,46,46,27,48,11,11,32,29,15,20,11,33,32,64,50,50,46,46,17,39,39,61,61,42,28,28,43,29,53,14,64,38,30,30,40,29,56,71,53,53,53,68,68,68,44,74,14],"gold":43,"neow_bonus":"THREE_SMALL_POTIONS","is_daily":false,"chose_seed":false,"campfire_upgraded":0,"win_rate":0.0,"timestamp":1607673031,"path_taken":["M","M","?","?","?","E","R","E","T","R","M","E","?","E","R","BOSS","M","?","M","M","M","R","?","R","T","?","?","?","$","M","R","BOSS","M","M","?","?","M","R","$","M","T","?","$","?","M","E","R","BOSS"],"items_purchased_type":["Relic","Potion","Potion","Card","Card","Potion","Potion","Potion"],"build_version":"2020-11-30","purchased_purges":2,"victory":true,"max_hp_per_floor":[70,70,70,70,70,70,70,70,70,70,70,70,75,75,75,75,75,75,75,75,75,75,75,75,75,75,75,80,80,80,80,80,80,80,80,80,80,90,90,90,90,90,90,90,90,90,90,100,100,100],"card_choices":[{"not_picked":["Sucker Punch","Prepared"],"picked":"Well Laid Plans","floor":1},{"not_picked":["Sucker Punch","Outmaneuver"],"picked":"Distraction","floor":2},{"not_picked":["Dash","Slice"],"picked":"Backflip","floor":5},{"not_picked":["Deflect","Dash"],"picked":"Burst","floor":6},{"not_picked":["Poisoned Stab","Endless Agony"],"picked":"Tools of the Trade","floor":8},{"not_picked":["Dagger Throw","Dash"],"picked":"Underhanded Strike","floor":11},{"not_picked":["Dash","Deflect"],"picked":"Escape Plan","floor":12},{"not_picked":["Calculated Gamble","Backflip"],"picked":"Footwork","floor":14},{"not_picked":["Grand Finale","Phantasmal Killer"],"picked":"A Thousand Cuts","floor":16},{"not_picked":["Deadly Poison","Skewer","Setup"],"picked":"SKIP","floor":18},{"not_picked":["Cloak And Dagger","Poisoned Stab"],"picked":"Distraction+1","floor":20},{"not_picked":["Eviscerate","Poisoned Stab"],"picked":"Dagger Throw","floor":21},{"not_picked":["Catalyst","Expertise+1"],"picked":"Underhanded Strike+1","floor":22},{"not_picked":["Quick Slash","Sucker Punch"],"picked":"Flechettes","floor":27},{"not_picked":["Finisher+1","Flying Knee+1"],"picked":"Backstab+1","floor":31},{"not_picked":["Grand Finale","Doppelganger"],"picked":"Tools of the Trade","floor":33},{"not_picked":["PiercingWail","Sucker Punch+1"],"picked":"Prepared","floor":35},{"not_picked":["Catalyst","Slice","Infinite Blades"],"picked":"SKIP","floor":36},{"not_picked":["Quick Slash","Outmaneuver+1"],"picked":"Underhanded Strike","floor":38},{"not_picked":["Flechettes","Prepared"],"picked":"PiercingWail+1","floor":39},{"not_picked":["Deadly Poison+1","Sucker Punch+1"],"picked":"Underhanded Strike+1","floor":42},{"not_picked":["Accuracy","Riddle With Holes"],"picked":"Die Die Die","floor":44},{"not_picked":["Choke","Dodge and Roll+1","Bane+1"],"picked":"SKIP","floor":47},{"not_picked":["Quick Slash+1","Underhanded Strike+1"],"picked":"Dagger Throw","floor":48}],"player_experience":751721,"relics_obtained":[{"floor":6,"key":"Akabeko"},{"floor":8,"key":"Happy Flower"},{"floor":9,"key":"MawBank"},{"floor":12,"key":"Tingsha"},{"floor":14,"key":"Dead Branch"},{"floor":26,"key":"MealTicket"},{"floor":37,"key":"Ninja Scroll"},{"floor":43,"key":"Pen Nib"},{"floor":44,"key":"CaptainsWheel"},{"floor":48,"key":"StoneCalendar"}],"event_choices":[{"damage_healed":0,"gold_gain":0,"player_choice":"Entered Light","damage_taken":14,"max_hp_gain":0,"max_hp_loss":0,"event_name":"Shining Light","floor":3,"gold_loss":0,"cards_upgraded":["Defend_G","Strike_G"]},{"damage_healed":0,"gold_gain":0,"player_choice":"Ignored","damage_taken":0,"max_hp_gain":0,"max_hp_loss":0,"event_name":"Liars Game","floor":4,"gold_loss":0},{"damage_healed":0,"gold_gain":0,"player_choice":"Donut","damage_taken":0,"max_hp_gain":5,"max_hp_loss":0,"event_name":"Big Fish","floor":13,"gold_loss":0},{"damage_healed":0,"gold_gain":0,"player_choice":"Ignored","damage_taken":0,"max_hp_gain":0,"max_hp_loss":0,"event_name":"N\u0027loth","floor":19,"gold_loss":0},{"damage_healed":0,"gold_gain":0,"player_choice":"Shed Blood","damage_taken":19,"max_hp_gain":5,"max_hp_loss":0,"event_name":"Forgotten Altar","floor":28,"gold_loss":0},{"damage_healed":0,"gold_gain":100,"player_choice":"Bet on Murderer","damage_taken":0,"max_hp_gain":0,"max_hp_loss":0,"event_name":"The Joust","floor":29,"gold_loss":50},{"damage_healed":0,"gold_gain":0,"player_choice":"Fight","damage_taken":0,"max_hp_gain":0,"max_hp_loss":0,"event_name":"MindBloom","floor":44,"gold_loss":0},{"damage_healed":0,"gold_gain":0,"player_choice":"Paid","damage_taken":0,"relics_obtained":["Red Mask"],"max_hp_gain":0,"max_hp_loss":0,"event_name":"Tomb of Lord Red Mask","floor":46,"gold_loss":266}],"is_beta":false,"boss_relics":[{"not_picked":["Empty Cage","Coffee Dripper"],"picked":"Fusion Hammer"},{"not_picked":["Sozu","Tiny House"],"picked":"SacredBark"}],"items_purged_floors":[41,45],"is_endless":false,"potions_floor_spawned":[5,11,16,21,27,31,35,38,48],"ascension_level":6}}