{"host":"htqwg582tjjtn9p7","time":1607697937,"event":{"mods":["2.2 Compatiblity","AchievementEnabler","Act Like it!","Aspiration","BaseMod","Better Third Choice","Colored Map","Conspire","Curses Come First","Displayed Cursed Tome","Energized Spire","Force Act Four","GifTheSpireLib","Hermit","Highlight Path","JesterMod","Mad Scientist","Minty Spire (QoL Compilation)","Pale of the Ancients","Permanent Neow","Random Character Button","Relic Stats","Replay The Spire","Robot Space Explorer","Somnambulant","Spicy Shops","Spikes Relics","StSLib","Stuff the Spire","The Blue Laboratory","The Disciple","The Dragon Tamer","The Forsaken","The Gatherer","The Judge","The Jungle","The Runesmith","The Servant 0.9.4"],"gold_per_floor":[114,114,39,39,50,84,84,84,84,84,84],"floor_reached":10,"playtime":244,"items_purged":["theForsaken:TheForsaken_Strike"],"score":121,"play_id":"979dff28-a12c-4f5c-ade4-e226162fe90a","local_time":"20201211154537","is_ascension_mode":true,"campfire_choices":[{"floor":7,"key":"REST"}],"circlet_count":0,"master_deck":["AscendersBane","conspire:GhostlyStrike","conspire:GhostlyStrike","conspire:GhostlyStrike","conspire:GhostlyDefend","conspire:GhostlyDefend","conspire:GhostlyDefend","conspire:GhostlyDefend","theForsaken:Smite","theForsaken:Penitence","theForsaken:CleansingLight","theForsaken:PlagueCurse","Injury","theForsaken:HymnOfPatience+1"],"relics":["theForsaken:JudgementScales","ReplayTheSpireMod:TigerMarble","theForsaken:PlagueMask","Toxic Egg 2","theForsaken:ScaryMask","Kunai"],"acts_visited":["Exordium"],"potions_floor_usage":[6],"damage_taken":[{"damage":12,"enemies":"Jaw Worm","floor":1,"turns":6},{"damage":5,"enemies":"Small Slimes","floor":5,"turns":5},{"damage":56,"enemies":"Gremlin Nob","floor":6,"turns":6},{"damage":13,"enemies":"3 Sentries","floor":10,"turns":3}],"seed_played":"5907214561278201362","potions_obtained":[{"floor":1,"key":"FearPotion"},{"floor":6,"key":"SteroidPotion"}],"is_trial":false,"path_per_floor":["M","?","$","?","M","E","R","?","T","E"],"character_chosen":"THE_FORSAKEN","items_purchased":[],"campfire_rested":1,"item_purchase_floors":[],"current_hp_per_floor":[53,53,53,53,51,1,20,20,20,7,7],"gold":84,"neow_bonus":"RANDOM_COMMON_RELIC","is_daily":false,"chose_seed":false,"campfire_upgraded":0,"win_rate":0.0,"timestamp":1607697937,"path_taken":["M","?","$","?","M","E","R","?","T","E"],"items_purchased_type":[],"build_version":"2020-11-30","purchased_purges":1,"victory":false,"max_hp_per_floor":[65,65,65,65,65,65,65,65,65,65,65],"relic_stats":{"counters":[4,20],"Kunai":[0],"obtain_stats":[{"theForsaken:ScaryMask":6,"ReplayTheSpireMod:TigerMarble":0,"Kunai":9,"Toxic Egg 2":4,"theForsaken:JudgementScales":0,"theForsaken:PlagueMask":2},{"theForsaken:ScaryMask":3,"ReplayTheSpireMod:TigerMarble":0,"Kunai":3,"Toxic Egg 2":1,"theForsaken:JudgementScales":0,"theForsaken:PlagueMask":1},{"theForsaken:ScaryMask":17,"ReplayTheSpireMod:TigerMarble":0,"Kunai":17,"Toxic Egg 2":6,"theForsaken:JudgementScales":0,"theForsaken:PlagueMask":6}]},"card_choices":[{"not_picked":["theForsaken:BindingThorns","theForsaken:ShieldCharge"],"picked":"theForsaken:CleansingLight","floor":1},{"not_picked":["theForsaken:WordOfPower","theForsaken:WordsOfMight","theForsaken:PowerUp+1"],"picked":"SKIP","floor":5},{"not_picked":["theForsaken:BindingThorns+1","theForsaken:Riposte"],"picked":"theForsaken:HymnOfPatience+1","floor":6}],"player_experience":1644331,"relics_obtained":[{"floor":6,"key":"theForsaken:ScaryMask"},{"floor":9,"key":"Kunai"}],"event_choices":[{"damage_healed":0,"gold_gain":0,"player_choice":"Obtain Plague Curse","damage_taken":0,"max_hp_gain":0,"max_hp_loss":0,"event_name":"Plague Doctor","floor":2,"gold_loss":0,"cards_obtained":["theForsaken:PlagueCurse"]},{"damage_healed":0,"gold_gain":0,"player_choice":"Agree","damage_taken":0,"max_hp_gain":0,"max_hp_loss":0,"event_name":"conspire:LoneGhost","floor":8,"gold_loss":0}],"is_beta":false,"boss_relics":[],"items_purged_floors":[3],"is_endless":false,"potions_floor_spawned":[1,6],"killed_by":"3 Sentries","ascension_level":10}}