{"host":"Squid","time":1607665188,"event":{"mods":["BaseMod","Minty Spire (QoL Compilation)","StSLib"],"gold_per_floor":[119,134,154,154,154,154,188,188,213,253,253,287,303,44,44,135,135,159,172,172,26,39,39,60,101,101,101,26,59,75,94,94,189,189,205,220,240,2,335,361,361,394,448,448,448,448,466,498,498,498,498],"floor_reached":50,"playtime":2267,"items_purged":[],"score":1020,"play_id":"299e3f71-be79-46de-aef4-84c1db7fba4e","local_time":"20201211003948","is_ascension_mode":true,"campfire_choices":[{"data":"Neutralize","floor":6.0,"key":"SMITH"},{"data":"Masterful Stab","floor":8.0,"key":"SMITH"},{"data":"Dash","floor":11.0,"key":"SMITH"},{"data":"Dagger Throw","floor":15,"key":"SMITH"},{"data":"Storm of Steel","floor":23,"key":"SMITH"},{"data":"Envenom","floor":27,"key":"SMITH"},{"data":"Flechettes","floor":32,"key":"SMITH"},{"data":"Footwork","floor":41,"key":"SMITH"},{"data":"Malaise","floor":44,"key":"SMITH"},{"data":"Apotheosis","floor":46,"key":"SMITH"},{"floor":49,"key":"RECALL"}],"circlet_count":0,"master_deck":["AscendersBane","Survivor","Neutralize+1","Masterful Stab+1","Dash+1","Quick Slash","Quick Slash","Dagger Throw+1","Malaise+1","Envenom+1","Quick Slash","Sucker Punch","Underhanded Strike","After Image","Tactician","Flechettes+1","Heel Hook","Storm of Steel+1","Unload","PiercingWail","Deadly Poison+1","Blur","Cloak And Dagger","Cloak And Dagger","After Image","Corpse Explosion","PiercingWail+1","Prepared+1","Footwork+1","PiercingWail","Night Terror","Venomology","Doubt","Apotheosis+1","Caltrops+1"],"relics":["Philosopher\u0027s Stone","PreservedInsect","Art of War","Eternal Feather","Potion Belt","Centennial Puzzle","Pandora\u0027s Box","ClockworkSouvenir","Nunchaku","Bottled Tornado","Ancient Tea Set","Cursed Key","OrangePellets","MealTicket","Toy Ornithopter","Gremlin Horn"],"acts_visited":["Exordium","TheCity","TheBeyond"],"potions_floor_usage":[24,25,25,33,33,33,33,33,37,42,48,50,50,50],"damage_taken":[{"damage":0.0,"enemies":"2 Louse","floor":1.0,"turns":3.0},{"damage":1.0,"enemies":"Cultist","floor":2.0,"turns":5.0},{"damage":0.0,"enemies":"Small Slimes","floor":3.0,"turns":3.0},{"damage":2.0,"enemies":"Lagavulin","floor":7.0,"turns":6.0},{"damage":11.0,"enemies":"3 Sentries","floor":10.0,"turns":6.0},{"damage":17.0,"enemies":"Gremlin Nob","floor":12.0,"turns":3.0},{"damage":10.0,"enemies":"Red Slaver","floor":13.0,"turns":2.0},{"damage":17,"enemies":"Slime Boss","floor":16,"turns":8},{"damage":8,"enemies":"Chosen","floor":18,"turns":3},{"damage":4,"enemies":"Spheric Guardian","floor":19,"turns":3},{"damage":7,"enemies":"Centurion and Healer","floor":22,"turns":6},{"damage":18,"enemies":"Snake Plant","floor":24,"turns":3},{"damage":6,"enemies":"Slavers","floor":25,"turns":4},{"damage":9,"enemies":"Book of Stabbing","floor":29,"turns":4},{"damage":0,"enemies":"Snecko","floor":30,"turns":5},{"damage":0,"enemies":"Centurion and Healer","floor":31,"turns":5},{"damage":36,"enemies":"Collector","floor":33,"turns":11},{"damage":16,"enemies":"3 Shapes","floor":35,"turns":3},{"damage":2,"enemies":"Orb Walker","floor":36,"turns":3},{"damage":0,"enemies":"Transient","floor":37,"turns":5},{"damage":8,"enemies":"Giant Head","floor":40,"turns":8},{"damage":35,"enemies":"Reptomancer","floor":42,"turns":8},{"damage":1,"enemies":"Spire Growth","floor":47,"turns":5},{"damage":33,"enemies":"Nemesis","floor":48,"turns":7},{"damage":68,"enemies":"Donu and Deca","floor":50,"turns":5}],"seed_played":"-484758495365016929","potions_obtained":[{"floor":2.0,"key":"BlessingOfTheForge"},{"floor":3.0,"key":"Strength Potion"},{"floor":13.0,"key":"PowerPotion"},{"floor":16,"key":"GamblersBrew"},{"floor":18,"key":"Regen Potion"},{"floor":20,"key":"Regen Potion"},{"floor":24,"key":"EntropicBrew"},{"floor":25,"key":"SpeedPotion"},{"floor":29,"key":"Fruit Juice"},{"floor":35,"key":"AttackPotion"},{"floor":42,"key":"EssenceOfSteel"}],"is_trial":false,"path_per_floor":["M","M","M","?","?","R","E","R","T","E","R","E","M","$","R","B",null,"M","M","?","$","M","R","M","E","T","R","?","E","M","M","R","B",null,"M","M","M","$","?","E","R","E","T","R","?","R","M","E","R","B"],"character_chosen":"THE_SILENT","items_purchased":["Centennial Puzzle","GhostInAJar","ClockworkSouvenir","Footwork","OrangePellets","PiercingWail"],"campfire_rested":0,"item_purchase_floors":[14,14,21,38,38,38],"current_hp_per_floor":[63,62,62,62,65,65,63,63,63,52,61,44,34,34,43,26,55,47,43,43,43,36,48,30,36,36,51,51,42,42,42,57,41,63,47,45,45,45,45,37,55,20,20,38,38,56,55,27,48,0,0],"gold":498,"neow_bonus":"BOSS_RELIC","is_daily":false,"chose_seed":false,"campfire_upgraded":10,"win_rate":0.0,"timestamp":1607665188,"path_taken":["M","M","M","?","?","R","E","R","T","E","R","E","?","$","R","BOSS","M","M","?","$","M","R","?","E","T","R","?","E","M","M","R","BOSS","M","M","M","$","?","E","R","E","T","R","?","R","M","E","R","BOSS"],"items_purchased_type":["Relic","Potion","Relic","Card","Relic","Card"],"build_version":"2020-12-07","purchased_purges":0,"victory":false,"max_hp_per_floor":[70,70,70,65,65,65,65,65,65,65,65,65,65,65,65,65,65,65,65,65,65,65,65,65,65,65,65,65,65,65,65,65,70,70,70,70,70,70,70,70,70,70,70,70,70,70,70,70,70,70,70],"card_choices":[{"not_picked":["Bane","Catalyst"],"picked":"Masterful Stab","floor":1.0},{"not_picked":["Outmaneuver","Setup"],"picked":"Dash","floor":2.0},{"not_picked":["Dagger Throw","Calculated Gamble"],"picked":"Quick Slash","floor":3.0},{"not_picked":["Distraction","Choke"],"picked":"Quick Slash","floor":7.0},{"not_picked":["Calculated Gamble","Bane"],"picked":"Dagger Throw","floor":10.0},{"not_picked":["Underhanded Strike","Acrobatics"],"picked":"Malaise","floor":12.0},{"not_picked":["Cloak And Dagger","Eviscerate","Deadly Poison"],"picked":"SKIP","floor":13.0},{"not_picked":["Storm of Steel","After Image"],"picked":"Envenom","floor":16},{"not_picked":["Underhanded Strike","Skewer"],"picked":"PiercingWail","floor":18},{"not_picked":["Sucker Punch","Dagger Throw"],"picked":"Deadly Poison+1","floor":19},{"not_picked":["Deflect","Prepared"],"picked":"Blur","floor":22},{"not_picked":["Quick Slash","Deflect"],"picked":"Cloak And Dagger","floor":24},{"not_picked":["Tactician","Dodge and Roll"],"picked":"Cloak And Dagger","floor":25},{"not_picked":["Cloak And Dagger","Quick Slash"],"picked":"After Image","floor":29},{"not_picked":["Sucker Punch","Deflect","Underhanded Strike"],"picked":"SKIP","floor":30},{"not_picked":["Setup","Slice","Dagger Throw"],"picked":"SKIP","floor":31},{"not_picked":["Unload","Die Die Die"],"picked":"Corpse Explosion","floor":33},{"not_picked":["Concentrate","Quick Slash","Dodge and Roll"],"picked":"SKIP","floor":35},{"not_picked":["Poisoned Stab","Endless Agony"],"picked":"PiercingWail+1","floor":36},{"not_picked":["Expertise","Deadly Poison"],"picked":"Prepared+1","floor":37},{"not_picked":["Expertise","Dodge and Roll"],"picked":"Night Terror","floor":40},{"not_picked":["Dodge and Roll","Skewer"],"picked":"Venomology","floor":42},{"not_picked":["Mind Blast","PanicButton"],"picked":"Apotheosis","floor":45},{"not_picked":["Flying Knee","Bane+1","Sucker Punch"],"picked":"SKIP","floor":47},{"not_picked":["Backflip","Acrobatics"],"picked":"Caltrops+1","floor":48}],"player_experience":828697,"relics_obtained":[{"floor":7.0,"key":"PreservedInsect"},{"floor":9.0,"key":"Art of War"},{"floor":10.0,"key":"Eternal Feather"},{"floor":12.0,"key":"Potion Belt"},{"floor":25,"key":"Nunchaku"},{"floor":26,"key":"Bottled Tornado"},{"floor":29,"key":"Ancient Tea Set"},{"floor":40,"key":"MealTicket"},{"floor":42,"key":"Toy Ornithopter"},{"floor":48,"key":"Gremlin Horn"}],"event_choices":[{"damage_healed":0.0,"max_hp_gain":0.0,"max_hp_loss":5.0,"gold_gain":0.0,"event_name":"Golden Idol","player_choice":"Lose Max HP","floor":4.0,"gold_loss":0.0,"damage_taken":0.0,"relics_obtained":["Golden Idol"]},{"damage_healed":3.0,"max_hp_gain":0.0,"max_hp_loss":0.0,"gold_gain":0.0,"event_name":"Wheel of Change","player_choice":"Full Heal","floor":5.0,"gold_loss":0.0,"damage_taken":0.0},{"damage_healed":0,"gold_gain":0,"player_choice":"Got Potions","damage_taken":0,"max_hp_gain":0,"max_hp_loss":0,"event_name":"Lab","floor":20,"gold_loss":0},{"cards_removed":["Accuracy"],"damage_healed":0,"gold_gain":0,"player_choice":"Gave Gold","damage_taken":0,"max_hp_gain":0,"max_hp_loss":0,"event_name":"Beggar","floor":28,"gold_loss":75},{"damage_healed":0,"gold_gain":333,"player_choice":"Gave Idol","damage_taken":0,"max_hp_gain":0,"max_hp_loss":0,"event_name":"The Moai Head","floor":39,"relics_lost":["Golden Idol"],"gold_loss":0},{"damage_healed":0,"gold_gain":0,"player_choice":"Memory 1","damage_taken":0,"max_hp_gain":0,"max_hp_loss":0,"event_name":"SensoryStone","floor":45,"gold_loss":0}],"is_beta":true,"boss_relics":[{"not_picked":["Coffee Dripper","Fusion Hammer"],"picked":"Pandora\u0027s Box"},{"not_picked":["Busted Crown","HoveringKite"],"picked":"Cursed Key"}],"items_purged_floors":[],"is_endless":false,"potions_floor_spawned":[2,3,13,16,18,24,25,29,35,42],"killed_by":"Donu and Deca","ascension_level":13}}