{"host":"92108ef2q9tm8rod","time":1607714107,"event":{"mods":["BaseMod","Defuse TimeMaze Blight","Minty Spire (QoL Compilation)","StSLib","The Jungle"],"gold_per_floor":[117,132,143,143,163,195,211,211,211,211,243,243,243,169,169,267,267,282,297,141,160,177,177,187,187,256,256,291,306,306,325,325,421,421,436,292,306,318,338,368,384,384,384,384,403,403,403,438,438,438],"floor_reached":51,"playtime":2947,"items_purged":[],"score":1116,"play_id":"8f732464-aba6-4334-bf4d-62bb49a4fa53","local_time":"20201211191507","daily_mods":["SealedDeck","Blue Cards","Heirloom","Flight"],"is_ascension_mode":false,"campfire_choices":[{"data":"Go for the Eyes","floor":8.0,"key":"SMITH"},{"data":"Coolheaded","floor":10.0,"key":"SMITH"},{"data":"Deadly Poison","floor":12.0,"key":"SMITH"},{"data":"Chaos","floor":13.0,"key":"SMITH"},{"data":"Go for the Eyes","floor":15.0,"key":"SMITH"},{"data":"Backflip","floor":23.0,"key":"SMITH"},{"data":"Cloak And Dagger","floor":25.0,"key":"SMITH"},{"data":"Blur","floor":27.0,"key":"SMITH"},{"data":"Streamline","floor":32.0,"key":"SMITH"},{"data":"Crippling Poison","floor":42,"key":"SMITH"},{"data":"FTL","floor":44,"key":"SMITH"},{"floor":47,"key":"REST"},{"floor":49,"key":"REST"}],"circlet_count":0,"master_deck":["FTL+1","Cloak And Dagger+1","Go for the Eyes+1","Coolheaded+1","Backflip+1","Streamline+1","Go for the Eyes+1","Crippling Poison+1","Deadly Poison+1","Chaos+1","Blur+1"],"relics":["Ring of the Snake","FossilizedHelix","Orichalcum","Mummified Hand","Art of War","Busted Crown","Medical Kit","Darkstone Periapt","Unceasing Top","WristBlade","TheAbacus","Lantern","Paper Crane","Eternal Feather"],"acts_visited":["Exordium","Exordium","TheBeyond"],"potions_floor_usage":[48,50],"damage_taken":[{"damage":0.0,"enemies":"Small Slimes","floor":1.0,"turns":2.0},{"damage":0.0,"enemies":"Jaw Worm","floor":2.0,"turns":2.0},{"damage":0.0,"enemies":"Cultist","floor":3.0,"turns":3.0},{"damage":0.0,"enemies":"Large Slime","floor":5.0,"turns":5.0},{"damage":0.0,"enemies":"Lagavulin","floor":6.0,"turns":5.0},{"damage":0.0,"enemies":"Blue Slaver","floor":7.0,"turns":4.0},{"damage":0.0,"enemies":"3 Sentries","floor":11.0,"turns":7.0},{"damage":0.0,"enemies":"The Guardian","floor":16.0,"turns":8.0},{"damage":0.0,"enemies":"theJungle:Flameango_and_Byrd","floor":18.0,"turns":4.0},{"damage":0.0,"enemies":"Shell Parasite","floor":19.0,"turns":4.0},{"damage":0.0,"enemies":"theJungle:Snecko_Cultist_And_Trap","floor":21.0,"turns":5.0},{"damage":0.0,"enemies":"theJungle:Lyon","floor":22.0,"turns":4.0},{"damage":0.0,"enemies":"theJungle:JungleHuntersEncounter","floor":24.0,"turns":5.0},{"damage":0.0,"enemies":"theJungle:2_Phrogs","floor":28.0,"turns":5.0},{"damage":0.0,"enemies":"theJungle:2_Snecko_Cultists","floor":29.0,"turns":4.0},{"damage":0.0,"enemies":"theJungle:Lyon","floor":31.0,"turns":4.0},{"damage":0.0,"enemies":"theJungle:TotemBoss","floor":33.0,"turns":8.0},{"damage":0.0,"enemies":"3 Shapes","floor":35.0,"turns":3.0},{"damage":0.0,"enemies":"3 Darklings","floor":37.0,"turns":4.0},{"damage":0.0,"enemies":"Writhing Mass","floor":38.0,"turns":6.0},{"damage":0.0,"enemies":"Sphere and 2 Shapes","floor":39.0,"turns":4.0},{"damage":0.0,"enemies":"Reptomancer","floor":40.0,"turns":7.0},{"damage":0.0,"enemies":"3 Darklings","floor":41.0,"turns":4.0},{"damage":0,"enemies":"Transient","floor":45,"turns":5},{"damage":0,"enemies":"Nemesis","floor":48,"turns":5},{"damage":0,"enemies":"Donu and Deca","floor":50,"turns":10}],"seed_played":"5191128669469683145","potions_obtained":[{"floor":1.0,"key":"Block Potion"},{"floor":3.0,"key":"FearPotion"},{"floor":5.0,"key":"Block Potion"},{"floor":16.0,"key":"FearPotion"},{"floor":19.0,"key":"Regen Potion"},{"floor":22.0,"key":"EssenceOfSteel"},{"floor":24.0,"key":"Explosive Potion"},{"floor":33.0,"key":"Poison Potion"},{"floor":37.0,"key":"EssenceOfSteel"},{"floor":38.0,"key":"Ancient Potion"},{"floor":45,"key":"BlessingOfTheForge"}],"is_trial":true,"path_per_floor":["M","M","M","?","M","E","M","R","T","R","E","R","R","$","R","B",null,"M","M","$","M","M","R","M","R","T","R","E","M","$","M","R","B",null,"M","$","M","M","M","E","M","R","T","R","M","$","R","E","R","B",null],"character_chosen":"THE_SILENT","items_purchased":["Blur","Medical Kit","TheAbacus"],"campfire_rested":2,"item_purchase_floors":[14,20,36],"current_hp_per_floor":[70,70,70,75,75,75,75,75,75,75,75,75,75,75,75,75,75,75,75,75,75,75,75,75,75,75,75,75,75,75,75,75,75,75,75,75,75,75,75,75,75,75,75,75,75,75,75,75,75,75],"gold":438,"neow_bonus":"","is_daily":false,"chose_seed":false,"campfire_upgraded":11,"win_rate":0.0,"timestamp":1607714107,"path_taken":["M","M","M","?","M","E","M","R","T","R","E","R","R","$","R","BOSS","M","M","$","M","M","R","M","R","T","R","E","M","$","M","R","BOSS","M","$","M","M","M","E","M","R","T","R","M","$","R","E","R","BOSS"],"items_purchased_type":["Card","Relic","Relic"],"build_version":"2020-11-30","purchased_purges":0,"victory":true,"max_hp_per_floor":[70,70,70,75,75,75,75,75,75,75,75,75,75,75,75,75,75,75,75,75,75,75,75,75,75,75,75,75,75,75,75,75,75,75,75,75,75,75,75,75,75,75,75,75,75,75,75,75,75,75],"card_choices":[{"not_picked":["Turbo","Dagger Throw","Gash"],"picked":"SKIP","floor":1.0},{"not_picked":["Streamline","Beam Cell","Outmaneuver"],"picked":"SKIP","floor":2.0},{"not_picked":["Streamline","Compile Driver","Prepared"],"picked":"SKIP","floor":3.0},{"not_picked":["Choke","Quick Slash","Beam Cell"],"picked":"SKIP","floor":5.0},{"not_picked":["Dagger Throw","Loop","Venomology"],"picked":"SKIP","floor":6.0},{"not_picked":["Outmaneuver","Flechettes","Flying Knee"],"picked":"SKIP","floor":7.0},{"not_picked":["Catalyst","Streamline","Bouncing Flask"],"picked":"SKIP","floor":11.0},{"not_picked":["Infinite Blades"],"picked":"SKIP","floor":18.0},{"not_picked":["Underhanded Strike+1"],"picked":"SKIP","floor":19.0},{"not_picked":["PiercingWail"],"picked":"SKIP","floor":21.0},{"not_picked":["Go for the Eyes"],"picked":"SKIP","floor":22.0},{"not_picked":["Beam Cell"],"picked":"SKIP","floor":24.0},{"not_picked":["Cold Snap+1"],"picked":"SKIP","floor":28.0},{"not_picked":["Quick Slash"],"picked":"SKIP","floor":29.0},{"not_picked":["Self Repair+1"],"picked":"SKIP","floor":31.0},{"not_picked":["Blizzard+1"],"picked":"SKIP","floor":35.0},{"not_picked":["Eviscerate"],"picked":"SKIP","floor":37.0},{"not_picked":["Dodge and Roll+1"],"picked":"SKIP","floor":38.0},{"not_picked":["Blade Dance+1"],"picked":"SKIP","floor":39.0},{"not_picked":["Leap"],"picked":"SKIP","floor":40.0},{"not_picked":["Glass Knife"],"picked":"SKIP","floor":41},{"not_picked":["Leap"],"picked":"SKIP","floor":45},{"not_picked":["Stack"],"picked":"SKIP","floor":48}],"player_experience":3139611,"relics_obtained":[{"floor":6.0,"key":"Orichalcum"},{"floor":9.0,"key":"Mummified Hand"},{"floor":11.0,"key":"Art of War"},{"floor":26.0,"key":"Darkstone Periapt"},{"floor":28.0,"key":"Unceasing Top"},{"floor":40.0,"key":"Lantern"},{"floor":43,"key":"Paper Crane"},{"floor":48,"key":"Eternal Feather"}],"event_choices":[{"damage_healed":0.0,"max_hp_gain":5.0,"max_hp_loss":0.0,"gold_gain":0.0,"event_name":"Big Fish","player_choice":"Donut","floor":4.0,"gold_loss":0.0,"damage_taken":0.0}],"is_beta":false,"boss_relics":[{"not_picked":["Velvet Choker","Ring of the Serpent"],"picked":"Busted Crown"},{"not_picked":["SacredBark","Empty Cage"],"picked":"WristBlade"}],"items_purged_floors":[],"is_endless":false,"potions_floor_spawned":[1,3,5,16,19,22,24,33,37,38,45],"ascension_level":0}}