{"host":"q9718omregw4er46","time":1607701524,"event":{"mods":["BaseMod","Bestiary","Colored Powertips","Highlight Path","Minty Spire (QoL Compilation)","Quick Restart","Relic Stats"],"gold_per_floor":[109,126,145,145,145,181,181,221,295,295,52,72,105,124,124,220,220,244,244,244,140,55,55,75,114,140,158,202,226,206,225,225,315,315,336,19,50,50,50,50,50,86,113,156,0,0,28,58,58,58,58,58,23,76,76],"floor_reached":56,"playtime":2891,"items_purged":["Strike_P+1"],"score":2455,"play_id":"0a11e015-b491-4645-ba41-e1c9fd6020ee","local_time":"20201211204524","is_ascension_mode":true,"campfire_choices":[{"data":"Judgement","floor":7.0,"key":"SMITH"},{"data":"SashWhip","floor":10.0,"key":"SMITH"},{"data":"Wallop","floor":15.0,"key":"SMITH"},{"data":"Eruption","floor":23.0,"key":"SMITH"},{"data":"Conclude","floor":32.0,"key":"SMITH"},{"data":"TalkToTheHand","floor":40.0,"key":"SMITH"},{"floor":46,"key":"DIG"},{"floor":49,"key":"RECALL"},{"floor":52,"key":"DIG"}],"circlet_count":0,"master_deck":["AscendersBane","Strike_P+1","Strike_P+1","Defend_P+1","Defend_P+1","Defend_P+1","Defend_P+1","Eruption+1","Vigilance","FlurryOfBlows","Consecrate","CarveReality","Judgement+1","SashWhip+1","Conclude+1","Wallop+1","FlurryOfBlows","DeceiveReality+1","ClearTheMind+1","Tantrum","DevaForm","TalkToTheHand+1","Secret Technique","Purity","CutThroughFate+1","ClearTheMind+1","EmptyFist+1","Sanctity","Adaptation"],"relics":["PureWater","Juzu Bracelet","Golden Idol","Lizard Tail","Nunchaku","Pantograph","Sling","Shuriken","Philosopher\u0027s Stone","CaptainsWheel","Kunai","Ancient Tea Set","Bag of Preparation","War Paint","Sozu","Ice Cream","Calipers","HornCleat","Shovel","Red Mask","CeramicFish","InkBottle","Happy Flower"],"acts_visited":["Exordium","TheCity","TheBeyond","TheEnding"],"potions_floor_usage":[54,55],"damage_taken":[{"damage":24.0,"enemies":"Jaw Worm","floor":1.0,"turns":5.0},{"damage":0.0,"enemies":"Small Slimes","floor":2.0,"turns":2.0},{"damage":0.0,"enemies":"Cultist","floor":3.0,"turns":2.0},{"damage":12.0,"enemies":"3 Sentries","floor":6.0,"turns":6.0},{"damage":0.0,"enemies":"Lagavulin","floor":8.0,"turns":3.0},{"damage":0.0,"enemies":"3 Louse","floor":12.0,"turns":2.0},{"damage":0.0,"enemies":"3 Sentries","floor":13.0,"turns":2.0},{"damage":17.0,"enemies":"Exordium Thugs","floor":14.0,"turns":2.0},{"damage":0.0,"enemies":"Slime Boss","floor":16.0,"turns":5.0},{"damage":20.0,"enemies":"2 Thieves","floor":18.0,"turns":4.0},{"damage":11.0,"enemies":"Shell Parasite","floor":24.0,"turns":4.0},{"damage":33.0,"enemies":"Slavers","floor":25.0,"turns":3.0},{"damage":0.0,"enemies":"Chosen and Byrds","floor":27.0,"turns":4.0},{"damage":0.0,"enemies":"Gremlin Leader","floor":28.0,"turns":4.0},{"damage":4.0,"enemies":"Shelled Parasite and Fungi","floor":31.0,"turns":3.0},{"damage":0.0,"enemies":"Collector","floor":33.0,"turns":5.0},{"damage":0.0,"enemies":"3 Shapes","floor":35.0,"turns":4.0},{"damage":0.0,"enemies":"Mind Bloom Boss Battle","floor":37.0,"turns":8.0},{"damage":0,"enemies":"Giant Head","floor":42,"turns":5},{"damage":24,"enemies":"Nemesis","floor":44,"turns":9},{"damage":0,"enemies":"Orb Walker","floor":47,"turns":2},{"damage":12,"enemies":"Writhing Mass","floor":48,"turns":5},{"damage":30,"enemies":"Awakened One","floor":50,"turns":11},{"damage":24,"enemies":"Shield and Spear","floor":54,"turns":6},{"damage":1,"enemies":"The Heart","floor":55,"turns":6}],"seed_played":"2367332712156805108","potions_obtained":[{"floor":3.0,"key":"Fire Potion"},{"floor":8.0,"key":"SteroidPotion"},{"floor":13.0,"key":"Weak Potion"},{"floor":25.0,"key":"Swift Potion"},{"floor":30.0,"key":"Ambrosia"},{"floor":33.0,"key":"DistilledChaos"}],"is_trial":false,"path_per_floor":["M","M","M","?","?","E","R","E","T","R","$","M","E","M","R","B",null,"M","?","?","$","?","R","M","E","T","M","E","T","?","M","R","B",null,"M","$","?","$","?","R","?","E","T","E","?","R","M","M","R","B",null,"R","$","E","B",null],"character_chosen":"WATCHER","items_purchased":["Sling","Wallop","ClearTheMind","Ice Cream","Sanctity"],"campfire_rested":0,"item_purchase_floors":[11,11,21,36,53],"current_hp_per_floor":[37,37,37,37,37,25,25,25,25,25,25,25,25,8,8,33,55,35,35,72,72,72,72,61,28,28,28,28,28,28,24,24,49,66,66,66,72,72,62,62,62,62,62,38,38,38,38,26,26,21,59,59,59,35,59],"gold":76,"neow_bonus":"RANDOM_COMMON_RELIC","is_daily":false,"chose_seed":false,"campfire_upgraded":6,"win_rate":0.0,"timestamp":1607701524,"path_taken":["M","M","M","?","?","E","R","E","T","R","$","M","E","M","R","BOSS","M","?","?","?","?","R","M","E","T","M","E","?","?","M","R","BOSS","M","$","?","?","?","R","?","E","T","E","?","R","M","M","R","BOSS","R","$","E","BOSS"],"items_purchased_type":["Relic","Card","Card","Relic","Card"],"build_version":"2020-11-30","purchased_purges":1,"victory":true,"max_hp_per_floor":[68,68,68,62,62,62,62,62,62,62,62,62,62,62,62,62,62,62,62,72,72,72,72,72,72,72,72,72,72,72,72,72,72,72,72,72,72,72,72,72,72,72,72,72,72,72,72,72,72,72,72,72,72,72,72],"relic_stats":{"Happy Flower":[2],"counters":[25,112],"Golden Idol":181,"CeramicFish":36,"Juzu Bracelet":3,"Bag of Preparation":[22],"War Paint":["ClearTheMind","DeceiveReality"],"Sozu":4,"Lizard Tail":0,"Nunchaku":[34],"Shovel":2,"Shuriken":[87],"Pantograph":106,"Kunai":[76],"obtain_stats":[{"Ice Cream":36,"Calipers":37,"Happy Flower":54,"Golden Idol":4,"CeramicFish":46,"Juzu Bracelet":0,"Bag of Preparation":28,"War Paint":29,"Sling":11,"Ancient Tea Set":26,"Sozu":34,"Lizard Tail":6,"Nunchaku":8,"CaptainsWheel":22,"HornCleat":42,"Shovel":44,"Shuriken":13,"Pantograph":9,"Philosopher\u0027s Stone":17,"Red Mask":45,"Kunai":25,"PureWater":0,"InkBottle":52},{"Ice Cream":17,"Calipers":18,"Happy Flower":24,"Golden Idol":3,"CeramicFish":20,"Juzu Bracelet":0,"Bag of Preparation":14,"War Paint":14,"Sling":5,"Ancient Tea Set":12,"Sozu":16,"Lizard Tail":4,"Nunchaku":5,"CaptainsWheel":10,"HornCleat":19,"Shovel":20,"Shuriken":7,"Pantograph":5,"Philosopher\u0027s Stone":9,"Red Mask":20,"Kunai":12,"PureWater":0,"InkBottle":23},{"Ice Cream":60,"Calipers":68,"Happy Flower":106,"Golden Idol":9,"CeramicFish":82,"Juzu Bracelet":0,"Bag of Preparation":48,"War Paint":48,"Sling":18,"Ancient Tea Set":40,"Sozu":56,"Lizard Tail":15,"Nunchaku":18,"CaptainsWheel":33,"HornCleat":73,"Shovel":82,"Shuriken":22,"Pantograph":18,"Philosopher\u0027s Stone":29,"Red Mask":82,"Kunai":40,"PureWater":0,"InkBottle":100}],"InkBottle":[10]},"card_choices":[{"not_picked":["JustLucky","Study"],"picked":"FlurryOfBlows","floor":1.0},{"not_picked":["CrushJoints","Nirvana"],"picked":"Consecrate","floor":2.0},{"not_picked":["FlyingSleeves","Study"],"picked":"CarveReality","floor":3.0},{"not_picked":["PathToVictory","Establishment"],"picked":"SashWhip","floor":6.0},{"not_picked":["SashWhip","WindmillStrike"],"picked":"Conclude","floor":8.0},{"not_picked":["Evaluate","Halt","ThirdEye"],"picked":"SKIP","floor":12.0},{"not_picked":["LikeWater","Consecrate","Collect"],"picked":"SKIP","floor":13.0},{"not_picked":["ClearTheMind","ThirdEye"],"picked":"FlurryOfBlows","floor":14.0},{"not_picked":["Establishment","Ragnarok"],"picked":"SpiritShield","floor":16.0},{"not_picked":["Evaluate","FollowUp"],"picked":"DeceiveReality","floor":18.0},{"not_picked":["Vengeance","Wallop"],"picked":"Tantrum","floor":24.0},{"not_picked":["Worship","ClearTheMind","MasterReality"],"picked":"SKIP","floor":25.0},{"not_picked":["Worship","FollowUp","Vengeance"],"picked":"SKIP","floor":27.0},{"not_picked":["Protect","InnerPeace","Halt"],"picked":"SKIP","floor":28.0},{"not_picked":["Perseverance","CrushJoints","ForeignInfluence"],"picked":"SKIP","floor":31.0},{"not_picked":["Wish","Alpha"],"picked":"DevaForm","floor":33.0},{"not_picked":["FlyingSleeves","LikeWater","Perseverance"],"picked":"SKIP","floor":35.0},{"not_picked":["EmptyBody","WindmillStrike"],"picked":"TalkToTheHand","floor":37.0},{"not_picked":["Dark Shackles","HandOfGreed"],"picked":"Secret Technique","floor":39.0},{"not_picked":["Discovery","Sadistic Nature"],"picked":"Purity","floor":39.0},{"not_picked":["ForeignInfluence","LikeWater","FlyingSleeves"],"picked":"SKIP","floor":42},{"not_picked":["Consecrate","EmptyFist"],"picked":"CutThroughFate+1","floor":44},{"not_picked":["EmptyBody","DeceiveReality"],"picked":"ClearTheMind+1","floor":47},{"not_picked":["WindmillStrike","CrushJoints"],"picked":"EmptyFist+1","floor":48},{"not_picked":["WheelKick","Establishment"],"picked":"Adaptation","floor":54}],"player_experience":986854,"relics_obtained":[{"floor":6.0,"key":"Lizard Tail"},{"floor":8.0,"key":"Nunchaku"},{"floor":9.0,"key":"Pantograph"},{"floor":13.0,"key":"Shuriken"},{"floor":25.0,"key":"Kunai"},{"floor":26.0,"key":"Ancient Tea Set"},{"floor":28.0,"key":"Bag of Preparation"},{"floor":29.0,"key":"War Paint"},{"floor":37.0,"key":"Calipers"},{"floor":42,"key":"HornCleat"},{"floor":44,"key":"Shovel"},{"floor":46,"key":"CeramicFish"},{"floor":52,"key":"InkBottle"},{"floor":54,"key":"Happy Flower"}],"event_choices":[{"damage_healed":0.0,"max_hp_gain":0.0,"max_hp_loss":6.0,"gold_gain":0.0,"event_name":"Golden Idol","player_choice":"Lose Max HP","floor":4.0,"gold_loss":0.0,"damage_taken":0.0,"relics_obtained":["Golden Idol"]},{"damage_healed":0.0,"max_hp_gain":0.0,"max_hp_loss":0.0,"gold_gain":0.0,"cards_transformed":["Strike_P"],"event_name":"Transmorgrifier","player_choice":"Transformed","floor":5.0,"gold_loss":0.0,"damage_taken":0.0,"cards_obtained":["Judgement"]},{"damage_healed":0.0,"max_hp_gain":0.0,"max_hp_loss":0.0,"gold_gain":0.0,"event_name":"Back to Basics","player_choice":"Simplicity","floor":19.0,"gold_loss":0.0,"damage_taken":0.0,"cards_upgraded":["Strike_P","Strike_P","Strike_P","Defend_P","Defend_P","Defend_P","Defend_P"]},{"cards_removed":["SpiritShield"],"damage_healed":27.0,"max_hp_gain":10.0,"max_hp_loss":0.0,"gold_gain":0.0,"event_name":"Bonfire Elementals","player_choice":"Offered Rare","floor":20.0,"gold_loss":0.0,"damage_taken":0.0},{"damage_healed":0.0,"max_hp_gain":0.0,"max_hp_loss":0.0,"gold_gain":0.0,"event_name":"Addict","player_choice":"Obtained Relic","floor":22.0,"gold_loss":85.0,"damage_taken":0.0,"relics_obtained":["CaptainsWheel"]},{"damage_healed":0.0,"max_hp_gain":0.0,"max_hp_loss":0.0,"gold_gain":0.0,"event_name":"The Woman in Blue","player_choice":"Bought 1 Potion","floor":30.0,"gold_loss":0.0,"damage_taken":0.0},{"damage_healed":0.0,"max_hp_gain":0.0,"max_hp_loss":0.0,"gold_gain":0.0,"event_name":"MindBloom","player_choice":"Fight","floor":37.0,"gold_loss":0.0,"damage_taken":0.0},{"damage_healed":0.0,"max_hp_gain":0.0,"max_hp_loss":0.0,"gold_gain":0.0,"event_name":"SensoryStone","player_choice":"Memory 3","floor":39.0,"gold_loss":0.0,"damage_taken":10.0},{"damage_healed":0,"gold_gain":0,"player_choice":"Ignored","damage_taken":0,"max_hp_gain":0,"max_hp_loss":0,"event_name":"Mysterious Sphere","floor":41,"gold_loss":0},{"damage_healed":0,"gold_gain":0,"player_choice":"Paid","damage_taken":0,"relics_obtained":["Red Mask"],"max_hp_gain":0,"max_hp_loss":0,"event_name":"Tomb of Lord Red Mask","floor":45,"gold_loss":156}],"is_beta":false,"boss_relics":[{"not_picked":["HolyWater","Coffee Dripper"],"picked":"Philosopher\u0027s Stone"},{"not_picked":["Black Star","Empty Cage"],"picked":"Sozu"}],"items_purged_floors":[21],"is_endless":false,"potions_floor_spawned":[3,8,12,13,25,33,35,42,47,54],"ascension_level":18}}