{"host":"sq65xgedotq5nei3","time":1607657604,"event":{"mods":["AchievementEnabler","BaseMod","Colored Powertips","Minty Spire (QoL Compilation)","Permanent Neow","Rare Cards Sparkle","StSLib","SuperFastMode"],"gold_per_floor":[109,109,109,34,54,54,79,79,79,106,121,138,138,154,154,228,228,238,250,349,364,383,383,400,400,426,426,459,459,486,486,486,486,486],"floor_reached":33,"playtime":1276,"items_purged":["Strike_R"],"score":468,"play_id":"b3d7aadc-4116-45d2-9e41-ac0d0c8a1e87","local_time":"20201211143324","is_ascension_mode":true,"campfire_choices":[{"data":"Flame Barrier","floor":6,"key":"SMITH"},{"data":"Pommel Strike","floor":8,"key":"SMITH"},{"data":"Shrug It Off","floor":13,"key":"SMITH"},{"floor":15,"key":"REST"},{"floor":23,"key":"REST"},{"floor":25,"key":"REST"},{"floor":27,"key":"REST"},{"floor":32,"key":"REST"}],"circlet_count":0,"master_deck":["AscendersBane","Strike_R","Strike_R","Strike_R","Strike_R","Defend_R","Defend_R","Defend_R","Defend_R","Bash","Pommel Strike+1","Flame Barrier+1","Shrug It Off+1","Battle Trance","Limit Break","Metallicize","J.A.X.","Flex"],"relics":["Burning Blood","Calipers","Oddly Smooth Stone","GremlinMask","Bag of Preparation","Bottled Flame","StrikeDummy","Fusion Hammer","Juzu Bracelet","Bronze Scales","Red Mask"],"acts_visited":["Exordium","TheCity"],"potions_floor_usage":[10,16,28],"damage_taken":[{"damage":3,"enemies":"2 Louse","floor":1,"turns":3},{"damage":0,"enemies":"Jaw Worm","floor":5,"turns":4},{"damage":33,"enemies":"3 Sentries","floor":7,"turns":13},{"damage":19,"enemies":"Lagavulin","floor":10,"turns":6},{"damage":0,"enemies":"Cultist","floor":11,"turns":3},{"damage":6,"enemies":"Exordium Wildlife","floor":12,"turns":4},{"damage":4,"enemies":"Large Slime","floor":14,"turns":4},{"damage":52,"enemies":"Slime Boss","floor":16,"turns":18},{"damage":12,"enemies":"Chosen","floor":18,"turns":6},{"damage":0,"enemies":"3 Byrds","floor":19,"turns":3},{"damage":14,"enemies":"Sentry and Sphere","floor":21,"turns":9},{"damage":9,"enemies":"Snake Plant","floor":22,"turns":5},{"damage":40,"enemies":"Centurion and Healer","floor":24,"turns":9},{"damage":21,"enemies":"Slavers","floor":28,"turns":12},{"damage":19,"enemies":"Masked Bandits","floor":30,"turns":4},{"damage":72,"enemies":"Collector","floor":33,"turns":8}],"seed_played":"-1596709473021581508","potions_obtained":[{"floor":7,"key":"SkillPotion"},{"floor":11,"key":"LiquidMemories"},{"floor":12,"key":"SneckoOil"},{"floor":21,"key":"FearPotion"},{"floor":24,"key":"LiquidMemories"}],"is_trial":false,"path_per_floor":["M","?","?","$","M","R","E","R","T","E","M","M","R","M","R","B",null,"M","M","?","M","M","R","M","R","T","R","E","?","?","?","R","B"],"character_chosen":"IRONCLAD","items_purchased":[],"campfire_rested":5,"item_purchase_floors":[],"current_hp_per_floor":[68,65,65,65,68,68,41,41,41,28,34,34,34,36,56,10,54,48,54,54,46,43,63,29,49,49,68,53,53,40,40,60,0,0],"gold":486,"neow_bonus":"ONE_RARE_RELIC","is_daily":false,"chose_seed":false,"campfire_upgraded":3,"win_rate":0.0,"timestamp":1607657604,"path_taken":["M","?","?","$","M","R","E","R","T","E","M","M","R","M","R","BOSS","M","?","?","M","M","R","M","R","T","R","E","?","?","?","R","BOSS"],"items_purchased_type":[],"build_version":"2020-11-30","purchased_purges":1,"victory":false,"max_hp_per_floor":[68,68,68,68,68,68,68,68,68,68,68,68,68,68,68,68,68,68,68,68,68,68,68,68,68,68,68,68,68,68,68,68,68,68],"card_choices":[{"not_picked":["Clash","Iron Wave"],"picked":"Pommel Strike","floor":1},{"not_picked":["Bloodletting","Heavy Blade"],"picked":"Flame Barrier","floor":5},{"not_picked":["Fire Breathing","Carnage","Twin Strike"],"picked":"SKIP","floor":7},{"not_picked":["Exhume","Twin Strike","Clothesline"],"picked":"SKIP","floor":10},{"not_picked":["Shockwave","Rupture"],"picked":"Shrug It Off","floor":11},{"not_picked":["Evolve","Iron Wave"],"picked":"Battle Trance","floor":12},{"not_picked":["Twin Strike","Clothesline","Thunderclap"],"picked":"SKIP","floor":14},{"not_picked":["Bludgeon","Reaper"],"picked":"Limit Break","floor":16},{"not_picked":["Burning Pact","Reckless Charge+1","Thunderclap"],"picked":"SKIP","floor":18},{"not_picked":["Headbutt","Bloodletting","Thunderclap"],"picked":"SKIP","floor":19},{"not_picked":["Second Wind","Battle Trance"],"picked":"Metallicize","floor":21},{"not_picked":["Metallicize","Intimidate","Dual Wield"],"picked":"SKIP","floor":22},{"not_picked":["Reckless Charge","Wild Strike","Perfected Strike"],"picked":"SKIP","floor":24},{"not_picked":["Disarm","Power Through","True Grit"],"picked":"SKIP","floor":28},{"not_picked":["Bloodletting","Headbutt"],"picked":"Flex","floor":30}],"player_experience":744395,"relics_obtained":[{"floor":7,"key":"Bag of Preparation"},{"floor":9,"key":"Bottled Flame"},{"floor":10,"key":"StrikeDummy"},{"floor":26,"key":"Juzu Bracelet"},{"floor":28,"key":"Bronze Scales"},{"floor":30,"key":"Red Mask"}],"event_choices":[{"damage_healed":0,"gold_gain":0,"player_choice":"Success","damage_taken":3,"relics_obtained":["Oddly Smooth Stone"],"max_hp_gain":0,"max_hp_loss":0,"event_name":"Scrap Ooze","floor":2,"gold_loss":0},{"damage_healed":0,"gold_gain":0,"player_choice":"Trade","damage_taken":0,"relics_obtained":["GremlinMask"],"max_hp_gain":0,"max_hp_loss":0,"event_name":"FaceTrader","floor":3,"gold_loss":0},{"damage_healed":0,"gold_gain":99,"player_choice":"Stole From Cult","damage_taken":0,"max_hp_gain":0,"max_hp_loss":0,"event_name":"Nest","floor":20,"gold_loss":0},{"damage_healed":0,"gold_gain":0,"player_choice":"Obtain J.A.X.","damage_taken":0,"max_hp_gain":0,"max_hp_loss":0,"event_name":"Drug Dealer","floor":29,"gold_loss":0,"cards_obtained":["J.A.X."]},{"damage_healed":0,"gold_gain":0,"player_choice":"Fought Bandits","damage_taken":0,"max_hp_gain":0,"max_hp_loss":0,"event_name":"Masked Bandits","floor":30,"gold_loss":0},{"damage_healed":0,"gold_gain":0,"player_choice":"Ignored","damage_taken":0,"max_hp_gain":0,"max_hp_loss":0,"event_name":"Ghosts","floor":31,"gold_loss":0}],"is_beta":false,"boss_relics":[{"not_picked":["Astrolabe","Calling Bell"],"picked":"Fusion Hammer"}],"items_purged_floors":[4],"is_endless":false,"potions_floor_spawned":[7,11,12,14,21,24],"killed_by":"Collector","ascension_level":14}}