{"host":"o5jvvi5yapo90aia","time":1607658790,"event":{"mods":["BaseMod","CapriCore","Minty Spire (QoL Compilation)","MostiFishMod","Prisma Mod","Spicy Shops","StSLib","TestMod","The Immortal","【东方二次创作】八云紫mod","【人物mod】游戏王New YuGiOh mod","【功能Mod】Neow奖励"],"gold_per_floor":[112,192,192,192,242,275,286,286,286],"floor_reached":8,"playtime":147,"items_purged":[],"score":108,"play_id":"4f27e31a-95ad-4ec1-b7a2-2bf92d2b49eb","local_time":"20201211115310","is_ascension_mode":true,"campfire_choices":[],"circlet_count":0,"master_deck":["AscendersBane","Strike_P","Strike_P","Strike_P","Strike_P","Defend_P","Defend_P","Defend_P","Defend_P","Eruption","Vigilance","MentalFortress","MostiFishMod:Speedup","TalkToTheHand"],"relics":["DaveBox","testmod-TestBox","JellyFishMachine","ImprovedEquipment","testmod-PortableAltar","Question Card","Mummified Hand","testmod-Motorcycle"],"acts_visited":["Exordium"],"potions_floor_usage":[8],"damage_taken":[{"damage":3.0,"enemies":"Cultist","floor":1.0,"turns":3.0},{"damage":39.0,"enemies":"Lagavulin","floor":6.0,"turns":6.0},{"damage":1.0,"enemies":"2 Louse","floor":7.0,"turns":2.0},{"damage":27,"enemies":"Gremlin Nob","floor":8,"turns":3}],"seed_played":"8788594291241888583","potions_obtained":[{"floor":1.0,"key":"LiquidBronze"}],"is_trial":false,"path_per_floor":["M","T","?","?","?","E","M","E"],"character_chosen":"WATCHER","items_purchased":[],"campfire_rested":0,"item_purchase_floors":[],"current_hp_per_floor":[59,59,59,64,64,26,26,0,0],"gold":286,"neow_bonus":"BOSS_RELIC","is_daily":false,"chose_seed":false,"campfire_upgraded":0,"win_rate":0.0,"timestamp":1607658790,"path_taken":["M","?","?","?","?","E","M","E"],"items_purchased_type":[],"build_version":"2020-11-30","purchased_purges":0,"victory":false,"max_hp_per_floor":[67,66,65,69,68,67,66,65,65],"card_choices":[{"not_picked":["WaveOfTheHand","FlyingSleeves"],"picked":"MentalFortress","floor":1.0},{"not_picked":["Study","LikeWater","ThirdEye"],"picked":"MostiFishMod:Speedup","floor":6.0},{"not_picked":["Sanctity","CrushJoints","WaveOfTheHand"],"picked":"TalkToTheHand","floor":7.0}],"player_experience":1257596,"relics_obtained":[{"floor":1.0,"key":"Question Card"},{"floor":2.0,"key":"Mummified Hand"},{"floor":6.0,"key":"testmod-Motorcycle"}],"event_choices":[{"damage_healed":0.0,"max_hp_gain":0.0,"max_hp_loss":0.0,"gold_gain":0.0,"event_name":"Liars Game","player_choice":"Ignored","floor":3.0,"gold_loss":0.0,"damage_taken":0.0},{"damage_healed":0.0,"max_hp_gain":5.0,"max_hp_loss":0.0,"gold_gain":0.0,"event_name":"Big Fish","player_choice":"Donut","floor":4.0,"gold_loss":0.0,"damage_taken":0.0},{"damage_healed":0.0,"max_hp_gain":0.0,"max_hp_loss":0.0,"gold_gain":50.0,"event_name":"Golden Shrine","player_choice":"Pray","floor":5.0,"gold_loss":0.0,"damage_taken":0.0}],"is_beta":false,"boss_relics":[],"items_purged_floors":[],"is_endless":false,"potions_floor_spawned":[1],"killed_by":"Gremlin Nob","ascension_level":20}}