{"host":"htqwg582tjjtn9p7","time":1607699481,"event":{"mods":["2.2 Compatiblity","AchievementEnabler","Act Like it!","Aspiration","BaseMod","Better Third Choice","Colored Map","Conspire","Curses Come First","Displayed Cursed Tome","Energized Spire","Force Act Four","GifTheSpireLib","Hermit","Highlight Path","JesterMod","Mad Scientist","Minty Spire (QoL Compilation)","Pale of the Ancients","Permanent Neow","Random Character Button","Relic Stats","Replay The Spire","Robot Space Explorer","Somnambulant","Spicy Shops","Spikes Relics","StSLib","Stuff the Spire","The Blue Laboratory","The Disciple","The Dragon Tamer","The Forsaken","The Gatherer","The Judge","The Jungle","The Runesmith","The Servant 0.9.4"],"gold_per_floor":[113,113,133,146,161,161,176,210,210,210,221,240,265,90,90,186,186,205,205,42,113,125,160,160,171,171,171,171],"floor_reached":27,"playtime":1525,"items_purged":["theForsaken:TheForsaken_Strike","theForsaken:TheForsaken_Strike"],"score":393,"play_id":"8bd90301-cf1a-4a58-9088-1c3314efd14a","local_time":"20201211161121","is_ascension_mode":true,"campfire_choices":[{"data":"theForsaken:Smite","floor":6,"key":"SMITH"},{"data":"theForsaken:NobleSacrifice","floor":10,"key":"SMITH"},{"data":"theForsaken:StoreUp","floor":15,"key":"SMITH"},{"floor":24,"key":"REST"}],"circlet_count":0,"master_deck":["AscendersBane","theForsaken:TheForsaken_Strike","theForsaken:TheForsaken_Defend","theForsaken:TheForsaken_Defend","theForsaken:TheForsaken_Defend","theForsaken:TheForsaken_Defend","theForsaken:Smite+1","theForsaken:Penitence","theForsaken:NobleSacrifice+1","theForsaken:WardingHymn","theForsaken:SpreadingPlague","theForsaken:StoreUp+1","theForsaken:SpreadingPlague","theForsaken:Smite","BasicCrystalCard","Master of Strategy","theForsaken:ShieldBash","theForsaken:StoreUp","ReplayTheSpireMod:System Scan+1"],"relics":["theForsaken:JudgementScales","Durian","Replay:Bottled Steam","Ancient Tea Set","aspiration:DefectSkillbook","StuffTheSpire:EmeraldSignet","Snack Pack","Ginger"],"acts_visited":["Exordium","TheCity"],"potions_floor_usage":[16,23,23,27],"damage_taken":[{"damage":5,"enemies":"Jaw Worm","floor":1,"turns":7},{"damage":5,"enemies":"Small Slimes","floor":3,"turns":5},{"damage":6,"enemies":"Cultist","floor":4,"turns":4},{"damage":19,"enemies":"3 Louse","floor":5,"turns":11},{"damage":13,"enemies":"2 Fungi Beasts","floor":7,"turns":10},{"damage":68,"enemies":"Lagavulin","floor":8,"turns":15},{"damage":20,"enemies":"Exordium Wildlife","floor":11,"turns":6},{"damage":0,"enemies":"Red Slaver","floor":12,"turns":5},{"damage":42,"enemies":"Gremlin Nob","floor":13,"turns":7},{"damage":34,"enemies":"The Guardian","floor":16,"turns":11},{"damage":11,"enemies":"Chosen","floor":18,"turns":6},{"damage":32,"enemies":"Shell Parasite","floor":22,"turns":9},{"damage":84,"enemies":"Slavers","floor":23,"turns":5},{"damage":36,"enemies":"Sentry and Sphere","floor":25,"turns":7},{"damage":43,"enemies":"Book of Stabbing","floor":27,"turns":4}],"seed_played":"2823339025203109643","potions_obtained":[{"floor":4,"key":"blueLaboratory:ExaltedPotion"},{"floor":7,"key":"Fire Potion"},{"floor":8,"key":"Block Potion"},{"floor":11,"key":"LiquidBronze"},{"floor":13,"key":"Swift Potion"},{"floor":23,"key":"Strength Potion"},{"floor":25,"key":"Energy Potion"}],"is_trial":false,"path_per_floor":["M","?","M","M","M","R","M","E","T","R","M","M","E","$","R","B",null,"M","?","$","T","M","E","R","M","T","E"],"character_chosen":"THE_FORSAKEN","items_purchased":["Master of Strategy"],"campfire_rested":1,"item_purchase_floors":[20],"current_hp_per_floor":[58,51,52,49,45,45,64,80,80,80,82,82,55,55,55,78,81,74,74,74,74,82,15,39,36,36,2,2],"gold":171,"neow_bonus":"TWENTY_PERCENT_HP_BONUS","is_daily":false,"chose_seed":false,"campfire_upgraded":3,"win_rate":0.0,"timestamp":1607699481,"path_taken":["M","?","M","M","M","R","M","E","T","R","M","M","E","$","R","BOSS","M","?","$","?","M","E","R","M","T","E"],"items_purchased_type":["Card"],"build_version":"2020-11-30","purchased_purges":2,"victory":false,"max_hp_per_floor":[77,77,77,77,77,77,77,82,82,82,82,82,82,82,82,82,82,82,82,82,82,82,82,82,82,82,82,82],"relic_stats":{"counters":[15,112],"Ginger":[0],"obtain_stats":[{"aspiration:DefectSkillbook":17,"StuffTheSpire:EmeraldSignet":21,"Durian":8,"Snack Pack":23,"Ginger":26,"theForsaken:JudgementScales":0,"Ancient Tea Set":13,"Replay:Bottled Steam":9},{"aspiration:DefectSkillbook":10,"StuffTheSpire:EmeraldSignet":11,"Durian":6,"Snack Pack":13,"Ginger":14,"theForsaken:JudgementScales":0,"Ancient Tea Set":9,"Replay:Bottled Steam":6},{"aspiration:DefectSkillbook":81,"StuffTheSpire:EmeraldSignet":87,"Durian":52,"Snack Pack":101,"Ginger":108,"theForsaken:JudgementScales":0,"Ancient Tea Set":70,"Replay:Bottled Steam":52}]},"card_choices":[{"not_picked":["theForsaken:ScorchingSunlight","theForsaken:CreepingInfection"],"picked":"theForsaken:NobleSacrifice","floor":1},{"not_picked":["theForsaken:QuickAttack","theForsaken:Preservation","theForsaken:DefensiveStance"],"picked":"SKIP","floor":3},{"not_picked":["theForsaken:Preservation","theForsaken:Thunderbolt","theForsaken:PanicDive"],"picked":"SKIP","floor":4},{"not_picked":["theForsaken:BlessedWeapon","theForsaken:PowerUp","theForsaken:CreepingInfection"],"picked":"SKIP","floor":5},{"not_picked":["theForsaken:PowerUp","theForsaken:CleansingLight"],"picked":"theForsaken:WardingHymn","floor":7},{"not_picked":["theForsaken:RainingSunlight","theForsaken:Parry","theForsaken:LightRoll"],"picked":"SKIP","floor":8},{"not_picked":["theForsaken:Backlash","theForsaken:WardingHymn"],"picked":"theForsaken:SpreadingPlague","floor":11},{"not_picked":["theForsaken:Eulogy","theForsaken:QuickAttack"],"picked":"theForsaken:StoreUp","floor":12},{"not_picked":["theForsaken:PowerUp","theForsaken:CorruptDeck","theForsaken:FatRoll"],"picked":"SKIP","floor":13},{"not_picked":["theForsaken:Confusion","theForsaken:DivineGuidance"],"picked":"theForsaken:SpreadingPlague","floor":16},{"not_picked":["Sweeping Beam+1","Blizzard","theForsaken:Terrorize","Gash"],"picked":"SKIP","floor":18},{"not_picked":["StuffTheSpire:NuclearReactor","Tempest","theForsaken:PowerUp"],"picked":"theForsaken:ShieldBash","floor":22},{"not_picked":["Storm","Doom and Gloom","Lockon+1"],"picked":"theForsaken:StoreUp","floor":23},{"not_picked":["Turbo","StuffTheSpire:Plugnplay","StuffTheSpire:SnapShoot"],"picked":"ReplayTheSpireMod:System Scan+1","floor":25}],"player_experience":1644575,"relics_obtained":[{"floor":8,"key":"Durian"},{"floor":9,"key":"Replay:Bottled Steam"},{"floor":13,"key":"Ancient Tea Set"},{"floor":21,"key":"StuffTheSpire:EmeraldSignet"},{"floor":23,"key":"Snack Pack"},{"floor":26,"key":"Ginger"}],"event_choices":[{"cards_removed":["theForsaken:TheForsaken_Strike"],"damage_healed":0,"gold_gain":0,"player_choice":"Card Removal","damage_taken":7,"max_hp_gain":0,"max_hp_loss":0,"event_name":"Golden Wing","floor":2,"gold_loss":0},{"damage_healed":0,"gold_gain":0,"player_choice":"2 cards matched","damage_taken":0,"max_hp_gain":0,"max_hp_loss":0,"event_name":"Match and Keep!","floor":19,"gold_loss":0,"cards_obtained":["theForsaken:Smite","BasicCrystalCard"]}],"is_beta":false,"boss_relics":[{"not_picked":["Sandwich","Snecko Heart"],"picked":"aspiration:DefectSkillbook"}],"items_purged_floors":[14,14],"is_endless":false,"potions_floor_spawned":[4,7,8,11,13,23,25],"killed_by":"Book of Stabbing","ascension_level":10}}