{"host":"m1168lp3vv5pgdep","time":1607705277,"event":{"mods":["Act Like it!","Aspiration","BaseMod","Better Altar","Better Match","Better Sensory Stone","Better Skull","Better Third Choice","Block Reminder","CCEM","Curses Come First","Elementarium","Gensokyo","GungeonMod","Hallownest","Hermit","Hubris","Menagerie","Minty Spire (QoL Compilation)","Pale of the Ancients","Permanent Neow","Quick Restart","Small Relic Pack","Spicy Shops","StSLib","The Bug Knight","The Forsaken","Wandering Minibosses","WarShipGirlsR/????R mod"],"gold_per_floor":[111,122,122,134,145,170,185,196,196,224,149,25,42,62,62,166,166,176,176,186,66,66,66,86,86,167,167,192,192,192,202,202,301,301,316,334,347,365,380,380,320,347,347,379,394,426,426,438,438,534,534,553,553,20,20,20,20],"floor_reached":56,"playtime":8016,"items_purged":["HollowMod:MonarchWings","theForsaken:PlagueCurse"],"score":882,"play_id":"b3bb3356-fe7c-4579-8cd5-287469ab908a","local_time":"20201211164757","is_ascension_mode":false,"campfire_choices":[{"floor":15,"key":"RECALL"},{"floor":23,"key":"REST"},{"floor":25,"key":"REST"},{"data":"HollowMod:SlysStrikes","floor":27,"key":"SMITH"},{"floor":32,"key":"REST"},{"floor":47,"key":"REST"},{"floor":49,"key":"REST"},{"data":"HollowMod:Weaversong","floor":55,"key":"SMITH"}],"circlet_count":0,"master_deck":["HollowMod:NailStrikeStart","HollowMod:NailStrikeStart","HollowMod:NailStrikeStart","HollowMod:QuickDashStart","HollowMod:QuickDashStart","HollowMod:QuickDashStart","HollowMod:QuickDashStart","HollowMod:FocusHealStart","HollowMod:PogoStrike","HollowMod:LifebloodCocoon","HollowMod:MantisMark","HollowMod:SoulSplash","HollowMod:BaldurShell+1","HollowMod:CloakDash+1","HollowMod:RecoilStrike+1","HollowMod:DashSlash+1","HollowMod:MothsMistake","HollowMod:SlysStrikes+1","HollowMod:MantisMark","HollowMod:InfectedAttack","HollowMod:DashSlash+1","HollowMod:Weaversong+1"],"relics":["HollowMod:VesselMask","Hallownest:DreamNailRelic","DemoMod:MeltedRock","HollowMod:PaleOreRelic","hubris:VirtuousBlindfold","relicPack:DSword","Singing Bowl","theForsaken:Lifeblossom","Empty Cage","relicPack:OneForAll","CCEMRelics:TinyMinotavrHorn","CCEMRelics:TechnogenicHelmet","Oddly Smooth Stone","aspiration:ChemicalBlood","paleoftheancients:Timepiece","paleoftheancients:KeyRelic","Bronze Scales","paleoftheancients:SoulOfTheCollector","theForsaken:PlagueMask","Whetstone","Anchor","Bag of Marbles"],"acts_visited":["Hallownest:Greenpath","Hallownest:CityofTears","Hallownest:KingdomsEdge","paleoftheancients:PaleOfTheAncients"],"potions_floor_usage":[6,10,16,16,20,33,42,42,46,50,50,50,51,51,51,51,51,52,52,52,56,56,56,56],"damage_taken":[{"damage":10,"enemies":"Hallownest:2_Tiktiks_and_1_Crawlid","floor":1,"turns":4},{"damage":0,"enemies":"Hallownest:2_MossCreeps","floor":2,"turns":6},{"damage":2,"enemies":"Hallownest:monsterHuskWarrior","floor":4,"turns":4},{"damage":2,"enemies":"Hallownest:Wandering_and_Horned","floor":5,"turns":7},{"damage":18,"enemies":"Hallownest:eliteMossKnight","floor":6,"turns":11},{"damage":8,"enemies":"Hallownest:MossCreep_and_Mosskin","floor":7,"turns":6},{"damage":13,"enemies":"Hallownest:1_Baldur_1_Crawlid_1_Warrior","floor":8,"turns":6},{"damage":4,"enemies":"Hallownest:eliteVengeflyKing","floor":10,"turns":11},{"damage":7,"enemies":"Hallownest:Wandering_and_Horned","floor":13,"turns":3},{"damage":2,"enemies":"Hallownest:monsterFoolEater","floor":14,"turns":3},{"damage":39,"enemies":"Hallownest:BossBrokenVessel","floor":16,"turns":7},{"damage":0,"enemies":"Hallownest:Flukemon_and_Top","floor":18,"turns":5},{"damage":15,"enemies":"Hallownest:Guard_and_Sentry","floor":20,"turns":4},{"damage":49,"enemies":"Hallownest:3_Mistakes","floor":24,"turns":7},{"damage":36,"enemies":"Hallownest:eliteSoulWarrior","floor":28,"turns":5},{"damage":23,"enemies":"Hallownest:Master_and_Novice","floor":31,"turns":5},{"damage":32,"enemies":"Hallownest:BossSoulMaster","floor":33,"turns":9},{"damage":43,"enemies":"Hallownest:2_Littles","floor":35,"turns":6},{"damage":10,"enemies":"Hallownest:Shield_Heavy","floor":36,"turns":5},{"damage":9,"enemies":"Hallownest:2_Great","floor":37,"turns":6},{"damage":29,"enemies":"Hallownest:monsterPrimalAspid","floor":38,"turns":4},{"damage":22,"enemies":"Hallownest:Shield_Sturdy","floor":39,"turns":5},{"damage":26,"enemies":"Hallownest:eliteHiveKnight","floor":42,"turns":5},{"damage":34,"enemies":"Hallownest:StalkingDevout","floor":44,"turns":5},{"damage":5,"enemies":"Hallownest:2_Wing_and_1_Kings","floor":45,"turns":6},{"damage":24,"enemies":"Hallownest:eliteHiveKnight","floor":46,"turns":7},{"damage":7,"enemies":"Hallownest:monsterPrimalAspid","floor":48,"turns":3},{"damage":40,"enemies":"Hallownest:BossGreyPrinceZote","floor":50,"turns":10},{"damage":149,"enemies":"Hallownest:BossGreyPrinceZote","floor":51,"turns":6},{"damage":85,"enemies":"Hallownest:BossGreyPrinceZote","floor":52,"turns":14},{"damage":553,"enemies":"Hallownest:BossGreyPrinceZote","floor":56,"turns":6}],"seed_played":"-963412514639440905","potions_obtained":[{"floor":2,"key":"FairyPotion"},{"floor":4,"key":"PowerPotion"},{"floor":7,"key":"BlessingOfTheForge"},{"floor":8,"key":"SteroidPotion"},{"floor":13,"key":"Explosive Potion"},{"floor":18,"key":"Fire Potion"},{"floor":24,"key":"Fire Potion"},{"floor":38,"key":"BlessingOfTheForge"},{"floor":39,"key":"Regen Potion"},{"floor":42,"key":"Strength Potion"},{"floor":45,"key":"GamblersBrew"},{"floor":46,"key":"Dexterity Potion"},{"floor":52,"key":"Block Potion"},{"floor":56,"key":"FearPotion"}],"is_trial":false,"path_per_floor":["M","M","?","M","M","E","M","M","T","E","?","$","M","M","R","B",null,"M","?","M","$","?","R","M","R","T","R","E","?","?","M","R","B",null,"M","M","M","M","M","?","?","E","T","E","M","E","R","M","R","B","M","M","?","$","R","M"],"character_chosen":"THE_BUGKNIGHT","items_purchased":["HollowMod:InfectedCysts","Regen Potion","HollowMod:DashSlash","Whetstone","Anchor","Bag of Marbles","Weak Potion"],"campfire_rested":5,"item_purchase_floors":[12,12,21,54,54,54,54],"current_hp_per_floor":[71,75,75,73,71,65,67,64,64,70,70,70,63,61,61,44,75,75,40,25,25,25,47,22,44,44,44,10,10,10,5,28,14,81,53,57,66,51,47,47,54,62,62,42,55,45,76,83,108,108,108,74,74,74,74,0,0],"gold":20,"neow_bonus":"REMOVE_CARD","is_daily":false,"chose_seed":false,"campfire_upgraded":2,"win_rate":0.0,"timestamp":1607705277,"path_taken":["M","?","?","M","M","E","M","?","T","E","?","$","M","M","R","BOSS","M","?","M","$","?","R","M","R","T","R","E","?","?","M","R","BOSS","M","M","M","M","M","?","?","E","T","E","M","E","R","M","R","BOSS","M","M","?","$","R","M"],"items_purchased_type":["Card","Potion","Card","Relic","Relic","Relic","Potion"],"build_version":"2020-11-30","purchased_purges":2,"victory":false,"max_hp_per_floor":[75,75,75,75,75,75,75,75,75,75,75,75,75,75,75,75,75,75,75,75,75,75,75,75,75,75,75,77,77,77,79,79,81,81,83,85,87,89,91,91,98,100,100,102,104,106,106,108,108,108,108,110,110,110,110,110,110],"card_choices":[{"not_picked":["HollowMod:GoodIntentions","HollowMod:SiblingsSouls"],"picked":"HollowMod:LifebloodCocoon","floor":1},{"not_picked":["HollowMod:ShapeofUnn","HollowMod:QuirrelsAssistance"],"picked":"HollowMod:MonarchWings","floor":2},{"not_picked":["HollowMod:SharpenedNail","HollowMod:SoulStrike"],"picked":"HollowMod:MantisMark","floor":4},{"not_picked":["HollowMod:NewGlowingWomb","HollowMod:NewJinnsSoul"],"picked":"HollowMod:SoulSplash","floor":5},{"not_picked":["HollowMod:HuntersJournal","HollowMod:ElderbugsWisdom"],"picked":"HollowMod:InfectionAssault","floor":6},{"not_picked":["HollowMod:DreamGate","HollowMod:SoulSplash","HollowMod:ShadowDash"],"picked":"SKIP","floor":7},{"not_picked":["HollowMod:HeavyBlow","HollowMod:VoidDash","HollowMod:CoiledNail"],"picked":"SKIP","floor":8},{"not_picked":["HollowMod:GreatSlash","HollowMod:HuntersJournal"],"picked":"HollowMod:BaldurShell","floor":10},{"not_picked":["HollowMod:LifebloodCocoon+1","HollowMod:ChannelNail+1"],"picked":"HollowMod:CloakDash+1","floor":11},{"not_picked":["HollowMod:QuirrelsAssistance+1","HollowMod:PerfectDash+1"],"picked":"HollowMod:RecoilStrike+1","floor":11},{"not_picked":["HollowMod:HeavyBlow","HollowMod:PureNailStrike"],"picked":"HollowMod:DashSlash","floor":13},{"not_picked":["HollowMod:LifebloodCore","HollowMod:SiblingsSouls"],"picked":"HollowMod:MothsMistake","floor":14},{"not_picked":["HollowMod:ZotesMagnificence","HollowMod:VoidDash"],"picked":"HollowMod:SlysStrikes","floor":16},{"not_picked":["HollowMod:HowlingWraiths","HollowMod:NewLittleFool"],"picked":"HollowMod:MantisMark","floor":18},{"not_picked":["HollowMod:DoubleDash+1","HollowMod:CloakDash"],"picked":"HollowMod:InfectedAttack","floor":20},{"not_picked":["HollowMod:InfectedAttack","HollowMod:PerfectDash","HollowMod:DungDefenderAura+1"],"picked":"SKIP","floor":24},{"not_picked":["HollowMod:SharpenedShadows+1","HollowMod:FallenFury","HollowMod:CornifersMapStart+1"],"picked":"Singing Bowl","floor":28},{"not_picked":["HollowMod:ShadowDash","HollowMod:SiblingsSouls+1","HollowMod:CornifersMapStart+1"],"picked":"Singing Bowl","floor":31},{"not_picked":["HollowMod:AwokenDreamNail","HollowMod:SoulMaster","HollowMod:ZotesMagnificence"],"picked":"Singing Bowl","floor":33},{"not_picked":["HollowMod:TaintedHusks+1","HollowMod:VengefulVoid","HollowMod:PureNailStrike"],"picked":"Singing Bowl","floor":35},{"not_picked":["HollowMod:CloakDash","HollowMod:SharpenedShadows+1","HollowMod:SoulSplash"],"picked":"Singing Bowl","floor":36},{"not_picked":["HollowMod:SiblingsSouls","HollowMod:SoulStrike+1","HollowMod:GoodIntentions+1"],"picked":"Singing Bowl","floor":37},{"not_picked":["HollowMod:NewJinnsSoul+1","HollowMod:SoulShaman","HollowMod:MothsMistake+1"],"picked":"Singing Bowl","floor":38},{"not_picked":["HollowMod:SoulShaman+1","HollowMod:MantisMark+1","HollowMod:DashSlash+1"],"picked":"Singing Bowl","floor":39},{"not_picked":["HollowMod:GrimmsGift+1","HollowMod:HornetsHelp","HollowMod:ShapeofUnn+1"],"picked":"Singing Bowl","floor":42},{"not_picked":["HollowMod:CornifersMapStart","HollowMod:HowlingWraiths","HollowMod:PureNailStrike"],"picked":"Singing Bowl","floor":44},{"not_picked":["HollowMod:AbyssShriek","HollowMod:RecoilStrike","HollowMod:MantisMark"],"picked":"Singing Bowl","floor":45},{"not_picked":["HollowMod:BaldurShell","HollowMod:HowlingWraiths","HollowMod:MonarchWings+1"],"picked":"Singing Bowl","floor":46},{"not_picked":["HollowMod:DesolateDive+1","HollowMod:SoulVessel+1","HollowMod:CornifersMapStart"],"picked":"Singing Bowl","floor":48},{"not_picked":["HollowMod:SlysStrikes","HollowMod:NewInfectedGuardian"],"picked":"HollowMod:Weaversong","floor":50},{"not_picked":["HollowMod:TaintedHusks","HollowMod:GreatSlash","HollowMod:HuntersJournal"],"picked":"Singing Bowl","floor":52}],"player_experience":213204,"relics_obtained":[{"floor":6,"key":"DemoMod:MeltedRock"},{"floor":10,"key":"HollowMod:PaleOreRelic"},{"floor":26,"key":"Singing Bowl"},{"floor":28,"key":"theForsaken:Lifeblossom"},{"floor":42,"key":"CCEMRelics:TinyMinotavrHorn"},{"floor":43,"key":"CCEMRelics:TechnogenicHelmet"},{"floor":44,"key":"Oddly Smooth Stone"},{"floor":46,"key":"aspiration:ChemicalBlood"},{"floor":52,"key":"paleoftheancients:SoulOfTheCollector"}],"event_choices":[{"damage_healed":0,"gold_gain":0,"player_choice":"2","damage_taken":0,"max_hp_gain":0,"max_hp_loss":0,"event_name":"betterMatch:BetterMatch","floor":11,"gold_loss":0,"cards_obtained":["betterMatch:CommonCard","betterMatch:UncommonCard"]},{"damage_healed":0,"gold_gain":0,"player_choice":"Obtain Plague Curse","damage_taken":0,"max_hp_gain":0,"max_hp_loss":0,"event_name":"Plague Doctor","floor":53,"gold_loss":0,"cards_obtained":["theForsaken:PlagueCurse"]}],"is_beta":false,"boss_relics":[{"not_picked":["aspiration:SecretTechniqueScroll","Snecko Eye"],"picked":"hubris:VirtuousBlindfold"},{"not_picked":["Runic Pyramid","Sozu"],"picked":"Empty Cage"}],"items_purged_floors":[21,54],"is_endless":false,"potions_floor_spawned":[2,4,7,8,13,14,18,24,38,39,42,45,46,52],"killed_by":"Hallownest:BossGreyPrinceZote","ascension_level":0}}