{"host":"9544bpadt41uu5ar","time":1607685457,"event":{"mods":["Act Like it!","Aspiration","BaseMod","Conspire","Gensokyo","Hallownest","Highlight Path","KinomotoSakuraMod(木之本樱)","KomeijiMod","Luminous","Marisa（F雨　魔理沙）","Minty Spire (QoL Compilation)","Reimu（博丽灵梦）","Remilia_Scarlet Moed（蕾米莉亚・斯卡雷特）3.3.5","Remilia（蕾米莉亚）","Replay The Spire","StSLib","The Bug Knight","The Gatherer","The Hierophant","The Servant 0.9.4","WarShipGirlsR/战舰少女R mod","Youmu（魂魄妖梦）","Yuyuko","【东方二次创作】八云紫mod","【遗物卡牌】REMEMod"],"gold_per_floor":[115,45,45,64,64,95,112,112,112,112,164,164,24,24,24,24,24,129,129,129,129],"floor_reached":20,"playtime":714,"items_purged":[],"score":241,"play_id":"cbc75563-62b3-4b75-9ce4-7d6f53c570b4","local_time":"20201211191737","is_ascension_mode":false,"campfire_choices":[{"data":"NingyouSP+1","floor":8,"key":"SWEEP"},{"data":"SeekerDolls","floor":12,"key":"SMITH"},{"data":"1","floor":15,"key":"LIFT"},{"data":"2","floor":17,"key":"LIFT"}],"circlet_count":0,"master_deck":["Strike_Komeiji","Defend_Komeiji+1","Defend_Komeiji+1","Defend_Komeiji","Defend_Komeiji","Dash_Komeiji","HagoromoMizu","SeekerDolls+1","Injury","MajikuruSanhai+1","MajikkuPosyun+","NingyouSP+1","Slice","Predator","Dagger Throw","HisouTensoku"],"relics":["KomeijisEye","SpellCardsRule","MusicBox","REME_ComplimentaryCards","NeowsBlessing","Gensokyo:NagashiBinaDoll","REME_HourglassOfDeath","CrystalOfMemory","Dream Catcher","Girya","ReplayTheSpireMod:Ring of Challenge","Ring of Panic","ChewingGum"],"acts_visited":["Gensokyo:Gensokyo","Gensokyo:Gensokyoer"],"potions_floor_usage":[],"damage_taken":[{"damage":0,"enemies":"Gensokyo:Gryphon","floor":1,"turns":1},{"damage":0,"enemies":"Gensokyo:2_Kodama","floor":4,"turns":1},{"damage":0,"enemies":"Gensokyo:Cirno","floor":6,"turns":2},{"damage":8,"enemies":"Gensokyo:Python","floor":7,"turns":4},{"damage":0,"enemies":"Gensokyo:Reimu","floor":18,"turns":10},{"damage":0,"enemies":"Gensokyo:3_Dogs","floor":20,"turns":1}],"seed_played":"69530815655690688","potions_obtained":[{"floor":4,"key":"Ancient Potion"},{"floor":6,"key":"Dexterity Potion"}],"is_trial":false,"path_per_floor":["M","?","?","M","?","E","M","R","PTL","PTL","T","R","?","?","R","?","R","B",null,"M"],"character_chosen":"KomeijiSatori","items_purchased":[],"campfire_rested":0,"item_purchase_floors":[],"current_hp_per_floor":[50,50,50,50,50,50,44,49,49,49,49,49,49,49,49,49,49,50,50,50,50],"gold":129,"neow_bonus":"THREE_ENEMY_KILL","is_daily":false,"chose_seed":false,"campfire_upgraded":1,"win_rate":0.0,"timestamp":1607685457,"path_taken":["M","?","?","?","?","E","?","R","PTL","PTL","T","R","?","?","R","?","R","BOSS","M"],"items_purchased_type":[],"build_version":"2020-11-30","purchased_purges":0,"victory":false,"max_hp_per_floor":[50,50,50,50,50,50,50,50,50,50,50,50,50,50,50,50,50,50,50,50,50],"card_choices":[{"not_picked":["MusuNoYume","TenguNoTaiko"],"picked":"HagoromoMizu","floor":1},{"not_picked":["KinbakuJin+1","SeekerWire+1"],"picked":"SeekerDolls","floor":4},{"not_picked":["Agarareta+1","NingyouShinki+1"],"picked":"MajikuruSanhai+1","floor":6},{"not_picked":["JyouchiJin+1","SenseofElegance"],"picked":"NingyouShinki+1","floor":7},{"not_picked":["TerribleSouvenir","YuumeiNoKurin"],"picked":"HisouTensoku","floor":18}],"player_experience":55452,"relics_obtained":[{"floor":6,"key":"CrystalOfMemory"},{"floor":11,"key":"Dream Catcher"},{"floor":16,"key":"ReplayTheSpireMod:Ring of Challenge"},{"floor":16,"key":"Ring of Panic"}],"event_choices":[],"is_beta":false,"boss_relics":[{"not_picked":["RedLine:ReiMu","Astrolabe"],"picked":"ChewingGum"}],"items_purged_floors":[],"is_endless":false,"potions_floor_spawned":[4,6],"killed_by":"Gensokyo:3_Dogs","ascension_level":0}}