{"host":"mike","time":1607650580,"event":{"mods":["2.2 Compatiblity","AchievementEnabler","BaseMod","Dio Mod","Hermit","Highlight Path","Jorbs\u0027s Wanderer Trilogy","Minty Spire (QoL Compilation)","Random Character Button","Rare Cards Sparkle","Relic Stats","StSLib","The Bladedancer","The Cursed"],"gold_per_floor":[111,123,140,215,226,226,283,314,314,347,347,394,394,427,427,530,530,544,165,178,178,178,213,213,248,299,317,67,99,99,24,24,119,119,131,231,246,43,63,94,94,113,166,194,194,207,233,244,244,244,244,244,224,253,253],"floor_reached":56,"playtime":4117,"items_purged":["TheCursedMod:Strike_TheCursed","TheCursedMod:Strike_TheCursed","TheCursedMod:FuryStrike+1"],"score":1594,"play_id":"71d50100-b09d-45fc-ab05-9a2cfc202fa6","local_time":"20201210203620","is_ascension_mode":true,"campfire_choices":[{"data":"TheCursedMod:CollectTribute","floor":6,"key":"SMITH"},{"floor":11,"key":"REST"},{"floor":15,"key":"REST"},{"floor":24,"key":"REST"},{"floor":30,"key":"REST"},{"floor":32,"key":"REST"},{"floor":41,"key":"RECALL"},{"data":"TheCursedMod:SpitefulPlan","floor":45,"key":"SMITH"},{"floor":49,"key":"REST"},{"data":"TheCursedMod:ReleasedStrength","floor":52,"key":"SMITH"}],"circlet_count":0,"master_deck":["TheCursedMod:Strike_TheCursed+1","TheCursedMod:Defend_TheCursed","TheCursedMod:Defend_TheCursed","TheCursedMod:Defend_TheCursed","TheCursedMod:Defend_TheCursed","TheCursedMod:CursedWand","TheCursedMod:CleanUpWorkshop","TheCursedMod:Dregs","TheCursedMod:CollectTribute+1","TheCursedMod:SurpriseAttack","TheCursedMod:CursedBlade","TheCursedMod:DoubleShield","TheCursedMod:LuckyCharm","TheCursedMod:Neurasthenia","TheCursedMod:SpitefulPlan+1","TheCursedMod:ReleasedStrength+1","TheCursedMod:AntiAging","TheCursedMod:Evocation","TheCursedMod:Hemoplague+1","TheCursedMod:Grudge","TheCursedMod:ShockAndAwe","TheCursedMod:Hemoplague+1","TheCursedMod:CircleOfAbyss","TheCursedMod:AbyssShockwave+1","TheCursedMod:ManaBullet","TheCursedMod:EmpowerCircles+1","TheCursedMod:WearCloak","TheCursedMod:FleshFromBone","TheCursedMod:VoidForm+1","TheCursedMod:CursedMace","TheCursedMod:HellfireBreathing+1","TheCursedMod:FleshFromBone+1","TheCursedMod:Mangle"],"relics":["TheCursedMod:BlackMagic101","TheCursedMod:Tack","Sundial","Strawberry","Bag of Preparation","Boot","Shuriken","Black Star","Membership Card","Frozen Egg 2","Nilry\u0027s Codex","Akabeko","Letter Opener","Happy Flower","Bronze Scales","Centennial Puzzle","Anchor","Medical Kit","Lizard Tail","Calipers","Busted Crown","Bottled Tornado","Pocketwatch","Mummified Hand","MealTicket","Blue Candle","Nunchaku","FossilizedHelix","Vajra","Blood Vial"],"acts_visited":["Exordium","TheCity","TheBeyond","TheEnding"],"potions_floor_usage":[29,54,55,55],"damage_taken":[{"damage":0,"enemies":"Jaw Worm","floor":1,"turns":3},{"damage":0,"enemies":"Small Slimes","floor":2,"turns":3},{"damage":0,"enemies":"2 Louse","floor":3,"turns":1},{"damage":8,"enemies":"Red Slaver","floor":5,"turns":3},{"damage":13,"enemies":"3 Sentries","floor":7,"turns":7},{"damage":18,"enemies":"Gremlin Nob","floor":8,"turns":5},{"damage":13,"enemies":"Lagavulin","floor":10,"turns":9},{"damage":9,"enemies":"3 Sentries","floor":14,"turns":7},{"damage":3,"enemies":"Slime Boss","floor":16,"turns":6},{"damage":0,"enemies":"Chosen","floor":18,"turns":6},{"damage":16,"enemies":"Spheric Guardian","floor":20,"turns":4},{"damage":41,"enemies":"Gremlin Leader","floor":23,"turns":7},{"damage":24,"enemies":"Slavers","floor":25,"turns":6},{"damage":15,"enemies":"Snake Plant","floor":27,"turns":2},{"damage":0,"enemies":"Book of Stabbing","floor":29,"turns":4},{"damage":26,"enemies":"Champ","floor":33,"turns":10},{"damage":10,"enemies":"3 Shapes","floor":35,"turns":3},{"damage":0,"enemies":"Orb Walker","floor":37,"turns":2},{"damage":2,"enemies":"Sphere and 2 Shapes","floor":39,"turns":4},{"damage":0,"enemies":"Reptomancer","floor":40,"turns":6},{"damage":17,"enemies":"Jaw Worm Horde","floor":42,"turns":3},{"damage":0,"enemies":"Giant Head","floor":44,"turns":6},{"damage":6,"enemies":"Transient","floor":46,"turns":5},{"damage":29,"enemies":"Nemesis","floor":47,"turns":3},{"damage":0,"enemies":"4 Shapes","floor":48,"turns":5},{"damage":1,"enemies":"Jotaro","floor":50,"turns":6},{"damage":33,"enemies":"Shield and Spear","floor":54,"turns":6},{"damage":82,"enemies":"The Heart","floor":55,"turns":9}],"seed_played":"2763660711207875268","potions_obtained":[{"floor":1,"key":"Ancient Potion"},{"floor":2,"key":"SteroidPotion"},{"floor":3,"key":"Strength Potion"},{"floor":25,"key":"AttackPotion"},{"floor":27,"key":"PowerPotion"},{"floor":29,"key":"Explosive Potion"},{"floor":44,"key":"CultistPotion"}],"is_trial":false,"path_per_floor":["M","M","M","?","M","R","?","E","T","E","R","T","?","E","R","B",null,"M","$","M","?","?","E","R","E","T","M","$","E","R","?","R","B",null,"M","?","M","$","M","E","R","M","T","E","R","M","E","M","R","B",null,"R","$","E","B",null],"character_chosen":"THE_CURSED","items_purchased":["Membership Card","Frozen Egg 2","TheCursedMod:Hemoplague+1","TheCursedMod:Grudge","Anchor","Medical Kit","TheCursedMod:EmpowerCircles+1","TheCursedMod:WearCloak","Bottled Tornado","TheCursedMod:HellfireBreathing+1","TheCursedMod:Mangle"],"campfire_rested":6,"item_purchase_floors":[19,19,19,19,28,28,28,28,38,38,53],"current_hp_per_floor":[75,75,75,64,56,56,43,25,32,19,43,43,27,18,42,39,82,84,84,68,52,52,13,38,16,16,1,1,1,27,27,53,29,90,82,82,82,82,82,84,84,69,69,71,71,67,38,38,68,69,104,104,104,73,47],"gold":253,"neow_bonus":"ONE_RANDOM_RARE_CARD","is_daily":false,"chose_seed":false,"campfire_upgraded":3,"win_rate":0.0,"timestamp":1607650580,"path_taken":["M","M","M","?","M","R","?","E","T","E","R","?","?","E","R","BOSS","M","$","M","?","?","E","R","E","T","?","$","E","R","?","R","BOSS","M","?","M","$","?","E","R","M","T","E","R","M","E","M","R","BOSS","R","$","E","BOSS"],"items_purchased_type":["Relic","Relic","Undefined","Card","Relic","Relic","Undefined","Card","Relic","Undefined","Card"],"build_version":"2020-12-07","purchased_purges":3,"victory":true,"max_hp_per_floor":[75,75,75,75,75,75,75,75,82,82,82,82,82,82,82,82,82,84,84,84,84,84,86,86,88,88,88,88,88,88,88,88,90,90,92,92,92,92,94,96,96,98,98,100,100,102,102,102,102,104,104,104,104,106,106],"relic_stats":{"Happy Flower":[24],"counters":[28,140],"Blue Candle":[5],"Bag of Preparation":[42],"Letter Opener":[158],"Boot":[31],"Medical Kit":[6],"Blood Vial":2,"Centennial Puzzle":[30],"Lizard Tail":53,"Nunchaku":[3],"Busted Crown":20,"Sundial":[12],"Shuriken":[21],"Mummified Hand":[81],"Bronze Scales":[262],"MealTicket":0,"Black Star":7,"obtain_stats":[{"Calipers":29,"Nilry\u0027s Codex":21,"TheCursedMod:Tack":7,"Vajra":54,"Bag of Preparation":10,"Bottled Tornado":38,"Boot":12,"Blood Vial":54,"Centennial Puzzle":26,"Lizard Tail":29,"Nunchaku":47,"Sundial":8,"Mummified Hand":40,"Strawberry":9,"MealTicket":44,"TheCursedMod:BlackMagic101":0,"Happy Flower":25,"Blue Candle":44,"Letter Opener":23,"Frozen Egg 2":19,"Medical Kit":28,"Akabeko":23,"Anchor":28,"Busted Crown":34,"Shuriken":14,"Bronze Scales":25,"Black Star":17,"Membership Card":19,"FossilizedHelix":47,"Pocketwatch":40},{"Calipers":15,"Nilry\u0027s Codex":11,"TheCursedMod:Tack":5,"Vajra":27,"Bag of Preparation":7,"Bottled Tornado":18,"Boot":7,"Blood Vial":27,"Centennial Puzzle":13,"Lizard Tail":15,"Nunchaku":24,"Sundial":6,"Mummified Hand":20,"Strawberry":6,"MealTicket":22,"TheCursedMod:BlackMagic101":0,"Happy Flower":13,"Blue Candle":22,"Letter Opener":12,"Frozen Egg 2":10,"Medical Kit":14,"Akabeko":12,"Anchor":14,"Busted Crown":16,"Shuriken":8,"Bronze Scales":13,"Black Star":9,"Membership Card":10,"FossilizedHelix":24,"Pocketwatch":20},{"Calipers":73,"Nilry\u0027s Codex":54,"TheCursedMod:Tack":17,"Vajra":131,"Bag of Preparation":31,"Bottled Tornado":88,"Boot":31,"Blood Vial":131,"Centennial Puzzle":67,"Lizard Tail":73,"Nunchaku":115,"Sundial":22,"Mummified Hand":98,"Strawberry":22,"MealTicket":107,"TheCursedMod:BlackMagic101":0,"Happy Flower":67,"Blue Candle":107,"Letter Opener":61,"Frozen Egg 2":50,"Medical Kit":69,"Akabeko":61,"Anchor":69,"Busted Crown":83,"Shuriken":38,"Bronze Scales":67,"Black Star":44,"Membership Card":50,"FossilizedHelix":115,"Pocketwatch":98}],"Pocketwatch":[11]},"card_choices":[{"not_picked":["TheCursedMod:Grudge","TheCursedMod:WearCloak"],"picked":"TheCursedMod:FuryStrike","floor":1},{"not_picked":["TheCursedMod:CursedShiv","TheCursedMod:CircleOfFocus"],"picked":"TheCursedMod:SurpriseAttack","floor":2},{"not_picked":["TheCursedMod:PrepareRite","TheCursedMod:SurpriseAttack"],"picked":"TheCursedMod:CursedBlade","floor":3},{"not_picked":["TheCursedMod:HellsGateOpen","TheCursedMod:CircleOfFlame"],"picked":"TheCursedMod:DoubleShield","floor":5},{"not_picked":["TheCursedMod:CircleOfFlame","TheCursedMod:RapidMovement"],"picked":"TheCursedMod:LuckyCharm","floor":7},{"not_picked":["TheCursedMod:WearCloak","TheCursedMod:RapidMovement"],"picked":"TheCursedMod:Neurasthenia","floor":8},{"not_picked":["TheCursedMod:DoubleShield","TheCursedMod:Wield"],"picked":"TheCursedMod:SpitefulPlan","floor":10},{"not_picked":["TheCursedMod:SurpriseAttack","TheCursedMod:VitalStrike"],"picked":"TheCursedMod:ReleasedStrength","floor":14},{"not_picked":["TheCursedMod:DemonSword","TheCursedMod:CursedRelics"],"picked":"TheCursedMod:AntiAging","floor":16},{"not_picked":["TheCursedMod:CircleOfCorruption+1","TheCursedMod:Torture+1"],"picked":"TheCursedMod:Evocation","floor":18},{"not_picked":["TheCursedMod:VitalStrike+1","TheCursedMod:SurpriseAttack"],"picked":"TheCursedMod:ShockAndAwe","floor":20},{"not_picked":["TheCursedMod:CircleOfFlame","TheCursedMod:CircleOfWindfury+1"],"picked":"TheCursedMod:CircleOfAbyss","floor":23},{"not_picked":["TheCursedMod:PrepareRite","TheCursedMod:FleshFromBone"],"picked":"TheCursedMod:AbyssShockwave+1","floor":25},{"not_picked":["TheCursedMod:CursedBlade+1","TheCursedMod:WearCloak"],"picked":"TheCursedMod:ManaBullet","floor":27},{"not_picked":["TheCursedMod:UltimatePain","TheCursedMod:ReleasedStrength"],"picked":"TheCursedMod:FleshFromBone","floor":29},{"not_picked":["TheCursedMod:ForbiddenAlchemy","TheCursedMod:ParallelWorld"],"picked":"TheCursedMod:VoidForm+1","floor":33},{"not_picked":[],"picked":"TheCursedMod:CursedMace","floor":35},{"not_picked":["TheCursedMod:CircleOfFocus+1"],"picked":"SKIP","floor":37},{"not_picked":["TheCursedMod:PrepareRite"],"picked":"SKIP","floor":39},{"not_picked":["TheCursedMod:EmpowerCircles+1"],"picked":"SKIP","floor":40},{"not_picked":[],"picked":"TheCursedMod:FleshFromBone+1","floor":42},{"not_picked":["TheCursedMod:HellsGateOpen+1"],"picked":"SKIP","floor":44},{"not_picked":["TheCursedMod:CursedStaff"],"picked":"SKIP","floor":46},{"not_picked":["TheCursedMod:PrepareRite"],"picked":"SKIP","floor":47},{"not_picked":["TheCursedMod:CircleOfCorruption+1"],"picked":"SKIP","floor":48},{"not_picked":["TheCursedMod:RapidMovement"],"picked":"SKIP","floor":54}],"player_experience":267547,"relics_obtained":[{"floor":7,"key":"TheCursedMod:Tack"},{"floor":8,"key":"Sundial"},{"floor":9,"key":"Strawberry"},{"floor":10,"key":"Bag of Preparation"},{"floor":12,"key":"Boot"},{"floor":14,"key":"Shuriken"},{"floor":21,"key":"Nilry\u0027s Codex"},{"floor":23,"key":"Akabeko"},{"floor":23,"key":"Letter Opener"},{"floor":25,"key":"Happy Flower"},{"floor":25,"key":"Bronze Scales"},{"floor":26,"key":"Centennial Puzzle"},{"floor":29,"key":"Lizard Tail"},{"floor":29,"key":"Calipers"},{"floor":40,"key":"Pocketwatch"},{"floor":40,"key":"Mummified Hand"},{"floor":44,"key":"MealTicket"},{"floor":44,"key":"Blue Candle"},{"floor":47,"key":"Nunchaku"},{"floor":47,"key":"FossilizedHelix"},{"floor":54,"key":"Vajra"},{"floor":54,"key":"Blood Vial"}],"event_choices":[{"damage_healed":0,"gold_gain":75,"player_choice":"Gather Gold","damage_taken":11,"max_hp_gain":0,"max_hp_loss":0,"event_name":"World of Goop","floor":4,"gold_loss":0},{"damage_healed":0,"gold_gain":0,"player_choice":"Searched \u00271\u0027 times","damage_taken":0,"max_hp_gain":0,"max_hp_loss":0,"event_name":"Dead Adventurer","floor":7,"gold_loss":0},{"damage_healed":0,"gold_gain":0,"player_choice":"Entered Light","damage_taken":16,"max_hp_gain":0,"max_hp_loss":0,"event_name":"Shining Light","floor":13,"gold_loss":0,"cards_upgraded":["TheCursedMod:FuryStrike","TheCursedMod:Strike_TheCursed"]},{"damage_healed":0,"gold_gain":0,"player_choice":"Obtained Book","damage_taken":16,"max_hp_gain":0,"max_hp_loss":0,"event_name":"Cursed Tome","floor":21,"gold_loss":0},{"damage_healed":0,"gold_gain":0,"player_choice":"Copied","damage_taken":0,"max_hp_gain":0,"max_hp_loss":0,"event_name":"Duplicator","floor":22,"gold_loss":0,"cards_obtained":["TheCursedMod:Hemoplague"]},{"cards_removed":["TheCursedMod:Strike_TheCursed"],"damage_healed":0,"gold_gain":0,"player_choice":"Gave Gold","damage_taken":0,"max_hp_gain":0,"max_hp_loss":0,"event_name":"Beggar","floor":31,"gold_loss":75},{"damage_healed":0,"gold_gain":100,"player_choice":"Pray","damage_taken":0,"max_hp_gain":0,"max_hp_loss":0,"event_name":"Golden Shrine","floor":36,"gold_loss":0}],"is_beta":true,"boss_relics":[{"not_picked":["Velvet Choker","Coffee Dripper"],"picked":"Black Star"},{"not_picked":["Runic Dome","SacredBark"],"picked":"Busted Crown"}],"items_purged_floors":[19,28,38],"is_endless":false,"potions_floor_spawned":[1,2,3,10,16,25,27,29,33,35,39,42,44],"ascension_level":1}}