{"host":"kw4o7b3ro2ktmmbe","time":1607688731,"event":{"mods":["BaseMod","Minty Spire (QoL Compilation)","StSLib","TheBandit","Treasure Hunter"],"gold_per_floor":[143,218,73,73,73,73,126,126,135,135,159,174,194,223,223,340,340,367,367,367,392,417,417,429,472,481,58,58,58,58],"floor_reached":28,"playtime":2761,"items_purged":[],"score":238,"play_id":"19fd819d-a3c3-4dfa-ba33-96a628b8c23e","local_time":"20201212011211","is_ascension_mode":false,"campfire_choices":[{"data":"wariomod:Strike","floor":6.0,"key":"SMITH"},{"data":"TH:ElvenBoots","floor":8,"key":"SMITH"},{"data":"TH:BikiniMail","floor":15,"key":"SMITH"},{"data":"TH:ArmorSpikes","floor":23,"key":"SMITH"}],"circlet_count":0,"master_deck":["wariomod:Strike","wariomod:Strike","wariomod:Strike+1","wariomod:Strike+1","wariomod:Defend","wariomod:Defend","wariomod:Defend","wariomod:Defend","wariomod:Step+1","wariomod:Leap","wariomod:HappyHit+1","TH:ElvenBoots+1","wariomod:DoubleDip","TH:BikiniMail+1","wariomod:Purify","wariomod:BodyBlock","wariomod:EndlessBlast","TH:ArmorSpikes+1","wariomod:DeadlyDash","wariomod:ImFeelingLucky","wariomod:DoubleDash+1","wariomod:ImFeelingLucky","TH:BikiniMail","wariomod:Bombshield+1","TH:BikiniMail","Apotheosis+1"],"relics":["wariomod:TheHat","Sling","CeramicFish","Smiling Mask","Coffee Dripper","Toxic Egg 2","TH:Strongbox","Kunai"],"acts_visited":["Exordium","TheCity"],"potions_floor_usage":[7,24,28],"damage_taken":[{"damage":0.0,"enemies":"Jaw Worm","floor":1.0,"turns":3.0},{"damage":4,"enemies":"3 Sentries","floor":7,"turns":6},{"damage":0,"enemies":"2 Louse","floor":11,"turns":2},{"damage":1,"enemies":"Small Slimes","floor":12,"turns":3},{"damage":9,"enemies":"Blue Slaver","floor":13,"turns":3},{"damage":0,"enemies":"3 Louse","floor":14,"turns":3},{"damage":18,"enemies":"Hexaghost","floor":16,"turns":9},{"damage":10,"enemies":"2 Thieves","floor":18,"turns":3},{"damage":13,"enemies":"3 Byrds","floor":21,"turns":4},{"damage":20,"enemies":"Cultist and Chosen","floor":22,"turns":8},{"damage":5,"enemies":"3 Cultists","floor":24,"turns":5},{"damage":18,"enemies":"Gremlin Leader","floor":25,"turns":7},{"damage":5,"enemies":"Slavers","floor":28,"turns":1}],"seed_played":"7228050502509030027","potions_obtained":[{"floor":1.0,"key":"Fire Potion"},{"floor":13,"key":"EssenceOfSteel"},{"floor":21,"key":"PowerPotion"},{"floor":24,"key":"Fire Potion"}],"is_trial":false,"path_per_floor":["M","?","$","?","?","R","E","R","T","$","M","M","M","M","R","B",null,"M","?","?","M","M","R","M","E","T","$","E"],"character_chosen":"THE_BANDIT","items_purchased":["Sling","Kunai","Apotheosis+1"],"campfire_rested":0,"item_purchase_floors":[3,27,27],"current_hp_per_floor":[88,77,77,59,59,59,55,55,55,55,55,54,45,45,45,27,88,78,61,61,48,28,28,23,5,5,5,0,0,0],"gold":58,"neow_bonus":"TEN_PERCENT_HP_BONUS","is_daily":false,"chose_seed":false,"campfire_upgraded":4,"win_rate":0.0,"timestamp":1607688731,"path_taken":["M","?","$","?","?","R","E","R","T","?","M","M","M","M","R","BOSS","M","?","?","M","M","R","M","E","T","$","E"],"items_purchased_type":["Relic","Relic","Undefined"],"build_version":"2020-11-30","purchased_purges":0,"victory":false,"max_hp_per_floor":[88,88,88,88,88,88,88,88,88,88,88,88,88,88,88,88,88,88,93,93,93,93,93,93,93,93,93,93,93,93],"card_choices":[{"not_picked":["wariomod:TheGrandJourney","wariomod:SmallSprint"],"picked":"wariomod:HappyHit","floor":1.0},{"not_picked":["TH:PixieDust"],"picked":"TH:ElvenBoots","floor":7},{"not_picked":["wariomod:Hopshield","wariomod:Bombshield"],"picked":"wariomod:DoubleDip","floor":7},{"not_picked":["TH:EnergyPotion"],"picked":"TH:BikiniMail","floor":9},{"not_picked":["wariomod:BodyBlock","wariomod:SilenceBombs"],"picked":"wariomod:Purify","floor":11},{"not_picked":["wariomod:CursedSpaces","wariomod:ThatsNotAll","wariomod:SimpleShield"],"picked":"SKIP","floor":12},{"not_picked":["wariomod:AwfulLook","wariomod:DropBash"],"picked":"wariomod:BodyBlock","floor":13},{"not_picked":["wariomod:DropBash","wariomod:ThatsNotAll"],"picked":"wariomod:EndlessBlast","floor":14},{"not_picked":["TH:TreasureMap"],"picked":"TH:ArmorSpikes","floor":16},{"not_picked":["wariomod:SpacialMastery","wariomod:FabulousPrizes"],"picked":"wariomod:DeadlyDash","floor":16},{"not_picked":["wariomod:BlastDash","wariomod:TheGrandJourney"],"picked":"wariomod:ImFeelingLucky","floor":18},{"not_picked":["wariomod:Goblast+1","wariomod:Leapslam"],"picked":"wariomod:DoubleDash+1","floor":21},{"not_picked":["wariomod:Bomblaster","wariomod:HastyRush"],"picked":"wariomod:ImFeelingLucky","floor":22},{"not_picked":["wariomod:Goblast","wariomod:DoubleDash","wariomod:GreaterGuard"],"picked":"SKIP","floor":24},{"not_picked":["TH:Mimic"],"picked":"TH:BikiniMail","floor":25},{"not_picked":["wariomod:Hopshield+1","wariomod:DoubleDash"],"picked":"wariomod:Bombshield+1","floor":25},{"not_picked":["TH:PixieDust"],"picked":"TH:BikiniMail","floor":26}],"player_experience":1734184,"relics_obtained":[{"floor":7,"key":"CeramicFish"},{"floor":9,"key":"Smiling Mask"},{"floor":25,"key":"Toxic Egg 2"},{"floor":26,"key":"TH:Strongbox"}],"event_choices":[{"damage_healed":0.0,"max_hp_gain":0.0,"max_hp_loss":0.0,"gold_gain":75.0,"event_name":"World of Goop","player_choice":"Gather Gold","floor":2.0,"gold_loss":0.0,"damage_taken":11.0},{"damage_healed":0.0,"max_hp_gain":0.0,"max_hp_loss":0.0,"gold_gain":0.0,"event_name":"Shining Light","player_choice":"Entered Light","floor":4.0,"gold_loss":0.0,"damage_taken":18.0,"cards_upgraded":["wariomod:Strike","wariomod:HappyHit"]},{"damage_healed":0.0,"max_hp_gain":0.0,"max_hp_loss":0.0,"gold_gain":0.0,"event_name":"Living Wall","player_choice":"Grow","floor":5.0,"gold_loss":0.0,"damage_taken":0.0,"cards_upgraded":["wariomod:Step"]},{"damage_healed":0,"gold_gain":0,"player_choice":"Shed Blood","damage_taken":22,"max_hp_gain":5,"max_hp_loss":0,"event_name":"Forgotten Altar","floor":19,"gold_loss":0},{"damage_healed":0,"gold_gain":0,"player_choice":"Ignored","damage_taken":0,"max_hp_gain":0,"max_hp_loss":0,"event_name":"Vampires","floor":20,"gold_loss":0}],"is_beta":false,"boss_relics":[{"not_picked":["SacredBark","wariomod:DoomHat"],"picked":"Coffee Dripper"}],"items_purged_floors":[],"is_endless":false,"potions_floor_spawned":[1,13,21,24],"killed_by":"Slavers","ascension_level":0}}