{"host":"8a3g9edf69u3epoz","time":1607685807,"event":{"mods":["BaseMod","Minty Spire (QoL Compilation)","MostiFishMod","Relic Stats","Remilia（蕾米莉亚）","StSLib","TestMod","UnlockEverythingMod","WarShipGirlsR/战舰少女R mod"],"gold_per_floor":[109,109,184,184,204,237,93,122,122,133,144,144,164,183,183,308,308,327,342,374,389,57,105,117,169,239,267,187,207,207,240,240,335,-1065,-1052,-1052,-1035,-1023,-1023,-977,-977,-927,-904,-857,-837,-837,-805,-786,-786,-786,-786,-786,-786,-741,-721],"floor_reached":56,"playtime":2494,"items_purged":[],"score":2030,"play_id":"103fdee3-04f6-4603-a06b-86bdedb12324","local_time":"20201211192327","is_ascension_mode":true,"campfire_choices":[{"data":"BloodRain","floor":12.0,"key":"SMITH"},{"data":"TwelveNightmare","floor":15.0,"key":"SMITH"},{"data":"BatForm","floor":32.0,"key":"SMITH"},{"data":"QueenOfMidnight","floor":41.0,"key":"SMITH"},{"floor":49.0,"key":"RECALL"},{"data":"TricksterDevil","floor":52.0,"key":"SMITH"}],"circlet_count":0,"master_deck":["Strike_RM","Strike_RM+1","Strike_RM","Strike_RM","Defend_RM","Defend_RM","Defend_RM+1","Defend_RM+1","RedMoon","ScarletShoot","MastersStateliness+1","TwelveNightmare+1","BloodRain+1","CharismaGuard","TransientEternity","BloodHunter+1","TricksterDevil+1","FavorOfDestiny+1","BloodyHallows+1","MostiFishMod:Neptune","MostiFishMod:TheEndOfMoonlight+1","MostiFishMod:SparklingWater+1","MostiFishMod:FantasySummer+1","MostiFishMod:NightSea+1","BlasphemousPunishment+1","BloodAndWine+1","BloodRain+1","BloodyMagicSquare+1","SuperhumanBloodyKnife+1","testmod-BackupPower+1","DiffusionOfMisfortune+1","BloodyCatastrophe+1","BatForm+1","BloodySeventeenLaser+1","FavorOfDestiny+1","QueenOfMidnight+1"],"relics":["testmod-TestBox","DaveBox","testmod-Fanaticism","EGODaCapo","testmod-BatchProcessingSystem","Question Card","White Beast Statue","SynthV:C4","Toxic Egg 2","ImportantClient","MoonlightInvasionPlan","Red Mask","Molten Egg 2","Shuriken","Sundial","Bottled Tornado","MutagenicStrength","Boot","SynthV:MejaisSoulstealer","Whetstone","Incense Burner","ScarletDevilRocket","testmod-IndustrialRevolution","The Courier","Oddly Smooth Stone"],"acts_visited":["Exordium","TheCity","TheBeyond","TheEnding"],"potions_floor_usage":[55,55,55,55],"damage_taken":[{"damage":0.0,"enemies":"Cultist","floor":1.0,"turns":2.0},{"damage":0.0,"enemies":"2 Louse","floor":5.0,"turns":2.0},{"damage":8.0,"enemies":"3 Sentries","floor":6.0,"turns":8.0},{"damage":33.0,"enemies":"Lagavulin","floor":8.0,"turns":4.0},{"damage":8.0,"enemies":"Small Slimes","floor":10.0,"turns":3.0},{"damage":13.0,"enemies":"Exordium Wildlife","floor":11.0,"turns":2.0},{"damage":6.0,"enemies":"3 Louse","floor":13.0,"turns":2.0},{"damage":14.0,"enemies":"Blue Slaver","floor":14.0,"turns":3.0},{"damage":0.0,"enemies":"Hexaghost","floor":16.0,"turns":5.0},{"damage":24.0,"enemies":"Chosen","floor":18.0,"turns":4.0},{"damage":18.0,"enemies":"Spheric Guardian","floor":19.0,"turns":3.0},{"damage":6.0,"enemies":"Masked Bandits","floor":20.0,"turns":3.0},{"damage":0.0,"enemies":"Cultist and Chosen","floor":21.0,"turns":2.0},{"damage":44.0,"enemies":"Slavers","floor":23.0,"turns":3.0},{"damage":43.0,"enemies":"Shelled Parasite and Fungi","floor":24.0,"turns":2.0},{"damage":59.0,"enemies":"Gremlin Leader","floor":25.0,"turns":4.0},{"damage":48.0,"enemies":"Slavers","floor":27.0,"turns":2.0},{"damage":44.0,"enemies":"Chosen and Byrds","floor":29.0,"turns":6.0},{"damage":33.0,"enemies":"Gremlin Leader","floor":31.0,"turns":4.0},{"damage":53.0,"enemies":"Collector","floor":33.0,"turns":4.0},{"damage":38.0,"enemies":"3 Darklings","floor":35.0,"turns":2.0},{"damage":47.0,"enemies":"3 Shapes","floor":37.0,"turns":3.0},{"damage":31.0,"enemies":"Jaw Worm Horde","floor":38.0,"turns":2.0},{"damage":85.0,"enemies":"Reptomancer","floor":40.0,"turns":2.0},{"damage":7.0,"enemies":"Giant Head","floor":42.0,"turns":5.0},{"damage":66.0,"enemies":"Nemesis","floor":44.0,"turns":3.0},{"damage":52.0,"enemies":"Writhing Mass","floor":45.0,"turns":2.0},{"damage":25.0,"enemies":"Giant Head","floor":47.0,"turns":4.0},{"damage":62.0,"enemies":"4 Shapes","floor":48.0,"turns":1.0},{"damage":25.0,"enemies":"Donu and Deca","floor":50.0,"turns":4.0},{"damage":66.0,"enemies":"Shield and Spear","floor":54.0,"turns":3.0},{"damage":3,"enemies":"The Heart","floor":55,"turns":6}],"seed_played":"4032168180995949613","potions_obtained":[{"floor":6.0,"key":"Fire Potion"},{"floor":10.0,"key":"Weak Potion"},{"floor":11.0,"key":"Block Potion"},{"floor":16.0,"key":"testmod-EscapePotion"},{"floor":18.0,"key":"SpeedPotion"},{"floor":19.0,"key":"SteroidPotion"},{"floor":23.0,"key":"PowerPotion"},{"floor":24.0,"key":"SmokeBomb"},{"floor":27.0,"key":"testmod-TestPotion"},{"floor":33.0,"key":"GamblersBrew"},{"floor":47.0,"key":"Strength Potion"},{"floor":54.0,"key":"BlessingOfTheForge"}],"is_trial":false,"path_per_floor":["M","?","?","?","M","E","$","E","T","M","M","R","M","M","R","B",null,"M","M","?","M","$","E","M","E","T","E","?","M","?","E","R","B",null,"M","?","M","M","?","E","R","E","T","E","M","$","E","M","R","B",null,"R","$","E","B",null],"character_chosen":"REMILIA","items_purchased":["BloodRain","Molten Egg 2","SuperhumanBloodyKnife+1","testmod-BackupPower+1"],"campfire_rested":0,"item_purchase_floors":[7,22,22,22],"current_hp_per_floor":[75,75,64,49,49,44,44,42,42,36,36,36,30,23,23,27,75,68,51,48,51,51,75,71,75,75,75,75,66,66,75,75,75,75,75,71,62,65,65,60,60,71,71,71,71,71,71,48,48,71,71,71,71,71,71],"gold":-721,"neow_bonus":"BOSS_RELIC","is_daily":false,"chose_seed":false,"campfire_upgraded":5,"win_rate":0.0,"timestamp":1607685807,"path_taken":["M","?","?","?","M","E","$","E","T","M","?","R","M","M","R","BOSS","M","M","?","M","$","E","M","E","T","E","?","M","?","E","R","BOSS","M","?","M","M","?","E","R","E","T","E","M","$","E","M","R","BOSS","R","$","E","BOSS"],"items_purchased_type":["Card","Relic","Undefined","Undefined"],"build_version":"2020-11-30","purchased_purges":0,"victory":true,"max_hp_per_floor":[75,75,75,75,75,75,75,75,75,75,75,75,75,75,75,75,75,75,75,75,75,75,75,75,75,75,75,75,75,75,75,75,75,75,75,71,71,71,71,71,71,71,71,71,71,71,71,71,71,71,71,71,71,71,71],"relic_stats":{"counters":[32,105],"Shuriken":[12],"Sundial":[0],"Whetstone":["MostiFishMod:TheEndOfMoonlight","Strike_RM"],"Question Card":31,"Boot":[17],"obtain_stats":[{"ScarletDevilRocket":43,"DaveBox":0,"testmod-BatchProcessingSystem":0,"Incense Burner":42,"Whetstone":40,"Bottled Tornado":27,"Boot":31,"ScarletHat":0,"SynthV:C4":8,"testmod-Fanaticism":0,"Sundial":25,"Red Mask":20,"Toxic Egg 2":9,"ImportantClient":16,"testmod-TestBox":0,"SynthV:MejaisSoulstealer":34,"MoonlightInvasionPlan":17,"Oddly Smooth Stone":54,"The Courier":47,"Question Card":1,"testmod-IndustrialRevolution":44,"White Beast Statue":6,"EGODaCapo":0,"Shuriken":23,"MutagenicStrength":30,"Molten Egg 2":22},{"ScarletDevilRocket":25,"DaveBox":0,"testmod-BatchProcessingSystem":0,"Incense Burner":25,"Whetstone":24,"Bottled Tornado":17,"Boot":19,"ScarletHat":0,"SynthV:C4":4,"testmod-Fanaticism":0,"Sundial":16,"Red Mask":12,"Toxic Egg 2":4,"ImportantClient":9,"testmod-TestBox":0,"SynthV:MejaisSoulstealer":20,"MoonlightInvasionPlan":9,"Oddly Smooth Stone":31,"The Courier":28,"Question Card":1,"testmod-IndustrialRevolution":26,"White Beast Statue":3,"EGODaCapo":0,"Shuriken":14,"MutagenicStrength":18,"Molten Egg 2":13},{"ScarletDevilRocket":82,"DaveBox":0,"testmod-BatchProcessingSystem":0,"Incense Burner":82,"Whetstone":77,"Bottled Tornado":54,"Boot":64,"ScarletHat":0,"SynthV:C4":16,"testmod-Fanaticism":0,"Sundial":52,"Red Mask":41,"Toxic Egg 2":16,"ImportantClient":31,"testmod-TestBox":0,"SynthV:MejaisSoulstealer":68,"MoonlightInvasionPlan":31,"Oddly Smooth Stone":99,"The Courier":91,"Question Card":2,"testmod-IndustrialRevolution":85,"White Beast Statue":12,"EGODaCapo":0,"Shuriken":46,"MutagenicStrength":60,"Molten Egg 2":43}]},"card_choices":[{"not_picked":["BlasphemousPunishment","CharismaGuard"],"picked":"MastersStateliness","floor":1.0},{"not_picked":["Stigmanizer","Maim","ChainGang"],"picked":"TwelveNightmare","floor":5.0},{"not_picked":["FavorOfDestiny","MastersStateliness","ScarletDevilSign"],"picked":"Ultimatum","floor":6.0},{"not_picked":["ScarletDevil","UnderTheZenith","AfternoonTea"],"picked":"CharismaGuard","floor":8.0},{"not_picked":["BombardNight","StarOfDavid","FavorOfDestiny","TwelveNightmare"],"picked":"SKIP","floor":8.0},{"not_picked":["CharismaGuard","StarOfDavid","Stigmanizer"],"picked":"TransientEternity","floor":10.0},{"not_picked":["EternalNight+1","MiserableFate+1","CharismaGuard"],"picked":"BloodHunter+1","floor":11.0},{"not_picked":["BadLadyScramble+1","VampireSweep","BlasphemousPunishment+1"],"picked":"TricksterDevil","floor":11.0},{"not_picked":["RedRainbow","UnderTheZenith+1","EndlessAdversity","AfternoonTea+1"],"picked":"SKIP","floor":13.0},{"not_picked":["ForbiddenFruit+1","LeisurelyOfLord","BloodHunter+1"],"picked":"FavorOfDestiny+1","floor":14.0},{"not_picked":["EquivalentExchange","HeartBreak","CeilingFear+1"],"picked":"BloodyHallows+1","floor":16.0},{"not_picked":["VampireSweep","RedNightlessCastle","BombardNight+1"],"picked":"BlasphemousPunishment+1","floor":18.0},{"not_picked":["CharismaGuard","RedRainbow","MastersStateliness"],"picked":"BloodAndWine+1","floor":19.0},{"not_picked":["CharismaGuard+1","Stigmanizer","MastersStateliness"],"picked":"BloodRain+1","floor":20.0},{"not_picked":["MastersStateliness","BloodAndWine+1","BloodHunter+1"],"picked":"BloodyMagicSquare+1","floor":21.0},{"not_picked":["RedRainbow+1","ScarletDevil+1","EndlessAdversity+1"],"picked":"DiffusionOfMisfortune+1","floor":23.0},{"not_picked":["EndlessAdversity+1","CharismaGuard","FavorOfDestiny+1","Stigmanizer+1"],"picked":"SKIP","floor":24.0},{"not_picked":["ScarletDevilSign+1","VampirishNight+1","MastersStateliness"],"picked":"BloodyCatastrophe+1","floor":25.0},{"not_picked":["SuperhumanBloodyKnife+1","UnstableMagic+1","NightDance+1","BombardNight+1"],"picked":"SKIP","floor":27.0},{"not_picked":[],"picked":"BatForm","floor":28.0},{"not_picked":["NightDance+1","UnstableMagic+1","DiffusionOfMisfortune+1","StarOfDavid+1"],"picked":"SKIP","floor":29.0},{"not_picked":["ScarletDevil+1","Stigmanizer+1","TwelveNightmare","DiffusionOfMisfortune+1"],"picked":"SKIP","floor":31.0},{"not_picked":["BloodRain+1","BloodyHallows+1","DemonKingCradle"],"picked":"BloodySeventeenLaser+1","floor":33.0},{"not_picked":["UnderTheZenith+1","NightDance+1","CharismaGuard","MastersStateliness+1"],"picked":"SKIP","floor":35.0},{"not_picked":["AfternoonTea+1","FitfulNightmare+1","RedRainbow+1","NightDance+1"],"picked":"SKIP","floor":37.0},{"not_picked":["BloodHunter+1","RedRainbow+1","NightDance+1","Septette+1"],"picked":"SKIP","floor":38.0},{"not_picked":["ChainGang+1","HunterOfTheNight+1","BlasphemousPunishment+1"],"picked":"QueenOfMidnight","floor":40.0},{"not_picked":["VampireFantasy+1","MillenniumVampire+1","DiffusionOfMisfortune+1","UnstableMagic+1"],"picked":"SKIP","floor":42.0},{"not_picked":["SuperhumanBloodyKnife+1","BadLadyScramble+1","BloodHunter+1","StarOfDavid+1"],"picked":"SKIP","floor":44.0},{"not_picked":["EndlessAdversity+1","BloodHunter+1","StarOfDavid+1","DiffusionOfMisfortune+1"],"picked":"SKIP","floor":45.0},{"not_picked":["BombardNight+1","UnderTheZenith+1","MiserableFate+1","TricksterDevil"],"picked":"SKIP","floor":47.0},{"not_picked":["DiffusionOfMisfortune+1","Stigmanizer+1","EmergencyRegeneration+1","ScarletImprint+1"],"picked":"SKIP","floor":48.0},{"not_picked":["LeisurelyOfLord+1","UnderTheZenith+1","RedRainbow+1","ScarletDevilSign+1"],"picked":"SKIP","floor":54.0}],"player_experience":34657,"relics_obtained":[{"floor":1.0,"key":"Question Card"},{"floor":6.0,"key":"White Beast Statue"},{"floor":8.0,"key":"SynthV:C4"},{"floor":9.0,"key":"Toxic Egg 2"},{"floor":16.0,"key":"ImportantClient"},{"floor":20.0,"key":"Red Mask"},{"floor":23.0,"key":"Shuriken"},{"floor":25.0,"key":"Sundial"},{"floor":27.0,"key":"Bottled Tornado"},{"floor":31.0,"key":"Boot"},{"floor":40.0,"key":"Whetstone"},{"floor":42.0,"key":"Incense Burner"},{"floor":43.0,"key":"ScarletDevilRocket"},{"floor":44.0,"key":"testmod-IndustrialRevolution"},{"floor":47.0,"key":"The Courier"},{"floor":54.0,"key":"Oddly Smooth Stone"}],"event_choices":[{"damage_healed":0.0,"max_hp_gain":0.0,"max_hp_loss":0.0,"gold_gain":0.0,"event_name":"Living Wall","player_choice":"Grow","floor":2.0,"gold_loss":0.0,"damage_taken":0.0,"cards_upgraded":["MastersStateliness"]},{"damage_healed":0.0,"max_hp_gain":0.0,"max_hp_loss":0.0,"gold_gain":75.0,"event_name":"World of Goop","player_choice":"Gather Gold","floor":3.0,"gold_loss":0.0,"damage_taken":11.0},{"damage_healed":0.0,"max_hp_gain":0.0,"max_hp_loss":0.0,"gold_gain":0.0,"event_name":"Shining Light","player_choice":"Entered Light","floor":4.0,"gold_loss":0.0,"damage_taken":15.0,"cards_upgraded":["Defend_RM","Defend_RM"]},{"damage_healed":0.0,"max_hp_gain":0.0,"max_hp_loss":0.0,"gold_gain":0.0,"event_name":"Masked Bandits","player_choice":"Fought Bandits","floor":20.0,"gold_loss":0.0,"damage_taken":0.0},{"damage_healed":0.0,"max_hp_gain":0.0,"max_hp_loss":0.0,"gold_gain":0.0,"event_name":"Drug Dealer","player_choice":"Inject Mutagens","floor":30.0,"gold_loss":0.0,"damage_taken":0.0,"relics_obtained":["MutagenicStrength"]},{"damage_healed":0.0,"max_hp_gain":0.0,"max_hp_loss":4.0,"gold_gain":0.0,"event_name":"Winding Halls","player_choice":"Max HP","floor":36.0,"gold_loss":0.0,"damage_taken":0.0},{"damage_healed":0.0,"max_hp_gain":0.0,"max_hp_loss":0.0,"gold_gain":0.0,"cards_transformed":["Ultimatum"],"event_name":"Transmorgrifier","player_choice":"Transformed","floor":39.0,"gold_loss":0.0,"damage_taken":0.0,"cards_obtained":["FavorOfDestiny"]}],"is_beta":false,"boss_relics":[{"not_picked":["Runic Pyramid","Coffee Dripper"],"picked":"MoonlightInvasionPlan"},{"not_picked":["testmod-DeterminationOfClimber","BloodWine"],"picked":"SynthV:MejaisSoulstealer"}],"items_purged_floors":[],"is_endless":false,"potions_floor_spawned":[6,10,11,13,14,16,18,19,20,21,23,24,25,27,29,31,33,35,37,38,40,42,44,45,47,48,54],"ascension_level":2}}