{"host":"y76clbnovzmw9ubx","time":1607652756,"event":{"mods":["AchievementEnabler","BaseMod","Minty Spire (QoL Compilation)","Permanent Neow","Relic Stats"],"gold_per_floor":[110,110,125,141,155,155,180,180,180,180,195,226,226,179,179,258,258,268,20,20,35,54,54,54],"floor_reached":23,"playtime":1296,"items_purged":[],"score":402,"play_id":"4e704459-cc4b-408d-bdae-45ffff91f091","local_time":"20201210211236","is_ascension_mode":true,"campfire_choices":[{"floor":6,"key":"REST"},{"floor":8,"key":"REST"},{"data":"Sunder","floor":10,"key":"SMITH"},{"data":"Reinforced Body","floor":13,"key":"SMITH"},{"floor":15,"key":"REST"}],"circlet_count":0,"master_deck":["AscendersBane","Strike_B","Strike_B+1","Strike_B","Defend_B","Defend_B","Defend_B","Defend_B+1","Zap","Dualcast","Core Surge","Coolheaded","Sunder+1","Reinforced Body+1","Cold Snap","Ball Lightning","Go for the Eyes","Reboot","Beam Cell+1","Capacitor","Steam","Force Field","Reinforced Body"],"relics":["FrozenCore","Vajra","Toy Ornithopter","Meat on the Bone","Art of War"],"acts_visited":["Exordium","TheCity"],"potions_floor_usage":[12,16,22,23],"damage_taken":[{"damage":0,"enemies":"Small Slimes","floor":1,"turns":3},{"damage":12,"enemies":"Jaw Worm","floor":3,"turns":3},{"damage":0,"enemies":"2 Louse","floor":4,"turns":2},{"damage":8,"enemies":"Lots of Slimes","floor":5,"turns":4},{"damage":32,"enemies":"3 Sentries","floor":7,"turns":8},{"damage":0,"enemies":"Large Slime","floor":11,"turns":4},{"damage":14,"enemies":"Lagavulin","floor":12,"turns":4},{"damage":12,"enemies":"The Guardian","floor":16,"turns":12},{"damage":22,"enemies":"2 Thieves","floor":18,"turns":5},{"damage":4,"enemies":"Shell Parasite","floor":21,"turns":5},{"damage":5,"enemies":"Centurion and Healer","floor":22,"turns":4},{"damage":51,"enemies":"Book of Stabbing","floor":23,"turns":7}],"seed_played":"-802740382567747038","potions_obtained":[{"floor":4,"key":"FearPotion"},{"floor":5,"key":"SteroidPotion"},{"floor":12,"key":"PowerPotion"},{"floor":18,"key":"Fire Potion"}],"is_trial":false,"path_per_floor":["M","?","M","M","M","R","E","R","T","R","M","E","R","?","R","B",null,"M","$","?","M","M","E"],"character_chosen":"DEFECT","items_purchased":["Capacitor","Art of War"],"campfire_rested":3,"item_purchase_floors":[19,19],"current_hp_per_floor":[64,45,33,33,25,44,12,31,31,31,31,22,22,22,41,34,57,35,35,35,43,43,0,0],"gold":54,"neow_bonus":"THREE_RARE_CARDS","is_daily":false,"chose_seed":false,"campfire_upgraded":2,"win_rate":0.0,"timestamp":1607652756,"path_taken":["M","?","M","M","M","R","E","R","T","R","M","E","R","?","R","BOSS","M","$","?","?","M","E"],"items_purchased_type":["Card","Relic"],"build_version":"2020-11-30","purchased_purges":0,"victory":false,"max_hp_per_floor":[64,64,64,64,64,64,64,64,64,64,64,64,64,64,64,64,64,64,64,64,64,64,64,64],"relic_stats":{"counters":[12,61],"Art of War":[2],"obtain_stats":[{"Vajra":7,"Art of War":19,"Cracked Core":0,"Toy Ornithopter":9,"Meat on the Bone":12,"FrozenCore":17},{"Vajra":5,"Art of War":9,"Cracked Core":0,"Toy Ornithopter":5,"Meat on the Bone":7,"FrozenCore":8},{"Vajra":20,"Art of War":45,"Cracked Core":0,"Toy Ornithopter":20,"Meat on the Bone":28,"FrozenCore":40}],"Toy Ornithopter":20,"FrozenCore":[9],"Meat on the Bone":12},"card_choices":[{"not_picked":["Thunder Strike","Electrodynamics"],"picked":"Core Surge","floor":0},{"not_picked":["Rebound","Hello World"],"picked":"Coolheaded","floor":1},{"not_picked":["Barrage","Auto Shields"],"picked":"Sunder","floor":3},{"not_picked":["Go for the Eyes","Redo"],"picked":"Reinforced Body","floor":4},{"not_picked":["Steam","Redo","Leap"],"picked":"SKIP","floor":5},{"not_picked":["Rainbow","Hologram"],"picked":"Cold Snap","floor":7},{"not_picked":["Streamline","Auto Shields"],"picked":"Ball Lightning","floor":11},{"not_picked":["Reinforced Body","Core Surge"],"picked":"Go for the Eyes","floor":12},{"not_picked":["Amplify","Thunder Strike"],"picked":"Reboot","floor":16},{"not_picked":["Gash","Stack"],"picked":"Beam Cell+1","floor":18},{"not_picked":["Gash","Turbo"],"picked":"Force Field","floor":21},{"not_picked":["Sweeping Beam","Ball Lightning"],"picked":"Reinforced Body","floor":22}],"player_experience":2807525,"relics_obtained":[{"floor":7,"key":"Vajra"},{"floor":9,"key":"Toy Ornithopter"},{"floor":12,"key":"Meat on the Bone"}],"event_choices":[{"damage_healed":0,"gold_gain":0,"player_choice":"Entered Light","damage_taken":19,"max_hp_gain":0,"max_hp_loss":0,"event_name":"Shining Light","floor":2,"gold_loss":0,"cards_upgraded":["Strike_B","Defend_B"]},{"damage_healed":0,"gold_gain":0,"player_choice":"Left Gold","damage_taken":0,"max_hp_gain":0,"max_hp_loss":0,"event_name":"World of Goop","floor":14,"gold_loss":47},{"damage_healed":0,"gold_gain":0,"cards_transformed":["Strike_B"],"player_choice":"Transformed","damage_taken":0,"max_hp_gain":0,"max_hp_loss":0,"event_name":"Transmorgrifier","floor":20,"gold_loss":0,"cards_obtained":["Steam"]}],"is_beta":false,"boss_relics":[{"not_picked":["SacredBark","SlaversCollar"],"picked":"FrozenCore"}],"items_purged_floors":[],"is_endless":false,"potions_floor_spawned":[4,5,7,12,18],"killed_by":"Book of Stabbing","ascension_level":20}}