{"host":"mgc7o2tpy0ck407l","time":1607661921,"event":{"mods":["Alarm Clock","AlwaysNeverKeys","BaseMod","Better Altar","Better Match","Better Note","Better Sensory Stone","Better Skull","Better Third Choice","Better Vampires","Block Reminder","Booster Modes","Challenge The Spire","Colored Map","Colored Powertips","Disable Question Mark Monsters","Emptier Cage","Infinite Spire","Minty Spire (QoL Compilation)","Permanent Neow","Quick Restart","Rare Cards Sparkle","Relic Stats","Reorder Act Four","Replay The Spire","Spicy Shops","StSLib","The Blue Laboratory","Transform Curses","Unceasing Turn Reminder"],"gold_per_floor":[112,38,38,57,77,77,102,120,144,179,179,30,41,41,41,136,136,149,162,212,212,212,212,212,212,212,212,241,50,75,85,85,182,182,200,200,219,494,506,537,537,552,604,660,685,685,705,725,786,786,786,6,6,34,34],"floor_reached":56,"playtime":3981,"items_purged":["Strike_B","Defend_B","Defend_B","Overencumbered","Regret"],"score":1317,"play_id":"2973417f-cda8-47d9-8409-9c8f49cd0110","local_time":"20201210234521","is_ascension_mode":true,"campfire_choices":[{"data":"Barricade","floor":6,"key":"SMITH"},{"data":"Self Repair","floor":11,"key":"SMITH"},{"data":"Defragment","floor":15,"key":"SMITH"},{"data":"infinitespire:SevenWalls","floor":23,"key":"SMITH"},{"data":"infinitespire:Menacing","floor":25,"key":"SMITH"},{"data":"Double Tap","floor":27,"key":"SMITH"},{"data":"Loop","floor":32,"key":"SMITH"},{"data":"Echo Form","floor":46,"key":"SMITH"},{"data":"ReplayUltimateDefense","floor":53,"key":"SMITH"}],"circlet_count":0,"master_deck":["Defend_B","Zap","Self Repair+1","Barrage","Bash","Barricade+1","Cold Snap","Electrodynamics","Glacier+1","Cold Snap","Defragment+1","Seeing Red","Double Tap+1","Gash+1","Core Surge","infinitespire:SevenWalls+1","infinitespire:Menacing+1","Core Surge","Echo Form+1","Loop+1","ReplayTheSpireMod:Repulse+1","Reboot+1","Regret","Regret","Gash+1","Pain","Panic Button+1","Crystallizer+1","ReplayGash+1","Parasite","Pot Of Greed+1","Pot Of Greed+1","Pot Of Greed+1","ReplayTheSpireMod:Splinters","Self Repair","Streamline+1","ReplayUltimateDefense+1","Pot Of Greed+1","Replay:Bootleg Shield Generator+1","FIFO Queue","Stack+1"],"relics":["infinitespire:DarkRift","Iron Core","Boot","Bag of Preparation","Replay:Rubber Ducky","infinitespire:Cubic Diamond","Replay:Grab Bag","infinitespire:Cupcake","Replay:Bronze Core","SlaversCollar","Empty Cage","Question Card","Nuclear Battery","Replay:Bottled Flurry","Mango","Bronze Scales","BargainBundle","Gremlin Food","Replay:Ancient Bell","War Paint","Toxic Egg 2","Replay:Towering Pillar of Hats","WarpedTongs","infinitespire:SolderingIron","Grinning Jar","Strawberry","ReplayFunnel","Magic Flower","Replay:Arrowhead"],"acts_visited":["Exordium","TheCity","TheBeyond","TheEnding"],"potions_floor_usage":[42],"damage_taken":[{"damage":10,"enemies":"Small Slimes","floor":1,"turns":4},{"damage":7,"enemies":"2 Louse","floor":4,"turns":3},{"damage":15,"enemies":"Jaw Worm","floor":5,"turns":4},{"damage":29,"enemies":"3 Sentries","floor":7,"turns":8},{"damage":7,"enemies":"Blue Slaver","floor":8,"turns":4},{"damage":26,"enemies":"Gremlin Nob","floor":10,"turns":4},{"damage":0,"enemies":"Exordium Wildlife","floor":13,"turns":6},{"damage":0,"enemies":"The Guardian","floor":16,"turns":13},{"damage":0,"enemies":"Spheric Guardian","floor":18,"turns":6},{"damage":0,"enemies":"2 Thieves","floor":19,"turns":3},{"damage":0,"enemies":"Gremlin Leader","floor":28,"turns":6},{"damage":0,"enemies":"Book of Stabbing","floor":30,"turns":5},{"damage":0,"enemies":"Sentry and Sphere","floor":31,"turns":4},{"damage":0,"enemies":"Pondfish","floor":33,"turns":5},{"damage":6,"enemies":"3 Darklings","floor":35,"turns":5},{"damage":4,"enemies":"3 Shapes","floor":37,"turns":4},{"damage":17,"enemies":"Maw","floor":39,"turns":8},{"damage":5,"enemies":"Nightmare","floor":40,"turns":8},{"damage":32,"enemies":"Writhing Mass","floor":42,"turns":6},{"damage":0,"enemies":"Giant Head","floor":45,"turns":7},{"damage":24,"enemies":"Transient","floor":47,"turns":5},{"damage":33,"enemies":"Maw","floor":48,"turns":6},{"damage":35,"enemies":"Replay:Hell Engine","floor":50,"turns":11},{"damage":7,"enemies":"Shield and Spear","floor":54,"turns":6},{"damage":2,"enemies":"The Heart","floor":55,"turns":1}],"seed_played":"-7743720070297108369","potions_obtained":[{"floor":4,"key":"SpeedPotion"},{"floor":13,"key":"PotionOfCapacity"},{"floor":16,"key":"SteroidPotion"},{"floor":18,"key":"blueLaboratory:RelayPotion"},{"floor":30,"key":"Dexterity Potion"},{"floor":31,"key":"blueLaboratory:BottleOfRum"},{"floor":40,"key":"blueLaboratory:SystemWipe"},{"floor":44,"key":"Doom Potion"},{"floor":48,"key":"Fire Potion"}],"is_trial":false,"path_per_floor":["M","$","?","M","M","R","E","M","T","E","R","$","M","?","R","B",null,"M","M","?","AVR","?","R","T","R","T","R","E","$","E","M","R","B",null,"M","?","M","?","M","NM","?","M","T","?","E","R","M","M","R_BF","B",null,"$","R","E","B",null],"character_chosen":"DEFECT","items_purchased":["Potion Belt","Defragment","BargainBundle","Loop","ReplayUltimateDefense","Replay:Bootleg Shield Generator+1","FIFO Queue","Magic Flower"],"campfire_rested":0,"item_purchase_floors":[2,12,29,29,52,52,52,52],"current_hp_per_floor":[72,72,72,72,57,57,35,35,35,16,16,16,26,26,26,36,75,75,75,75,75,75,75,75,75,89,89,89,89,89,89,89,89,89,89,89,89,89,82,87,87,65,65,72,92,92,95,72,72,54,96,96,96,96,96],"gold":34,"neow_bonus":"THREE_CARDS","is_daily":false,"chose_seed":false,"campfire_upgraded":9,"win_rate":0.0,"timestamp":1607661921,"path_taken":["M","$","?","M","M","R","E","M","T","E","R","$","M","?","R","BOSS","M","M","?","AVR","?","R","?","R","T","R","E","$","E","?","R","BOSS","M","?","?","?","?","NM","?","M","T","?","E","R","M","M","R_BF","BOSS","$","R","E","BOSS"],"items_purchased_type":["Relic","Card","Relic","Card","Card","Undefined","Card","Relic"],"build_version":"2020-11-30","purchased_purges":5,"victory":true,"max_hp_per_floor":[75,75,75,75,75,75,75,75,75,75,75,75,75,75,75,75,75,75,75,75,75,75,75,75,75,89,89,89,89,89,89,89,89,89,89,89,89,89,89,89,89,89,89,96,96,96,96,96,96,96,96,96,96,96,96],"relic_stats":{"counters":[25,141],"Bronze Scales":[238],"Magic Flower":[0],"Bag of Preparation":[44],"War Paint":["Glacier","Reboot"],"Boot":[65],"Question Card":24,"obtain_stats":[{"ReplayFunnel":45,"Iron Core":3,"Magic Flower":52,"Mango":26,"infinitespire:Cubic Diamond":14,"Bag of Preparation":9,"Boot":7,"Empty Cage":17,"Replay:Rubber Ducky":10,"infinitespire:SolderingIron":40,"Replay:Bronze Core":17,"Strawberry":44,"Replay:Bottled Flurry":24,"Toxic Egg 2":34,"Cracked Core":0,"Potion Belt":2,"Gremlin Food":30,"BargainBundle":29,"Replay:Towering Pillar of Hats":34,"Replay:Grab Bag":17,"Replay:Ancient Bell":34,"War Paint":34,"Question Card":21,"Replay:Arrowhead":54,"Nuclear Battery":21,"WarpedTongs":36,"SlaversCollar":17,"infinitespire:DarkRift":14,"Bronze Scales":28,"Grinning Jar":43,"infinitespire:Cupcake":17},{"ReplayFunnel":20,"Iron Core":1,"Magic Flower":23,"Mango":10,"infinitespire:Cubic Diamond":7,"Bag of Preparation":5,"Boot":4,"Empty Cage":8,"Replay:Rubber Ducky":6,"infinitespire:SolderingIron":18,"Replay:Bronze Core":8,"Strawberry":19,"Replay:Bottled Flurry":10,"Toxic Egg 2":14,"Cracked Core":0,"Potion Belt":1,"Gremlin Food":12,"BargainBundle":11,"Replay:Towering Pillar of Hats":14,"Replay:Grab Bag":8,"Replay:Ancient Bell":14,"War Paint":14,"Question Card":10,"Replay:Arrowhead":24,"Nuclear Battery":10,"WarpedTongs":15,"SlaversCollar":8,"infinitespire:DarkRift":7,"Bronze Scales":11,"Grinning Jar":19,"infinitespire:Cupcake":8},{"ReplayFunnel":113,"Iron Core":4,"Magic Flower":134,"Mango":55,"infinitespire:Cubic Diamond":33,"Bag of Preparation":23,"Boot":19,"Empty Cage":46,"Replay:Rubber Ducky":27,"infinitespire:SolderingIron":100,"Replay:Bronze Core":46,"Strawberry":106,"Replay:Bottled Flurry":55,"Toxic Egg 2":75,"Cracked Core":0,"Potion Belt":4,"Gremlin Food":66,"BargainBundle":61,"Replay:Towering Pillar of Hats":75,"Replay:Grab Bag":46,"Replay:Ancient Bell":75,"War Paint":75,"Question Card":55,"Replay:Arrowhead":140,"Nuclear Battery":55,"WarpedTongs":80,"SlaversCollar":46,"infinitespire:DarkRift":33,"Bronze Scales":61,"Grinning Jar":106,"infinitespire:Cupcake":46}],"WarpedTongs":[50]},"card_choices":[{"not_picked":["BasicCrystalCard","Leap"],"picked":"Self Repair","floor":0},{"not_picked":["Gash","Turbo"],"picked":"Barrage","floor":1},{"not_picked":["Anger","Evolve"],"picked":"Barricade","floor":4},{"not_picked":["Dual Wield","FTL"],"picked":"Cold Snap","floor":5},{"not_picked":["Auto Shields","White Noise"],"picked":"Electrodynamics","floor":7},{"not_picked":["Hologram","ReplaySolidLightProjector"],"picked":"Glacier","floor":8},{"not_picked":["Genetic Algorithm","Tempest"],"picked":"Cold Snap","floor":10},{"not_picked":["Leap","BasicCrystalCard"],"picked":"Seeing Red","floor":13},{"not_picked":["Electrodynamics","Meteor Strike"],"picked":"Double Tap","floor":16},{"not_picked":["Hologram","Sweeping Beam"],"picked":"Gash+1","floor":18},{"not_picked":["Compile Driver","BasicCrystalCard+1"],"picked":"Core Surge","floor":19},{"not_picked":["Go for the Eyes+1","BasicCrystalCard","Gash"],"picked":"Echo Form","floor":28},{"not_picked":["Redo+1","Auto Shields+1","Leap"],"picked":"ReplayTheSpireMod:Repulse+1","floor":30},{"not_picked":["ReplayTheSpireMod:Repulse","Stack","Turbo+1","Barrage"],"picked":"SKIP","floor":31},{"not_picked":["Mirror Shield","Seek","Core Surge"],"picked":"Reboot","floor":33},{"not_picked":["betterMatch:CurseCard","ReplayTheSpireMod:Restless Dread","ReplayTheSpireMod:IOU"],"picked":"Regret","floor":34},{"not_picked":["ReplayTheSpireMod:IOU","Amnesia","Voices"],"picked":"Overencumbered","floor":34},{"not_picked":["Shame","ReplayTheSpireMod:Faulty Equipment","Looming Evil"],"picked":"Regret","floor":34},{"not_picked":["Streamline","Go for the Eyes+1","Darkness+1"],"picked":"Gash+1","floor":35},{"not_picked":["Amplify+1","Beam Cell","Redo+1"],"picked":"Panic Button+1","floor":37},{"not_picked":["Cold Snap","BasicCrystalCard+1","Go for the Eyes+1"],"picked":"Crystallizer+1","floor":39},{"not_picked":["Hello World","Go for the Eyes","Loop"],"picked":"ReplayGash+1","floor":40},{"not_picked":["Blizzard","Sunder","Redo+1","ReplayTheSpireMod:GoodbyeWorld"],"picked":"SKIP","floor":42},{"not_picked":["Ball Lightning","Streamline","Hyperbeam"],"picked":"Self Repair","floor":44},{"not_picked":["Compile Driver+1","Glacier+1","Sweeping Beam+1"],"picked":"Streamline+1","floor":45},{"not_picked":["Skim+1","Rebound+1","Hologram+1","Consume+1"],"picked":"SKIP","floor":47},{"not_picked":["Leap+1","Go for the Eyes+1","Redo+1","Turbo+1"],"picked":"SKIP","floor":48},{"not_picked":["Rip and Tear+1","FTL+1","Scrape"],"picked":"Stack+1","floor":54}],"player_experience":670324,"relics_obtained":[{"floor":7,"key":"Boot"},{"floor":9,"key":"Bag of Preparation"},{"floor":10,"key":"Replay:Rubber Ducky"},{"floor":24,"key":"Replay:Bottled Flurry"},{"floor":26,"key":"Mango"},{"floor":28,"key":"Bronze Scales"},{"floor":30,"key":"Gremlin Food"},{"floor":40,"key":"infinitespire:SolderingIron"},{"floor":43,"key":"Grinning Jar"},{"floor":44,"key":"Strawberry"},{"floor":45,"key":"ReplayFunnel"},{"floor":54,"key":"Replay:Arrowhead"}],"event_choices":[{"damage_healed":0,"gold_gain":100,"player_choice":"Bet on Murderer","damage_taken":0,"max_hp_gain":0,"max_hp_loss":0,"event_name":"The Joust","floor":20,"gold_loss":50},{"damage_healed":0,"gold_gain":0,"cards_transformed":["Defend_B"],"player_choice":"Transformed","damage_taken":0,"max_hp_gain":0,"max_hp_loss":0,"event_name":"Transmorgrifier","floor":22,"gold_loss":0,"cards_obtained":["Core Surge"]},{"damage_healed":0,"gold_gain":0,"player_choice":"Rummage","damage_taken":0,"relics_obtained":["WarpedTongs"],"max_hp_gain":0,"max_hp_loss":0,"event_name":"Accursed Blacksmith","floor":36,"gold_loss":0,"cards_obtained":["Pain"]},{"damage_healed":0,"gold_gain":275,"player_choice":"Desecrate","damage_taken":0,"max_hp_gain":0,"max_hp_loss":0,"event_name":"Golden Shrine","floor":38,"gold_loss":0,"cards_obtained":["Regret"]},{"damage_healed":0,"gold_gain":0,"player_choice":"Ignored","damage_taken":0,"max_hp_gain":0,"max_hp_loss":0,"event_name":"Tomb of Lord Red Mask","floor":41,"gold_loss":0}],"is_beta":false,"boss_relics":[{"not_picked":["Runic Dome","ReplayTheSpireMod:DimensionalGlitch"],"picked":"Replay:Grab Bag"},{"not_picked":["Painkiller Herb","Philosopher\u0027s Stone"],"picked":"infinitespire:Cupcake"},{"not_picked":["ChewingGum","ReplayTheSpireMod:Onyx Gauntlets"],"picked":"Replay:Bronze Core"},{"not_picked":["Black Star","Kintsugi"],"picked":"SlaversCollar"},{"not_picked":["Ring of Chaos","Runic Pyramid"],"picked":"Empty Cage"},{"not_picked":["Pandora\u0027s Box","Replay:Drink Me"],"picked":"Replay:Ancient Bell"},{"not_picked":["Juzu Bracelet","infinitespire:Lucky Rock"],"picked":"War Paint"},{"not_picked":["infinitespire:Eraser","Replay:WaspNest"],"picked":"Toxic Egg 2"},{"not_picked":["Pocketwatch","Shovel"],"picked":"Replay:Towering Pillar of Hats"}],"items_purged_floors":[12,21,29,52,52],"is_endless":false,"potions_floor_spawned":[4,13,16,18,30,31,37,40,47,48,54],"ascension_level":1}}