{"host":"91n1pc4te07j54gv","time":1607701489,"event":{"mods":["BaseMod","BetterRewards","Colored Powertips","Downfall","Highlight Path","Infinite Spire","Minty Spire (QoL Compilation)","Quick Restart","Relic Filter","Relic Stats","Replay The Spire","Spicy Shops","StSLib"],"gold_per_floor":[116,135,135,20,20,20,48,48,75,89,89,117,130,144,144,240,240,256,256,37,37,55,55,20,52,100,132,132,150,164,194,194,290,290,301,321,321,331,341,373,373,404,455,455,465,465,375,387,387,391],"floor_reached":51,"playtime":4741,"items_purged":["Strike_B"],"score":1363,"play_id":"555f72f0-9951-455f-b628-f3710160a962","local_time":"20201211234449","is_ascension_mode":true,"campfire_choices":[{"floor":6.0,"key":"DIG"},{"floor":8.0,"key":"DIG"},{"floor":11.0,"key":"DIG"},{"floor":15.0,"key":"DIG"},{"floor":23.0,"key":"DIG"},{"floor":32.0,"key":"DIG"},{"floor":41,"key":"DIG"},{"floor":44,"key":"DIG"},{"floor":49,"key":"DIG"}],"circlet_count":0,"master_deck":["AscendersBane","Strike_B+1","Strike_B+1","Strike_B+1","Defend_B+1","Defend_B+1","Defend_B+1","Defend_B+1","Zap","Dualcast","Crystallizer+1","Blizzard","Hologram+1","FIFO Queue","Hologram","Replay:Parry","Fission","Hologram","Hologram","Hologram+1","Coolheaded","Undo","Defragment","Hello World","Creative AI+1","Defragment","Coolheaded","Self Repair+1","ReplayTheSpireMod:Calculation Training+1","Cold Snap+1","Undo+1","Double Energy+1","Ball Lightning","Blizzard+1","Glacier+1","BasicCrystalCard+1","White Noise","Rainbow+1","Amplify+1","Clumsy","Injury","Self Repair+1","Force Field+1","Fission+1","Heatsinks+1","Glacier","Reboot+1","White Noise+1","Hologram+1","Skim+1","Coolheaded","Turbo+1","White Noise+1","Self Repair+1","Redo+1"],"relics":["Cracked Core","Shovel","OrangePellets","Peace Pipe","Prayer Wheel","Emotion Chip","Torii","Unceasing Top","CaptainsWheel","ReplayTheSpireMod:Lightbulb","infinitespire:Satchel","Golden Egg","ReplayTheSpireMod:TigerMarble","Vajra","War Paint","Simple Rune","Inserter","MealTicket","Bird Faced Urn","infinitespire:ShieldingShard","infinitespire:Joker Card","Frozen Egg 2","Replay:Ancient Bell","Tiny Chest","Divine Protection","Incense Burner","Question Card","Ancient Tea Set","infinitespire:Midas Blood","Whetstone","Toxic Egg 2","Replay:Bottled Steam"],"acts_visited":["Exordium","TheCity","TheBeyond"],"potions_floor_usage":[42,42],"damage_taken":[{"damage":7.0,"enemies":"Small Slimes","floor":1.0,"turns":3.0},{"damage":1.0,"enemies":"2 Louse","floor":2.0,"turns":2.0},{"damage":8.0,"enemies":"3 Sentries","floor":7.0,"turns":6.0},{"damage":0.0,"enemies":"Cultist","floor":10.0,"turns":2.0},{"damage":1.0,"enemies":"Gremlin Nob","floor":12.0,"turns":3.0},{"damage":1.0,"enemies":"Exordium Wildlife","floor":13.0,"turns":3.0},{"damage":1.0,"enemies":"Exordium Thugs","floor":14.0,"turns":2.0},{"damage":0.0,"enemies":"Hexaghost","floor":16.0,"turns":10.0},{"damage":2.0,"enemies":"Shell Parasite","floor":18.0,"turns":14.0},{"damage":1.0,"enemies":"Spheric Guardian","floor":22.0,"turns":4.0},{"damage":14.0,"enemies":"Book of Stabbing","floor":25.0,"turns":6.0},{"damage":12.0,"enemies":"Replay:Snechameleon","floor":27.0,"turns":7.0},{"damage":8.0,"enemies":"Centurion and Healer","floor":29.0,"turns":6.0},{"damage":11.0,"enemies":"Shelled Parasite and Fungi","floor":30.0,"turns":5.0},{"damage":44.0,"enemies":"Book of Stabbing","floor":31.0,"turns":10.0},{"damage":33.0,"enemies":"Automaton","floor":33.0,"turns":9.0},{"damage":2.0,"enemies":"3 Shapes","floor":35.0,"turns":3.0},{"damage":0,"enemies":"Orb Walker","floor":36,"turns":6},{"damage":44,"enemies":"Writhing Mass","floor":38,"turns":9},{"damage":0,"enemies":"4 Shapes","floor":39,"turns":4},{"damage":2,"enemies":"R_Hoarder","floor":40,"turns":11},{"damage":25,"enemies":"Reptomancer","floor":42,"turns":9},{"damage":0,"enemies":"Spire Growth","floor":45,"turns":5},{"damage":0,"enemies":"Writhing Mass","floor":48,"turns":6},{"damage":16,"enemies":"Replay:Hell Engine","floor":50,"turns":12}],"seed_played":"4148687819350371829","potions_obtained":[{"floor":10.0,"key":"ColorlessPotion"},{"floor":12.0,"key":"Dexterity Potion"},{"floor":16.0,"key":"Elixir"},{"floor":18.0,"key":"BlessingOfTheForge"},{"floor":29.0,"key":"SteroidPotion"},{"floor":33.0,"key":"Ancient Potion"},{"floor":36,"key":"FocusPotion"},{"floor":40,"key":"AttackPotion"},{"floor":48,"key":"SpeedPotion"}],"is_trial":false,"path_per_floor":["M","M","?","$","?","R","E","R","T","M","R","E","M","M","R","B",null,"M","?","$","?","M","R","$","E","T","E","?","M","M","E","R","B",null,"M","M","?","M","M","E","R","E","T","R","M","?","?","M","R","B",null],"character_chosen":"DEFECT","items_purchased":["Shovel","OrangePellets","Crystallizer","Blizzard","Hologram+1","Prayer Wheel","Emotion Chip","Torii","Unceasing Top","Replay:Parry","Self Repair","ReplayTheSpireMod:Calculation Training","Double Energy"],"campfire_rested":0,"item_purchase_floors":[0,0,0,0,0,0,0,0,0,4,20,20,24],"current_hp_per_floor":[14,13,13,13,13,13,5,5,5,5,5,12,11,10,10,10,59,57,57,57,57,75,75,75,71,71,75,75,69,74,58,58,55,70,75,75,71,71,71,71,71,70,70,70,71,71,71,71,71,71],"gold":391,"neow_bonus":"","is_daily":false,"chose_seed":false,"campfire_upgraded":0,"win_rate":0.0,"timestamp":1607701489,"path_taken":["M","M","?","$","?","R","E","R","T","?","R","E","M","M","R","BOSS","M","?","$","?","M","R","$","E","T","E","?","M","M","E","R","BOSS","M","M","?","M","M","E","R","E","T","R","M","?","?","M","R","BOSS"],"items_purchased_type":["Relic","Relic","Card","Card","Undefined","Relic","Relic","Relic","Relic","Card","Card","Card","Card"],"build_version":"2020-11-30","purchased_purges":1,"victory":true,"max_hp_per_floor":[75,75,75,75,75,75,75,75,75,75,75,75,75,75,75,75,75,75,75,75,75,75,75,75,75,75,75,75,75,75,75,75,75,75,75,75,71,71,71,71,71,71,71,71,71,71,71,71,71,71],"relic_stats":{"Inserter":[42],"Torii":41,"counters":[143,683],"Whetstone":["Strike_B","Strike_B","Cold Snap","Blizzard"],"War Paint":["Defend_B","Hologram"],"Question Card":7,"Peace Pipe":0,"OrangePellets":[21],"Emotion Chip":[126,70,45,11,0],"Shovel":9,"Bird Faced Urn":[144],"Prayer Wheel":15,"MealTicket":0,"Tiny Chest":2,"obtain_stats":[{"Replay:Accelerometer":0,"Golden Egg":8,"Whetstone":32,"Bottled Tornado":39,"Boot":42,"Blood Vial":44,"Replay:Ringing Soul":55,"infinitespire:ShieldingShard":27,"MealTicket":23,"Replay:Wax Seal":43,"Replay:Bottled Steam":49,"Blue Candle":30,"Replay:Ancient Bell":34,"infinitespire:Magic Flask":56,"Cables":0,"infinitespire:EvilPickle":43,"infinitespire:Broken Mirror":46,"Bird Faced Urn":0,"Snecko Eye":34,"Pandora\u0027s Box":17,"CultistMask":31,"infinitespire:PuzzleCube":28,"Unceasing Top":55,"Carrot":8,"Regal Pillow":15,"Lantern":19,"Torii":0,"Blue Doll":9,"Bag of Preparation":39,"Smiling Mask":34,"Ancient Tea Set":6,"Cursed Key":34,"Pet Ghost":49,"Matryoshka":0,"Shovel":11,"Guardian:BottledAnomaly":19,"Lee\u0027s Waffle":0,"Inserter":17,"NeowsBlessing":0,"Thread and Needle":8,"The Courier":32,"PreservedInsect":43,"infinitespire:Joker Card":31,"Omamori":0,"infinitespire:CheckeredPen":12,"Frozen Egg 2":47,"Replay:Arrowhead":9,"Orrery":0,"Garlic":47,"Bottled Lightning":6,"ReplayTheSpireMod:Lightbulb":30,"Toy Ornithopter":0,"infinitespire:Freezer":41,"infinitespire:Midas Blood":42,"Ice Cream":0,"Divine Protection":13,"Gremlin Horn":52,"Vajra":47,"Centennial Puzzle":25,"Lizard Tail":0,"infinitespire:SolderingIron":28,"Replay:Frozen Program":0,"Prayer Wheel":18,"Iron Hammer":0,"Toxic Egg 2":23,"Happy Flower":13,"Dead Branch":34,"infinitespire:Beetle Shell":23,"Ring of Chaos":17,"Replay:Kaleidoscope":0,"Letter Opener":25,"War Paint":54,"Question Card":25,"Du-Vu Doll":40,"OrangePellets":0,"Shuriken":45,"Molten Egg 2":36,"Simple Rune":30,"Black Star":12,"ReplayTheSpireMod:TigerMarble":9,"Mirror":28,"Pocketwatch":0,"Meat on the Bone":9,"ReplayFunnel":7,"Incense Burner":41,"ClockworkSouvenir":55,"Dream Catcher":40,"Nunchaku":45,"Emotion Chip":0,"Chameleon Ring":45,"TheAbacus":47,"Mummified Hand":48,"Tiny Chest":0,"Replay:Bottled Snecko":34,"Replay:Antivirus Software":9,"Cracked Core":0,"BargainBundle":53,"ReplayTheSpireMod:Ninjato":23,"Replay:Towering Pillar of Hats":0,"infinitespire:FocusingShard":26,"Orichalcum":54,"White Beast Statue":54,"Peace Pipe":0,"CaptainsWheel":3,"infinitespire:Satchel":6,"ChewingGum":17,"Coffee Dripper":17,"Snack Pack":26,"Membership Card":0,"FossilizedHelix":9,"ReplayTheSpireMod:ShopPack":39},{"Replay:Accelerometer":32,"Golden Egg":121,"Whetstone":105,"Bottled Tornado":24,"Boot":57,"Blood Vial":27,"Replay:Ringing Soul":116,"infinitespire:ShieldingShard":130,"MealTicket":128,"Replay:Wax Seal":26,"Replay:Bottled Steam":142,"Blue Candle":21,"Replay:Ancient Bell":22,"infinitespire:Magic Flask":117,"Cables":32,"infinitespire:EvilPickle":111,"infinitespire:Broken Mirror":86,"Bird Faced Urn":61,"Snecko Eye":51,"Pandora\u0027s Box":12,"CultistMask":21,"infinitespire:PuzzleCube":48,"Unceasing Top":116,"Carrot":7,"Regal Pillow":41,"Lantern":72,"Torii":118,"Blue Doll":37,"Bag of Preparation":24,"Smiling Mask":22,"Ancient Tea Set":36,"Cursed Key":80,"Pet Ghost":58,"Matryoshka":32,"Shovel":38,"Guardian:BottledAnomaly":43,"Lee\u0027s Waffle":61,"Inserter":126,"NeowsBlessing":0,"Thread and Needle":95,"The Courier":50,"PreservedInsect":57,"infinitespire:Joker Card":133,"Omamori":61,"infinitespire:CheckeredPen":69,"Frozen Egg 2":113,"Replay:Arrowhead":7,"Orrery":91,"Garlic":58,"Bottled Lightning":94,"ReplayTheSpireMod:Lightbulb":78,"Toy Ornithopter":32,"infinitespire:Freezer":56,"infinitespire:Midas Blood":140,"Ice Cream":61,"Divine Protection":40,"Gremlin Horn":59,"Vajra":87,"Centennial Puzzle":46,"Lizard Tail":61,"infinitespire:SolderingIron":76,"Replay:Frozen Program":91,"Prayer Wheel":13,"Iron Hammer":91,"Toxic Egg 2":45,"Happy Flower":10,"Dead Branch":22,"infinitespire:Beetle Shell":75,"Ring of Chaos":99,"Replay:Kaleidoscope":32,"Letter Opener":76,"War Paint":90,"Question Card":76,"Du-Vu Doll":84,"OrangePellets":32,"Shuriken":86,"Molten Egg 2":23,"Simple Rune":103,"Black Star":69,"ReplayTheSpireMod:TigerMarble":121,"Mirror":103,"Pocketwatch":91,"Meat on the Bone":95,"ReplayFunnel":66,"Incense Burner":25,"ClockworkSouvenir":116,"Dream Catcher":56,"Nunchaku":86,"Emotion Chip":118,"Chameleon Ring":112,"TheAbacus":113,"Mummified Hand":29,"Tiny Chest":91,"Replay:Bottled Snecko":22,"Replay:Antivirus Software":67,"Cracked Core":0,"BargainBundle":59,"ReplayTheSpireMod:Ninjato":17,"Replay:Towering Pillar of Hats":91,"infinitespire:FocusingShard":103,"Orichalcum":60,"White Beast Statue":31,"Peace Pipe":118,"CaptainsWheel":120,"infinitespire:Satchel":6,"ChewingGum":71,"Coffee Dripper":42,"Snack Pack":46,"Membership Card":61,"FossilizedHelix":37,"ReplayTheSpireMod:ShopPack":24},{"Replay:Accelerometer":154,"Golden Egg":538,"Whetstone":448,"Bottled Tornado":124,"Boot":258,"Blood Vial":137,"Replay:Ringing Soul":514,"infinitespire:ShieldingShard":588,"MealTicket":575,"Replay:Wax Seal":132,"Replay:Bottled Steam":671,"Blue Candle":109,"Replay:Ancient Bell":117,"infinitespire:Magic Flask":520,"Cables":154,"infinitespire:EvilPickle":483,"infinitespire:Broken Mirror":357,"Bird Faced Urn":274,"Snecko Eye":229,"Pandora\u0027s Box":65,"CultistMask":109,"infinitespire:PuzzleCube":216,"Unceasing Top":514,"Carrot":34,"Regal Pillow":184,"Lantern":312,"Torii":527,"Blue Doll":167,"Bag of Preparation":124,"Smiling Mask":117,"Ancient Tea Set":165,"Cursed Key":338,"Pet Ghost":260,"Matryoshka":154,"Shovel":173,"Guardian:BottledAnomaly":196,"Lee\u0027s Waffle":274,"Inserter":557,"NeowsBlessing":0,"Thread and Needle":393,"The Courier":222,"PreservedInsect":258,"infinitespire:Joker Card":609,"Omamori":274,"infinitespire:CheckeredPen":307,"Frozen Egg 2":497,"Replay:Arrowhead":34,"Orrery":373,"Garlic":260,"Bottled Lightning":386,"ReplayTheSpireMod:Lightbulb":329,"Toy Ornithopter":154,"infinitespire:Freezer":254,"infinitespire:Midas Blood":660,"Ice Cream":274,"Divine Protection":181,"Gremlin Horn":266,"Vajra":360,"Centennial Puzzle":205,"Lizard Tail":274,"infinitespire:SolderingIron":326,"Replay:Frozen Program":373,"Prayer Wheel":68,"Iron Hammer":373,"Toxic Egg 2":202,"Happy Flower":49,"Dead Branch":117,"infinitespire:Beetle Shell":323,"Ring of Chaos":415,"Replay:Kaleidoscope":154,"Letter Opener":326,"War Paint":368,"Question Card":326,"Du-Vu Doll":349,"OrangePellets":154,"Shuriken":357,"Molten Egg 2":122,"Simple Rune":438,"Black Star":307,"ReplayTheSpireMod:TigerMarble":538,"Mirror":438,"Pocketwatch":373,"Meat on the Bone":393,"ReplayFunnel":297,"Incense Burner":131,"ClockworkSouvenir":514,"Dream Catcher":254,"Nunchaku":357,"Emotion Chip":527,"Chameleon Ring":488,"TheAbacus":497,"Mummified Hand":143,"Tiny Chest":373,"Replay:Bottled Snecko":117,"Replay:Antivirus Software":300,"Cracked Core":0,"BargainBundle":266,"ReplayTheSpireMod:Ninjato":93,"Replay:Towering Pillar of Hats":373,"infinitespire:FocusingShard":438,"Orichalcum":268,"White Beast Statue":150,"Peace Pipe":527,"CaptainsWheel":532,"infinitespire:Satchel":30,"ChewingGum":310,"Coffee Dripper":193,"Snack Pack":205,"Membership Card":274,"FossilizedHelix":167,"ReplayTheSpireMod:ShopPack":124}],"Unceasing Top":[2]},"card_choices":[{"not_picked":["Leap","Ball Lightning"],"picked":"FIFO Queue","floor":1.0},{"not_picked":["Steam","Sweeping Beam"],"picked":"Hologram","floor":1.0},{"not_picked":["Streamline","Beam Cell","Go for the Eyes"],"picked":"SKIP","floor":2.0},{"not_picked":["Leap","Beam Cell","Sweeping Beam"],"picked":"SKIP","floor":2.0},{"not_picked":["Cold Snap","Defragment"],"picked":"Fission","floor":7.0},{"not_picked":["Panic Button","Stack"],"picked":"Hologram","floor":10.0},{"not_picked":["ReplaySolidLightProjector","BasicCrystalCard"],"picked":"Hologram","floor":10.0},{"not_picked":["Go for the Eyes","Double Energy"],"picked":"Hologram","floor":12.0},{"not_picked":["ReplaySolidLightProjector","Sweeping Beam"],"picked":"Coolheaded","floor":13.0},{"not_picked":["Double Energy","Rebound"],"picked":"Undo","floor":13.0},{"not_picked":["Steam Power","Go for the Eyes"],"picked":"Defragment","floor":14.0},{"not_picked":["Redo","Streamline"],"picked":"Hello World","floor":14.0},{"not_picked":["Thunder Strike","Machine Learning"],"picked":"Creative AI","floor":16.0},{"not_picked":["Gash","Double Energy+1"],"picked":"Defragment","floor":18.0},{"not_picked":["Crystallizer","Reinforced Body"],"picked":"Coolheaded","floor":18.0},{"not_picked":["ReplayTheSpireMod:Repulse","Redo"],"picked":"Cold Snap","floor":22.0},{"not_picked":["Sweeping Beam","Sunder"],"picked":"Undo+1","floor":22.0},{"not_picked":["Rip and Tear","Scrape+1","Gash"],"picked":"SKIP","floor":25.0},{"not_picked":["Panic Button+1","Sweeping Beam"],"picked":"Ball Lightning","floor":27.0},{"not_picked":["Cold Snap+1","Doom and Gloom+1"],"picked":"Blizzard","floor":29.0},{"not_picked":["Redo+1","Steam"],"picked":"Glacier","floor":29.0},{"not_picked":["Panic Button","Gash"],"picked":"BasicCrystalCard+1","floor":30.0},{"not_picked":["Melter","Steam"],"picked":"White Noise","floor":30.0},{"not_picked":["Leap","Beam Cell"],"picked":"Rainbow","floor":31.0},{"not_picked":["Machine Learning+1","Core Surge"],"picked":"Amplify","floor":33.0},{"not_picked":["Regret","Voices"],"picked":"Clumsy","floor":34.0},{"not_picked":["Voices","Delirium"],"picked":"Injury","floor":34.0},{"not_picked":["infinitespire:Pacifist","ReplayTheSpireMod:Restless Dread"],"picked":"Regret","floor":34.0},{"not_picked":["FIFO Queue+1","ReplayGash"],"picked":"Self Repair+1","floor":35.0},{"not_picked":["Steam Power","Tempest+1"],"picked":"Force Field+1","floor":35.0},{"not_picked":["BasicCrystalCard","Barrage+1"],"picked":"Fission","floor":36},{"not_picked":["Barrage","Cold Snap+1"],"picked":"Heatsinks+1","floor":36},{"not_picked":["Panic Button+1","Lockon+1"],"picked":"Glacier","floor":38},{"not_picked":["Rebound","Hologram"],"picked":"Reboot","floor":38},{"not_picked":["Sweeping Beam","Go for the Eyes"],"picked":"White Noise+1","floor":39},{"not_picked":["ReplaySolidLightProjector+1","ReplayTheSpireMod:System Scan"],"picked":"Hologram+1","floor":39},{"not_picked":["ReplayGash+1","Hologram+1"],"picked":"Skim+1","floor":40},{"not_picked":["All For One","Leap","Gash"],"picked":"Coolheaded","floor":42},{"not_picked":["Steam+1","FTL+1","Barrage+1"],"picked":"Turbo+1","floor":45},{"not_picked":["Panic Button+1","Sweeping Beam","Gash+1"],"picked":"White Noise+1","floor":45},{"not_picked":["Time Bomb+1","Leap+1","Sunder+1"],"picked":"Self Repair+1","floor":48},{"not_picked":["Go for the Eyes+1","Steam+1","Heatsinks+1"],"picked":"Redo+1","floor":48}],"player_experience":930977,"relics_obtained":[{"floor":3.0,"key":"CaptainsWheel"},{"floor":6.0,"key":"ReplayTheSpireMod:Lightbulb"},{"floor":7.0,"key":"infinitespire:Satchel"},{"floor":8.0,"key":"Golden Egg"},{"floor":9.0,"key":"ReplayTheSpireMod:TigerMarble"},{"floor":11.0,"key":"Vajra"},{"floor":12.0,"key":"War Paint"},{"floor":15.0,"key":"Simple Rune"},{"floor":23.0,"key":"MealTicket"},{"floor":25.0,"key":"Bird Faced Urn"},{"floor":27.0,"key":"infinitespire:ShieldingShard"},{"floor":31.0,"key":"infinitespire:Joker Card"},{"floor":32.0,"key":"Frozen Egg 2"},{"floor":40,"key":"Question Card"},{"floor":41,"key":"Ancient Tea Set"},{"floor":42,"key":"infinitespire:Midas Blood"},{"floor":43,"key":"Whetstone"},{"floor":44,"key":"Toxic Egg 2"},{"floor":49,"key":"Replay:Bottled Steam"}],"event_choices":[{"damage_healed":0.0,"max_hp_gain":0.0,"max_hp_loss":0.0,"gold_gain":0.0,"event_name":"Upgrade Shrine","player_choice":"Upgraded","floor":5.0,"gold_loss":0.0,"damage_taken":0.0,"cards_upgraded":["Crystallizer"]},{"damage_healed":0.0,"max_hp_gain":0.0,"max_hp_loss":0.0,"gold_gain":0.0,"event_name":"Vampires","player_choice":"Ignored","floor":19.0,"gold_loss":0.0,"damage_taken":0.0},{"damage_healed":0.0,"max_hp_gain":0.0,"max_hp_loss":0.0,"gold_gain":0.0,"event_name":"Back to Basics","player_choice":"Simplicity","floor":21.0,"gold_loss":0.0,"damage_taken":0.0,"cards_upgraded":["Strike_B","Strike_B","Strike_B","Defend_B","Defend_B","Defend_B","Defend_B"]},{"damage_healed":0.0,"max_hp_gain":0.0,"max_hp_loss":0.0,"gold_gain":0.0,"event_name":"Ghosts","player_choice":"Ignored","floor":28.0,"gold_loss":0.0,"damage_taken":0.0},{"damage_healed":0,"gold_gain":0,"player_choice":"Max HP","damage_taken":0,"max_hp_gain":0,"max_hp_loss":4,"event_name":"Winding Halls","floor":37,"gold_loss":0},{"damage_healed":0,"gold_gain":0,"player_choice":"Ignored","damage_taken":0,"max_hp_gain":0,"max_hp_loss":0,"event_name":"Tomb of Lord Red Mask","floor":46,"gold_loss":0},{"cards_removed":["Regret"],"damage_healed":0,"gold_gain":0,"player_choice":"Upgrade and Remove","damage_taken":0,"max_hp_gain":0,"max_hp_loss":0,"event_name":"Designer","floor":47,"gold_loss":90,"cards_upgraded":["Glacier"]}],"is_beta":false,"boss_relics":[{"not_picked":["infinitespire:Cupcake","Runic Pyramid"],"picked":"Inserter"},{"not_picked":["Replay:Wanted Poster","Pandora\u0027s Box"],"picked":"Replay:Ancient Bell"},{"not_picked":["infinitespire:PuzzleCube","Boot"],"picked":"Tiny Chest"},{"not_picked":["ReplayTheSpireMod:Shallot","infinitespire:Broken Mirror"],"picked":"Divine Protection"},{"not_picked":["Counterbalance","FossilizedHelix"],"picked":"Incense Burner"}],"items_purged_floors":[20],"is_endless":false,"potions_floor_spawned":[10,12,16,18,29,30,33,36,40,48],"ascension_level":10}}