{"host":"2lo6hma6kymb0g9i","time":1607667371,"event":{"mods":["BaseMod","Colored Map","DeckTracker","Minty Spire (QoL Compilation)"],"gold_per_floor":[18,33,0,11,11,39,39,50,50,82,157,186,111,127,127,224,224,239,164,164,64,84,84,152,27,75,108,121,199,199,227,227,327,327,345,139,139,139,139,174,74,74,74,74,88,115,115,168,168,168,168,168,47,72,72],"floor_reached":56,"playtime":6850,"items_purged":["Strike_G","Strike_G","Defend_G","Strike_G","Defend_G","Defend_G"],"score":1594,"play_id":"46f90689-9bb2-4e2a-a739-ddb87a4cdf45","local_time":"20201211151611","is_ascension_mode":true,"campfire_choices":[{"data":"Tools of the Trade","floor":7,"key":"SMITH"},{"floor":15,"key":"REST"},{"data":"Acrobatics","floor":23,"key":"SMITH"},{"data":"Acrobatics","floor":32,"key":"SMITH"},{"floor":42,"key":"RECALL"},{"data":"Prepared","floor":44,"key":"SMITH"},{"data":"Tactician","floor":49,"key":"SMITH"},{"data":"Neutralize","floor":52,"key":"SMITH"}],"circlet_count":0,"master_deck":["Defend_G","Survivor","Neutralize+1","Tools of the Trade+1","Tactician","Dagger Throw","Leg Sweep","Underhanded Strike","Poisoned Stab","Eviscerate","Prepared+1","Malaise","Acrobatics+1","Die Die Die","CurseOfTheBell","Tactician","Acrobatics+1","After Image","Backflip","Underhanded Strike","Backflip","Calculated Gamble+1","Tactician+1","Acrobatics","Backflip"],"relics":["Ring of the Serpent","Happy Flower","Nunchaku","Singing Bowl","StrikeDummy","Calling Bell","Tiny Chest","HornCleat","Ice Cream","Paper Crane","Smiling Mask","Shuriken","Matryoshka","Juzu Bracelet","Bird Faced Urn","Akabeko","Kunai","Ginger","Girya","PreservedInsect","Boot","Torii","Toy Ornithopter"],"acts_visited":["Exordium","TheCity","TheBeyond","TheEnding"],"potions_floor_usage":[8,10,33],"damage_taken":[{"damage":2,"enemies":"Small Slimes","floor":1,"turns":4},{"damage":2,"enemies":"Jaw Worm","floor":2,"turns":6},{"damage":0,"enemies":"Cultist","floor":4,"turns":3},{"damage":15,"enemies":"Gremlin Nob","floor":6,"turns":5},{"damage":3,"enemies":"Exordium Thugs","floor":8,"turns":6},{"damage":25,"enemies":"Lagavulin","floor":10,"turns":7},{"damage":12,"enemies":"3 Sentries","floor":12,"turns":6},{"damage":2,"enemies":"2 Fungi Beasts","floor":14,"turns":3},{"damage":0,"enemies":"Slime Boss","floor":16,"turns":8},{"damage":2,"enemies":"Shell Parasite","floor":18,"turns":4},{"damage":5,"enemies":"Chosen","floor":22,"turns":5},{"damage":1,"enemies":"Book of Stabbing","floor":27,"turns":5},{"damage":0,"enemies":"Centurion and Healer","floor":28,"turns":4},{"damage":0,"enemies":"Gremlin Leader","floor":31,"turns":4},{"damage":36,"enemies":"Champ","floor":33,"turns":10},{"damage":0,"enemies":"3 Shapes","floor":35,"turns":5},{"damage":12,"enemies":"Giant Head","floor":40,"turns":5},{"damage":0,"enemies":"3 Darklings","floor":45,"turns":3},{"damage":6,"enemies":"Reptomancer","floor":46,"turns":4},{"damage":8,"enemies":"2 Orb Walkers","floor":48,"turns":3},{"damage":1,"enemies":"Awakened One","floor":50,"turns":6},{"damage":0,"enemies":"Shield and Spear","floor":54,"turns":3},{"damage":29,"enemies":"The Heart","floor":55,"turns":7}],"seed_played":"2063294714011419322","potions_obtained":[{"floor":2,"key":"Block Potion"},{"floor":8,"key":"Regen Potion"},{"floor":10,"key":"Block Potion"},{"floor":12,"key":"GhostInAJar"},{"floor":14,"key":"GamblersBrew"},{"floor":33,"key":"SpeedPotion"}],"is_trial":false,"path_per_floor":["M","M","$","M","?","E","R","M","T","E","?","E","$","M","R","B",null,"M","?","?","$","M","R","T","$","T","E","M","T","T","E","R","B",null,"M","$","?","T","?","E","$","R","T","R","M","E","?","?","R","B",null,"R","$","E","B",null],"character_chosen":"THE_SILENT","items_purchased":["Leg Sweep","Akabeko","Backflip","Acrobatics","Backflip"],"campfire_rested":1,"item_purchase_floors":[3,36,41,53,53],"current_hp_per_floor":[68,66,66,66,66,51,51,48,48,38,27,15,15,13,34,34,61,61,61,61,61,56,56,56,56,56,57,57,57,57,59,59,25,63,67,67,67,67,67,61,61,61,61,61,65,65,65,61,61,64,73,73,73,78,52],"gold":72,"neow_bonus":"THREE_RARE_CARDS","is_daily":false,"chose_seed":false,"campfire_upgraded":6,"win_rate":0.0,"timestamp":1607667371,"path_taken":["M","M","$","M","?","E","R","M","T","E","?","E","?","?","R","BOSS","M","?","?","$","?","R","?","$","T","E","M","?","?","E","R","BOSS","M","$","?","?","?","E","$","R","T","R","M","E","?","?","R","BOSS","R","$","E","BOSS"],"items_purchased_type":["Card","Relic","Card","Card","Card"],"build_version":"2020-11-30","purchased_purges":6,"victory":true,"max_hp_per_floor":[70,70,70,70,70,70,70,70,70,70,70,70,70,70,70,70,70,72,72,72,72,72,72,72,72,72,74,74,74,74,76,76,76,76,76,76,72,72,72,74,74,74,74,74,74,76,76,76,76,76,76,76,76,78,78],"card_choices":[{"not_picked":["Malaise","Envenom"],"picked":"Tools of the Trade","floor":0},{"not_picked":["Cloak And Dagger","Sucker Punch"],"picked":"Tactician","floor":1},{"not_picked":["Dagger Spray","Deadly Poison"],"picked":"Dagger Throw","floor":2},{"not_picked":["Poisoned Stab","Dagger Throw"],"picked":"Underhanded Strike","floor":4},{"not_picked":["Wraith Form v2","Crippling Poison"],"picked":"Poisoned Stab","floor":6},{"not_picked":["Poisoned Stab","Dagger Spray"],"picked":"Eviscerate","floor":8},{"not_picked":["Endless Agony","Concentrate"],"picked":"Prepared","floor":10},{"not_picked":["Crippling Poison","Accuracy"],"picked":"Malaise","floor":12},{"not_picked":["Distraction","Dagger Throw"],"picked":"Acrobatics","floor":14},{"not_picked":["Burst","Storm of Steel"],"picked":"Die Die Die","floor":16},{"not_picked":["Quick Slash","Poisoned Stab+1","Deadly Poison"],"picked":"Singing Bowl","floor":18},{"not_picked":["Noxious Fumes+1","Flechettes+1"],"picked":"Tactician","floor":22},{"not_picked":["Cloak And Dagger","Caltrops","Underhanded Strike+1"],"picked":"Singing Bowl","floor":27},{"not_picked":["Calculated Gamble","Endless Agony"],"picked":"Acrobatics","floor":28},{"not_picked":["Slice+1","Outmaneuver","Dagger Throw"],"picked":"Singing Bowl","floor":31},{"not_picked":["Malaise","Storm of Steel"],"picked":"After Image","floor":33},{"not_picked":["Slice+1","Underhanded Strike+1"],"picked":"Backflip","floor":35},{"not_picked":["Heel Hook","Underhanded Strike+1","Footwork"],"picked":"Singing Bowl","floor":40},{"not_picked":["Flying Knee+1","Backstab+1"],"picked":"Calculated Gamble","floor":45},{"not_picked":["Grand Finale","Flying Knee+1","Distraction+1"],"picked":"Singing Bowl","floor":46},{"not_picked":["Distraction","All Out Attack+1"],"picked":"Tactician","floor":48},{"not_picked":["Skewer","Flying Knee","Outmaneuver+1"],"picked":"Singing Bowl","floor":54}],"player_experience":744871,"relics_obtained":[{"floor":6,"key":"Happy Flower"},{"floor":9,"key":"Nunchaku"},{"floor":10,"key":"Singing Bowl"},{"floor":12,"key":"StrikeDummy"},{"floor":17,"key":"Tiny Chest"},{"floor":17,"key":"HornCleat"},{"floor":17,"key":"Ice Cream"},{"floor":24,"key":"Paper Crane"},{"floor":26,"key":"Smiling Mask"},{"floor":27,"key":"Shuriken"},{"floor":29,"key":"Matryoshka"},{"floor":30,"key":"Juzu Bracelet"},{"floor":31,"key":"Bird Faced Urn"},{"floor":38,"key":"Kunai"},{"floor":38,"key":"Ginger"},{"floor":40,"key":"Girya"},{"floor":43,"key":"PreservedInsect"},{"floor":46,"key":"Boot"},{"floor":48,"key":"Torii"},{"floor":54,"key":"Toy Ornithopter"}],"event_choices":[{"cards_removed":["Strike_G"],"damage_healed":0,"gold_gain":0,"player_choice":"Forget","damage_taken":0,"max_hp_gain":0,"max_hp_loss":0,"event_name":"Living Wall","floor":5,"gold_loss":0},{"damage_healed":0,"gold_gain":75,"player_choice":"Gather Gold","damage_taken":11,"max_hp_gain":0,"max_hp_loss":0,"event_name":"World of Goop","floor":11,"gold_loss":0},{"cards_removed":["Strike_G"],"damage_healed":0,"gold_gain":0,"player_choice":"Gave Gold","damage_taken":0,"max_hp_gain":0,"max_hp_loss":0,"event_name":"Beggar","floor":19,"gold_loss":75},{"damage_healed":0,"gold_gain":0,"player_choice":"Got Potions","damage_taken":0,"max_hp_gain":0,"max_hp_loss":0,"event_name":"Lab","floor":20,"gold_loss":0},{"damage_healed":0,"gold_gain":0,"player_choice":"Max HP","damage_taken":0,"max_hp_gain":0,"max_hp_loss":4,"event_name":"Winding Halls","floor":37,"gold_loss":0},{"damage_healed":0,"gold_gain":0,"cards_transformed":["Defend_G"],"player_choice":"Transformed","damage_taken":0,"max_hp_gain":0,"max_hp_loss":0,"event_name":"Transmorgrifier","floor":39,"gold_loss":0,"cards_obtained":["Underhanded Strike"]},{"damage_healed":0,"gold_gain":0,"player_choice":"Forge","damage_taken":0,"max_hp_gain":0,"max_hp_loss":0,"event_name":"Accursed Blacksmith","floor":47,"gold_loss":0,"cards_upgraded":["Calculated Gamble"]},{"damage_healed":0,"gold_gain":0,"player_choice":"Fight","damage_taken":0,"max_hp_gain":0,"max_hp_loss":0,"event_name":"Mysterious Sphere","floor":48,"gold_loss":0}],"is_beta":false,"boss_relics":[{"not_picked":["Velvet Choker","Ectoplasm"],"picked":"Calling Bell"},{"not_picked":["Cursed Key","Philosopher\u0027s Stone"],"picked":"Ring of the Serpent"}],"items_purged_floors":[13,21,25,36,41,53],"is_endless":false,"potions_floor_spawned":[2,8,10,12,14,27,28,33,46,54],"ascension_level":5}}