{"host":"2psfthmeyefnuu1p","time":1607689174,"event":{"mods":["Aspiration","BaseMod","Challenge The Spire","Conspire","Downfall","GungeonMod","Hermit","Minty Spire (QoL Compilation)","Quick Restart","Replay The Spire","RumiaBox-露米娅的神秘盒子","Spicy Shops","StSLib","The Bladedancer","The Cursed","The Gatherer","The Jungle","The Runesmith","Uncapped","[IsaacMod]以撒尖塔","vexMod","【功能Mod】混沌之环修复补丁","篝火指南"],"gold_per_floor":[119,83,83,100,175,204,204,229,229,229,269,269,4,40,40,261,261,373,423,523,186,186,291,359,409,409,158,34,34,34,119,6,176,176,222,271,195,310,310,310,392,392,392,392,546,546,599,599,599,709],"floor_reached":51,"playtime":4456,"items_purged":["Shame","Feed","Pride"],"score":781,"play_id":"3dff4cba-134b-46ed-a3a8-9a8a1ff1d60f","local_time":"20201211201934","is_ascension_mode":true,"campfire_choices":[{"floor":15,"key":"RECALL"},{"floor":30,"key":"REST"}],"circlet_count":0,"master_deck":["BettingIsNotGood","ReplayTheSpireMod:Uncanny Aura+1","Metallicize+1","Dropkick","Iron Wave","Intimidate+1","Wild Strike","Iron Wave","Barricade","Reaper","CurseOfTheBell","Iron Wave+1","ReplayTheSpireMod:Muscle Training","Inflame","ReplayTheSpireMod:Uncanny Aura","Armaments","Shame","Seeing Red+1","Run Through","Replay:SS_hec_1","Fire Breathing","Fire Breathing","Berserk","Barricade","conspire:HitWhereItHurts","Demonic Infusion","Immolate","Double Tap","Brutality","ReplayTheSpireMod:Muscle Training","Disarm","Demon Form","Sword Boomerang+1","Pommel Strike+1","Entrench+1","Twin Strike","Twin Strike","expansioncontent:YouAreMine","conspire:ExplosiveBarrier","DemoMod:Invincible","Thunderclap","Apotheosis","expansioncontent:GoopSpray","expansioncontent:Flail","Heavy Blade+1","expansioncontent:AwakenDeath","Seeing Red+1","Metallicize","ReplayTheSpireMod:Limb From Limb+1","Doubt"],"relics":["Burning Blood","HushsDoor","SteamSale","Anchor","conspire:Boomerang","Another Sword","Replay:Bandana","conspire:Dentures","Calling Bell","Smiling Mask","MagicDraw3","StoneCalendar","DemoMod:PinkGuonStone","Bottled Tornado","DollysMirror","theJungle:PaperFaux","DemoMod:BlueGuonStone","DemoMod:AgedBell","Blood Vial","ZombieArmy","Replay:Bottled Flurry","theJungle:SpiritDisease","SumBook","DemoMod:MeatBun","vexMod:TanglingVine","Membership Card","Pear","Mango","vexMod:InvisibilityCloak","BookOfRevelations","GodSword5","Bag of Preparation","ReplayTheSpireMod:Ninjato","Regal Pillow","vexMod:PaidLearning","GodSword7","ReplayTheSpireMod:Spearhead","aspiration:Lifesprig","conspire:BottledYoYo","vexMod:MemoryStick","ReplayTheSpireMod:ShopPack","Centennial Puzzle","Paper Frog","Nunchaku","Habit","Bottled Flame","Replay:Rubber Ducky","Spirit Poop","Runesmith:AutoHammer","DemoMod:OrangeGuonStone","Chemical X","Toy Ornithopter","SharpPlug","TheBattery","DemoMod:GlassGuonStoneRelic","Replay:Baseball","DemoMod:WhiteGuonStone","Replay:Accelerometer","Letter Opener","Vajra","Shuriken","DemoMod:PoisonVial","ReplayTheSpireMod:Shallot","conspire:TreasureMap","vexMod:Spyglass"],"acts_visited":["Exordium","Exordium","TheBeyond"],"potions_floor_usage":[16,16,33,33,33],"damage_taken":[{"damage":0,"enemies":"Small Slimes","floor":1,"turns":1},{"damage":0,"enemies":"Cultist","floor":4,"turns":3},{"damage":27,"enemies":"Gremlin Nob","floor":6,"turns":4},{"damage":15,"enemies":"3 Sentries","floor":8,"turns":12},{"damage":16,"enemies":"Lagavulin","floor":11,"turns":7},{"damage":0,"enemies":"2 Louse","floor":14,"turns":2},{"damage":15,"enemies":"Fading Forest","floor":16,"turns":11},{"damage":5,"enemies":"Shell Parasite","floor":18,"turns":6},{"damage":5,"enemies":"theJungle:MUSHROOMGANG","floor":20,"turns":5},{"damage":79,"enemies":"theJungle:MamaSnecko","floor":23,"turns":7},{"damage":4,"enemies":"theJungle:2_Snecko_Cultists","floor":24,"turns":3},{"damage":3,"enemies":"Snake Plant","floor":25,"turns":3},{"damage":1,"enemies":"theJungle:Cassacara","floor":31,"turns":6},{"damage":20,"enemies":"theJungle:TotemBoss","floor":33,"turns":8},{"damage":8,"enemies":"3 Shapes","floor":35,"turns":3},{"damage":5,"enemies":"Orb Walker","floor":36,"turns":5},{"damage":13,"enemies":"Hiden Room Battle","floor":38,"turns":4},{"damage":23,"enemies":"Spire Growth","floor":41,"turns":3},{"damage":0,"enemies":"R_Hoarder","floor":45,"turns":5},{"damage":0,"enemies":"Writhing Mass","floor":47,"turns":6},{"damage":0,"enemies":"Replay:Hell Engine","floor":50,"turns":8}],"seed_played":"1311392586510813280","potions_obtained":[{"floor":4,"key":"LiquidBronze"},{"floor":11,"key":"PowerPotion"},{"floor":16,"key":"EssenceOfSteel"},{"floor":18,"key":"ColorlessPotion"},{"floor":20,"key":"Guardian:BlockOnCardUsePotion"},{"floor":31,"key":"Strength Potion"}],"is_trial":false,"path_per_floor":["M","$","?","M","?","E","?","E","T","R","E","?","R","M","R","B",null,"M","?","M","$","?","E","M","M","T","$","R","?","R","E","R","B",null,"M","M","$","?","$","R","M","R","T","R","E","R","M","?","R","B",null],"character_chosen":"IRONCLAD","items_purchased":["Metallicize","Replay:Bandana","Barricade","conspire:Dentures","DemoMod:PinkGuonStone","Inflame","Bottled Tornado","DollysMirror","Armaments","Blood Vial","Replay:SS_hec_1","ZombieArmy","Fire Breathing","Replay:Bottled Flurry","DemoMod:MeatBun","Disarm","Membership Card","Pear","Mango","vexMod:InvisibilityCloak","BookOfRevelations","Energy Potion","PowerPotion","DemoMod:LeadSkinPotion","ReplayTheSpireMod:Ninjato","Regal Pillow","vexMod:PaidLearning","GodSword7","ReplayTheSpireMod:Spearhead","Twin Strike","expansioncontent:YouAreMine","conspire:ExplosiveBarrier","aspiration:Lifesprig","conspire:BottledYoYo","vexMod:MemoryStick","ReplayTheSpireMod:ShopPack","Centennial Puzzle","DemoMod:Invincible","Thunderclap","Paper Frog","Nunchaku","Habit","Bottled Flame","DemoMod:WeirdEgg","expansioncontent:AwakenDeath","Ancient Potion","Runesmith:AutoHammer","DemoMod:OrangeGuonStone","Chemical X","Toy Ornithopter","SharpPlug","TheBattery","Cursed Concoction","DemoMod:WhiteGuonStone","Replay:Accelerometer","Letter Opener","Metallicize","Vajra","Shuriken","DemoMod:PoisonVial","ReplayTheSpireMod:Shallot","conspire:TreasureMap","vexMod:Spyglass"],"campfire_rested":1,"item_purchase_floors":[2,13,13,13,21,21,21,21,21,27,27,27,27,28,32,32,37,37,37,37,37,37,37,37,39,39,39,39,39,39,39,39,40,40,40,40,40,40,40,42,42,42,42,42,42,42,44,44,44,44,44,44,44,46,46,46,46,49,49,49,49,49,49],"current_hp_per_floor":[80,80,80,80,69,48,48,44,44,44,34,42,42,48,48,49,80,80,69,80,87,87,14,16,26,26,26,26,26,52,59,73,61,87,85,87,111,104,104,104,90,90,90,90,99,99,111,111,111,111],"gold":709,"neow_bonus":"RANDOM_COLORLESS","is_daily":false,"chose_seed":false,"campfire_upgraded":0,"win_rate":0.0,"timestamp":1607689174,"path_taken":["M","$","?","?","?","E","?","E","T","R","E","?","R","?","R","BOSS","M","?","M","$","?","E","M","M","T","?","R","?","R","E","R","BOSS","M","M","$","?","$","R","M","R","T","R","E","R","M","?","R","BOSS"],"items_purchased_type":["Card","Relic","Card","Relic","Relic","Card","Relic","Relic","Card","Relic","Card","Relic","Card","Relic","Relic","Card","Relic","Relic","Relic","Relic","Relic","Potion","Potion","Undefined","Relic","Relic","Relic","Relic","Relic","Card","Card","Card","Relic","Relic","Relic","Relic","Relic","Card","Card","Relic","Relic","Relic","Relic","Relic","Card","Potion","Relic","Relic","Relic","Relic","Relic","Relic","Potion","Relic","Relic","Relic","Card","Relic","Relic","Relic","Relic","Relic","Relic"],"build_version":"2020-11-30","purchased_purges":3,"victory":true,"max_hp_per_floor":[80,80,80,80,80,80,80,80,80,80,80,80,80,80,80,80,80,80,80,80,87,87,87,87,87,87,87,87,87,87,87,87,87,87,87,87,111,111,111,111,111,111,111,111,111,111,111,111,111,111],"card_choices":[{"not_picked":[],"picked":"BettingIsNotGood","floor":0},{"not_picked":["Discovery","Replay:SS_fish_3"],"picked":"ReplayTheSpireMod:Uncanny Aura","floor":0},{"not_picked":["Entrench","Shrug It Off"],"picked":"Run Through","floor":1},{"not_picked":["ReplayTheSpireMod:LeadingStrike","Iron Wave"],"picked":"Dropkick","floor":4},{"not_picked":["Replay:Undeath\u0027s Touch","Headbutt"],"picked":"Iron Wave","floor":6},{"not_picked":["Body Slam","Clash"],"picked":"Wild Strike","floor":8},{"not_picked":["Heavy Blade","Abandon"],"picked":"Iron Wave","floor":11},{"not_picked":["Warcry","Fire Breathing"],"picked":"Bomb","floor":14},{"not_picked":["Replay:Many Hands","Brutality"],"picked":"Reaper","floor":16},{"not_picked":["Clothesline","Abandon"],"picked":"Iron Wave+1","floor":18},{"not_picked":["conspire:HitWhereItHurts","Flex"],"picked":"ReplayTheSpireMod:Muscle Training","floor":20},{"not_picked":["ReplayTheSpireMod:Corrosion Curse","Headbutt"],"picked":"Seeing Red+1","floor":23},{"not_picked":["Warcry","Defy Death+1"],"picked":"Run Through","floor":24},{"not_picked":["Heavy Blade","Clash","Power Through"],"picked":"SKIP","floor":25},{"not_picked":["Corruption","Wild Strike"],"picked":"ReplayTheSpireMod:Muscle Training","floor":31},{"not_picked":["Impervious","conspire:Purge"],"picked":"Demon Form","floor":33},{"not_picked":["Battle Trance+1","Cleave"],"picked":"Sword Boomerang+1","floor":35},{"not_picked":["Replay:Undeath\u0027s Touch+1","Eclipse"],"picked":"Pommel Strike+1","floor":36},{"not_picked":["Run Through","Body Slam+1"],"picked":"Entrench+1","floor":38},{"not_picked":["Metamorphosis","expansioncontent:StudyTheSpire"],"picked":"Apotheosis","floor":40},{"not_picked":["Secret Technique","Flash of Steel"],"picked":"expansioncontent:GoopSpray","floor":40},{"not_picked":["expansioncontent:DefensiveMode","expansioncontent:DarkVoid"],"picked":"expansioncontent:Flail","floor":40},{"not_picked":["Sword Boomerang+1","Shrug It Off"],"picked":"Heavy Blade+1","floor":41},{"not_picked":["True Grit+1","Fiend Fire"],"picked":"Seeing Red+1","floor":45},{"not_picked":["Rage","Headbutt"],"picked":"ReplayTheSpireMod:Limb From Limb+1","floor":47}],"player_experience":131923,"relics_obtained":[{"floor":6,"key":"Anchor"},{"floor":8,"key":"conspire:Boomerang"},{"floor":11,"key":"Another Sword"},{"floor":17,"key":"Smiling Mask"},{"floor":17,"key":"MagicDraw3"},{"floor":17,"key":"StoneCalendar"},{"floor":23,"key":"DemoMod:BlueGuonStone"},{"floor":26,"key":"DemoMod:AgedBell"},{"floor":31,"key":"SumBook"},{"floor":38,"key":"GodSword5"},{"floor":38,"key":"Bag of Preparation"},{"floor":43,"key":"Spirit Poop"},{"floor":45,"key":"Replay:Baseball"}],"event_choices":[{"damage_healed":0,"gold_gain":0,"player_choice":"Leave","damage_taken":0,"max_hp_gain":0,"max_hp_loss":0,"event_name":"The Cleric","floor":3,"gold_loss":0},{"damage_healed":0,"gold_gain":75,"player_choice":"Gather Gold","damage_taken":11,"max_hp_gain":0,"max_hp_loss":0,"event_name":"World of Goop","floor":5,"gold_loss":0},{"damage_healed":0,"gold_gain":0,"player_choice":"Fight","damage_taken":0,"max_hp_gain":0,"max_hp_loss":0,"event_name":"HidenRoomEvent","floor":38,"gold_loss":0},{"damage_healed":0,"gold_gain":0,"player_choice":"Heal","damage_taken":0,"max_hp_gain":0,"max_hp_loss":0,"event_name":"MindBloom","floor":48,"gold_loss":0,"cards_obtained":["Doubt"]}],"is_beta":false,"boss_relics":[{"not_picked":["aspiration:DefectSkillbook","conspire:SpecialSausage"],"picked":"Calling Bell"},{"not_picked":[]},{"not_picked":["aspiration:FutureDiary","vexMod:MysteryBossChallenge"],"picked":"vexMod:TanglingVine"},{"not_picked":[]}],"items_purged_floors":[21,40,49],"is_endless":false,"potions_floor_spawned":[4,11,16,18,20,31,41,47],"ascension_level":2}}