{"host":"axrdhsaugr8t8srp","time":1607693863,"event":{"mods":["BaseMod","Minty Spire (QoL Compilation)","StSLib"],"gold_per_floor":[112,112,132,132,57,82,82,114,139,15,45,59,73,84,84,160,160,173,192,43,43,43,69,168,32,59,71,88,88,88,108,108,108,108],"floor_reached":33,"playtime":1543,"items_purged":["Strike_G"],"score":552,"play_id":"396e42c5-f1a4-4a17-a544-31e9a99861cc","local_time":"20201212003743","is_ascension_mode":true,"campfire_choices":[{"data":"Endless Agony","floor":7.0,"key":"SMITH"},{"floor":15.0,"key":"REST"},{"floor":30,"key":"REST"},{"data":"Footwork","floor":32,"key":"SMITH"}],"circlet_count":0,"master_deck":["AscendersBane","Defend_G","Defend_G","Defend_G","Defend_G","Defend_G","Survivor","Neutralize","Quick Slash+1","Endless Agony+1","PiercingWail","After Image","Noxious Fumes","Crippling Poison","Dagger Spray","Leg Sweep","Die Die Die","Bite","Bite","Bite","Bite","Bite","Adrenaline","Footwork+1","Backflip+1"],"relics":["Ring of the Snake","NeowsBlessing","Akabeko","Pen Nib","Whetstone","Matryoshka","Black Star","TwistedFunnel","Boot","Dream Catcher","Toy Ornithopter","Centennial Puzzle","MutagenicStrength"],"acts_visited":["TheCity"],"potions_floor_usage":[23,23,33,33],"damage_taken":[{"damage":0.0,"enemies":"Cultist","floor":1.0,"turns":1.0},{"damage":0.0,"enemies":"2 Louse","floor":3.0,"turns":1.0},{"damage":0.0,"enemies":"3 Sentries","floor":6.0,"turns":1.0},{"damage":41.0,"enemies":"Lagavulin","floor":8.0,"turns":7.0},{"damage":9.0,"enemies":"3 Sentries","floor":11.0,"turns":9.0},{"damage":0.0,"enemies":"Small Slimes","floor":12.0,"turns":3.0},{"damage":3.0,"enemies":"Blue Slaver","floor":13.0,"turns":3.0},{"damage":5.0,"enemies":"Red Slaver","floor":14.0,"turns":3.0},{"damage":8.0,"enemies":"Hexaghost","floor":16.0,"turns":11.0},{"damage":8,"enemies":"Spheric Guardian","floor":18,"turns":6},{"damage":16,"enemies":"Shell Parasite","floor":19,"turns":11},{"damage":38,"enemies":"Book of Stabbing","floor":23,"turns":7},{"damage":0,"enemies":"3 Cultists","floor":27,"turns":2},{"damage":0,"enemies":"Snecko","floor":28,"turns":5},{"damage":12,"enemies":"Snake Plant","floor":31,"turns":4},{"damage":53,"enemies":"Collector","floor":33,"turns":5}],"seed_played":"2280517074531108673","potions_obtained":[{"floor":2.0,"key":"LiquidBronze"},{"floor":2.0,"key":"Poison Potion"},{"floor":23,"key":"Poison Potion"}],"is_trial":false,"path_per_floor":["M","?","M","?","$","E","R","E","T","$","E","M","M","M","R","B",null,"M","M","$","?","?","E","?","$","T","M","M","?","R","M","R","B"],"character_chosen":"THE_SILENT","items_purchased":["Noxious Fumes","PowerPotion","TwistedFunnel","Footwork","CultistPotion"],"campfire_rested":2,"item_purchase_floors":[10,10,20,25,25],"current_hp_per_floor":[59,59,59,59,59,59,59,18,18,18,9,9,6,1,20,12,53,45,29,29,29,44,18,18,18,18,18,26,26,39,33,33,0,0],"gold":108,"neow_bonus":"THREE_ENEMY_KILL","is_daily":false,"chose_seed":false,"campfire_upgraded":2,"win_rate":0.0,"timestamp":1607693863,"path_taken":["M","?","?","?","$","E","R","E","T","?","E","M","M","M","R","BOSS","BOSS","M","M","$","?","?","E","?","?","T","M","?","?","R","M","R","BOSS"],"items_purchased_type":["Card","Potion","Relic","Card","Potion"],"build_version":"2020-11-30","purchased_purges":1,"victory":false,"max_hp_per_floor":[66,66,66,66,66,66,66,66,66,66,66,66,66,66,66,66,66,66,66,66,46,46,46,46,46,46,46,46,46,46,46,46,46,46],"card_choices":[{"not_picked":["Dagger Throw","Bane"],"picked":"Quick Slash","floor":1.0},{"not_picked":["Calculated Gamble","Dagger Throw"],"picked":"Endless Agony","floor":3.0},{"not_picked":["Dodge and Roll","Deadly Poison"],"picked":"PiercingWail","floor":6.0},{"not_picked":["Eviscerate","Leg Sweep"],"picked":"After Image","floor":8.0},{"not_picked":["Cloak And Dagger","Bane"],"picked":"Crippling Poison","floor":11.0},{"not_picked":["Cloak And Dagger","Concentrate"],"picked":"Dagger Spray","floor":12.0},{"not_picked":["Acrobatics","Dagger Throw","Calculated Gamble"],"picked":"SKIP","floor":13.0},{"not_picked":["Reflex","Flechettes"],"picked":"Leg Sweep","floor":14.0},{"not_picked":["Storm of Steel","A Thousand Cuts"],"picked":"Die Die Die","floor":16},{"not_picked":["Reflex","Deflect","Slice"],"picked":"SKIP","floor":18},{"not_picked":["Endless Agony","Deflect","Choke"],"picked":"SKIP","floor":19},{"not_picked":["Setup+1","Prepared"],"picked":"Adrenaline","floor":23},{"not_picked":["Sucker Punch","Acrobatics+1"],"picked":"Backflip+1","floor":27},{"not_picked":["Tactician+1","Deadly Poison","Eviscerate"],"picked":"SKIP","floor":28},{"not_picked":["Slice+1","Endless Agony","Blur"],"picked":"SKIP","floor":31}],"player_experience":787054,"relics_obtained":[{"floor":6.0,"key":"Akabeko"},{"floor":8.0,"key":"Pen Nib"},{"floor":9.0,"key":"Whetstone"},{"floor":11.0,"key":"Matryoshka"},{"floor":23,"key":"Boot"},{"floor":23,"key":"Dream Catcher"},{"floor":26,"key":"Toy Ornithopter"},{"floor":26,"key":"Centennial Puzzle"}],"event_choices":[{"damage_healed":0.0,"max_hp_gain":0.0,"max_hp_loss":0.0,"gold_gain":0.0,"event_name":"Lab","player_choice":"Got Potions","floor":2.0,"gold_loss":0.0,"damage_taken":0.0},{"damage_healed":0.0,"max_hp_gain":0.0,"max_hp_loss":0.0,"gold_gain":0.0,"event_name":"The Woman in Blue","player_choice":"Bought 0 Potions","floor":4.0,"gold_loss":0.0,"damage_taken":0.0},{"damage_healed":0,"gold_gain":0,"player_choice":"Became a vampire","damage_taken":0,"max_hp_gain":0,"max_hp_loss":20,"event_name":"Vampires","floor":21,"gold_loss":0,"cards_obtained":["Bite","Bite","Bite","Bite","Bite"]},{"damage_healed":15,"gold_gain":0,"player_choice":"Heal","damage_taken":0,"max_hp_gain":0,"max_hp_loss":0,"event_name":"The Library","floor":22,"gold_loss":0},{"damage_healed":0,"gold_gain":99,"player_choice":"Stole From Cult","damage_taken":0,"max_hp_gain":0,"max_hp_loss":0,"event_name":"Nest","floor":24,"gold_loss":0},{"damage_healed":0,"gold_gain":0,"player_choice":"Inject Mutagens","damage_taken":0,"relics_obtained":["MutagenicStrength"],"max_hp_gain":0,"max_hp_loss":0,"event_name":"Drug Dealer","floor":29,"gold_loss":0}],"is_beta":false,"boss_relics":[{"not_picked":["Ring of the Serpent","Snecko Eye"],"picked":"Black Star"}],"items_purged_floors":[5],"is_endless":false,"potions_floor_spawned":[3,6,12,23,31],"killed_by":"Collector","ascension_level":14}}