{"host":"mmyob72dycyg5z21","time":1607684828,"event":{"mods":["AchievementEnabler","Act Like it!","Aspiration","BaseMod","Better Note","Better Third Choice","Better Vampires","Colored Powertips","Custom Start","Gremlin Skip","Minty Spire (QoL Compilation)","Rare Cards Sparkle","Remilia（蕾米莉亚）","Spicy Shops","StSLib","SuperFastMode","The Animator","【遗物Mod】死灵法师NEW","篝火指南","老伊莉雅"],"gold_per_floor":[112,37,0,0,10,40,40,73,97,97,125,139,139,153,153,252,252,268,278,43,43,43,70,70,96,96,96,107,132,132,142,142,244,244,264,264,279,289,306,339,24,37,37,62,62,97,49,104,104,104],"floor_reached":51,"playtime":2108,"items_purged":["Strike_P","Defend_P"],"score":1198,"play_id":"98b78ac1-b6a4-4263-a5f9-706e426266d9","local_time":"20201211190708","is_ascension_mode":true,"campfire_choices":[{"data":"Tantrum","floor":15.0,"key":"SMITH"},{"floor":27,"key":"REST"},{"data":"Collect","floor":30,"key":"SMITH"},{"data":"Wallop","floor":32,"key":"SMITH"},{"data":"SignatureMove","floor":49,"key":"SMITH"}],"circlet_count":0,"master_deck":["Tantrum+1","Enlightenment","Apotheosis+1","JustLucky","Collect+1","Pray","Vault","Devotion","SpiritShield","Adaptation+1","Wallop+1","Brilliance","Vault","JustLucky+1","SandsOfTime+1","FlurryOfBlows","Scrawl","Summon_Undead","Summon_Undead","Summon_Undead","Summon_Undead","Summon_Undead","Summon_Undead","SignatureMove+1","Prostrate"],"relics":["PureWater","NeowsBlessing","Damaru","Juzu Bracelet","UndeadPower","Regal Pillow","SumUndead","Runic Pyramid","MealTicket","aspiration:AnachronicSnailShell","Mummified Hand","InkBottle","Black Star","Thread and Needle","PreservedInsect","OrangePellets","Letter Opener","Nunchaku","SumBook2","Mercury Hourglass","aspiration:ChemicalBlood","Turnip"],"acts_visited":["Exordium","TheCity","TheBeyond"],"potions_floor_usage":[31,44,46,50,50],"damage_taken":[{"damage":0.0,"enemies":"2 Louse","floor":1.0,"turns":2.0},{"damage":0.0,"enemies":"Small Slimes","floor":5.0,"turns":1.0},{"damage":0.0,"enemies":"Lagavulin","floor":6.0,"turns":1.0},{"damage":31.0,"enemies":"3 Sentries","floor":8.0,"turns":10.0},{"damage":4.0,"enemies":"Lagavulin","floor":11.0,"turns":5.0},{"damage":0.0,"enemies":"Jaw Worm","floor":12.0,"turns":2.0},{"damage":10.0,"enemies":"Exordium Thugs","floor":14.0,"turns":3.0},{"damage":6.0,"enemies":"Hexaghost","floor":16.0,"turns":6.0},{"damage":0.0,"enemies":"Spheric Guardian","floor":18.0,"turns":4.0},{"damage":17,"enemies":"2 Thieves","floor":19,"turns":4},{"damage":51,"enemies":"Gremlin Leader","floor":23,"turns":5},{"damage":20,"enemies":"Book of Stabbing","floor":25,"turns":4},{"damage":17,"enemies":"Snake Plant","floor":28,"turns":3},{"damage":3,"enemies":"Gremlin Leader","floor":29,"turns":3},{"damage":5,"enemies":"Cultist and Chosen","floor":31,"turns":3},{"damage":0,"enemies":"Champ","floor":33,"turns":5},{"damage":12,"enemies":"3 Darklings","floor":35,"turns":3},{"damage":0,"enemies":"3 Shapes","floor":37,"turns":4},{"damage":0,"enemies":"Spire Growth","floor":38,"turns":3},{"damage":0,"enemies":"Transient","floor":39,"turns":7},{"damage":0,"enemies":"Giant Head","floor":40,"turns":4},{"damage":0,"enemies":"Sphere and 2 Shapes","floor":42,"turns":4},{"damage":0,"enemies":"Nemesis","floor":44,"turns":2},{"damage":0,"enemies":"Reptomancer","floor":46,"turns":4},{"damage":30,"enemies":"2 Orb Walkers","floor":48,"turns":3},{"damage":26,"enemies":"Awakened One","floor":50,"turns":6}],"seed_played":"-3585188990853446425","potions_obtained":[{"floor":5.0,"key":"FearPotion"},{"floor":12.0,"key":"DistilledChaos"},{"floor":14.0,"key":"LiquidBronze"},{"floor":23,"key":"Fire Potion"},{"floor":25,"key":"PowerPotion"},{"floor":31,"key":"SmokeBomb"},{"floor":33,"key":"EssenceOfSteel"},{"floor":39,"key":"SkillPotion"},{"floor":44,"key":"Block Potion"},{"floor":50,"key":"Block Potion"}],"is_trial":false,"path_per_floor":["M","$","?","?","M","E","?","E","T","?","E","M","?","M","R","B",null,"M","M","$","?","?","E","$","E","T","R","M","E","R","M","R","B",null,"M","?","M","M","M","E","$","M","T","E","$","E","$","?","R","B",null],"character_chosen":"WATCHER","items_purchased":["SpiritShield","OrangePellets","FlurryOfBlows","Prostrate"],"campfire_rested":1,"item_purchase_floors":[20,41,41,47],"current_hp_per_floor":[72,72,78,78,78,78,66,35,35,28,24,24,29,19,19,13,83,83,66,66,66,66,15,30,10,10,49,32,35,35,30,30,54,83,71,71,83,83,83,83,83,83,83,83,83,83,83,53,53,50],"gold":104,"neow_bonus":"THREE_ENEMY_KILL","is_daily":false,"chose_seed":false,"campfire_upgraded":4,"win_rate":0.0,"timestamp":1607684828,"path_taken":["M","$","?","?","M","E","?","E","T","?","E","M","?","M","R","BOSS","M","M","$","?","?","E","$","E","T","R","M","E","R","M","R","BOSS","M","?","M","M","M","E","$","M","T","E","$","E","?","?","R","BOSS"],"items_purchased_type":["Card","Relic","Card","Card"],"build_version":"2020-11-30","purchased_purges":2,"victory":true,"max_hp_per_floor":[72,72,78,78,78,78,78,78,78,78,78,78,83,83,83,83,83,83,83,83,83,83,83,83,83,83,83,83,83,83,83,83,83,83,83,83,83,83,83,83,83,83,83,83,83,83,83,83,83,83],"card_choices":[{"not_picked":["FlurryOfBlows","Indignation"],"picked":"Tantrum","floor":1.0},{"not_picked":["EmptyBody","LikeWater"],"picked":"JustLucky","floor":5.0},{"not_picked":["EmptyBody","Protect"],"picked":"Collect","floor":6.0},{"not_picked":["ThirdEye","Meditate"],"picked":"Pray","floor":8.0},{"not_picked":["BattleHymn","FlyingSleeves","WreathOfFlame"],"picked":"SKIP","floor":11.0},{"not_picked":["Swivel","ClearTheMind"],"picked":"Vault","floor":12.0},{"not_picked":["Sanctity","MentalFortress","WreathOfFlame"],"picked":"SKIP","floor":14.0},{"not_picked":["MasterReality","Establishment"],"picked":"Devotion","floor":16.0},{"not_picked":["FlyingSleeves","PathToVictory+1","Wireheading"],"picked":"SKIP","floor":18.0},{"not_picked":["Halt","CrushJoints","Protect+1"],"picked":"SKIP","floor":19},{"not_picked":["EmptyFist","DeusExMachina"],"picked":"Adaptation+1","floor":23},{"not_picked":["Pray","SignatureMove"],"picked":"Wallop","floor":25},{"not_picked":["FlyingSleeves","CrushJoints","Evaluate"],"picked":"SKIP","floor":28},{"not_picked":["WreathOfFlame","EmptyFist"],"picked":"Brilliance","floor":29},{"not_picked":["ThirdEye","Perseverance","CrushJoints"],"picked":"SKIP","floor":31},{"not_picked":["LessonLearned","DeusExMachina"],"picked":"Vault","floor":33},{"not_picked":["Wireheading","Protect+1","BattleHymn+1"],"picked":"SKIP","floor":35},{"not_picked":["Perseverance","Tantrum"],"picked":"JustLucky+1","floor":37},{"not_picked":["SashWhip","FollowUp","CutThroughFate"],"picked":"SKIP","floor":38},{"not_picked":["SashWhip","PathToVictory","Consecrate"],"picked":"SKIP","floor":39},{"not_picked":["CutThroughFate","Nirvana"],"picked":"SandsOfTime+1","floor":40},{"not_picked":["CrushJoints+1","Protect"],"picked":"Scrawl","floor":42},{"not_picked":["CarveReality","SandsOfTime","Halt+1"],"picked":"SKIP","floor":44},{"not_picked":["Halt","Conclude+1"],"picked":"SignatureMove","floor":46}],"player_experience":401664,"relics_obtained":[{"floor":6.0,"key":"Damaru"},{"floor":8.0,"key":"UndeadPower"},{"floor":9.0,"key":"Regal Pillow"},{"floor":11.0,"key":"SumUndead"},{"floor":25,"key":"aspiration:AnachronicSnailShell"},{"floor":26,"key":"Mummified Hand"},{"floor":29,"key":"InkBottle"},{"floor":40,"key":"Thread and Needle"},{"floor":40,"key":"PreservedInsect"},{"floor":43,"key":"Letter Opener"},{"floor":44,"key":"Nunchaku"},{"floor":44,"key":"SumBook2"},{"floor":46,"key":"Mercury Hourglass"},{"floor":46,"key":"aspiration:ChemicalBlood"},{"floor":48,"key":"Turnip"}],"event_choices":[{"damage_healed":0.0,"max_hp_gain":0.0,"max_hp_loss":0.0,"gold_gain":0.0,"event_name":"betterThird:BetterSerpent","player_choice":"RENOUNCE","floor":3.0,"gold_loss":37.0,"damage_taken":37.0,"cards_obtained":["Enlightenment"]},{"damage_healed":78.0,"max_hp_gain":0.0,"max_hp_loss":78.0,"gold_gain":0.0,"event_name":"betterThird:BetterShining","player_choice":"Embrace","floor":4.0,"gold_loss":0.0,"damage_taken":0.0},{"damage_healed":0.0,"max_hp_gain":0.0,"max_hp_loss":0.0,"gold_gain":0.0,"event_name":"betterThird:BetterScrap","player_choice":"Relic ","floor":7.0,"gold_loss":0.0,"damage_taken":12.0,"cards_obtained":["Intimidate"]},{"cards_removed":["Strike_P"],"damage_healed":0.0,"max_hp_gain":0.0,"max_hp_loss":0.0,"gold_gain":0.0,"event_name":"Golden Wing","player_choice":"Card Removal","floor":10.0,"gold_loss":0.0,"damage_taken":7.0},{"damage_healed":0.0,"max_hp_gain":5.0,"max_hp_loss":0.0,"gold_gain":0.0,"event_name":"Big Fish","player_choice":"Donut","floor":13.0,"gold_loss":0.0,"damage_taken":0.0},{"cards_removed":["Apotheosis"],"damage_healed":0,"gold_gain":0,"player_choice":"Give","damage_taken":0,"max_hp_gain":0,"max_hp_loss":0,"event_name":"betterNote:BetterNote","floor":21,"gold_loss":0,"cards_obtained":["None"]},{"damage_healed":0,"gold_gain":0,"player_choice":"Opened","damage_taken":0,"relics_obtained":["MealTicket"],"max_hp_gain":0,"max_hp_loss":0,"event_name":"The Mausoleum","floor":22,"gold_loss":0},{"cards_removed":["Strike_P"],"damage_healed":0,"gold_gain":0,"player_choice":"Offered Basic","damage_taken":0,"max_hp_gain":0,"max_hp_loss":0,"event_name":"Bonfire Elementals","floor":36,"gold_loss":0},{"damage_healed":0,"gold_gain":0,"player_choice":"Fight","damage_taken":0,"max_hp_gain":0,"max_hp_loss":0,"event_name":"Mysterious Sphere","floor":48,"gold_loss":0}],"is_beta":false,"boss_relics":[{"not_picked":["Runic Dome","Ectoplasm"],"picked":"Runic Pyramid"},{"not_picked":["Calling Bell","aspiration:RitualDagger"],"picked":"Black Star"}],"items_purged_floors":[2,20],"is_endless":false,"potions_floor_spawned":[5,12,14,23,25,31,33,35,39,44],"ascension_level":4}}