{"host":"k6qwgpygxbgz06bg","time":1607712744,"event":{"mods":["BaseMod","Beaked The Cultist","Better Third Choice","BetterRewards","Colored Map","Friendly Minions","Marisa????????","Minty Spire (QoL Compilation)","Replay The Spire","StSLib","The Administrix","The Bug Knight","The Cursed","The Gatherer","The Mystic","The Witch"],"gold_per_floor":[20,37,37,37,50,50,62,92,117,117,67,67,67,93,93,195,195,185,205,75,75,97,114,140,140,140,140,140],"floor_reached":27,"playtime":1019,"items_purged":["Hallucinations"],"score":266,"play_id":"f25931e3-963c-4102-8d8b-5b70363551f9","local_time":"20201211195224","is_ascension_mode":false,"campfire_choices":[{"data":"Alpha","floor":6,"key":"SMITH"},{"floor":10,"key":"RECALL"},{"data":"Wireheading","floor":13,"key":"SMITH"},{"data":"Replay:Vibes","floor":15,"key":"SMITH"}],"circlet_count":0,"master_deck":["Strike_P","Strike_P","Strike_P","Defend_P+1","Defend_P","Defend_P","Defend_P+1","Eruption","Vigilance","Alpha+1","Replay:AtTheReady","BattleHymn","Wireheading+1","Consecrate","Replay:Vibes+1","Omniscience","SashWhip+1","Meditate+1","Nirvana","Nirvana","Shame","Alpha","ClearTheMind","SpiritShield"],"relics":["PureWater","Anchor","Strawberry","War Paint","ReplayTheSpireMod:Ring of Collecting","Ring of Searing","Molten Egg 2","Painkiller Herb","Replay:Bandana","Blood Vial","ReplayTheSpireMod:Ring of Addiction","Potion Belt","White Beast Statue","White Beast Statue"],"acts_visited":["Exordium","TheCity"],"potions_floor_usage":[24,24,27,27,27],"damage_taken":[{"damage":2,"enemies":"Cultist","floor":1,"turns":3},{"damage":0,"enemies":"Small Slimes","floor":2,"turns":2},{"damage":0,"enemies":"2 Louse","floor":5,"turns":2},{"damage":0,"enemies":"Large Slime","floor":7,"turns":3},{"damage":9,"enemies":"3 Sentries","floor":8,"turns":4},{"damage":16,"enemies":"Replay:BlueRogue","floor":14,"turns":5},{"damage":32,"enemies":"Slime Boss","floor":16,"turns":5},{"damage":23,"enemies":"2 Thieves","floor":18,"turns":5},{"damage":4,"enemies":"Spheric Guardian","floor":19,"turns":5},{"damage":8,"enemies":"Snake Plant","floor":22,"turns":4},{"damage":10,"enemies":"Sentry and Sphere","floor":23,"turns":3},{"damage":4,"enemies":"Book of Stabbing","floor":24,"turns":3},{"damage":19,"enemies":"Cultist and Chosen","floor":27,"turns":4}],"seed_played":"-7606495594829253053","potions_obtained":[{"floor":1,"key":"LiquidMemories"},{"floor":5,"key":"GamblersBrew"},{"floor":7,"key":"Reflective Coating"},{"floor":14,"key":"PowerPotion"},{"floor":26,"key":"Milkshake"},{"floor":26,"key":"SkillPotion"},{"floor":26,"key":"GamblersBrew"}],"is_trial":false,"path_per_floor":["M","M","$","?","M","R","M","E","T","R","?","?","R","E","R","B",null,"?","?","T","?","?","?","E","?","T","?"],"character_chosen":"WATCHER","items_purchased":["Nirvana"],"campfire_rested":0,"item_purchase_floors":[20],"current_hp_per_floor":[70,70,70,70,70,70,70,68,68,68,68,68,68,52,52,20,79,56,52,52,52,44,34,30,14,14,0,0],"gold":140,"neow_bonus":"THREE_RARE_CARDS","is_daily":false,"chose_seed":false,"campfire_upgraded":3,"win_rate":0.0,"timestamp":1607712744,"path_taken":["M","?","?","?","?","R","M","E","T","R","?","?","R","E","R","BOSS","?","?","T","?","?","?","E","?","T","?"],"items_purchased_type":["Card"],"build_version":"2020-11-30","purchased_purges":1,"victory":false,"max_hp_per_floor":[72,72,72,72,72,72,72,79,79,79,79,79,79,79,79,79,79,79,79,79,79,79,79,79,79,79,79,79],"card_choices":[{"not_picked":["Vault","Wish"],"picked":"Alpha","floor":0},{"not_picked":["ThirdEye","JustLucky"],"picked":"Replay:AtTheReady","floor":1},{"not_picked":["CutThroughFate","SashWhip"],"picked":"Weave","floor":2},{"not_picked":["BowlingBash","Indignation"],"picked":"BattleHymn","floor":5},{"not_picked":["Crescendo","EmptyBody"],"picked":"Wireheading","floor":7},{"not_picked":["Halt","CarveReality"],"picked":"Consecrate","floor":8},{"not_picked":["ReachHeaven+1","Halt"],"picked":"Replay:Vibes","floor":14},{"not_picked":["SpiritShield","Judgement"],"picked":"Omniscience","floor":16},{"not_picked":["PathToVictory+1","CutThroughFate+1"],"picked":"SashWhip+1","floor":18},{"not_picked":["Consecrate+1","CarveReality+1"],"picked":"Meditate+1","floor":19},{"not_picked":["Replay:BluntJabs+1","Replay:Anticipation"],"picked":"Alpha","floor":22},{"not_picked":["CrushJoints+1","Halt"],"picked":"ClearTheMind","floor":23},{"not_picked":["Conclude+1","EmptyFist+1"],"picked":"SpiritShield","floor":24}],"player_experience":147238,"relics_obtained":[{"floor":8,"key":"Strawberry"},{"floor":9,"key":"War Paint"},{"floor":12,"key":"ReplayTheSpireMod:Ring of Collecting"},{"floor":12,"key":"Ring of Searing"},{"floor":14,"key":"Molten Egg 2"},{"floor":24,"key":"Blood Vial"},{"floor":26,"key":"ReplayTheSpireMod:Ring of Addiction"},{"floor":26,"key":"Potion Belt"},{"floor":26,"key":"White Beast Statue"},{"floor":26,"key":"White Beast Statue"}],"event_choices":[{"cards_removed":["Weave"],"damage_healed":0,"gold_gain":0,"player_choice":"Gave Card","damage_taken":0,"relics_obtained":["Anchor"],"max_hp_gain":0,"max_hp_loss":0,"event_name":"WeMeetAgain","floor":4,"gold_loss":0},{"cards_removed":["Strike_P"],"damage_healed":0,"gold_gain":0,"player_choice":"Card Removal","damage_taken":0,"max_hp_gain":0,"max_hp_loss":0,"event_name":"The Cleric","floor":11,"gold_loss":50},{"damage_healed":0,"gold_gain":0,"player_choice":"Stole Relic","damage_taken":0,"relics_obtained":["Replay:Bandana"],"max_hp_gain":0,"max_hp_loss":0,"event_name":"Addict","floor":21,"gold_loss":0,"cards_obtained":["Shame"]},{"damage_healed":0,"gold_gain":0,"player_choice":"Obtained Book","damage_taken":16,"max_hp_gain":0,"max_hp_loss":0,"event_name":"Cursed Tome","floor":25,"gold_loss":0}],"is_beta":false,"boss_relics":[{"not_picked":["Replay:Wanted Poster","ReplayTheSpireMod:DimensionalGlitch"],"picked":"Painkiller Herb"}],"items_purged_floors":[20],"is_endless":false,"potions_floor_spawned":[1,5,7,14,22,23],"killed_by":"Cultist and Chosen","ascension_level":0}}