{"host":"q9718omregw4er46","time":1607698410,"event":{"mods":["BaseMod","Bestiary","Colored Powertips","Highlight Path","Minty Spire (QoL Compilation)","Quick Restart","Relic Stats"],"gold_per_floor":[20,38,57,57,75,75,110,110,110,140,158,172,86,103,103,103,103],"floor_reached":16,"playtime":552,"items_purged":[],"score":217,"play_id":"88852f4e-9865-4770-884b-c7806a2b2a9d","local_time":"20201211195330","is_ascension_mode":true,"campfire_choices":[{"data":"Conclude","floor":6,"key":"SMITH"},{"data":"FollowUp","floor":8,"key":"SMITH"},{"data":"LikeWater","floor":15,"key":"SMITH"}],"circlet_count":0,"master_deck":["AscendersBane","Strike_P","Strike_P","Strike_P","Defend_P","Defend_P","Defend_P","Eruption","Vigilance","ReachHeaven","LikeWater+1","FollowUp+1","Conclude+1","Wireheading","Adaptation"],"relics":["PureWater","Juzu Bracelet","StrikeDummy","Kunai"],"acts_visited":["Exordium"],"potions_floor_usage":[7,14],"damage_taken":[{"damage":0,"enemies":"Small Slimes","floor":1,"turns":3},{"damage":0,"enemies":"Jaw Worm","floor":2,"turns":3},{"damage":0,"enemies":"Cultist","floor":3,"turns":2},{"damage":14,"enemies":"Exordium Wildlife","floor":5,"turns":3},{"damage":16,"enemies":"Gremlin Nob","floor":7,"turns":3},{"damage":12,"enemies":"3 Sentries","floor":10,"turns":4},{"damage":8,"enemies":"Blue Slaver","floor":11,"turns":3},{"damage":0,"enemies":"Large Slime","floor":12,"turns":3},{"damage":6,"enemies":"Gremlin Gang","floor":14,"turns":4},{"damage":23,"enemies":"The Guardian","floor":16,"turns":3}],"seed_played":"-2908864499509659824","potions_obtained":[{"floor":1,"key":"Regen Potion"},{"floor":2,"key":"Dexterity Potion"},{"floor":10,"key":"FearPotion"},{"floor":14,"key":"LiquidBronze"}],"is_trial":false,"path_per_floor":["M","M","M","$","M","R","E","R","T","E","M","M","$","M","R","B"],"character_chosen":"WATCHER","items_purchased":["Adaptation"],"campfire_rested":0,"item_purchase_floors":[13],"current_hp_per_floor":[61,61,61,61,47,47,40,40,40,28,20,20,20,14,14,0,0],"gold":103,"neow_bonus":"TRANSFORM_TWO_CARDS","is_daily":false,"chose_seed":false,"campfire_upgraded":3,"win_rate":0.0,"timestamp":1607698410,"path_taken":["M","M","M","$","M","R","E","R","T","E","M","M","$","M","R","BOSS"],"items_purchased_type":["Card"],"build_version":"2020-11-30","purchased_purges":0,"victory":false,"max_hp_per_floor":[68,68,68,68,68,68,68,68,68,68,68,68,68,68,68,68,68],"relic_stats":{"counters":[10,31],"Juzu Bracelet":0,"Kunai":[3],"obtain_stats":[{"Juzu Bracelet":7,"Kunai":10,"PureWater":0,"StrikeDummy":9},{"Juzu Bracelet":5,"Kunai":6,"PureWater":0,"StrikeDummy":5},{"Juzu Bracelet":14,"Kunai":18,"PureWater":0,"StrikeDummy":14}]},"card_choices":[{"not_picked":["Pray","Protect","Swivel"],"picked":"SKIP","floor":1},{"not_picked":["PathToVictory","JustLucky"],"picked":"FollowUp","floor":2},{"not_picked":["Fasting2","Nirvana"],"picked":"Conclude","floor":3},{"not_picked":["WreathOfFlame","Prostrate","Protect"],"picked":"SKIP","floor":5},{"not_picked":["Sanctity","ThirdEye","Ragnarok"],"picked":"SKIP","floor":7},{"not_picked":["Perseverance","PathToVictory"],"picked":"Wireheading","floor":10},{"not_picked":["Perseverance","Evaluate","CutThroughFate"],"picked":"SKIP","floor":11},{"not_picked":["Prostrate","FollowUp","FlyingSleeves"],"picked":"SKIP","floor":12},{"not_picked":["BowlingBash","JustLucky","Protect"],"picked":"SKIP","floor":14}],"player_experience":986302,"relics_obtained":[{"floor":7,"key":"Juzu Bracelet"},{"floor":9,"key":"StrikeDummy"},{"floor":10,"key":"Kunai"}],"event_choices":[],"is_beta":false,"boss_relics":[],"items_purged_floors":[],"is_endless":false,"potions_floor_spawned":[1,2,10,14],"killed_by":"The Guardian","ascension_level":18}}