{"host":"d1za9dvx43o9v494","time":1607710497,"event":{"mods":["2.2 Compatiblity","BaseMod","Better-Laid Plans","Colored Map","Downfall","Emptier Cage","Minty Spire (QoL Compilation)","Permanent Neow","StSLib"],"gold_per_floor":[0,100,25,10,45,45,72,107,32,60,77,104,115,115,126,229,229,154,174,346,365,365,320,397,397,432,432,432,451,469,277,291,389,389,389,401,57,69,69,100,100,129,129,164,16,16,63,78,88,88,88,121,121,121,121],"floor_reached":56,"playtime":8357,"items_purged":["champ:CrookedStrike"],"score":1761,"play_id":"9da40b0e-b6fa-4fa5-be89-7d71a403af85","local_time":"20201211211457","is_ascension_mode":true,"campfire_choices":[{"floor":1,"key":"RECALL"},{"data":"champ:Backstep","floor":3,"key":"SMITH"},{"data":"champ:Shatter","floor":6,"key":"SMITH"},{"data":"champ:Taunt","floor":9,"key":"SMITH"},{"data":"champ:PerfectForm","floor":18,"key":"SMITH"},{"data":"champ:Encircle","floor":22,"key":"SMITH"},{"data":"champ:EnchantCrown","floor":27,"key":"SMITH"},{"data":"champ:SteelEdge","floor":35,"key":"SMITH"},{"floor":54,"key":"REST"}],"circlet_count":0,"master_deck":["champ:Execute+1","champ:Taunt+1","champ:EnchantCrown+1","champ:Backstep+1","champ:Shatter+1","champ:RecklessLeap+1","champ:Encircle+1","champ:Aggression+1","champ:PerfectForm+1","champ:FanOfKnives+1","champ:EnchantCrown+1","champ:Circumvent+1","champ:CheapShot+1","champ:EnragedBash+1","champ:FaceSlap+1","champ:RisingSlash+1","champ:GladiatorStyle+1","champ:BladeFlurry+1","champ:EndlessRage+1","champ:GutPunch+1","champ:SteelEdge+1","champ:ArenaPreparation+1","champ:ArenaPreparation+1","champ:RapidStrikes+1","champ:SwordSigil+1","champ:AdrenalArmor+1"],"relics":["champ:ChampionCrown","Happy Flower","Whetstone","Ginger","Bronze Scales","Pandora\u0027s Box","Lantern","Juzu Bracelet","Matryoshka","champ:BerserkersGuideToSlaughter","sneckomod:BlankCard","Membership Card","champ:ChampionCrownUpgraded","champ:GladiatorsBookOfMartialProwess","Bottled Lightning","DollysMirror","Bag of Preparation","Oddly Smooth Stone","Pear","Orichalcum","Vajra","Turnip","Unceasing Top","Medical Kit","Nunchaku"],"acts_visited":["Exordium","TheCity","TheBeyond","TheEnding"],"potions_floor_usage":[55,55],"damage_taken":[{"damage":15,"enemies":"downfall:FleeingMerchant","floor":4,"turns":4},{"damage":30,"enemies":"3 Sentries","floor":5,"turns":10},{"damage":25,"enemies":"Gremlin Nob","floor":8,"turns":3},{"damage":29,"enemies":"3 Sentries","floor":10,"turns":4},{"damage":23,"enemies":"Small Slimes","floor":11,"turns":2},{"damage":7,"enemies":"Jaw Worm","floor":13,"turns":1},{"damage":20,"enemies":"Cultist","floor":15,"turns":2},{"damage":59,"enemies":"downfall:Ironclad","floor":16,"turns":4},{"damage":36,"enemies":"Chosen","floor":19,"turns":4},{"damage":34,"enemies":"downfall:FleeingMerchant","floor":20,"turns":4},{"damage":48,"enemies":"Centurion and Healer","floor":21,"turns":3},{"damage":33,"enemies":"Book of Stabbing","floor":26,"turns":4},{"damage":20,"enemies":"Shelled Parasite and Fungi","floor":29,"turns":3},{"damage":50,"enemies":"Cultist and Chosen","floor":30,"turns":3},{"damage":16,"enemies":"Sentry and Sphere","floor":32,"turns":3},{"damage":61,"enemies":"downfall:Watcher","floor":33,"turns":5},{"damage":35,"enemies":"3 Darklings","floor":36,"turns":3},{"damage":9,"enemies":"Orb Walker","floor":38,"turns":1},{"damage":38,"enemies":"Nemesis","floor":40,"turns":3},{"damage":34,"enemies":"Reptomancer","floor":42,"turns":2},{"damage":45,"enemies":"Giant Head","floor":44,"turns":1},{"damage":26,"enemies":"2 Orb Walkers","floor":47,"turns":2},{"damage":35,"enemies":"Spire Growth","floor":48,"turns":2},{"damage":81,"enemies":"Sphere and 2 Shapes","floor":49,"turns":2},{"damage":63,"enemies":"downfall:Defect","floor":50,"turns":2},{"damage":96,"enemies":"downfall:CharBossMerchant","floor":52,"turns":4},{"damage":165,"enemies":"downfall:NeowBoss","floor":55,"turns":16}],"seed_played":"2871819234043426560","potions_obtained":[{"floor":11,"key":"SteroidPotion"},{"floor":13,"key":"Dexterity Potion"},{"floor":15,"key":"FearPotion"},{"floor":16,"key":"champ:CounterPotion"},{"floor":42,"key":"champ:UltimateStancePotion"}],"is_trial":false,"path_per_floor":["R","?","R","$","E","R","T","E","R","E","M","T","M","?","M","B",null,"R","M","$","M","R","$","T","?","E","R","?","M","M","$","M","B",null,"R","M","$","M","?","E","T","E","?","E","$","?","?","M","M","B",null,"E","$","R","B",null],"character_chosen":"THE_CHAMP","items_purchased":["Lantern","champ:BladeFlurry","Membership Card","champ:GladiatorsBookOfMartialProwess","Bottled Lightning","DollysMirror","Turnip"],"campfire_rested":1,"item_purchase_floors":[20,23,31,37,37,37,45],"current_hp_per_floor":[90,90,90,90,78,78,78,78,78,74,74,74,74,74,74,47,90,100,90,75,60,60,60,60,60,52,52,52,47,39,39,39,31,100,100,100,100,100,100,100,110,110,110,110,110,100,107,110,110,110,110,91,91,110,110],"gold":121,"neow_bonus":"TRANSFORM_TWO_CARDS","is_daily":false,"chose_seed":false,"campfire_upgraded":7,"win_rate":0.0,"timestamp":1607710497,"path_taken":["R","?","R","?","E","R","T","E","R","E","M","?","M","?","M","BOSS","R","M","$","?","R","?","T","?","E","R","?","M","M","$","M","BOSS","R","M","$","M","?","E","T","E","?","E","?","?","?","M","M","BOSS","E","$","R","BOSS"],"items_purchased_type":["Relic","Card","Relic","Relic","Relic","Relic","Relic"],"build_version":"2020-11-30","purchased_purges":1,"victory":true,"max_hp_per_floor":[90,90,90,90,90,90,90,90,90,90,90,90,90,90,90,90,90,100,100,100,100,100,100,100,100,100,100,100,100,100,100,100,100,100,100,100,100,100,100,100,110,110,110,110,110,110,110,110,110,110,110,110,110,110,110],"card_choices":[{"not_picked":["champ:PerfectedStrike","champ:SkillfulDodge"],"picked":"champ:Shatter","floor":4},{"not_picked":["champ:AdrenalArmor","champ:FalseCounter"],"picked":"champ:RecklessLeap","floor":5},{"not_picked":["champ:SkillfulDodge","champ:EnGarde","champ:TornadoPunch"],"picked":"SKIP","floor":8},{"not_picked":["champ:CalledShot","champ:Backstep"],"picked":"champ:Encircle","floor":10},{"not_picked":["champ:Encircle","champ:Backstep"],"picked":"champ:FalseCounter","floor":11},{"not_picked":["champ:PerfectedStrike","champ:ShieldSigil"],"picked":"champ:Aggression","floor":13},{"not_picked":["champ:FlashCut","champ:BladeFlurry"],"picked":"champ:FanOfKnives","floor":15},{"not_picked":["champ:Devastate","champ:EnchantShield"],"picked":"champ:EnchantCrown","floor":16},{"not_picked":["champ:Encircle+1","champ:BerserkersShout+1"],"picked":"champ:FaceSlap+1","floor":19},{"not_picked":["champ:PreciseThrust","champ:CrownThrow"],"picked":"champ:RisingSlash+1","floor":20},{"not_picked":["champ:RageSigil","champ:ViciousMockery"],"picked":"champ:GladiatorStyle","floor":21},{"not_picked":["champ:SteelEdge","champ:Lariat+1"],"picked":"champ:EndlessRage","floor":26},{"not_picked":["champ:EndlessRage","champ:AdrenalArmor"],"picked":"champ:GutPunch","floor":29},{"not_picked":["champ:Encircle","champ:AdrenalArmor","champ:GladiatorStyle+1"],"picked":"SKIP","floor":30},{"not_picked":["champ:DefensiveShout","champ:Haymaker+1","champ:FlashCut+1"],"picked":"SKIP","floor":32},{"not_picked":["champ:CheapShot","champ:ShieldSlam"],"picked":"champ:SteelEdge","floor":33},{"not_picked":["champ:CrookedStrike+1","champ:AdrenalArmor+1"],"picked":"champ:ArenaPreparation","floor":36},{"not_picked":["champ:SwordSigil+1","champ:DefensiveShout+1","champ:DancingMaster"],"picked":"SKIP","floor":38},{"not_picked":["champ:ShieldSigil+1","champ:IronFortress","champ:FocusedDefense+1"],"picked":"SKIP","floor":40},{"not_picked":["champ:BringItOn","champ:Riposte"],"picked":"champ:RapidStrikes","floor":42},{"not_picked":["champ:BladeFlurry","champ:EnGarde","champ:FightOn"],"picked":"SKIP","floor":44},{"not_picked":["champ:ShieldSigil","champ:RageSigil"],"picked":"champ:SwordSigil+1","floor":47},{"not_picked":["champ:CrookedStrike","champ:BerserkersShout","champ:Aggression"],"picked":"SKIP","floor":48},{"not_picked":["champ:Encircle+1","champ:RageSigil+1"],"picked":"champ:AdrenalArmor+1","floor":49},{"not_picked":["champ:EnchantCrown","champ:Backstep+1","champ:RisingSlash+1"],"picked":"SKIP","floor":52}],"player_experience":561552,"relics_obtained":[{"floor":5,"key":"Happy Flower"},{"floor":7,"key":"Whetstone"},{"floor":8,"key":"Ginger"},{"floor":10,"key":"Bronze Scales"},{"floor":24,"key":"Matryoshka"},{"floor":26,"key":"sneckomod:BlankCard"},{"floor":40,"key":"Bag of Preparation"},{"floor":41,"key":"Oddly Smooth Stone"},{"floor":41,"key":"Pear"},{"floor":42,"key":"Orichalcum"},{"floor":44,"key":"Vajra"},{"floor":47,"key":"Unceasing Top"},{"floor":52,"key":"Medical Kit"},{"floor":52,"key":"Nunchaku"}],"event_choices":[{"damage_healed":0,"gold_gain":0,"cards_transformed":["champ:Strike"],"player_choice":"Transformed","damage_taken":0,"max_hp_gain":0,"max_hp_loss":0,"event_name":"Transmorgrifier","floor":14,"gold_loss":0,"cards_obtained":["champ:PerfectForm"]},{"cards_removed":["champ:EnchantCrown"],"damage_healed":0,"gold_gain":0,"player_choice":"Elegance","damage_taken":0,"max_hp_gain":0,"max_hp_loss":0,"event_name":"Back to Basics","floor":28,"gold_loss":0},{"damage_healed":0,"gold_gain":0,"player_choice":"Fight","damage_taken":0,"max_hp_gain":0,"max_hp_loss":0,"event_name":"Mysterious Sphere","floor":47,"gold_loss":0}],"is_beta":false,"boss_relics":[{"not_picked":["Tiny House","Velvet Choker"],"picked":"Pandora\u0027s Box"},{"not_picked":["sneckomod:SneckoTalon","Fusion Hammer"],"picked":"champ:ChampionCrownUpgraded"}],"items_purged_floors":[31],"is_endless":false,"potions_floor_spawned":[11,13,15,16,26,29,30,42,47],"ascension_level":1}}