{"host":"l2dnabsh5e0fsksb","time":1607688630,"event":{"mods":["2.2 Compatiblity","BaseMod","Downfall","Minty Spire (QoL Compilation)","Quick Restart","StSLib","TheBandit"],"gold_per_floor":[111,125,125,150,203,243,243,257,257,257,36,52,67,92,92,212,212,232,232,232,232,250,250,175,175,175,189,114,145,170,70,70,201,201,217,217,238,254,273,306,306,330,330,365,365,378,106,120,120,120,120,120,25,60,60,60],"floor_reached":55,"playtime":1761,"items_purged":["Parasite","Defend_P","Parasite"],"score":776,"play_id":"35b7d88f-f284-4fbb-ba05-11d9b02cbcde","local_time":"20201211224030","is_ascension_mode":false,"campfire_choices":[{"data":"Eruption","floor":7.0,"key":"SMITH"},{"data":"SignatureMove","floor":15.0,"key":"SMITH"},{"floor":23.0,"key":"RECALL"},{"data":"Devotion","floor":25.0,"key":"SMITH"},{"floor":32,"key":"REST"},{"floor":41,"key":"REST"},{"floor":45,"key":"REST"},{"floor":49,"key":"REST"},{"data":"Fasting2","floor":52,"key":"SMITH"}],"circlet_count":0,"master_deck":["Strike_P+1","Strike_P+1","Strike_P+1","Defend_P+1","Defend_P","Defend_P+1","Eruption+1","Vigilance","FlurryOfBlows+1","Prostrate+1","SignatureMove+1","Fasting2+1","EmptyFist","LessonLearned+1","FlurryOfBlows+1","Devotion+1","ClearTheMind+1","Prostrate","Adaptation+1","Halt+1","DevaForm+1","FlurryOfBlows+1","FearNoEvil+1","Ragnarok+1","EmptyFist+1","Injury","Evaluate+1","Protect+1","ThirdEye+1","Halt","DeceiveReality+1"],"relics":["PureWater","Toy Ornithopter","Golden Idol","Whetstone","Omamori","Matryoshka","Blood Vial","Cursed Key","MutagenicStrength","sneckomod:BabySnecko","Vajra","Centennial Puzzle","Pen Nib","Black Star","Orichalcum","PreservedInsect","Lantern","Nunchaku","Ornamental Fan","Guardian:PocketSentry","Ice Cream","Oddly Smooth Stone"],"acts_visited":["Exordium","TheCity","TheBeyond","TheEnding"],"potions_floor_usage":[33,35,37,40,40,44,50,55,55,55],"damage_taken":[{"damage":0.0,"enemies":"Small Slimes","floor":1.0,"turns":3.0},{"damage":0.0,"enemies":"2 Louse","floor":2.0,"turns":2.0},{"damage":0.0,"enemies":"Cultist","floor":4.0,"turns":2.0},{"damage":0.0,"enemies":"Lagavulin","floor":6.0,"turns":2.0},{"damage":10.0,"enemies":"Exordium Thugs","floor":8.0,"turns":2.0},{"damage":1.0,"enemies":"Looter","floor":12.0,"turns":4.0},{"damage":8.0,"enemies":"Blue Slaver","floor":13.0,"turns":3.0},{"damage":4.0,"enemies":"Exordium Thugs","floor":14.0,"turns":3.0},{"damage":42.0,"enemies":"Hexaghost","floor":16.0,"turns":8.0},{"damage":0.0,"enemies":"2 Thieves","floor":18.0,"turns":4.0},{"damage":2.0,"enemies":"Chosen","floor":22.0,"turns":4.0},{"damage":10,"enemies":"Centurion and Healer","floor":27,"turns":5},{"damage":23,"enemies":"Gremlin Leader","floor":29,"turns":3},{"damage":5,"enemies":"3 Cultists","floor":30,"turns":6},{"damage":1,"enemies":"Champ","floor":33,"turns":6},{"damage":0,"enemies":"Orb Walker","floor":35,"turns":3},{"damage":20,"enemies":"3 Darklings","floor":37,"turns":5},{"damage":6,"enemies":"Maw","floor":38,"turns":5},{"damage":0,"enemies":"Writhing Mass","floor":39,"turns":3},{"damage":20,"enemies":"Nemesis","floor":40,"turns":4},{"damage":14,"enemies":"Sphere and 2 Shapes","floor":42,"turns":9},{"damage":30,"enemies":"Reptomancer","floor":44,"turns":4},{"damage":7,"enemies":"Transient","floor":46,"turns":5},{"damage":22,"enemies":"4 Shapes","floor":48,"turns":5},{"damage":27,"enemies":"Awakened One","floor":50,"turns":6},{"damage":0,"enemies":"Shield and Spear","floor":54,"turns":3},{"damage":79,"enemies":"The Heart","floor":55,"turns":5}],"seed_played":"6803212054313458327","potions_obtained":[{"floor":2.0,"key":"FearPotion"},{"floor":6.0,"key":"sneckomod:MuddlingPotion"},{"floor":8.0,"key":"SpeedPotion"},{"floor":14.0,"key":"sneckomod:MuddlingPotion"},{"floor":18.0,"key":"SneckoOil"},{"floor":22.0,"key":"SkillPotion"},{"floor":30,"key":"Weak Potion"},{"floor":33,"key":"Fire Potion"},{"floor":36,"key":"CultistPotion"},{"floor":36,"key":"LiquidMemories"},{"floor":37,"key":"Strength Potion"},{"floor":40,"key":"DistilledChaos"},{"floor":46,"key":"BottledMiracle"},{"floor":48,"key":"sneckomod:MuddlingPotion"},{"floor":54,"key":"StancePotion"}],"is_trial":false,"path_per_floor":["M","M","?","M","?","E","R","M","T","?","$","M","M","M","R","B",null,"M","?","?","?","M","R","?","R","T","M","$","E","M","$","R","B",null,"M","?","M","M","M","E","R","M","T","E","R","M","$","M","R","B",null,"R","$","E","B"],"character_chosen":"WATCHER","items_purchased":["Blood Vial","LessonLearned","Guardian:PocketSentry","hexamod:EctoCoolerPotion","Halt"],"campfire_rested":4,"item_purchase_floors":[11,11,47,53,53],"current_hp_per_floor":[72,72,54,54,54,59,59,49,49,49,49,50,44,42,42,17,72,72,72,72,72,70,70,70,70,70,62,62,41,38,38,58,64,69,69,69,49,45,47,39,59,47,47,24,44,39,39,19,38,18,66,66,66,66,0,0],"gold":60,"neow_bonus":"RANDOM_COMMON_RELIC","is_daily":false,"chose_seed":false,"campfire_upgraded":4,"win_rate":0.0,"timestamp":1607688630,"path_taken":["M","M","?","M","?","E","R","M","T","?","$","M","M","M","R","BOSS","M","?","?","?","M","R","?","R","T","M","?","E","M","?","R","BOSS","M","?","M","M","M","E","R","?","T","E","R","M","$","M","R","BOSS","R","$","E","BOSS"],"items_purchased_type":["Relic","Card","Relic","Potion","Card"],"build_version":"2020-11-30","purchased_purges":3,"victory":false,"max_hp_per_floor":[72,72,72,72,72,72,72,72,72,72,72,72,72,72,72,72,72,72,72,72,72,72,72,72,72,72,72,69,69,69,69,69,69,69,69,69,69,69,69,69,69,69,69,69,69,69,66,66,66,66,66,66,66,66,66,66],"card_choices":[{"not_picked":["FollowUp","Perseverance"],"picked":"FlurryOfBlows","floor":1.0},{"not_picked":["Protect","Perseverance"],"picked":"Prostrate","floor":2.0},{"not_picked":["Sanctity","InnerPeace"],"picked":"SignatureMove","floor":4.0},{"not_picked":["Sanctity","SignatureMove"],"picked":"Fasting2","floor":6.0},{"not_picked":["ThirdEye","Sanctity"],"picked":"EmptyFist","floor":8.0},{"not_picked":["Vengeance","ForeignInfluence","DeceiveReality"],"picked":"SKIP","floor":12.0},{"not_picked":["BattleHymn","Perseverance","ForeignInfluence"],"picked":"SKIP","floor":13.0},{"not_picked":["Indignation","Prostrate"],"picked":"FlurryOfBlows","floor":14.0},{"not_picked":["MasterReality","SpiritShield"],"picked":"Devotion","floor":16.0},{"not_picked":["SashWhip","Meditate"],"picked":"ClearTheMind","floor":18.0},{"not_picked":["ThirdEye","Conclude"],"picked":"Prostrate","floor":22.0},{"not_picked":["Evaluate","WheelKick"],"picked":"Adaptation","floor":27},{"not_picked":["ClearTheMind","Adaptation","Alpha"],"picked":"SKIP","floor":29},{"not_picked":["PathToVictory","FlyingSleeves"],"picked":"Halt+1","floor":30},{"not_picked":["ConjureBlade","Devotion"],"picked":"DevaForm","floor":33},{"not_picked":["CrushJoints","FollowUp+1","WaveOfTheHand+1"],"picked":"SKIP","floor":35},{"not_picked":["FollowUp","Wallop"],"picked":"FlurryOfBlows+1","floor":37},{"not_picked":["Wallop+1","LikeWater+1"],"picked":"FearNoEvil+1","floor":38},{"not_picked":["FollowUp+1","Protect+1","ClearTheMind"],"picked":"SKIP","floor":39},{"not_picked":["ThirdEye+1","Crescendo"],"picked":"Ragnarok","floor":40},{"not_picked":["PathToVictory","FlyingSleeves+1"],"picked":"EmptyFist+1","floor":42},{"not_picked":["PathToVictory","Wallop"],"picked":"Evaluate+1","floor":44},{"not_picked":["BowlingBash","Establishment"],"picked":"Protect+1","floor":46},{"not_picked":["FollowUp","PathToVictory+1"],"picked":"ThirdEye+1","floor":48},{"not_picked":["Collect","Vengeance"],"picked":"DeceiveReality+1","floor":54}],"player_experience":1733507,"relics_obtained":[{"floor":6.0,"key":"Whetstone"},{"floor":9.0,"key":"Omamori"},{"floor":26.0,"key":"Vajra"},{"floor":26.0,"key":"Centennial Puzzle"},{"floor":29,"key":"Pen Nib"},{"floor":40,"key":"Orichalcum"},{"floor":40,"key":"PreservedInsect"},{"floor":43,"key":"Lantern"},{"floor":44,"key":"Nunchaku"},{"floor":44,"key":"Ornamental Fan"},{"floor":54,"key":"Ice Cream"},{"floor":54,"key":"Oddly Smooth Stone"}],"event_choices":[{"damage_healed":0.0,"max_hp_gain":0.0,"max_hp_loss":0.0,"gold_gain":0.0,"event_name":"Golden Idol","player_choice":"Take Damage","floor":3.0,"gold_loss":0.0,"damage_taken":18.0,"relics_obtained":["Golden Idol"]},{"damage_healed":0.0,"max_hp_gain":0.0,"max_hp_loss":0.0,"gold_gain":53.0,"event_name":"Golden Wing","player_choice":"Gained Gold","floor":5.0,"gold_loss":0.0,"damage_taken":0.0},{"damage_healed":0.0,"max_hp_gain":0.0,"max_hp_loss":0.0,"gold_gain":0.0,"event_name":"Big Fish","player_choice":"Box","floor":10.0,"gold_loss":0.0,"damage_taken":0.0,"relics_obtained":["Matryoshka"],"cards_obtained":["Regret"]},{"damage_healed":0.0,"max_hp_gain":0.0,"max_hp_loss":0.0,"gold_gain":0.0,"event_name":"Drug Dealer","player_choice":"Inject Mutagens","floor":19.0,"gold_loss":0.0,"damage_taken":0.0,"relics_obtained":["MutagenicStrength"]},{"damage_healed":0.0,"max_hp_gain":0.0,"max_hp_loss":0.0,"gold_gain":0.0,"event_name":"Ghosts","player_choice":"Ignored","floor":21.0,"gold_loss":0.0,"damage_taken":0.0},{"cards_removed":["Strike_P"],"damage_healed":0.0,"max_hp_gain":0.0,"max_hp_loss":0.0,"gold_gain":0.0,"event_name":"Beggar","player_choice":"Gave Gold","floor":24.0,"gold_loss":75.0,"damage_taken":0.0},{"damage_healed":0,"gold_gain":0,"player_choice":"Got Potions","damage_taken":0,"max_hp_gain":0,"max_hp_loss":0,"event_name":"Lab","floor":36,"gold_loss":0}],"is_beta":false,"boss_relics":[{"not_picked":["VioletLotus","Philosopher\u0027s Stone"],"picked":"Cursed Key"},{"not_picked":["Fusion Hammer","Busted Crown"],"picked":"Black Star"}],"items_purged_floors":[28,31,47],"is_endless":false,"potions_floor_spawned":[2,6,8,14,18,22,30,33,37,38,40,46,48,54],"killed_by":"The Heart","ascension_level":0}}