{"host":"1c52r9kaxdyo25eq","time":1607711528,"event":{"mods":["AchievementEnabler","BaseMod","Minty Spire (QoL Compilation)","Rare Cards Sparkle","SuperFastMode","everything is the same but u backflip on backflip"],"gold_per_floor":[362,26,43,93,111,111,137,137,161,10,10,31,45,61,61,61,61],"floor_reached":16,"playtime":375,"items_purged":["Strike_P"],"score":199,"play_id":"fe4bd756-7623-4c5a-930c-cb0441804ba1","local_time":"20201212033208","is_ascension_mode":true,"campfire_choices":[{"data":"Eruption","floor":6.0,"key":"SMITH"},{"floor":8.0,"key":"REST"},{"floor":15.0,"key":"REST"}],"circlet_count":0,"master_deck":["AscendersBane","Strike_P","Strike_P","Strike_P","Defend_P","Defend_P","Defend_P","Defend_P","Eruption+1","Vigilance","Indignation","Evaluate","Adaptation","InnerPeace"],"relics":["PureWater","Incense Burner","Regal Pillow","CeramicFish","Shuriken"],"acts_visited":["Exordium"],"potions_floor_usage":[],"damage_taken":[{"damage":4.0,"enemies":"Jaw Worm","floor":1.0,"turns":4.0},{"damage":3.0,"enemies":"Cultist","floor":3.0,"turns":4.0},{"damage":0.0,"enemies":"Small Slimes","floor":5.0,"turns":2.0},{"damage":35.0,"enemies":"Lagavulin","floor":7.0,"turns":5.0},{"damage":19.0,"enemies":"2 Fungi Beasts","floor":12.0,"turns":4.0},{"damage":13.0,"enemies":"Lots of Slimes","floor":13.0,"turns":6.0},{"damage":4.0,"enemies":"Gremlin Gang","floor":14.0,"turns":4.0},{"damage":30,"enemies":"Hexaghost","floor":16,"turns":8}],"seed_played":"8827619279214465040","potions_obtained":[{"floor":1.0,"key":"Regen Potion"},{"floor":5.0,"key":"Dexterity Potion"},{"floor":13.0,"key":"DistilledChaos"}],"is_trial":false,"path_per_floor":["M","$","M","?","M","R","E","R","T","$","?","M","M","M","R","B"],"character_chosen":"WATCHER","items_purchased":["Incense Burner","Adaptation"],"campfire_rested":2,"item_purchase_floors":[2,10],"current_hp_per_floor":[39,39,36,30,30,30,9,44,44,44,44,25,12,8,43,13,13],"gold":61,"neow_bonus":"TWO_FIFTY_GOLD","is_daily":false,"chose_seed":false,"campfire_upgraded":1,"win_rate":0.0,"timestamp":1607711528,"path_taken":["M","$","M","?","?","R","E","R","T","$","?","M","M","M","R","BOSS"],"items_purchased_type":["Relic","Card"],"build_version":"2020-11-30","purchased_purges":1,"victory":false,"max_hp_per_floor":[68,68,68,68,68,68,68,68,68,68,68,68,68,68,68,68,68],"card_choices":[{"not_picked":["Consecrate","TalkToTheHand"],"picked":"Indignation","floor":1.0},{"not_picked":["EmptyBody","CutThroughFate"],"picked":"Evaluate","floor":3.0},{"not_picked":["DeceiveReality","Halt","Protect"],"picked":"SKIP","floor":5.0},{"not_picked":["ThirdEye","Wish","PathToVictory"],"picked":"SKIP","floor":7.0},{"not_picked":["Consecrate","FlurryOfBlows"],"picked":"InnerPeace","floor":12.0},{"not_picked":["InnerPeace","Protect","Perseverance"],"picked":"SKIP","floor":13.0},{"not_picked":["Evaluate","EmptyFist","ThirdEye"],"picked":"SKIP","floor":14.0}],"player_experience":460701,"relics_obtained":[{"floor":7.0,"key":"Regal Pillow"},{"floor":9.0,"key":"CeramicFish"}],"event_choices":[{"damage_healed":0.0,"max_hp_gain":0.0,"max_hp_loss":0.0,"gold_gain":50.0,"event_name":"FaceTrader","player_choice":"Touch","floor":4.0,"gold_loss":0.0,"damage_taken":6.0},{"damage_healed":0.0,"max_hp_gain":0.0,"max_hp_loss":0.0,"gold_gain":0.0,"event_name":"Dead Adventurer","player_choice":"Searched \u00271\u0027 times","floor":11.0,"gold_loss":0.0,"damage_taken":0.0,"relics_obtained":["Shuriken"]}],"is_beta":false,"boss_relics":[],"items_purged_floors":[10],"is_endless":false,"potions_floor_spawned":[1,5,13],"killed_by":"Hexaghost","ascension_level":19}}