{"host":"1c52r9kaxdyo25eq","time":1607712372,"event":{"mods":["AchievementEnabler","BaseMod","Minty Spire (QoL Compilation)","Rare Cards Sparkle","SuperFastMode","everything is the same but u backflip on backflip"],"gold_per_floor":[213,227,227,227,250,250,290,323,347,347,363,2,2,18,18,114,114,129,44,69,134,170,182,182],"floor_reached":23,"playtime":558,"items_purged":["Defend_P"],"score":372,"play_id":"d62af49d-6c29-45f2-b09f-89563baaa893","local_time":"20201212034612","is_ascension_mode":true,"campfire_choices":[{"data":"Eruption","floor":6.0,"key":"SMITH"},{"data":"Prostrate","floor":15.0,"key":"SMITH"}],"circlet_count":0,"master_deck":["AscendersBane","Strike_P","Strike_P","Strike_P","Defend_P","Defend_P","Defend_P","Eruption+1","Vigilance","EmptyFist","Prostrate+1","Consecrate","Sanctity","Prostrate","Ragnarok"],"relics":["PureWater","Golden Idol","MealTicket","Odd Mushroom","Bottled Lightning","Meat on the Bone","VioletLotus","MawBank","CeramicFish"],"acts_visited":["Exordium","TheCity"],"potions_floor_usage":[23,23],"damage_taken":[{"damage":0.0,"enemies":"2 Louse","floor":1.0,"turns":3.0},{"damage":0.0,"enemies":"Small Slimes","floor":2.0,"turns":2.0},{"damage":0.0,"enemies":"Cultist","floor":5.0,"turns":2.0},{"damage":9.0,"enemies":"Lagavulin","floor":7.0,"turns":5.0},{"damage":4.0,"enemies":"The Mushroom Lair","floor":8.0,"turns":4.0},{"damage":0.0,"enemies":"Exordium Thugs","floor":11.0,"turns":4.0},{"damage":0.0,"enemies":"2 Fungi Beasts","floor":14.0,"turns":2.0},{"damage":45.0,"enemies":"Slime Boss","floor":16.0,"turns":10.0},{"damage":34.0,"enemies":"Spheric Guardian","floor":18.0,"turns":4.0},{"damage":14.0,"enemies":"Chosen","floor":20.0,"turns":7.0},{"damage":29.0,"enemies":"Centurion and Healer","floor":22.0,"turns":5.0},{"damage":19,"enemies":"Cultist and Chosen","floor":23,"turns":2}],"seed_played":"-649893582696310612","potions_obtained":[{"floor":2.0,"key":"Block Potion"},{"floor":5.0,"key":"AttackPotion"},{"floor":8.0,"key":"Fire Potion"},{"floor":16.0,"key":"StancePotion"},{"floor":20.0,"key":"Ancient Potion"}],"is_trial":false,"path_per_floor":["M","M","?","?","M","R","E","?","T","?","M","$","T","M","R","B",null,"M","?","M","T","M","M"],"character_chosen":"WATCHER","items_purchased":["Bottled Lightning"],"campfire_rested":0,"item_purchase_floors":[12],"current_hp_per_floor":[61,61,38,31,31,31,22,18,18,40,40,55,55,55,55,22,57,35,35,33,33,16,0,0],"gold":182,"neow_bonus":"HUNDRED_GOLD","is_daily":false,"chose_seed":false,"campfire_upgraded":2,"win_rate":0.0,"timestamp":1607712372,"path_taken":["M","M","?","?","M","R","E","?","T","?","M","?","?","M","R","BOSS","M","?","M","?","?","M"],"items_purchased_type":["Relic"],"build_version":"2020-11-30","purchased_purges":1,"victory":false,"max_hp_per_floor":[68,68,68,68,68,68,68,68,68,68,68,68,68,68,68,68,68,68,68,68,68,68,68,68],"card_choices":[{"not_picked":["JustLucky","FlyingSleeves","EmptyFist"],"picked":"SKIP","floor":1.0},{"not_picked":["JustLucky","FlyingSleeves"],"picked":"EmptyFist","floor":1.0},{"not_picked":["Consecrate","Crescendo"],"picked":"Prostrate","floor":2.0},{"not_picked":["Worship","EmptyBody"],"picked":"Consecrate","floor":5.0},{"not_picked":["Conclude","JustLucky"],"picked":"Sanctity","floor":7.0},{"not_picked":["FearNoEvil","SignatureMove"],"picked":"Prostrate","floor":11.0},{"not_picked":["EmptyBody","Protect","Evaluate"],"picked":"SKIP","floor":14.0},{"not_picked":["Judgement","DevaForm"],"picked":"Ragnarok","floor":16.0},{"not_picked":["CutThroughFate","Wireheading","Halt"],"picked":"SKIP","floor":18.0},{"not_picked":["WaveOfTheHand","Weave","PathToVictory"],"picked":"SKIP","floor":20.0},{"not_picked":["CrushJoints+1","Meditate","LikeWater+1"],"picked":"SKIP","floor":22.0}],"player_experience":461076,"relics_obtained":[{"floor":7.0,"key":"MealTicket"},{"floor":8.0,"key":"Odd Mushroom"},{"floor":13.0,"key":"Meat on the Bone"},{"floor":21.0,"key":"CeramicFish"}],"event_choices":[{"damage_healed":0.0,"max_hp_gain":0.0,"max_hp_loss":0.0,"gold_gain":0.0,"event_name":"Golden Idol","player_choice":"Take Damage","floor":3.0,"gold_loss":0.0,"damage_taken":23.0,"relics_obtained":["Golden Idol"]},{"cards_removed":["Strike_P"],"damage_healed":0.0,"max_hp_gain":0.0,"max_hp_loss":0.0,"gold_gain":0.0,"event_name":"Golden Wing","player_choice":"Card Removal","floor":4.0,"gold_loss":0.0,"damage_taken":7.0},{"damage_healed":0.0,"max_hp_gain":0.0,"max_hp_loss":0.0,"gold_gain":0.0,"event_name":"Mushrooms","player_choice":"Fought Mushrooms","floor":8.0,"gold_loss":0.0,"damage_taken":0.0},{"damage_healed":22.0,"max_hp_gain":0.0,"max_hp_loss":0.0,"gold_gain":0.0,"event_name":"Big Fish","player_choice":"Banana","floor":10.0,"gold_loss":0.0,"damage_taken":0.0},{"damage_healed":0.0,"max_hp_gain":0.0,"max_hp_loss":0.0,"gold_gain":0.0,"event_name":"Addict","player_choice":"Obtained Relic","floor":19.0,"gold_loss":85.0,"damage_taken":0.0,"relics_obtained":["MawBank"]}],"is_beta":false,"boss_relics":[{"not_picked":["Pandora\u0027s Box","Sozu"],"picked":"VioletLotus"}],"items_purged_floors":[12],"is_endless":false,"potions_floor_spawned":[2,5,8,16,20],"killed_by":"Cultist and Chosen","ascension_level":19}}