{"host":"84q76aodgcnul3jg","time":1607655535,"event":{"mods":["Act Like it!","Ascension Reborn","BaseMod","Colored Map","Colored Powertips","Downfall","Highlight Path","Marked Mod","Minty Spire (QoL Compilation)","Quick Restart","Rare Cards Sparkle","Reimu£¨²©ÀöÁéÃÎ£©","Remilia£¨ÀÙÃ×ÀòÑÇ£©","Replay The Spire","RumiaBox-Â¶Ã×æ«µÄÉñÃØºÐ×Ó","StSLib","The Hierophant"],"gold_per_floor":[19,37,37,37,37,37,56,72,119,119,119,139,153,166,166,270,270,286,385,385,58,70,70,81,71,96,96,106,106,106,125,125,192,192,205,222,222,151,151,151,1,1,1,13,110,37,47,58,58,58],"floor_reached":51,"playtime":3568,"items_purged":[],"score":691,"play_id":"2162bb17-d6f4-4c51-88b2-1f5f94df6e46","local_time":"20201211105855","is_ascension_mode":false,"campfire_choices":[{"data":"OctopathSalyBorderN:ReiMu","floor":6.0,"key":"SMITH"},{"data":"MikOfLucky:ReiMu","floor":15.0,"key":"SMITH"},{"data":"FoulBorder2:ReiMu","floor":23.0,"key":"SMITH"},{"floor":27.0,"key":"REST"},{"data":"Determination:ReiMu","floor":32.0,"key":"SMITH"},{"floor":40.0,"key":"REST"},{"data":"MountainWay:ReiMu","floor":42.0,"key":"SMITH"},{"data":"OctopathBindingBorder2:ReiMu","floor":49.0,"key":"SMITH"}],"circlet_count":0,"master_deck":["OctopathSalyBorderN:ReiMu+1","Conquer:ReiMu","SpreadBorder2:ReiMu","SpringWay:ReiMu","ManaGlint:ReiMu","WonderfulDomain:ReiMu+1","MikOfLucky:ReiMu+1","TakeOff:ReiMu","FoulBorder2:ReiMu+1","RunawayExorcism:ReiMu","SpreadBorder2:ReiMu","HakureiPhantom:ReiMu","OctopathSalyBorderN:ReiMu","Dreaming:ReiMu","KyokaiOfKami:ReiMu","Free:ReiMu","BlastKick2:ReiMu","CardOfSanctity:ReiMu","HakureiPhantom:ReiMu","OctopathSalyBorderN:ReiMu","OctopathBindingBorder2:ReiMu+1","SubAcupoint:ReiMu","BarrageOfMoneybags:ReiMu+1","RainPray2:ReiMu","InherentArray:ReiMu","Determination:ReiMu+1","PrayRite:ReiMu","Amulet:ReiMu+1","MountainWay:ReiMu+1","Amulet:ReiMu+1","KamiRite:ReiMu","Intuition:ReiMu","AirStrike:ReiMu+1","Gathering:ReiMu","TakeOff:ReiMu+1","Enchanting:ReiMu"],"relics":["FlyPower:ReiMu","ReplayTheSpireMod:Ring of Collecting","Ring of Hypnosis","Regal Pillow","SlaversCollar","ReplayTheSpireMod:Ring of Challenge","LastBattle","SumBook","Ring of Searing","Tiny Chest","Runic Pyramid","Mango","ReplayTheSpireMod:Ring of Exchange","Frozen Eye","Pear","Ring of Panic"],"acts_visited":["Exordium","TheCity","TheBeyond"],"potions_floor_usage":[50,50,50],"damage_taken":[{"damage":0.0,"enemies":"Cultist","floor":1.0,"turns":3.0},{"damage":0.0,"enemies":"2 Louse","floor":2.0,"turns":1.0},{"damage":0.0,"enemies":"Jaw Worm","floor":7.0,"turns":5.0},{"damage":7.0,"enemies":"Exordium Thugs","floor":8.0,"turns":3.0},{"damage":1.0,"enemies":"Blue Slaver","floor":12.0,"turns":5.0},{"damage":2.0,"enemies":"Large Slime","floor":13.0,"turns":4.0},{"damage":2.0,"enemies":"Red Slaver","floor":14.0,"turns":4.0},{"damage":13.0,"enemies":"Fading Forest","floor":16.0,"turns":11.0},{"damage":7.0,"enemies":"Shell Parasite","floor":18.0,"turns":9.0},{"damage":4.0,"enemies":"Chosen","floor":22.0,"turns":2.0},{"damage":20.0,"enemies":"Centurion and Healer","floor":24.0,"turns":5.0},{"damage":4.0,"enemies":"Cultist and Chosen","floor":25.0,"turns":3.0},{"damage":10.0,"enemies":"Chosen and Byrds","floor":28.0,"turns":3.0},{"damage":9.0,"enemies":"3 Cultists","floor":31.0,"turns":3.0},{"damage":29.0,"enemies":"Automaton","floor":33.0,"turns":8.0},{"damage":29.0,"enemies":"3 Shapes","floor":35.0,"turns":2.0},{"damage":9.0,"enemies":"3 Darklings","floor":36.0,"turns":4.0},{"damage":25.0,"enemies":"Maw","floor":44.0,"turns":7.0},{"damage":0.0,"enemies":"Sphere and 2 Shapes","floor":47.0,"turns":1.0},{"damage":0.0,"enemies":"3 Darklings","floor":48.0,"turns":3.0},{"damage":5,"enemies":"Time Eater","floor":50,"turns":9}],"seed_played":"-8984316351377010813","potions_obtained":[{"floor":8.0,"key":"LiquidMemories"},{"floor":12.0,"key":"Block Potion"},{"floor":16.0,"key":"MagicPotion:ReiMu"},{"floor":25.0,"key":"Strength Potion"},{"floor":28.0,"key":"SteroidPotion"},{"floor":31.0,"key":"Weak Potion"},{"floor":44.0,"key":"LiquidBronze"},{"floor":47.0,"key":"EssenceOfSteel"},{"floor":48.0,"key":"BottledKami:ReiMu"}],"is_trial":false,"path_per_floor":["M","M","?","$","?","R","M","M","T","?","?","M","M","M","R","B",null,"M","?","T","$","M","R","M","M","T","R","M","?","?","M","R","B",null,"M","M","?","$","T","R","$","R","T","M","?","$","M","M","R","B",null],"character_chosen":"REIMU","items_purchased":["SumBook","OctopathBindingBorder2:ReiMu","MountainWay:ReiMu","Frozen Eye","Gathering:ReiMu"],"campfire_rested":2,"item_purchase_floors":[21,21,38,41,46],"current_hp_per_floor":[65,65,65,65,65,65,65,58,58,58,58,57,55,53,53,56,65,58,58,58,58,54,54,34,30,30,64,54,54,54,45,45,16,65,36,27,27,27,41,79,79,79,89,64,64,64,64,64,64,59],"gold":58,"neow_bonus":"THREE_RARE_CARDS","is_daily":false,"chose_seed":false,"campfire_upgraded":6,"win_rate":0.0,"timestamp":1607655535,"path_taken":["M","?","?","$","?","R","?","M","T","?","?","M","M","M","R","BOSS","M","?","?","$","M","R","M","M","T","R","M","?","?","M","R","BOSS","M","M","?","$","?","R","$","R","T","?","?","?","M","M","R","BOSS"],"items_purchased_type":["Relic","Card","Card","Relic","Card"],"build_version":"2020-11-30","purchased_purges":0,"victory":true,"max_hp_per_floor":[65,65,65,65,65,65,65,65,65,65,65,65,65,65,65,65,65,65,65,65,65,65,65,65,65,65,65,65,65,65,65,65,65,65,65,65,65,65,79,79,79,79,89,89,89,89,89,89,89,89],"card_choices":[{"not_picked":["Shading:ReiMu","CleanRite:ReiMu"],"picked":"OctopathSalyBorderN:ReiMu","floor":0.0},{"not_picked":["SubAcupoint:ReiMu","AlertArray:ReiMu"],"picked":"Conquer:ReiMu","floor":1.0},{"not_picked":["PhosphorusFlame:ReiMu","PrepareRite:ReiMu"],"picked":"SpreadBorder2:ReiMu","floor":2.0},{"not_picked":["SubAcupoint:ReiMu","SubcavityInstant:ReiMu"],"picked":"SpringWay:ReiMu","floor":7.0},{"not_picked":["SafetyPray:ReiMu","ShadowOfCrow2:ReiMu"],"picked":"ManaGlint:ReiMu","floor":8.0},{"not_picked":["Amulet:ReiMu","Meditation:ReiMu"],"picked":"MikOfLucky:ReiMu","floor":12.0},{"not_picked":["EmergencyTakeOff:ReiMu","ShadowOfCrow2:ReiMu"],"picked":"TakeOff:ReiMu","floor":13.0},{"not_picked":["Conquer:ReiMu","AirStrike:ReiMu"],"picked":"FoulBorder2:ReiMu","floor":14.0},{"not_picked":["Shading:ReiMu","SubcavityFantasy:ReiMu"],"picked":"RunawayExorcism:ReiMu","floor":16.0},{"not_picked":["Crusade:ReiMu","SpringWay:ReiMu"],"picked":"SpreadBorder2:ReiMu","floor":18.0},{"not_picked":["KyokaiOfKami:ReiMu","Crusade:ReiMu"],"picked":"SubAcupoint:ReiMu","floor":22.0},{"not_picked":["UpKicking:ReiMu","UniversalSpiritual:ReiMu"],"picked":"BarrageOfMoneybags:ReiMu+1","floor":24.0},{"not_picked":["WonderfulDomain:ReiMu","FoulBorder2:ReiMu"],"picked":"RainPray2:ReiMu","floor":25.0},{"not_picked":["Intuition:ReiMu","CareerPray:ReiMu+1"],"picked":"InherentArray:ReiMu","floor":28.0},{"not_picked":["AlertArray:ReiMu+1","RainPray2:ReiMu"],"picked":"Determination:ReiMu","floor":31.0},{"not_picked":["Shading:ReiMu","CleanRite:ReiMu"],"picked":"PrayRite:ReiMu","floor":33.0},{"not_picked":["LovePray:ReiMu","TakeOff:ReiMu"],"picked":"Amulet:ReiMu+1","floor":35.0},{"not_picked":["AirStrike:ReiMu+1","Conquer:ReiMu","Crusade:ReiMu+1"],"picked":"SKIP","floor":36.0},{"not_picked":["OrbThrow:ReiMu","SpringWay:ReiMu+1"],"picked":"Amulet:ReiMu+1","floor":44.0},{"not_picked":["AlertArray:ReiMu+1","SpringWay:ReiMu+1"],"picked":"KamiRite:ReiMu","floor":45.0},{"not_picked":["Conquer:ReiMu+1","EmergencyTakeOff:ReiMu"],"picked":"Intuition:ReiMu","floor":45.0},{"not_picked":["CareerPray:ReiMu+1","SafetyPray:ReiMu"],"picked":"AirStrike:ReiMu+1","floor":45.0},{"not_picked":["InherentArray:ReiMu+1","SpringWay:ReiMu"],"picked":"TakeOff:ReiMu+1","floor":47.0},{"not_picked":["AlertArray:ReiMu","Amulet:ReiMu+1"],"picked":"Enchanting:ReiMu","floor":48.0}],"player_experience":413551,"relics_obtained":[{"floor":3.0,"key":"ReplayTheSpireMod:Ring of Collecting"},{"floor":9.0,"key":"Ring of Hypnosis"},{"floor":9.0,"key":"Regal Pillow"},{"floor":20.0,"key":"ReplayTheSpireMod:Ring of Challenge"},{"floor":20.0,"key":"LastBattle"},{"floor":26.0,"key":"Ring of Searing"},{"floor":26.0,"key":"Tiny Chest"},{"floor":39.0,"key":"Mango"},{"floor":39.0,"key":"ReplayTheSpireMod:Ring of Exchange"},{"floor":43.0,"key":"Pear"},{"floor":43.0,"key":"Ring of Panic"}],"event_choices":[{"cards_removed":["CommonCold"],"damage_healed":0.0,"max_hp_gain":0.0,"max_hp_loss":0.0,"gold_gain":0.0,"event_name":"Fountain of Cleansing","player_choice":"Removed Curses","floor":5.0,"gold_loss":0.0,"damage_taken":0.0},{"damage_healed":0.0,"max_hp_gain":0.0,"max_hp_loss":0.0,"gold_gain":0.0,"cards_transformed":["Strike_Lin:ReiMu"],"event_name":"Living Wall","player_choice":"Change","floor":10.0,"gold_loss":0.0,"damage_taken":0.0,"cards_obtained":["WonderfulDomain:ReiMu"]},{"damage_healed":0.0,"max_hp_gain":0.0,"max_hp_loss":0.0,"gold_gain":0.0,"event_name":"Upgrade Shrine","player_choice":"Upgraded","floor":11.0,"gold_loss":0.0,"damage_taken":0.0,"cards_upgraded":["WonderfulDomain:ReiMu"]},{"damage_healed":0.0,"max_hp_gain":0.0,"max_hp_loss":0.0,"gold_gain":99.0,"event_name":"Nest","player_choice":"Stole From Cult","floor":19.0,"gold_loss":0.0,"damage_taken":0.0},{"damage_healed":0.0,"max_hp_gain":0.0,"max_hp_loss":0.0,"gold_gain":0.0,"event_name":"Vampires","player_choice":"Ignored","floor":29.0,"gold_loss":0.0,"damage_taken":0.0},{"damage_healed":0.0,"max_hp_gain":0.0,"max_hp_loss":0.0,"gold_gain":0.0,"event_name":"Forgotten Altar","player_choice":"Smashed Altar","floor":30.0,"gold_loss":0.0,"damage_taken":0.0,"cards_obtained":["Decay"]},{"cards_removed":["Decay"],"damage_healed":0.0,"max_hp_gain":0.0,"max_hp_loss":0.0,"gold_gain":0.0,"event_name":"Wheel of Change","player_choice":"Card Removal","floor":37.0,"gold_loss":0.0,"damage_taken":0.0}],"is_beta":false,"boss_relics":[{"not_picked":["Cursed Key","Fusion Hammer"],"picked":"SlaversCollar"},{"not_picked":["Replay:Wanted Poster","Sozu"],"picked":"Runic Pyramid"}],"items_purged_floors":[],"is_endless":false,"potions_floor_spawned":[8,12,16,25,28,31,44,47,48],"ascension_level":0}}