{"host":"dojadh45vvs5q3bn","time":1607671026,"event":{"mods":["Abigail Mod","Act Like it!","BaseMod","Colored Powertips","Friendly Minions","Gensokyo","GungeonMod","Minty Spire (QoL Compilation)","Prisma Mod","StSLib","The Alterego","The Animator","The Senshi"],"gold_per_floor":[111,111,76,53,71,106,124,159,204,183,218,218,254,254,254,254,254],"floor_reached":16,"playtime":767,"items_purged":[],"score":166,"play_id":"23a16545-e0b1-4771-b270-e7db60ac8fe5","local_time":"20201211081706","is_ascension_mode":true,"campfire_choices":[{"floor":15,"key":"REST"}],"circlet_count":0,"master_deck":["DemoMod:Strike_Huntress","DemoMod:Strike_Huntress","DemoMod:Strike_Huntress","DemoMod:Defend_Huntress","DemoMod:Defend_Huntress","DemoMod:Defend_Huntress","DemoMod:Defend_Huntress","DemoMod:Roll","DemoMod:ManualReload","DemoMod:RustySidearm","DemoMod:CrossBow","DemoMod:TripleGun","DemoMod:MachoBrace","DemoMod:PotionOfGunFriendShip","DemoMod:DirectionalPad","DemoMod:Evolver","DemoMod:GunslingerForm","DemoMod:StickyCrossBow","DemoMod:FastSwitch"],"relics":["DemoMod:Dog","Golden Idol","InkBottle","Darkstone Periapt","Juzu Bracelet","Lantern","DemoMod:NanoMachines","PreservedInsect"],"acts_visited":["Exordium"],"potions_floor_usage":[8,8,11],"damage_taken":[{"damage":4,"enemies":"2 Louse","floor":1,"turns":4},{"damage":5,"enemies":"Jaw Worm","floor":5,"turns":4},{"damage":16,"enemies":"3 Sentries","floor":6,"turns":12},{"damage":0,"enemies":"Cultist","floor":7,"turns":2},{"damage":20,"enemies":"Lagavulin","floor":8,"turns":5},{"damage":19,"enemies":"Gremlin Nob","floor":11,"turns":6},{"damage":0,"enemies":"Lagavulin","floor":13,"turns":6},{"damage":42,"enemies":"Hexaghost","floor":16,"turns":12}],"seed_played":"4177231874685037000","potions_obtained":[{"floor":1,"key":"Strength Potion"},{"floor":5,"key":"Strength Potion"},{"floor":7,"key":"Weak Potion"},{"floor":13,"key":"SteroidPotion"}],"is_trial":false,"path_per_floor":["M","?","?","$","M","E","M","E","T","?","E","?","E","?","R","B"],"character_chosen":"HUNTRESS","items_purchased":["DemoMod:MachoBrace"],"campfire_rested":1,"item_purchase_floors":[4],"current_hp_per_floor":[73,54,73,73,68,52,52,32,32,32,13,13,13,13,36,0,0],"gold":254,"neow_bonus":"TEN_PERCENT_HP_BONUS","is_daily":false,"chose_seed":false,"campfire_upgraded":0,"win_rate":0.0,"timestamp":1607671026,"path_taken":["M","?","?","$","M","E","M","E","T","?","E","?","E","?","R","BOSS"],"items_purchased_type":["Card"],"build_version":"2020-11-30","purchased_purges":0,"victory":false,"max_hp_per_floor":[77,77,77,77,77,77,77,77,77,77,77,77,77,77,77,77,77],"card_choices":[{"not_picked":["DemoMod:MegaHand","DemoMod:Unmoved"],"picked":"DemoMod:TripleGun","floor":1},{"not_picked":["DemoMod:FastSwitch","DemoMod:Unmoved"],"picked":"DemoMod:PotionOfGunFriendShip","floor":5},{"not_picked":["DemoMod:Unmoved","DemoMod:HuntsMan"],"picked":"DemoMod:DirectionalPad","floor":6},{"not_picked":["DemoMod:Unity","DemoMod:Rummage"],"picked":"DemoMod:Evolver","floor":7},{"not_picked":["DemoMod:Ejector","DemoMod:AWP"],"picked":"DemoMod:GunslingerForm","floor":8},{"not_picked":["DemoMod:Unity","DemoMod:GunstockTap"],"picked":"DemoMod:StickyCrossBow","floor":11},{"not_picked":["DemoMod:GunstockTap","DemoMod:SkilledReload"],"picked":"DemoMod:FastSwitch","floor":13}],"player_experience":432437,"relics_obtained":[{"floor":6,"key":"InkBottle"},{"floor":8,"key":"Darkstone Periapt"},{"floor":9,"key":"Juzu Bracelet"},{"floor":11,"key":"Lantern"},{"floor":12,"key":"DemoMod:NanoMachines"},{"floor":13,"key":"PreservedInsect"}],"event_choices":[{"damage_healed":0,"gold_gain":0,"player_choice":"Take Damage","damage_taken":19,"relics_obtained":["Golden Idol"],"max_hp_gain":0,"max_hp_loss":0,"event_name":"Golden Idol","floor":2,"gold_loss":0},{"damage_healed":19,"gold_gain":0,"player_choice":"Healed","damage_taken":0,"max_hp_gain":0,"max_hp_loss":0,"event_name":"The Cleric","floor":3,"gold_loss":35},{"damage_healed":0,"gold_gain":0,"player_choice":"Left Gold","damage_taken":0,"max_hp_gain":0,"max_hp_loss":0,"event_name":"World of Goop","floor":10,"gold_loss":21},{"damage_healed":0,"gold_gain":0,"player_choice":"Relic","damage_taken":0,"max_hp_gain":0,"max_hp_loss":0,"event_name":"Wheel of Change","floor":12,"gold_loss":0},{"damage_healed":0,"gold_gain":0,"player_choice":"Searched \u00270\u0027 times","damage_taken":0,"max_hp_gain":0,"max_hp_loss":0,"event_name":"Dead Adventurer","floor":14,"gold_loss":0}],"is_beta":false,"boss_relics":[],"items_purged_floors":[],"is_endless":false,"potions_floor_spawned":[1,5,7,13],"killed_by":"Hexaghost","ascension_level":2}}