{"host":"g5ctwwsvxeihc2vr","time":1607651314,"event":{"mods":["Act Like it!","BaseMod","Better Third Choice","Block Reminder","CapriCore","Dio Mod","Downfall","Hallownest","Hermit","Jorbs\u0027s Wanderer Trilogy","Koishi","Luminous","Marisa????????","Minty Spire (QoL Compilation)","Reimu??????","Remilia??????","StSLib","The Alterego","The Animator","The Bug Knight","The Cursed","The Hierophant","The Immortal","The Jungle","The Runesmith","The Servant 0.9.4","The Wild Card","Waifu the Spire"],"gold_per_floor":[117,117,67,19,19,19,30,30,55,55,70,60,60,58,58,138,188,183,163,42,42,42,42,42,35,35,35,35,30,25,25,25,102,102,93,93,93,18,65,97,110,121,121,135,135,135,35,61,61,61,61,61,61,86,83,83],"floor_reached":55,"playtime":4624,"items_purged":["Poor:ReiMu","Writhe"],"score":896,"play_id":"153478c3-2ea5-456f-b657-5cb12d1ab623","local_time":"20201210204834","is_ascension_mode":false,"campfire_choices":[{"data":"MastersStateliness","floor":6,"key":"SMITH"},{"data":"ScarletCoffin","floor":8,"key":"SMITH"},{"floor":15,"key":"REST"},{"data":"AfternoonTea","floor":23,"key":"SMITH"},{"data":"1","floor":27,"key":"LIFT"},{"floor":32,"key":"REST"},{"floor":45,"key":"RECALL"},{"data":"2","floor":49,"key":"LIFT"},{"data":"3","floor":52,"key":"LIFT"}],"circlet_count":0,"master_deck":["Strike_RM+1","Strike_RM+1","Strike_RM+1","Defend_RM+1","Defend_RM+1","Defend_RM+1","Defend_RM+1","RedMoon+1","ScarletShoot+1","VampireKiss+1","MastersStateliness+1","ScarletCoffin+1","AfternoonTea+1","ScarletMeister+1","ForecastOfChange+1","StarOfDavid+1","MastersStateliness+1","MastersStateliness+1","MastersStateliness+1"],"relics":["ScarletHat","YidongShenshe:ReiMu","Eternal Feather","Boot","Bottled Tornado","Bag of Preparation","Tiny House","Potion Belt","MutagenicStrength","PreservedInsect","Ginger","Girya","Runesmith:Locket","Frozen Egg 2","Nunchaku","Whetstone","Enchiridion","Calipers","Velvet Choker","Bronze Scales","Thread and Needle","Mercury Hourglass","Mango","RedBat","Kunai"],"acts_visited":["Exordium","TheCity","TheBeyond","TheEnding"],"potions_floor_usage":[22,33,33,33,50,50],"damage_taken":[{"damage":0,"enemies":"2 Louse","floor":1,"turns":4},{"damage":60,"enemies":"Gremlin Nob","floor":7,"turns":7},{"damage":7,"enemies":"Jaw Worm","floor":11,"turns":3},{"damage":0,"enemies":"Small Slimes","floor":12,"turns":6},{"damage":0,"enemies":"Looter","floor":14,"turns":3},{"damage":21,"enemies":"The Guardian","floor":16,"turns":17},{"damage":0,"enemies":"Shell Parasite","floor":18,"turns":5},{"damage":13,"enemies":"Snake Plant","floor":22,"turns":6},{"damage":31,"enemies":"3 Cultists","floor":25,"turns":9},{"damage":19,"enemies":"Centurion and Healer","floor":29,"turns":10},{"damage":13,"enemies":"Snecko","floor":30,"turns":5},{"damage":38,"enemies":"StardustCrusaders","floor":33,"turns":8},{"damage":6,"enemies":"Orb Walker","floor":35,"turns":7},{"damage":0,"enemies":"Mind Bloom Boss Battle","floor":39,"turns":13},{"damage":7,"enemies":"Reptomancer","floor":40,"turns":6},{"damage":0,"enemies":"3 Shapes","floor":41,"turns":5},{"damage":0,"enemies":"Transient","floor":42,"turns":5},{"damage":0,"enemies":"Jaw Worm Horde","floor":44,"turns":5},{"damage":0,"enemies":"HollowMod:StalkingDevout","floor":48,"turns":4},{"damage":0,"enemies":"Jotaro","floor":50,"turns":6},{"damage":2,"enemies":"Shield and Spear","floor":54,"turns":4},{"damage":161,"enemies":"The Heart","floor":55,"turns":11}],"seed_played":"5290516288851104128","potions_obtained":[{"floor":16,"key":"GamblersBrew"},{"floor":17,"key":"LazyBrew"},{"floor":18,"key":"Explosive Potion"},{"floor":18,"key":"BlessingOfTheForge"},{"floor":19,"key":"GamblersBrew"},{"floor":22,"key":"GrandPatriotsElixir:ReiMu"},{"floor":25,"key":"EssenceOfSteel"},{"floor":25,"key":"Dexterity Potion"},{"floor":29,"key":"CultistPotion"},{"floor":33,"key":"BlessingOfTheForge"},{"floor":33,"key":"FairyPotion"},{"floor":35,"key":"PowerPotion"},{"floor":39,"key":"Strength Potion"},{"floor":39,"key":"FearPotion"}],"is_trial":false,"path_per_floor":["M","?","$","?","?","R","E","R","T","?","M","M","$","M","R","B",null,"M","?","$","?","M","R","$","M","T","R","$","M","M","?","R","B",null,"M","?","?","$","?","E","M","M","T","M","R","?","$","E","R","B",null,"R","$","E","B"],"character_chosen":"REMILIA","items_purchased":["MastersStateliness","ForecastOfChange","StarOfDavid"],"campfire_rested":2,"item_purchase_floors":[3,20,20],"current_hp_per_floor":[82,82,82,82,82,82,26,32,32,16,11,14,14,17,50,50,87,87,87,87,87,77,86,86,63,63,72,72,66,68,52,87,70,87,85,85,85,85,87,101,101,101,101,101,101,101,101,101,101,101,101,101,101,101,0,0],"gold":83,"neow_bonus":"TEN_PERCENT_HP_BONUS","is_daily":false,"chose_seed":false,"campfire_upgraded":3,"win_rate":0.0,"timestamp":1607651314,"path_taken":["M","?","$","?","?","R","E","R","T","?","M","M","?","?","R","BOSS","M","?","?","?","M","R","$","?","T","R","$","M","?","?","R","BOSS","M","?","?","?","?","E","?","M","T","M","R","?","?","E","R","BOSS","R","$","E","BOSS"],"items_purchased_type":["Card","Card","Card"],"build_version":"2020-11-30","purchased_purges":2,"victory":false,"max_hp_per_floor":[82,82,82,82,82,82,82,82,82,82,82,82,82,82,82,82,87,87,87,87,87,87,87,87,87,87,87,87,87,87,87,87,87,87,87,87,87,87,87,101,101,101,101,101,101,101,101,101,101,101,101,101,101,101,101,101],"card_choices":[{"not_picked":["EndlessAdversity","UnstableMagic"],"picked":"VampireKiss","floor":1},{"not_picked":["BloodHunter","ReincarnationDial"],"picked":"ScarletCoffin","floor":7},{"not_picked":["ScarletImprint","RedRainbow","EndlessAdversity"],"picked":"SKIP","floor":11},{"not_picked":["FavorOfDestiny","DiffusionOfMisfortune"],"picked":"AfternoonTea","floor":12},{"not_picked":["EndlessAdversity","FavorOfDestiny","DiffusionOfMisfortune"],"picked":"SKIP","floor":14},{"not_picked":["BloodyCatastrophe","CurseOfVladTepes"],"picked":"ScarletMeister","floor":16},{"not_picked":["VampireKiss","NightDance","CharismaGuard+1"],"picked":"SKIP","floor":18},{"not_picked":["FavorOfDestiny+1","UnderTheZenith","StarOfDavid"],"picked":"SKIP","floor":22},{"not_picked":["BloodHunter","GlobalNightmare","FavorOfDestiny"],"picked":"SKIP","floor":25},{"not_picked":["Ultimatum","ScarletGensokyo+1","ScarletSymphony"],"picked":"SKIP","floor":29},{"not_picked":["BlasphemousPunishment","UnderTheZenith"],"picked":"MastersStateliness+1","floor":30},{"not_picked":["BlasphemousPunishment+1","NightDance+1","ScarletDevilSign"],"picked":"SKIP","floor":35},{"not_picked":["ScarletDevil","ScarletGensokyo+1"],"picked":"MastersStateliness+1","floor":39},{"not_picked":["CharismaGuard+1","GlobalNightmare","Ultimatum+1"],"picked":"SKIP","floor":40},{"not_picked":["AfternoonTea","StarOfDavid+1","Stigmanizer"],"picked":"SKIP","floor":41},{"not_picked":["BloodAndWine+1","Septette","FitfulNightmare+1"],"picked":"SKIP","floor":42},{"not_picked":["Stigmanizer+1","ScarletImprint+1","TwelveNightmare+1"],"picked":"SKIP","floor":44},{"not_picked":["ScarletDevilSign+1","BlasphemousPunishment","DiffusionOfMisfortune"],"picked":"SKIP","floor":48},{"not_picked":["BatForm+1","ScarletDevil+1"],"picked":"MastersStateliness+1","floor":54}],"player_experience":257003,"relics_obtained":[{"floor":7,"key":"Eternal Feather"},{"floor":9,"key":"Boot"},{"floor":12,"key":"Bottled Tornado"},{"floor":14,"key":"Bag of Preparation"},{"floor":18,"key":"Potion Belt"},{"floor":22,"key":"PreservedInsect"},{"floor":25,"key":"Ginger"},{"floor":25,"key":"Girya"},{"floor":26,"key":"Runesmith:Locket"},{"floor":29,"key":"Frozen Egg 2"},{"floor":29,"key":"Nunchaku"},{"floor":30,"key":"Whetstone"},{"floor":31,"key":"Enchiridion"},{"floor":33,"key":"Calipers"},{"floor":35,"key":"Bronze Scales"},{"floor":39,"key":"Thread and Needle"},{"floor":39,"key":"Mercury Hourglass"},{"floor":40,"key":"Mango"},{"floor":48,"key":"RedBat"},{"floor":54,"key":"Kunai"}],"event_choices":[{"damage_healed":0,"gold_gain":0,"player_choice":"Leave","damage_taken":0,"max_hp_gain":0,"max_hp_loss":0,"event_name":"The Cleric","floor":2,"gold_loss":0},{"damage_healed":0,"gold_gain":0,"player_choice":"Left","damage_taken":0,"max_hp_gain":0,"max_hp_loss":0,"event_name":"betterThird:BetterGoop","floor":4,"gold_loss":48},{"damage_healed":0,"gold_gain":0,"player_choice":"Take Tiny Shrine away","damage_taken":0,"relics_obtained":["YidongShenshe:ReiMu"],"max_hp_gain":0,"max_hp_loss":0,"event_name":"yidonshenshe","floor":5,"gold_loss":0,"cards_obtained":["Poor:ReiMu"]},{"damage_healed":32,"gold_gain":0,"player_choice":"Upgrade","damage_taken":16,"max_hp_gain":0,"max_hp_loss":82,"event_name":"betterThird:BetterShining","floor":10,"gold_loss":0,"cards_upgraded":["Strike_RM","RedMoon"]},{"damage_healed":0,"gold_gain":0,"player_choice":"Bought 1 Potion","damage_taken":0,"max_hp_gain":0,"max_hp_loss":0,"event_name":"The Woman in Blue","floor":19,"gold_loss":0},{"damage_healed":0,"gold_gain":0,"player_choice":"Inject Mutagens","damage_taken":0,"relics_obtained":["MutagenicStrength"],"max_hp_gain":0,"max_hp_loss":0,"event_name":"Drug Dealer","floor":21,"gold_loss":0},{"damage_healed":0,"gold_gain":0,"player_choice":"Obtained Book","damage_taken":16,"max_hp_gain":0,"max_hp_loss":0,"event_name":"Cursed Tome","floor":31,"gold_loss":0},{"damage_healed":0,"gold_gain":0,"player_choice":"Ignored","damage_taken":0,"max_hp_gain":0,"max_hp_loss":0,"event_name":"Tomb of Lord Red Mask","floor":36,"gold_loss":0},{"cards_removed":["Strike_RM"],"damage_healed":0,"gold_gain":0,"player_choice":"Removed Attack","damage_taken":0,"max_hp_gain":0,"max_hp_loss":0,"event_name":"Falling","floor":37,"gold_loss":0},{"damage_healed":0,"gold_gain":0,"player_choice":"Fight","damage_taken":0,"max_hp_gain":0,"max_hp_loss":0,"event_name":"MindBloom","floor":39,"gold_loss":0},{"damage_healed":25,"gold_gain":0,"player_choice":"Writhe","damage_taken":0,"max_hp_gain":0,"max_hp_loss":0,"event_name":"Winding Halls","floor":46,"gold_loss":0,"cards_obtained":["Writhe"]}],"is_beta":false,"boss_relics":[{"not_picked":["Coffee Dripper","Fusion Hammer"],"picked":"Tiny House"},{"not_picked":["SlaversCollar","APieceOfRedMist"],"picked":"Velvet Choker"}],"items_purged_floors":[38,47],"is_endless":false,"potions_floor_spawned":[18,33,40,41,44],"killed_by":"The Heart","ascension_level":0}}