{"host":"e7sl0pd4xxdbbdh2","time":1607718766,"event":{"mods":["BaseMod","Better Third Choice","Colored Map","Colored Powertips","Hubris","Minty Spire (QoL Compilation)","Replay The Spire","StSLib","SuperFastMode"],"gold_per_floor":[116,133,144,144,14,14,47,111,136,147,147,158,178,208,208,283,283,296,346,396,446,25,25,52,66,66,66,134,149,180,19,19,92,92,110,28,97,147,163,163,188,201,201,236,236,265,265,5,30,30,30,30,1,26,26],"floor_reached":56,"playtime":3370,"items_purged":["Defend_R","Defend_R","Strike_R"],"score":2491,"play_id":"bfe3d9d2-4260-4496-bc5b-d185a558c084","local_time":"20201211173246","is_ascension_mode":true,"campfire_choices":[{"data":"Bash","floor":6.0,"key":"SMITH"},{"data":"Dual Wield","floor":11.0,"key":"SMITH"},{"data":"Demonic Infusion","floor":15.0,"key":"SMITH"},{"data":"Spot Weakness","floor":23.0,"key":"SMITH"},{"data":"Defend_R","floor":27.0,"key":"SMITH"},{"data":"Reaper","floor":32.0,"key":"SMITH"},{"data":"True Grit","floor":40,"key":"SMITH"},{"floor":45,"key":"RECALL"},{"data":"Offering","floor":47,"key":"SMITH"}],"circlet_count":0,"master_deck":["AscendersBane","Strike_R","Strike_R","Strike_R","Defend_R+1","Defend_R","Bash+1","Clash+1","Spot Weakness+1","Dual Wield+1","Demonic Infusion+1","Twin Strike","Reaper+1","Offering+1","Headbutt","Clash","Fiend Fire","CurseOfTheBell","True Grit+1","Rage","Clash+1","hubris:DuctTapeCard","Clash"],"relics":["Burning Blood","ReplayTheSpireMod:Spearhead","SsserpentHead","ReplayTheSpireMod:Shallot","Bronze Scales","TungstenRod","Runic Pyramid","Enchiridion","MutagenicStrength","Membership Card","Torii","Chameleon Ring","hubris:DeckOfHolding","Replay:Bottled Snecko","PreservedInsect","Anchor","Calling Bell","King of Hearts","hubris:IronBody","Pocketwatch","Vajra","Replay:WaspNest","hubris:DuctTape","Sundial","Potion Belt","hubris:EmptyBottle","Replay:PocketPolymizer","hubris:SlimyHat"],"acts_visited":["Exordium","TheCity","TheBeyond","TheEnding"],"potions_floor_usage":[42,42,42,44,50,50,50,54,54,55,55,55,55,55,55],"damage_taken":[{"damage":12.0,"enemies":"Small Slimes","floor":1.0,"turns":4.0},{"damage":7.0,"enemies":"Cultist","floor":2.0,"turns":4.0},{"damage":14.0,"enemies":"Jaw Worm","floor":3.0,"turns":4.0},{"damage":4.0,"enemies":"Gremlin Nob","floor":7.0,"turns":3.0},{"damage":10.0,"enemies":"Blue Slaver","floor":8.0,"turns":3.0},{"damage":6.0,"enemies":"Lots of Slimes","floor":10.0,"turns":3.0},{"damage":0.0,"enemies":"Looter","floor":12.0,"turns":2.0},{"damage":2.0,"enemies":"Gremlin Gang","floor":13.0,"turns":4.0},{"damage":0.0,"enemies":"Replay:BlueRogue","floor":14.0,"turns":2.0},{"damage":67.0,"enemies":"Hexaghost","floor":16.0,"turns":8.0},{"damage":5.0,"enemies":"3 Byrds","floor":18.0,"turns":2.0},{"damage":18.0,"enemies":"Slavers","floor":24.0,"turns":3.0},{"damage":5.0,"enemies":"Shell Parasite","floor":25.0,"turns":1.0},{"damage":5.0,"enemies":"Centurion and Healer","floor":28.0,"turns":4.0},{"damage":5.0,"enemies":"3 Cultists","floor":29.0,"turns":4.0},{"damage":26.0,"enemies":"Gremlin Leader","floor":30.0,"turns":5.0},{"damage":73.0,"enemies":"Automaton","floor":33.0,"turns":7.0},{"damage":24.0,"enemies":"3 Shapes","floor":35.0,"turns":3.0},{"damage":15.0,"enemies":"Orb Walker","floor":37.0,"turns":4.0},{"damage":5,"enemies":"Transient","floor":39,"turns":6},{"damage":34,"enemies":"Reptomancer","floor":41,"turns":5},{"damage":5,"enemies":"3 Darklings","floor":42,"turns":5},{"damage":14,"enemies":"R_Hoarder","floor":44,"turns":6},{"damage":5,"enemies":"Giant Head","floor":46,"turns":3},{"damage":5,"enemies":"Mind Bloom Boss Battle","floor":49,"turns":5},{"damage":5,"enemies":"Donu and Deca","floor":50,"turns":6},{"damage":22,"enemies":"Shield and Spear","floor":54,"turns":4},{"damage":55,"enemies":"The Heart","floor":55,"turns":8}],"seed_played":"-2077968418224378956","potions_obtained":[{"floor":7.0,"key":"Reflective Coating"},{"floor":8.0,"key":"GamblersBrew"},{"floor":10.0,"key":"Fire Potion"},{"floor":24.0,"key":"Explosive Potion"},{"floor":25.0,"key":"PowerPotion"},{"floor":30.0,"key":"Languid Potion"},{"floor":39,"key":"Venom Potion"},{"floor":41,"key":"EntropicBrew"},{"floor":42,"key":"CultistPotion"},{"floor":44,"key":"Fire Potion"},{"floor":52,"key":"Adrenaline Potion"},{"floor":52,"key":"BloodPotion"}],"is_trial":false,"path_per_floor":["M","M","M","?","$","R","E","M","T","M","R","M","M","E","R","B",null,"M","?","?","?","$","R","E","M","T","R","M","M","E","$","R","B",null,"M","$","M","?","M","R","E","M","T","E","R","E","R","$","R_BF","B",null,"R","$","E","B",null],"character_chosen":"IRONCLAD","items_purchased":["Fire Potion","Membership Card","Torii","Chameleon Ring","PreservedInsect","Anchor","Vajra","hubris:EmptyBottle","HeartOfIron","Doom Potion","Clash"],"campfire_rested":0,"item_purchase_floors":[5,22,22,22,31,31,36,48,48,48,53],"current_hp_per_floor":[62,61,53,53,53,53,55,51,51,51,51,57,69,75,75,14,60,61,44,44,44,44,44,48,49,49,49,58,75,67,67,67,13,60,69,69,71,71,75,75,47,75,75,75,75,75,75,75,75,75,75,75,75,59,60],"gold":26,"neow_bonus":"RANDOM_COMMON_RELIC","is_daily":false,"chose_seed":false,"campfire_upgraded":8,"win_rate":0.0,"timestamp":1607718766,"path_taken":["M","M","M","?","$","R","E","?","T","M","R","M","M","E","R","BOSS","M","?","?","?","?","R","E","M","T","R","?","M","E","?","R","BOSS","M","$","?","?","M","R","E","M","T","E","R","E","R","$","R_BF","BOSS","R","$","E","BOSS"],"items_purchased_type":["Potion","Relic","Relic","Relic","Relic","Relic","Relic","Relic","Potion","Potion","Card"],"build_version":"2020-11-30","purchased_purges":3,"victory":true,"max_hp_per_floor":[75,75,75,75,75,75,75,75,75,75,75,75,75,75,75,75,75,75,75,75,75,75,75,75,75,75,75,75,75,75,75,75,75,75,75,75,75,75,75,75,75,75,75,75,75,75,75,75,75,75,75,75,75,75,75],"card_choices":[{"not_picked":["Armaments","Body Slam"],"picked":"Clash","floor":1.0},{"not_picked":["Heavy Blade","True Grit"],"picked":"Spot Weakness","floor":2.0},{"not_picked":["Wild Strike","Run Through"],"picked":"Dual Wield","floor":3.0},{"not_picked":["Anger","Rampage"],"picked":"Demonic Infusion","floor":7.0},{"not_picked":["Clash","Rage"],"picked":"Twin Strike","floor":8.0},{"not_picked":["Clash","True Grit"],"picked":"Reaper","floor":10.0},{"not_picked":["Perfected Strike","ReplayTheSpireMod:Strike From Hell","ReplayReversal"],"picked":"SKIP","floor":12.0},{"not_picked":["Wild Strike","Heavy Blade","Thunderclap"],"picked":"SKIP","floor":13.0},{"not_picked":["Sword Boomerang","Heavy Blade","Thunderclap"],"picked":"SKIP","floor":14.0},{"not_picked":["Demonic Infusion","Bludgeon"],"picked":"Offering","floor":16.0},{"not_picked":["Run Through","Replay:Undeath\u0027s Touch"],"picked":"Headbutt","floor":18.0},{"not_picked":["Perfected Strike+1","ReplayTheSpireMod:Limb From Limb","Massacre"],"picked":"SKIP","floor":24.0},{"not_picked":["hubris:ReadiedAction","Spot Weakness","Dark Embrace"],"picked":"SKIP","floor":25.0},{"not_picked":["Body Slam","Run Through"],"picked":"Feel No Pain","floor":28.0},{"not_picked":["Defy Death","Clash","Thunderclap"],"picked":"SKIP","floor":29.0},{"not_picked":["Perfected Strike","Run Through"],"picked":"Clash","floor":30.0},{"not_picked":["Double Tap","Reaper"],"picked":"Fiend Fire","floor":33.0},{"not_picked":["Replay:Undeath\u0027s Touch+1","hubris:ReadiedAction+1"],"picked":"True Grit","floor":35.0},{"not_picked":["Shrug It Off","Clash","Flex"],"picked":"SKIP","floor":37.0},{"not_picked":["Infernal Blade+1","ReplayReversal"],"picked":"Metallicize+1","floor":39},{"not_picked":["Sentinel","Replay:Undeath\u0027s Touch"],"picked":"Rage","floor":41},{"not_picked":["Warcry+1","Wild Strike"],"picked":"Clash+1","floor":42},{"not_picked":["Headbutt","ReplayTheSpireMod:Strike From Hell","Pummel+1"],"picked":"SKIP","floor":44},{"not_picked":["Heavy Blade","Cleave","Twin Strike"],"picked":"SKIP","floor":46},{"not_picked":["Searing Blow","Havoc+1","Double Tap"],"picked":"SKIP","floor":54}],"player_experience":1587758,"relics_obtained":[{"floor":7.0,"key":"ReplayTheSpireMod:Shallot"},{"floor":9.0,"key":"Bronze Scales"},{"floor":14.0,"key":"TungstenRod"},{"floor":19.0,"key":"Enchiridion"},{"floor":24.0,"key":"hubris:DeckOfHolding"},{"floor":30.0,"key":"Replay:Bottled Snecko"},{"floor":34.0,"key":"King of Hearts"},{"floor":34.0,"key":"hubris:IronBody"},{"floor":34.0,"key":"Pocketwatch"},{"floor":41,"key":"Replay:WaspNest"},{"floor":43,"key":"hubris:DuctTape"},{"floor":44,"key":"Sundial"},{"floor":46,"key":"Potion Belt"},{"floor":49,"key":"Replay:PocketPolymizer"},{"floor":54,"key":"hubris:SlimyHat"}],"event_choices":[{"damage_healed":0.0,"max_hp_gain":0.0,"max_hp_loss":0.0,"gold_gain":0.0,"event_name":"FaceTrader","player_choice":"Trade","floor":4.0,"gold_loss":0.0,"damage_taken":0.0,"relics_obtained":["SsserpentHead"]},{"damage_healed":0.0,"max_hp_gain":0.0,"max_hp_loss":0.0,"gold_gain":0.0,"event_name":"Cursed Tome","player_choice":"Obtained Book","floor":19.0,"gold_loss":0.0,"damage_taken":21.0},{"damage_healed":0.0,"max_hp_gain":0.0,"max_hp_loss":0.0,"gold_gain":0.0,"event_name":"Drug Dealer","player_choice":"Inject Mutagens","floor":21.0,"gold_loss":0.0,"damage_taken":0.0,"relics_obtained":["MutagenicStrength"]},{"cards_removed":["Strike_R"],"damage_healed":0.0,"max_hp_gain":0.0,"max_hp_loss":0.0,"gold_gain":0.0,"event_name":"Falling","player_choice":"Removed Attack","floor":38.0,"gold_loss":0.0,"damage_taken":0.0},{"damage_healed":0,"gold_gain":0,"player_choice":"Fight","damage_taken":0,"max_hp_gain":0,"max_hp_loss":0,"event_name":"MindBloom","floor":49,"gold_loss":0}],"is_beta":false,"boss_relics":[{"not_picked":["ChewingGum","Astrolabe"],"picked":"Runic Pyramid"},{"not_picked":["Black Blood","hubris:ScarierMask"],"picked":"Calling Bell"}],"items_purged_floors":[5,31,48],"is_endless":false,"potions_floor_spawned":[7,8,10,24,25,30,39,41,42,44],"ascension_level":19}}