{"host":"0ulgfg5uyx5zlmwg","time":1607695238,"event":{"mods":["Act Like it!","BaseMod","BetterRewards","Challenge The Spire","Custom Start","Grow up Mod","Marked Mod","Minty Spire (QoL Compilation)","RumiaBox-露米娅的神秘盒子","Spicy Shops","StSLib","TestMod","【功能Mod】混沌之环修复补丁","【遗物卡牌】REMEMod","篝火指南"],"gold_per_floor":[216,226,226,239,314,346,359,20,67,93,93,93,106,124,124,219,219,219],"floor_reached":17,"playtime":1046,"items_purged":["Strike_R"],"score":225,"play_id":"e6abe5af-24df-4f2c-a827-85565d329f4c","local_time":"20201211220038","is_ascension_mode":true,"campfire_choices":[{"data":"Cleave","floor":11,"key":"SMITH"},{"data":"Sword Boomerang","floor":15,"key":"SMITH"}],"circlet_count":0,"master_deck":["Strike_R","Strike_R","Strike_R","Defend_R","Defend_R","Defend_R","Defend_R","Bash","Flying Knee","Cleave+1","Rampage","REME_FearOfPain","Rage","Iron Wave","Bandage Up","Sword Boomerang+1","Demon Form"],"relics":["Burning Blood","testmod-TestBox","REME_ComplimentaryCards","testmod-LifeArmor","AddBug","SecretRecord","SecretRecord"],"acts_visited":["Exordium","TheCity"],"potions_floor_usage":[4,6],"damage_taken":[{"damage":1,"enemies":"Cultist","floor":1,"turns":3},{"damage":6,"enemies":"Jaw Worm","floor":2,"turns":3},{"damage":0,"enemies":"2 Louse","floor":4,"turns":2},{"damage":26,"enemies":"Lagavulin","floor":6,"turns":5},{"damage":13,"enemies":"Red Slaver","floor":7,"turns":3},{"damage":18,"enemies":"3 Sentries","floor":10,"turns":6},{"damage":4,"enemies":"2 Fungi Beasts","floor":13,"turns":2},{"damage":5,"enemies":"Looter","floor":14,"turns":3},{"damage":26,"enemies":"The Guardian","floor":16,"turns":8}],"seed_played":"4396559887044657456","potions_obtained":[{"floor":1,"key":"BlessingOfTheForge"},{"floor":2,"key":"Dexterity Potion"},{"floor":4,"key":"DuplicationPotion"},{"floor":10,"key":"Weak Potion"},{"floor":16,"key":"LiquidBronze"}],"is_trial":false,"path_per_floor":["M","M","?","M","?","E","M","$","T","E","R","T","M","M","R","B",null],"character_chosen":"IRONCLAD","items_purchased":["Bandage Up"],"campfire_rested":0,"item_purchase_floors":[8],"current_hp_per_floor":[100,110,120,130,127,117,120,130,140,148,158,168,180,203,213,215,250,250],"gold":219,"neow_bonus":"HUNDRED_GOLD","is_daily":false,"chose_seed":false,"campfire_upgraded":2,"win_rate":0.0,"timestamp":1607695238,"path_taken":["M","M","?","?","?","E","M","?","T","E","R","?","M","M","R","BOSS"],"items_purchased_type":["Card"],"build_version":"2020-11-30","purchased_purges":1,"victory":false,"max_hp_per_floor":[100,110,120,130,140,150,160,170,180,190,200,210,220,230,240,250,250,250],"card_choices":[{"not_picked":["Body Slam","Anger"],"picked":"Cleave","floor":1},{"not_picked":["REME_Scribble","Wild Strike"],"picked":"Rampage","floor":2},{"not_picked":["REME_SingleHolding","Armaments"],"picked":"REME_FearOfPain","floor":4},{"not_picked":["Armaments","Clash"],"picked":"Rage","floor":6},{"not_picked":["Anger","Wild Strike"],"picked":"Iron Wave","floor":7},{"not_picked":["Heavy Blade","Anger","Warcry"],"picked":"SKIP","floor":10},{"not_picked":["Heavy Blade","Evolve","REME_FearOfPain"],"picked":"SKIP","floor":13},{"not_picked":["Clothesline","Headbutt"],"picked":"Sword Boomerang","floor":14},{"not_picked":["Bludgeon","REME_Fury"],"picked":"Demon Form","floor":16}],"player_experience":446789,"relics_obtained":[{"floor":1,"key":"AddBug"},{"floor":6,"key":"MagicDraw4"},{"floor":10,"key":"Lantern"},{"floor":12,"key":"MagicDraw1"},{"floor":13,"key":"SecretRecord"}],"event_choices":[{"cards_removed":["Strike_R"],"damage_healed":0,"gold_gain":0,"player_choice":"Offered Basic","damage_taken":0,"max_hp_gain":0,"max_hp_loss":0,"event_name":"Bonfire Elementals","floor":3,"gold_loss":0},{"damage_healed":0,"gold_gain":75,"player_choice":"Touch","damage_taken":13,"max_hp_gain":0,"max_hp_loss":0,"event_name":"FaceTrader","floor":5,"gold_loss":0}],"is_beta":false,"boss_relics":[{"not_picked":["testmod-DreamHouse","testmod-Recursion"],"picked":"testmod-SaigiyounoYou"}],"items_purged_floors":[8],"is_endless":false,"potions_floor_spawned":[1,2,4,10,16],"ascension_level":1}}