{"host":"qwttrqaysb380yri","time":1607670162,"event":{"mods":["BaseMod","Custom Start","Minty Spire (QoL Compilation)","Puzzle Mod","Relic Stats","StSLib","The Cursed","The Hierophant"],"gold_per_floor":[110,125,137,165,165,165,165,154,177,177,195,195,219,233,233,273,273,292,217,243,269,290,315,34,34,34,43,70,70,118,166,166,204,204,244,283,173,194,233,221,221],"floor_reached":40,"playtime":2213,"items_purged":["hierophant:Strike_Hierophant"],"score":865,"play_id":"74dd70b9-b0e3-48c7-89bc-fe12be015e07","local_time":"20201211080242","is_ascension_mode":true,"campfire_choices":[{"data":"hierophant:Martyrdom","floor":6.0,"key":"SMITH"},{"data":"hierophant:Rebuild","floor":12.0,"key":"SMITH"},{"data":"hierophant:MirrorShield","floor":15.0,"key":"SMITH"},{"floor":25.0,"key":"REST"},{"data":"hierophant:Encroach","floor":29.0,"key":"SMITH"},{"floor":32.0,"key":"REST"}],"circlet_count":0,"master_deck":["AscendersBane","hierophant:Strike_Hierophant","hierophant:Punish","hierophant:Defend_Hierophant","hierophant:Defend_Hierophant+1","hierophant:Defend_Hierophant+1","hierophant:Defend_Hierophant","hierophant:ChurchCoffers+1","hierophant:SolarFlare+1","hierophant:Endure","hierophant:Doubloon","hierophant:Martyrdom+1","hierophant:MirrorShield+1","hierophant:ThreeLashes","hierophant:Rebuild+1","hierophant:OrnateBuckler","hierophant:Encroach+1","hierophant:Batter","hierophant:Doubloon","hierophant:ConvertCurrency","hierophant:Shelter","hierophant:Zeal+1","hierophant:Community","hierophant:Doubloon","hierophant:Purify","hierophant:ArchangelShield+1"],"relics":["hierophant:PropheticMaskRelic","War Paint","Pocketwatch","Vajra","Toy Ornithopter","Velvet Choker","CeramicFish","Art of War","Gremlin Horn","Sozu"],"acts_visited":["Exordium","TheCity","TheBeyond"],"potions_floor_usage":[36],"damage_taken":[{"damage":2.0,"enemies":"Cultist","floor":1.0,"turns":4.0},{"damage":7.0,"enemies":"Small Slimes","floor":2.0,"turns":4.0},{"damage":2.0,"enemies":"2 Louse","floor":3.0,"turns":3.0},{"damage":37.0,"enemies":"Large Slime","floor":4.0,"turns":11.0},{"damage":1.0,"enemies":"Lagavulin","floor":7.0,"turns":5.0},{"damage":0.0,"enemies":"Exordium Thugs","floor":8.0,"turns":3.0},{"damage":0.0,"enemies":"Gremlin Nob","floor":11.0,"turns":2.0},{"damage":0.0,"enemies":"Looter","floor":13.0,"turns":4.0},{"damage":1.0,"enemies":"Red Slaver","floor":14.0,"turns":3.0},{"damage":10.0,"enemies":"The Guardian","floor":16.0,"turns":7.0},{"damage":0.0,"enemies":"Chosen","floor":18.0,"turns":4.0},{"damage":1.0,"enemies":"2 Thieves","floor":20.0,"turns":4.0},{"damage":9.0,"enemies":"Snake Plant","floor":21.0,"turns":4.0},{"damage":5.0,"enemies":"Snecko","floor":22.0,"turns":5.0},{"damage":48.0,"enemies":"Slavers","floor":23.0,"turns":7.0},{"damage":0.0,"enemies":"3 Cultists","floor":28.0,"turns":5.0},{"damage":15.0,"enemies":"Centurion and Healer","floor":30.0,"turns":6.0},{"damage":21.0,"enemies":"Gremlin Leader","floor":31.0,"turns":5.0},{"damage":20.0,"enemies":"Champ","floor":33.0,"turns":17.0},{"damage":13,"enemies":"3 Darklings","floor":35,"turns":6},{"damage":0,"enemies":"Orb Walker","floor":36,"turns":5},{"damage":16,"enemies":"Writhing Mass","floor":38,"turns":7},{"damage":0,"enemies":"Jaw Worm Horde","floor":39,"turns":4},{"damage":30,"enemies":"Giant Head","floor":40,"turns":8}],"seed_played":"-8994004695683549006","potions_obtained":[{"floor":1.0,"key":"FairyPotion"},{"floor":4.0,"key":"Block Potion"},{"floor":7.0,"key":"Regen Potion"},{"floor":14.0,"key":"Block Potion"},{"floor":20.0,"key":"LiquidMemories"},{"floor":23.0,"key":"SneckoOil"},{"floor":33.0,"key":"Swift Potion"}],"is_trial":false,"path_per_floor":["M","M","M","M","?","R","E","M","T","?","E","R","M","M","R","B",null,"M","?","M","M","M","E","$","R","T","?","M","R","M","E","R","B",null,"M","M","?","M","M","E"],"character_chosen":"HIEROPHANT","items_purchased":["hierophant:Community","Art of War"],"campfire_rested":2,"item_purchase_floors":[24,24],"current_hp_per_floor":[66,59,57,20,2,2,1,1,1,1,1,1,18,17,17,7,58,58,58,57,48,43,22,22,44,44,44,44,44,29,13,35,15,60,47,52,52,36,36,6,6],"gold":221,"neow_bonus":"RANDOM_COMMON_RELIC","is_daily":false,"chose_seed":false,"campfire_upgraded":4,"win_rate":0.0,"timestamp":1607670162,"path_taken":["M","M","M","M","?","R","E","M","T","?","E","R","M","M","R","BOSS","M","?","M","M","M","E","$","R","T","?","?","R","M","E","R","BOSS","M","M","?","?","M","E"],"items_purchased_type":["Card","Relic"],"build_version":"2020-11-30","purchased_purges":1,"victory":false,"max_hp_per_floor":[75,75,75,75,75,75,75,75,75,75,75,75,75,75,75,75,75,75,75,75,75,75,75,75,75,75,75,75,75,75,75,75,75,75,75,75,75,75,75,75,75],"relic_stats":{"Sozu":2,"Gremlin Horn":[5,5],"counters":[24,133],"CeramicFish":45,"Art of War":[19],"War Paint":["hierophant:Defend_Hierophant","hierophant:ChurchCoffers"],"obtain_stats":[{"Sozu":34,"Gremlin Horn":31,"hierophant:PropheticMaskRelic":0,"CeramicFish":23,"Vajra":9,"Velvet Choker":17,"Art of War":24,"War Paint":0,"Toy Ornithopter":11,"Pocketwatch":7},{"Sozu":19,"Gremlin Horn":18,"hierophant:PropheticMaskRelic":0,"CeramicFish":15,"Vajra":6,"Velvet Choker":10,"Art of War":15,"War Paint":0,"Toy Ornithopter":7,"Pocketwatch":5},{"Sozu":103,"Gremlin Horn":86,"hierophant:PropheticMaskRelic":0,"CeramicFish":70,"Vajra":30,"Velvet Choker":46,"Art of War":70,"War Paint":0,"Toy Ornithopter":32,"Pocketwatch":27}],"Toy Ornithopter":20,"Pocketwatch":[180]},"card_choices":[{"not_picked":["hierophant:Embezzle","hierophant:ThreeLashes"],"picked":"hierophant:SolarFlare","floor":1.0},{"not_picked":["hierophant:Encroach","hierophant:Patience"],"picked":"hierophant:Endure","floor":2.0},{"not_picked":["hierophant:Smite","hierophant:RepressedViolence"],"picked":"hierophant:Doubloon","floor":3.0},{"not_picked":["hierophant:Patience","hierophant:ThreeLashes"],"picked":"hierophant:Martyrdom","floor":4.0},{"not_picked":["hierophant:PassingBell","hierophant:SealAway"],"picked":"hierophant:MirrorShield","floor":7.0},{"not_picked":["hierophant:Bribe","hierophant:Patience"],"picked":"hierophant:ThreeLashes","floor":8.0},{"not_picked":["hierophant:Refuge","hierophant:Remorse"],"picked":"hierophant:Rebuild","floor":11.0},{"not_picked":["hierophant:CoinFling","hierophant:Glossolalia"],"picked":"hierophant:OrnateBuckler","floor":13.0},{"not_picked":["hierophant:PristineSoul","hierophant:Blessing"],"picked":"hierophant:Encroach","floor":14.0},{"not_picked":["hierophant:Anathema","hierophant:Determination"],"picked":"hierophant:Batter","floor":16.0},{"not_picked":["hierophant:CoinFling","hierophant:RepressedViolence"],"picked":"hierophant:ConvertCurrency","floor":18.0},{"not_picked":["hierophant:FieryStrike","hierophant:Encroach","hierophant:Doubloon"],"picked":"SKIP","floor":20.0},{"not_picked":["hierophant:Chorus","hierophant:Racketeering","hierophant:Refuge"],"picked":"SKIP","floor":21.0},{"not_picked":["hierophant:PristineSoul+1","hierophant:SealAway"],"picked":"hierophant:Shelter","floor":22.0},{"not_picked":["hierophant:Purify","hierophant:FieryStrike+1"],"picked":"hierophant:Zeal+1","floor":23.0},{"not_picked":["hierophant:Encroach","hierophant:Dazzle+1","hierophant:CoinFling"],"picked":"SKIP","floor":28.0},{"not_picked":["hierophant:Exaltation","hierophant:Sermon"],"picked":"hierophant:Purify","floor":30.0},{"not_picked":["hierophant:Patience","hierophant:Levitation"],"picked":"hierophant:ArchangelShield+1","floor":31.0},{"not_picked":["hierophant:OrnateBuckler+1","hierophant:Sermon+1","hierophant:PassingBell"],"picked":"SKIP","floor":35},{"not_picked":["hierophant:Encroach","hierophant:EyeForCoin","hierophant:Remorse"],"picked":"SKIP","floor":36},{"not_picked":["hierophant:Sermon","hierophant:RustyCrate+1","hierophant:Doubloon"],"picked":"SKIP","floor":38},{"not_picked":["hierophant:Martyrdom","hierophant:ArchangelShield","hierophant:Glossolalia"],"picked":"SKIP","floor":39}],"player_experience":1803358,"relics_obtained":[{"floor":7.0,"key":"Pocketwatch"},{"floor":9.0,"key":"Vajra"},{"floor":11.0,"key":"Toy Ornithopter"},{"floor":23.0,"key":"CeramicFish"},{"floor":31.0,"key":"Gremlin Horn"}],"event_choices":[{"damage_healed":0.0,"max_hp_gain":0.0,"max_hp_loss":0.0,"gold_gain":0.0,"event_name":"Scrap Ooze","player_choice":"Fled","floor":5.0,"gold_loss":0.0,"damage_taken":18.0},{"damage_healed":0.0,"max_hp_gain":0.0,"max_hp_loss":0.0,"gold_gain":0.0,"event_name":"Living Wall","player_choice":"Grow","floor":10.0,"gold_loss":0.0,"damage_taken":0.0,"cards_upgraded":["hierophant:SolarFlare"]},{"cards_removed":["hierophant:Strike_Hierophant"],"damage_healed":0.0,"max_hp_gain":0.0,"max_hp_loss":0.0,"gold_gain":0.0,"event_name":"Beggar","player_choice":"Gave Gold","floor":19.0,"gold_loss":75.0,"damage_taken":0.0},{"damage_healed":0.0,"max_hp_gain":0.0,"max_hp_loss":0.0,"gold_gain":0.0,"event_name":"The Library","player_choice":"Read","floor":27.0,"gold_loss":0.0,"damage_taken":0.0,"cards_obtained":["hierophant:Doubloon"]},{"cards_removed":["hierophant:Strike_Hierophant"],"damage_healed":0,"gold_gain":0,"player_choice":"Upgrade and Remove","damage_taken":0,"max_hp_gain":0,"max_hp_loss":0,"event_name":"Designer","floor":37,"gold_loss":110,"cards_upgraded":["hierophant:Defend_Hierophant"]}],"is_beta":false,"boss_relics":[{"not_picked":["Coffee Dripper","Empty Cage"],"picked":"Velvet Choker"},{"not_picked":["Snecko Eye","Calling Bell"],"picked":"Sozu"}],"items_purged_floors":[24],"is_endless":false,"potions_floor_spawned":[1,4,7,8,14,20,22,23,33,38,39],"killed_by":"Giant Head","ascension_level":15}}