{"host":"2psfthmeyefnuu1p","time":1607696324,"event":{"mods":["Aspiration","BaseMod","Challenge The Spire","Conspire","Downfall","GungeonMod","Hermit","Minty Spire (QoL Compilation)","Quick Restart","Replay The Spire","RumiaBox-露米娅的神秘盒子","Spicy Shops","StSLib","The Bladedancer","The Cursed","The Gatherer","The Jungle","The Runesmith","Uncapped","[IsaacMod]以撒尖塔","vexMod","【功能Mod】混沌之环修复补丁","篝火指南"],"gold_per_floor":[109,123,198,198,226,258,2,31,31,47,47,59,75,14,14,112,112,112,112],"floor_reached":18,"playtime":930,"items_purged":[],"score":185,"play_id":"91ce2a62-c5e5-49c9-97f4-714392ed8b7f","local_time":"20201211221844","is_ascension_mode":false,"campfire_choices":[{"floor":11,"key":"RECALL"},{"floor":15,"key":"REST"}],"circlet_count":0,"master_deck":["Strike_B","Strike_B","Strike_B","Strike_B","Defend_B","Defend_B","Defend_B","Defend_B","Zap","Dualcast","Pulse","ElectricPowerLearning","Panic Button","conspire:SharedLibrary","Capacitor","BasicCrystalCard","Coolheaded","Conserve Battery","Leap","ReplayRNGCard"],"relics":["Cracked Core","HushsDoor","SteamSale","NeowsBlessing","AnarchistCookbook","GodSword6","MealTicket","Replay:Baseball","Odd Mushroom","TheBible","aspiration:MobileForge"],"acts_visited":["Exordium","TheCity"],"potions_floor_usage":[16,16,16],"damage_taken":[{"damage":0,"enemies":"Small Slimes","floor":1,"turns":1},{"damage":0,"enemies":"2 Louse","floor":2,"turns":1},{"damage":0,"enemies":"Lagavulin","floor":6,"turns":1},{"damage":0,"enemies":"The Mushroom Lair","floor":8,"turns":1},{"damage":10,"enemies":"Jaw Worm","floor":10,"turns":2},{"damage":17,"enemies":"Gremlin Gang","floor":12,"turns":3},{"damage":0,"enemies":"2 Fungi Beasts","floor":13,"turns":4},{"damage":54,"enemies":"Slime Boss","floor":16,"turns":14},{"damage":86,"enemies":"3 Byrds","floor":18,"turns":6}],"seed_played":"-3342087924176553238","potions_obtained":[{"floor":5,"key":"Fire Potion"},{"floor":5,"key":"Adrenaline Potion"},{"floor":5,"key":"Dexterity Potion"},{"floor":8,"key":"PowerPotion"}],"is_trial":false,"path_per_floor":["M","M","?","?","?","E","$","?","T","M","R","M","M","$","R","B",null,"M"],"character_chosen":"DEFECT","items_purchased":["GodSword6","Capacitor","MealTicket","Replay:Baseball","TheBible"],"campfire_rested":1,"item_purchase_floors":[7,7,7,7,14],"current_hp_per_floor":[75,75,64,64,46,46,46,46,46,36,36,19,19,34,56,2,75,0,0],"gold":112,"neow_bonus":"THREE_ENEMY_KILL","is_daily":false,"chose_seed":false,"campfire_upgraded":0,"win_rate":0.0,"timestamp":1607696324,"path_taken":["M","M","?","?","?","E","$","?","T","M","R","?","M","$","R","BOSS","M"],"items_purchased_type":["Relic","Card","Relic","Relic","Relic"],"build_version":"2020-11-30","purchased_purges":0,"victory":false,"max_hp_per_floor":[75,75,75,75,75,75,75,75,75,75,75,75,75,75,75,75,75,75,75],"card_choices":[{"not_picked":[],"picked":"Bomb","floor":0},{"not_picked":["Streamline","Lockon"],"picked":"Pulse","floor":1},{"not_picked":["Barrage","Reinforced Body"],"picked":"ElectricPowerLearning","floor":2},{"not_picked":["Leap","Undo"],"picked":"Panic Button","floor":5},{"not_picked":["ElectricPowerLearning","Ball Lightning"],"picked":"conspire:SharedLibrary","floor":6},{"not_picked":["Cold Snap","Panic Button"],"picked":"BasicCrystalCard","floor":8},{"not_picked":["Heatsinks","Barrage"],"picked":"Coolheaded","floor":10},{"not_picked":["Panic Button","Tempest"],"picked":"Conserve Battery","floor":12},{"not_picked":["Barrage","Streamline"],"picked":"Leap","floor":13},{"not_picked":["Reboot","Buffer"],"picked":"ReplayRNGCard","floor":16}],"player_experience":133774,"relics_obtained":[{"floor":6,"key":"AnarchistCookbook"},{"floor":8,"key":"Odd Mushroom"}],"event_choices":[{"damage_healed":0,"gold_gain":75,"player_choice":"Gather Gold","damage_taken":11,"max_hp_gain":0,"max_hp_loss":0,"event_name":"World of Goop","floor":3,"gold_loss":0},{"damage_healed":0,"gold_gain":0,"player_choice":"Leave","damage_taken":0,"max_hp_gain":0,"max_hp_loss":0,"event_name":"The Cleric","floor":4,"gold_loss":0},{"damage_healed":0,"gold_gain":0,"player_choice":"Fought Mushrooms","damage_taken":0,"max_hp_gain":0,"max_hp_loss":0,"event_name":"Mushrooms","floor":8,"gold_loss":0}],"is_beta":false,"boss_relics":[{"not_picked":["vexMod:MegatonBomb","Snecko Eye"],"picked":"aspiration:MobileForge"},{"not_picked":[]}],"items_purged_floors":[],"is_endless":false,"potions_floor_spawned":[8,12],"killed_by":"3 Byrds","ascension_level":0}}