{"host":"q0qnzbgdx8oqogg9","time":1607659469,"event":{"mods":["BaseMod","Minty Spire (QoL Compilation)","Slay-I","StSLib"],"gold_per_floor":[217,235,251,251,269,294,311,311,335,335,353,364,364,364],"floor_reached":13,"playtime":651,"items_purged":[],"score":120,"play_id":"a7562198-9e2d-48e6-b4b6-c8e8da9b1c5a","local_time":"20201210230429","is_ascension_mode":true,"campfire_choices":[{"data":"Crippling Poison","floor":10,"key":"SMITH"}],"circlet_count":0,"master_deck":["Strike_G","Strike_G","Strike_G","Strike_G","Strike_G","Defend_G","Defend_G","Defend_G+1","Defend_G+1","Defend_G","Survivor","Neutralize+1","Quick Slash","Poisoned Stab","Dodge and Roll","Crippling Poison+1","Well Laid Plans","Dagger Spray","Dagger Throw","Deflect"],"relics":["Ring of the Snake","Potion Belt","War Paint","Boot"],"acts_visited":["Exordium"],"potions_floor_usage":[6,6,12],"damage_taken":[{"damage":0,"enemies":"Jaw Worm","floor":1,"turns":5},{"damage":3,"enemies":"2 Louse","floor":2,"turns":4},{"damage":1,"enemies":"Cultist","floor":3,"turns":5},{"damage":1,"enemies":"Blue Slaver","floor":5,"turns":5},{"damage":17,"enemies":"3 Sentries","floor":6,"turns":8},{"damage":9,"enemies":"3 Louse","floor":7,"turns":6},{"damage":0,"enemies":"Exordium Thugs","floor":11,"turns":5},{"damage":12,"enemies":"Gremlin Gang","floor":12,"turns":4},{"damage":26,"enemies":"Gremlin Nob","floor":13,"turns":3}],"seed_played":"-4215537633382957152","potions_obtained":[{"floor":1,"key":"Explosive Potion"},{"floor":5,"key":"Weak Potion"},{"floor":7,"key":"Block Potion"}],"is_trial":false,"path_per_floor":["M","M","M","?","M","E","M","?","T","R","M","M","E"],"character_chosen":"THE_SILENT","items_purchased":[],"campfire_rested":0,"item_purchase_floors":[],"current_hp_per_floor":[63,60,59,59,58,41,32,29,29,29,29,17,0,0],"gold":364,"neow_bonus":"HUNDRED_GOLD","is_daily":false,"chose_seed":false,"campfire_upgraded":1,"win_rate":0.0,"timestamp":1607659469,"path_taken":["M","M","M","?","M","E","M","?","T","R","M","M","E"],"items_purchased_type":[],"build_version":"2020-11-30","purchased_purges":0,"victory":false,"max_hp_per_floor":[70,70,70,70,70,70,70,70,70,70,70,70,70,70],"card_choices":[{"not_picked":["Prepared","Blade Dance"],"picked":"Quick Slash","floor":1},{"not_picked":["Dagger Spray","Deflect"],"picked":"Poisoned Stab","floor":2},{"not_picked":["Poisoned Stab","Dagger Spray"],"picked":"Dodge and Roll","floor":3},{"not_picked":["Dagger Spray","Bane"],"picked":"Crippling Poison","floor":5},{"not_picked":["Underhanded Strike","Dagger Spray"],"picked":"Well Laid Plans","floor":6},{"not_picked":["Caltrops","Envenom"],"picked":"Dagger Spray","floor":7},{"not_picked":["Riddle With Holes","Dagger Spray"],"picked":"Dagger Throw","floor":11},{"not_picked":["Riddle With Holes","Heel Hook"],"picked":"Deflect","floor":12}],"player_experience":179855,"relics_obtained":[{"floor":6,"key":"Potion Belt"},{"floor":9,"key":"Boot"}],"event_choices":[{"damage_healed":0,"gold_gain":0,"player_choice":"Grow","damage_taken":0,"max_hp_gain":0,"max_hp_loss":0,"event_name":"Living Wall","floor":4,"gold_loss":0,"cards_upgraded":["Neutralize"]},{"damage_healed":0,"gold_gain":0,"player_choice":"Success","damage_taken":3,"relics_obtained":["War Paint"],"max_hp_gain":0,"max_hp_loss":0,"event_name":"Scrap Ooze","floor":8,"gold_loss":0}],"is_beta":false,"boss_relics":[],"items_purged_floors":[],"is_endless":false,"potions_floor_spawned":[1,5,7],"killed_by":"Gremlin Nob","ascension_level":7}}