{"host":"msmkw03x1o7nq45i","time":1607712483,"event":{"mods":["AchievementEnabler","BaseMod","Bestiary","Colored Powertips","GifTheSpireLib","Highlight Path","Minty Spire (QoL Compilation)","Random Character Button","StSLib","everything is the same but u backflip on backflip"],"gold_per_floor":[110,110,35,135,151,151,166,191,218,218,229,243,262,30,30,130,130,142,142,142,158,171,171,204,204,204,204,224,149,184,108,108,207,507,518,568,568,443,460,495,495,465,465,490,502,518,368,368,368],"floor_reached":48,"playtime":3351,"items_purged":["Pain","Strike_B","Defend_B"],"score":904,"play_id":"357fde3c-5099-4c86-86ee-045fe6e4cf39","local_time":"20201211204803","is_ascension_mode":true,"campfire_choices":[{"data":"Buffer","floor":6,"key":"SMITH"},{"data":"Coolheaded","floor":10,"key":"SMITH"},{"data":"Defragment","floor":15,"key":"SMITH"},{"data":"Go for the Eyes","floor":23,"key":"SMITH"},{"data":"Consume","floor":25,"key":"SMITH"},{"floor":27,"key":"REST"},{"data":"Loop","floor":32,"key":"SMITH"},{"data":"Amplify","floor":41,"key":"SMITH"}],"circlet_count":0,"master_deck":["Defend_B","Defend_B","Zap","Dualcast","Buffer+1","Ball Lightning","BootSequence","Machine Learning","Coolheaded+1","Doom and Gloom","Conserve Battery","Defragment+1","Hologram","Electrodynamics","Capacitor+1","Recycle","Go for the Eyes+1","Consume+1","Rainbow","Coolheaded","Coolheaded","Loop+1","Amplify+1","CurseOfTheBell","Defragment+1","Compile Driver+1","Redo+1"],"relics":["Cracked Core","WarpedTongs","Bronze Scales","MealTicket","SlaversCollar","Meat on the Bone","Peace Pipe","Boot","Calling Bell","Dream Catcher","Shuriken","Old Coin","StoneCalendar","Lantern","StrikeDummy","Art of War"],"acts_visited":["Exordium","TheCity","TheBeyond"],"potions_floor_usage":[8,24,24],"damage_taken":[{"damage":0,"enemies":"2 Louse","floor":1,"turns":2},{"damage":1,"enemies":"Cultist","floor":5,"turns":3},{"damage":0,"enemies":"Small Slimes","floor":7,"turns":3},{"damage":0,"enemies":"3 Sentries","floor":8,"turns":5},{"damage":0,"enemies":"Exordium Thugs","floor":11,"turns":3},{"damage":0,"enemies":"Lots of Slimes","floor":12,"turns":2},{"damage":0,"enemies":"2 Fungi Beasts","floor":13,"turns":2},{"damage":0,"enemies":"The Guardian","floor":16,"turns":11},{"damage":20,"enemies":"2 Thieves","floor":18,"turns":4},{"damage":5,"enemies":"Spheric Guardian","floor":21,"turns":5},{"damage":6,"enemies":"Shelled Parasite and Fungi","floor":22,"turns":7},{"damage":12,"enemies":"Book of Stabbing","floor":24,"turns":4},{"damage":18,"enemies":"Snake Plant","floor":28,"turns":4},{"damage":0,"enemies":"Gremlin Leader","floor":30,"turns":6},{"damage":14,"enemies":"Champ","floor":33,"turns":9},{"damage":1,"enemies":"3 Shapes","floor":35,"turns":5},{"damage":0,"enemies":"Mind Bloom Boss Battle","floor":36,"turns":7},{"damage":0,"enemies":"Orb Walker","floor":39,"turns":4},{"damage":0,"enemies":"Nemesis","floor":40,"turns":7},{"damage":0,"enemies":"Giant Head","floor":44,"turns":8},{"damage":10,"enemies":"Spire Growth","floor":45,"turns":6},{"damage":49,"enemies":"3 Darklings","floor":46,"turns":4},{"damage":55,"enemies":"Reptomancer","floor":48,"turns":2}],"seed_played":"-8127088669731583319","potions_obtained":[{"floor":7,"key":"FocusPotion"},{"floor":11,"key":"PotionOfCapacity"},{"floor":21,"key":"PowerPotion"},{"floor":30,"key":"BlessingOfTheForge"},{"floor":36,"key":"LiquidBronze"},{"floor":39,"key":"SmokeBomb"},{"floor":42,"key":"LiquidBronze"},{"floor":42,"key":"EntropicBrew"},{"floor":44,"key":"GamblersBrew"}],"is_trial":false,"path_per_floor":["M","?","$","?","M","R","M","E","T","R","M","M","M","$","R","B",null,"M","?","?","M","M","R","E","R","T","R","M","?","E","$","R","B",null,"M","?","?","$","M","E","R","?","T","E","M","M","$","E"],"character_chosen":"DEFECT","items_purchased":["Defragment","Hologram","Loop","Art of War"],"campfire_rested":1,"item_purchase_floors":[14,14,31,47],"current_hp_per_floor":[75,75,75,75,74,74,74,74,74,74,74,74,74,75,75,75,75,55,41,41,36,30,30,18,18,18,42,36,36,48,63,63,49,72,71,71,71,80,80,80,80,80,80,80,70,33,48,0,0],"gold":368,"neow_bonus":"ONE_RANDOM_RARE_CARD","is_daily":false,"chose_seed":false,"campfire_upgraded":7,"win_rate":0.0,"timestamp":1607712483,"path_taken":["M","?","?","?","M","R","M","E","T","R","?","?","M","$","R","BOSS","M","?","?","?","M","R","E","R","T","R","M","?","E","$","R","BOSS","M","?","?","$","?","E","R","?","T","E","M","M","$","E"],"items_purchased_type":["Card","Card","Card","Relic"],"build_version":"2020-11-30","purchased_purges":3,"victory":false,"max_hp_per_floor":[75,75,75,75,75,75,75,75,75,75,75,75,75,75,75,75,75,75,80,80,80,80,80,80,80,80,80,80,80,80,80,80,80,80,80,80,80,80,80,80,80,80,80,80,80,80,80,80,80],"card_choices":[{"not_picked":["Coolheaded","Leap"],"picked":"Ball Lightning","floor":1},{"not_picked":["Barrage","Streamline"],"picked":"BootSequence","floor":5},{"not_picked":["Steam","Conserve Battery"],"picked":"Machine Learning","floor":7},{"not_picked":["Ball Lightning","Leap"],"picked":"Coolheaded","floor":8},{"not_picked":["Go for the Eyes","Turbo"],"picked":"Doom and Gloom","floor":11},{"not_picked":["Steam","Beam Cell"],"picked":"Conserve Battery","floor":12},{"not_picked":["Stack","Sweeping Beam","Thunder Strike"],"picked":"SKIP","floor":13},{"not_picked":["Stack","Sweeping Beam","Thunder Strike"],"picked":"SKIP","floor":13},{"not_picked":["All For One","Creative AI"],"picked":"Electrodynamics","floor":16},{"not_picked":["Scrape","Chaos+1"],"picked":"Capacitor+1","floor":18},{"not_picked":["Static Discharge+1","Ball Lightning"],"picked":"Consume","floor":21},{"not_picked":["Stack","Ball Lightning","Rebound"],"picked":"SKIP","floor":22},{"not_picked":["Stack","Ball Lightning","Rebound"],"picked":"SKIP","floor":22},{"not_picked":["Leap","Coolheaded"],"picked":"Rainbow","floor":24},{"not_picked":["Steam+1","Auto Shields"],"picked":"Coolheaded","floor":28},{"not_picked":["BootSequence","Ball Lightning"],"picked":"Coolheaded","floor":30},{"not_picked":["Rainbow","Buffer"],"picked":"Amplify","floor":33},{"not_picked":["Force Field+1","Sweeping Beam","Conserve Battery"],"picked":"SKIP","floor":35},{"not_picked":["Genetic Algorithm","Self Repair+1","Sunder"],"picked":"SKIP","floor":39},{"not_picked":["Blizzard","Ball Lightning+1"],"picked":"Defragment+1","floor":40},{"not_picked":["Rainbow","Conserve Battery"],"picked":"Compile Driver+1","floor":44},{"not_picked":["Leap","Streamline+1"],"picked":"Redo+1","floor":45},{"not_picked":["Rebound+1","Coolheaded","Recycle+1"],"picked":"SKIP","floor":46}],"player_experience":261454,"relics_obtained":[{"floor":8,"key":"Bronze Scales"},{"floor":9,"key":"MealTicket"},{"floor":24,"key":"Meat on the Bone"},{"floor":26,"key":"Peace Pipe"},{"floor":30,"key":"Boot"},{"floor":34,"key":"Dream Catcher"},{"floor":34,"key":"Shuriken"},{"floor":34,"key":"Old Coin"},{"floor":36,"key":"StoneCalendar"},{"floor":40,"key":"Lantern"},{"floor":44,"key":"StrikeDummy"}],"event_choices":[{"damage_healed":0,"gold_gain":0,"player_choice":"Rummage","damage_taken":0,"relics_obtained":["WarpedTongs"],"max_hp_gain":0,"max_hp_loss":0,"event_name":"Accursed Blacksmith","floor":2,"gold_loss":0,"cards_obtained":["Pain"]},{"damage_healed":0,"gold_gain":100,"player_choice":"Gold","damage_taken":0,"max_hp_gain":0,"max_hp_loss":0,"event_name":"Wheel of Change","floor":4,"gold_loss":0},{"damage_healed":0,"gold_gain":0,"player_choice":"Shed Blood","damage_taken":19,"max_hp_gain":5,"max_hp_loss":0,"event_name":"Forgotten Altar","floor":19,"gold_loss":0},{"damage_healed":0,"gold_gain":0,"cards_transformed":["Strike_B","Strike_B"],"player_choice":"Became Test Subject","damage_taken":0,"max_hp_gain":0,"max_hp_loss":0,"event_name":"Drug Dealer","floor":20,"gold_loss":0,"cards_obtained":["Recycle","Go for the Eyes"]},{"cards_removed":["Strike_B"],"damage_healed":0,"gold_gain":0,"player_choice":"Gave Gold","damage_taken":0,"max_hp_gain":0,"max_hp_loss":0,"event_name":"Beggar","floor":29,"gold_loss":75},{"damage_healed":0,"gold_gain":0,"player_choice":"Fight","damage_taken":0,"max_hp_gain":0,"max_hp_loss":0,"event_name":"MindBloom","floor":36,"gold_loss":0},{"cards_removed":["Defend_B"],"damage_healed":0,"gold_gain":0,"player_choice":"Removed Skill","damage_taken":0,"max_hp_gain":0,"max_hp_loss":0,"event_name":"Falling","floor":37,"gold_loss":0},{"damage_healed":0,"gold_gain":0,"player_choice":"Bought 2 Potions","damage_taken":0,"max_hp_gain":0,"max_hp_loss":0,"event_name":"The Woman in Blue","floor":42,"gold_loss":0}],"is_beta":false,"boss_relics":[{"not_picked":["Busted Crown","Astrolabe"],"picked":"SlaversCollar"},{"not_picked":["Runic Dome","Black Star"],"picked":"Calling Bell"}],"items_purged_floors":[3,14,38],"is_endless":false,"potions_floor_spawned":[7,11,21,30,36,39,44],"killed_by":"Reptomancer","ascension_level":5}}