{"host":"ftc0tgnuzn0d2s6e","time":1607694637,"event":{"mods":["Act Like it!","Ascension Reborn","BaseMod","CapriCore","Colored Powertips","Conspire","Downfall","Gensokyo","GifTheSpireLib","KinomotoSakuraMod(ƒæ÷Æ±æ”£)","Lobotomy","LobotomyExtend","Marisa£®ÏF”Í°°ƒß¿Ì…≥£©","Minty Spire (QoL Compilation)","Quick Restart","Reimu£®≤©¿ˆ¡È√Œ£©","Replay The Spire","Shop Mod","StSLib","TestMod","The Administrix","The Animator","The Immortal","The Jungle","The Servant 0.9.4","vexMod"],"gold_per_floor":[121,121,140,163,181,216,234,234,324,384,384,422,441,453,453,574,574,592,312,312,199,199,199,221,221,221,233,253,25,25,48,48,168,168,168,168],"floor_reached":35,"playtime":2158,"items_purged":["Defend_R+1","BigBird"],"score":544,"play_id":"24219528-fa01-4851-b476-f9b69fb65f13","local_time":"20201211215037","is_ascension_mode":true,"campfire_choices":[{"data":"Bloodletting","floor":11.0,"key":"SMITH"},{"data":"Pot Of Greed","floor":15.0,"key":"SMITH"},{"data":"Offering","floor":23.0,"key":"SMITH"},{"data":"ReplayReversal","floor":32,"key":"SMITH"}],"circlet_count":0,"master_deck":["BlueStar","ApocalypseBird","PunishingBird","LongBird","Mercenary","Strike_R+1","Strike_R+1","Strike_R+1","Strike_R+1","Strike_R+1","Defend_R+1","Defend_R+1","Defend_R+1","Bash+1","Barricade+1","Shrug It Off","Bloodletting+1","Clash+1","Pot Of Greed+1","Pot Of Greed","Offering+1","Offering+1","OSAHOGD","DreamingCurrent","Pot Of Greed","expansioncontent:DefensiveStance","ReplayReversal+1","UniverseFragment"],"relics":["Burning Blood","testmod-TestBox","testmod-EnergyCheck","CogitoBucket","RabbitCall","LetterFromLob","Blue Doll","Justitia_r","WantedRequest","CaptainsWheel","HellTrain","Lantern","Replay:WaspNest","Grinning Jar","ReplayTheSpireMod:Spearhead","Champion Belt","testmod-CardMagician","AspirationHeart","Bronze Scales","MerchantsRug","Omamori","Replay:Bottled Eggs","Pear","Dream Catcher","Twilight","Tiny Chest","Pen Nib","Divine Protection","BargainBundle","Gensokyo:DirgeOfMelancholy","LuminousBracelet","SoundOfStar_r","testmod-Brilliant","conspire:SlowCooker","InspiredRelic"],"acts_visited":["Exordium","Gensokyo:Gensokyo","TheBeyond"],"potions_floor_usage":[31],"damage_taken":[{"damage":0.0,"enemies":"Gensokyo:3_Fairies","floor":1.0,"turns":3.0},{"damage":0.0,"enemies":"Gensokyo:Python","floor":3.0,"turns":2.0},{"damage":0.0,"enemies":"Gensokyo:Gryphon","floor":4.0,"turns":2.0},{"damage":12.0,"enemies":"Gensokyo:2_Rabbits","floor":5.0,"turns":5.0},{"damage":0.0,"enemies":"Gensokyo:Aya","floor":6.0,"turns":5.0},{"damage":9.0,"enemies":"Gensokyo:VengefulSpirit","floor":7.0,"turns":6.0},{"damage":9.0,"enemies":"Gensokyo:Mamizou","floor":12.0,"turns":5.0},{"damage":3.0,"enemies":"Gensokyo:Gryphon_and_Rabbit","floor":13.0,"turns":2.0},{"damage":0.0,"enemies":"Gensokyo:LivingMonolith","floor":14.0,"turns":1.0},{"damage":12.0,"enemies":"Gensokyo:Yukari","floor":16.0,"turns":4.0},{"damage":13.0,"enemies":"Gensokyo:AngelMirror","floor":18.0,"turns":5.0},{"damage":15.0,"enemies":"Gensokyo:CosmicMonolith","floor":24.0,"turns":1.0},{"damage":55,"enemies":"Gensokyo:Chomper_and_Gloop","floor":25,"turns":12},{"damage":1,"enemies":"Gensokyo:Chomper_and_Gloop","floor":27,"turns":4},{"damage":6,"enemies":"Gensokyo:3_Gloops","floor":28,"turns":2},{"damage":68,"enemies":"Gensokyo:Wraith","floor":31,"turns":5},{"damage":11,"enemies":"Gensokyo:Eternal_Rivals","floor":33,"turns":10}],"seed_played":"-2841542011531003263","potions_obtained":[{"floor":1.0,"key":"Fruit Juice"},{"floor":1.0,"key":"CultistPotion"},{"floor":3.0,"key":"ZuzhouPotion:ReiMu"},{"floor":4.0,"key":"Weak Potion"},{"floor":5.0,"key":"testmod-SpacePotion"},{"floor":5.0,"key":"Cursed Concoction"},{"floor":6.0,"key":"CultistPotion"},{"floor":31,"key":"SteroidPotion"}],"is_trial":false,"path_per_floor":["M","?","M","M","M","E","M","?","T","?","R","E","M","M","R","B",null,"M","$","?","$","T","R","M","M","T","M","M","$","?","M","R","B",null,"M"],"character_chosen":"IRONCLAD","items_purchased":["Bronze Scales","MerchantsRug","Omamori","BargainBundle","expansioncontent:DefensiveStance"],"campfire_rested":0,"item_purchase_floors":[19,19,21,29,29],"current_hp_per_floor":[90,90,90,90,86,90,90,90,90,90,90,90,90,90,90,95,95,105,105,105,105,115,115,108,61,61,74,92,92,92,102,102,135,135,0,0],"gold":168,"neow_bonus":"","is_daily":false,"chose_seed":false,"campfire_upgraded":4,"win_rate":0.0,"timestamp":1607694637,"path_taken":["M","?","M","?","M","E","M","?","T","?","R","E","M","M","R","BOSS","M","?","?","$","?","R","M","M","T","M","M","$","?","M","R","BOSS","M"],"items_purchased_type":["Relic","Relic","Relic","Relic","Card"],"build_version":"2020-11-30","purchased_purges":2,"victory":false,"max_hp_per_floor":[90,90,90,90,90,90,90,90,90,90,90,90,90,90,90,95,95,105,105,105,105,115,115,115,115,115,115,115,115,115,130,130,135,135,135,135],"card_choices":[{"not_picked":["HappyTeddy","ShyLook"],"picked":"LongBird","floor":1.0},{"not_picked":["Flex","Hemokinesis","Sword Boomerang"],"picked":"SKIP","floor":1.0},{"not_picked":["Flex","Hemokinesis","Sword Boomerang"],"picked":"SKIP","floor":1.0},{"not_picked":["DreamingCurrent","HeroicMonk","MHz"],"picked":"Singing Bowl","floor":3.0},{"not_picked":["WallGazer","Scarecrow"],"picked":"PunishingBird","floor":3.0},{"not_picked":["Shockwave","Wild Strike"],"picked":"Shrug It Off","floor":3.0},{"not_picked":["CherryBlossoms","Alriune"],"picked":"Mercenary","floor":4.0},{"not_picked":["ReplayTheSpireMod:Stacked","Headbutt","Anger"],"picked":"SKIP","floor":4.0},{"not_picked":["OldLady","SpiderBud","CherryBlossoms"],"picked":"Singing Bowl","floor":5.0},{"not_picked":["Dark Embrace","Reckless Charge","Replay:Undeath\u0027s Touch"],"picked":"SKIP","floor":5.0},{"not_picked":["HappyTeddy","Rudolta","SingingMachine"],"picked":"Singing Bowl","floor":6.0},{"not_picked":["Defy Death","Massacre","Reckless Charge"],"picked":"SKIP","floor":6.0},{"not_picked":["Cleave","True Grit"],"picked":"Bloodletting","floor":7.0},{"not_picked":["ShyLook","MHz","DreamingCurrent"],"picked":"Singing Bowl","floor":7.0},{"not_picked":["ReplayTheSpireMod:Strike From Hell","Flame Barrier"],"picked":"Clash","floor":10.0},{"not_picked":["HeroicMonk","UniverseFragment","Wellcheers"],"picked":"Singing Bowl","floor":12.0},{"not_picked":["Havoc","Second Wind","Blood for Blood"],"picked":"SKIP","floor":12.0},{"not_picked":["GalaxyChild","Laetitia","Scorched"],"picked":"Singing Bowl","floor":13.0},{"not_picked":["Murderer","OldLady"],"picked":"BlueStar","floor":13.0},{"not_picked":["ReplayTheSpireMod:Limb From Limb","Heavy Blade","Perfected Strike"],"picked":"SKIP","floor":13.0},{"not_picked":["Headbutt","Perfected Strike"],"picked":"Offering","floor":14.0},{"not_picked":["MHz","VoidDream","UniverseFragment"],"picked":"Singing Bowl","floor":14.0},{"not_picked":["VoidDream","UniverseFragment","CrumblingArmor"],"picked":"Singing Bowl","floor":16.0},{"not_picked":["OldLady","LittlePrince"],"picked":"DespairKnight","floor":16.0},{"not_picked":["VoidDream","HappyTeddy","Funeral"],"picked":"Singing Bowl","floor":18.0},{"not_picked":["Twin Strike","Battle Trance","Havoc"],"picked":"SKIP","floor":18.0},{"not_picked":["LaLuna","FairyFestival","MHz"],"picked":"Singing Bowl","floor":24.0},{"not_picked":["BodiesMountain","BlackArmy"],"picked":"BigBird","floor":24.0},{"not_picked":["Heavy Blade","Replay:Undeath\u0027s Touch+1","Life Link"],"picked":"SKIP","floor":24.0},{"not_picked":["NakedNest","DreamingCurrent","BeautyBeast"],"picked":"Singing Bowl","floor":25},{"not_picked":["Bloodbath","CherryBlossoms"],"picked":"OSAHOGD","floor":25},{"not_picked":["Alriune","FieryBird","GalaxyChild"],"picked":"Singing Bowl","floor":27},{"not_picked":["Laetitia","Freischutz"],"picked":"DreamingCurrent","floor":27},{"not_picked":["Twin Strike","Havoc+1","Cleave+1"],"picked":"SKIP","floor":27},{"not_picked":["WallGazer","ShyLook","SnowQueen"],"picked":"Singing Bowl","floor":28},{"not_picked":["Dual Wield+1","Headbutt","Second Wind"],"picked":"SKIP","floor":28},{"not_picked":["FairyFestival","Laetitia","Wellcheers"],"picked":"Singing Bowl","floor":31},{"not_picked":["ReplayTheSpireMod:Strike From Hell","Dark Embrace"],"picked":"ReplayReversal","floor":31},{"not_picked":["Yin","QueenBee"],"picked":"UniverseFragment","floor":33}],"player_experience":166292,"relics_obtained":[{"floor":1.0,"key":"LetterFromLob"},{"floor":3.0,"key":"Blue Doll"},{"floor":6.0,"key":"CaptainsWheel"},{"floor":9.0,"key":"Lantern"},{"floor":10.0,"key":"Replay:WaspNest"},{"floor":12.0,"key":"Grinning Jar"},{"floor":14.0,"key":"ReplayTheSpireMod:Spearhead"},{"floor":16.0,"key":"Champion Belt"},{"floor":22.0,"key":"Replay:Bottled Eggs"},{"floor":22.0,"key":"Pear"},{"floor":24.0,"key":"Dream Catcher"},{"floor":25,"key":"Twilight"},{"floor":26,"key":"Tiny Chest"},{"floor":26,"key":"Pen Nib"},{"floor":27,"key":"Divine Protection"},{"floor":33,"key":"testmod-Brilliant"}],"event_choices":[{"damage_healed":0.0,"max_hp_gain":0.0,"max_hp_loss":0.0,"gold_gain":0.0,"event_name":"conspire:Investor","player_choice":"Leave","floor":8.0,"gold_loss":0.0,"damage_taken":0.0}],"is_beta":false,"boss_relics":[{"not_picked":["Astrolabe","Replay:Wanted Poster"],"picked":"testmod-CardMagician"},{"not_picked":["Calling Bell","Snecko Eye"],"picked":"conspire:SlowCooker"}],"items_purged_floors":[19,29],"is_endless":false,"potions_floor_spawned":[1,5,25,28],"ascension_level":0}}