{"host":"utqe55yv0jihe4d6","time":1607653392,"event":{"mods":["2.2 Compatiblity","AchievementEnabler","BaseMod","Block Reminder","Colored Map","Colored Powertips","Minty Spire (QoL Compilation)","Quick Restart","Rare Cards Sparkle","Relic Stats","SuperFastMode"],"gold_per_floor":[110,385,58,75,93,93,108,108,108],"floor_reached":8,"playtime":261,"items_purged":["Regret"],"score":96,"play_id":"be49dd6c-f87d-41b1-8783-0d72da4439f1","local_time":"20201210212312","is_ascension_mode":true,"campfire_choices":[{"data":"Neutralize","floor":6,"key":"SMITH"}],"circlet_count":0,"master_deck":["AscendersBane","Strike_G","Strike_G","Strike_G","Strike_G","Strike_G","Defend_G","Defend_G","Defend_G","Defend_G","Defend_G","Survivor","Neutralize+1","Grand Finale","Poisoned Stab","Infinite Blades","Deadly Poison"],"relics":["Ring of the Snake","Bag of Preparation"],"acts_visited":["Exordium"],"potions_floor_usage":[8],"damage_taken":[{"damage":0,"enemies":"Jaw Worm","floor":1,"turns":7},{"damage":1,"enemies":"Cultist","floor":4,"turns":5},{"damage":0,"enemies":"2 Louse","floor":5,"turns":2},{"damage":7,"enemies":"2 Fungi Beasts","floor":7,"turns":4},{"damage":67,"enemies":"Gremlin Nob","floor":8,"turns":4}],"seed_played":"4645549341369173484","potions_obtained":[{"floor":4,"key":"Energy Potion"}],"is_trial":false,"path_per_floor":["M","?","$","M","M","R","M","E"],"character_chosen":"THE_SILENT","items_purchased":["Bag of Preparation","Infinite Blades"],"campfire_rested":0,"item_purchase_floors":[3,3],"current_hp_per_floor":[59,59,59,58,58,58,51,0,0],"gold":108,"neow_bonus":"ONE_RANDOM_RARE_CARD","is_daily":false,"chose_seed":false,"campfire_upgraded":1,"win_rate":0.0,"timestamp":1607653392,"path_taken":["M","?","$","?","M","R","M","E"],"items_purchased_type":["Relic","Card"],"build_version":"2020-11-30","purchased_purges":1,"victory":false,"max_hp_per_floor":[66,66,66,66,66,66,66,66,66],"relic_stats":{"counters":[5,22],"Bag of Preparation":[8],"obtain_stats":[{"Bag of Preparation":3,"Ring of the Snake":0},{"Bag of Preparation":1,"Ring of the Snake":0},{"Bag of Preparation":7,"Ring of the Snake":0}],"Ring of the Snake":[10]},"card_choices":[{"not_picked":["Blade Dance","Accuracy"],"picked":"Poisoned Stab","floor":1},{"not_picked":["Endless Agony","Backflip"],"picked":"Deadly Poison","floor":4},{"not_picked":["Concentrate","Blade Dance","Bane"],"picked":"SKIP","floor":5},{"not_picked":["Prepared","Bane","Expertise"],"picked":"SKIP","floor":7}],"player_experience":2727442,"relics_obtained":[],"event_choices":[{"damage_healed":0,"gold_gain":275,"player_choice":"Desecrate","damage_taken":0,"max_hp_gain":0,"max_hp_loss":0,"event_name":"Golden Shrine","floor":2,"gold_loss":0,"cards_obtained":["Regret"]}],"is_beta":false,"boss_relics":[],"items_purged_floors":[3],"is_endless":false,"potions_floor_spawned":[4],"killed_by":"Gremlin Nob","ascension_level":20}}