{"host":"dbo0lztt1pyfwysk","time":1607687073,"event":{"mods":["Act Like it!","BaseMod","Conspire","Downfall","Gensokyo","GifTheSpireLib","Hubris","Infinite Spire","KinomotoSakuraMod(????)","Koishi","Luminous","Marisa????????","Minty Spire (QoL Compilation)","Prisma Mod","Remilia??????","Replay The Spire","Shade Mod","Shop Mod","StSLib","The Gatherer"],"gold_per_floor":[15,15,33,33,56,56,66,66,66,98,23,23,34,44,44,139,139,155,155,155,155],"floor_reached":20,"playtime":756,"items_purged":["Strike_G"],"score":267,"play_id":"68966da5-3bfb-4933-af3f-4c068dcce307","local_time":"20201211124433","is_ascension_mode":true,"campfire_choices":[{"data":"Accuracy","floor":6,"key":"SMITH"},{"data":"Storm of Steel","floor":12,"key":"SMITH"},{"data":"Neutralize","floor":15,"key":"SMITH"}],"circlet_count":0,"master_deck":["AscendersBane","Strike_G","Strike_G","Strike_G","Defend_G","Defend_G","Defend_G","Defend_G","Defend_G","Survivor","Neutralize+1","Storm of Steel+1","Dagger Spray","Accuracy+1","Reflex","Escape Plan","ReplayTheSpireMod:Speed Training","Envenom"],"relics":["Ring of the Snake","hubris:Icosahedron","Replay:Mystery Machine","infinitespire:Broken Mirror","MutagenicStrength"],"acts_visited":["Exordium","TheCity"],"potions_floor_usage":[10],"damage_taken":[{"damage":1,"enemies":"2 Louse","floor":1,"turns":3},{"damage":0,"enemies":"Small Slimes","floor":3,"turns":2},{"damage":7,"enemies":"Jaw Worm","floor":7,"turns":4},{"damage":26,"enemies":"Gremlin Nob","floor":10,"turns":5},{"damage":0,"enemies":"3 Louse","floor":13,"turns":1},{"damage":0,"enemies":"Red Slaver","floor":14,"turns":2},{"damage":29,"enemies":"Hexaghost","floor":16,"turns":14},{"damage":47,"enemies":"Spheric Guardian","floor":18,"turns":8},{"damage":17,"enemies":"Shell Parasite","floor":20,"turns":3}],"seed_played":"-838132410522216003","potions_obtained":[{"floor":3,"key":"PowerPotion"},{"floor":18,"key":"Fire Potion"}],"is_trial":false,"path_per_floor":["M","?","M","?","T","R","M","?","T","E","$","R","M","M","R","B",null,"M","?","M"],"character_chosen":"THE_SILENT","items_purchased":[],"campfire_rested":0,"item_purchase_floors":[],"current_hp_per_floor":[62,67,67,67,67,67,60,60,60,34,34,34,34,34,34,5,58,11,11,0,0],"gold":155,"neow_bonus":"THREE_RARE_CARDS","is_daily":false,"chose_seed":false,"campfire_upgraded":3,"win_rate":0.0,"timestamp":1607687073,"path_taken":["M","?","M","?","?","R","M","?","T","E","$","R","M","?","R","BOSS","M","?","M"],"items_purchased_type":[],"build_version":"2020-11-30","purchased_purges":1,"victory":false,"max_hp_per_floor":[70,75,75,75,75,75,75,75,75,75,75,75,75,75,75,75,75,75,75,75,75],"card_choices":[{"not_picked":["Bullet Time","Night Terror"],"picked":"Storm of Steel","floor":0},{"not_picked":["Replay:Poison Smokescreen","Outmaneuver"],"picked":"Dagger Spray","floor":1},{"not_picked":["Sucker Punch","Prepared"],"picked":"Accuracy","floor":3},{"not_picked":["Slice","Sneak Up","Flying Knee"],"picked":"SKIP","floor":7},{"not_picked":["Outmaneuver","Leg Sweep"],"picked":"Escape Plan","floor":10},{"not_picked":["Riddle With Holes","Poisoned Stab","ReplayTheSpireMod:Tripwire"],"picked":"SKIP","floor":13},{"not_picked":["Dodge and Roll","Crippling Poison"],"picked":"ReplayTheSpireMod:Speed Training","floor":14},{"not_picked":["Adrenaline","Tools of the Trade"],"picked":"Envenom","floor":16},{"not_picked":["Deadly Poison","Setup","Reflex+1"],"picked":"SKIP","floor":18}],"player_experience":598734,"relics_obtained":[{"floor":5,"key":"Replay:Mystery Machine"},{"floor":10,"key":"infinitespire:Broken Mirror"}],"event_choices":[{"damage_healed":0,"gold_gain":0,"player_choice":"Donut","damage_taken":0,"max_hp_gain":5,"max_hp_loss":0,"event_name":"Big Fish","floor":2,"gold_loss":0},{"damage_healed":0,"gold_gain":0,"cards_transformed":["Strike_G"],"player_choice":"Transformed","damage_taken":0,"max_hp_gain":0,"max_hp_loss":0,"event_name":"Transmorgrifier","floor":8,"gold_loss":0,"cards_obtained":["Reflex"]},{"damage_healed":0,"gold_gain":0,"player_choice":"Inject Mutagens","damage_taken":0,"relics_obtained":["MutagenicStrength"],"max_hp_gain":0,"max_hp_loss":0,"event_name":"Drug Dealer","floor":19,"gold_loss":0}],"is_beta":false,"boss_relics":[{"not_picked":["Replay:Drink Me","ReplayTheSpireMod:SealedPack","Velvet Choker"]}],"items_purged_floors":[11],"is_endless":false,"potions_floor_spawned":[3,18],"killed_by":"Shell Parasite","ascension_level":11}}