{"host":"49c2zf0lajbcs427","time":1607672719,"event":{"mods":["AchievementEnabler","BaseMod","Colored Map","Colored Powertips","Highlight Path","Minty Spire (QoL Compilation)","Relic Stats","StSLib"],"gold_per_floor":[109,184,184,184,202,202,232,232,310,310,310],"floor_reached":10,"playtime":330,"items_purged":[],"score":112,"play_id":"ae0b0978-59ea-4597-b67c-8f51a7852144","local_time":"20201211204519","is_ascension_mode":true,"campfire_choices":[{"data":"Vigilance","floor":6.0,"key":"SMITH"},{"floor":8.0,"key":"REST"}],"circlet_count":0,"master_deck":["AscendersBane","Strike_P","Strike_P","Strike_P","Strike_P","Defend_P","Defend_P","Defend_P","Defend_P","Eruption","Vigilance+1","Tantrum+1","Sanctity"],"relics":["VioletLotus","InkBottle","Gremlin Horn"],"acts_visited":["Exordium"],"potions_floor_usage":[10],"damage_taken":[{"damage":10.0,"enemies":"Small Slimes","floor":1.0,"turns":4.0},{"damage":0.0,"enemies":"Jaw Worm","floor":5.0,"turns":3.0},{"damage":31.0,"enemies":"Gremlin Nob","floor":7.0,"turns":3.0},{"damage":50,"enemies":"3 Sentries","floor":10,"turns":8}],"seed_played":"-8340932639115008851","potions_obtained":[{"floor":7.0,"key":"Regen Potion"}],"is_trial":false,"path_per_floor":["M","?","?","?","M","R","E","R","T","E"],"character_chosen":"WATCHER","items_purchased":[],"campfire_rested":1,"item_purchase_floors":[],"current_hp_per_floor":[51,40,40,40,40,40,9,29,29,0,0],"gold":310,"neow_bonus":"BOSS_RELIC","is_daily":false,"chose_seed":false,"campfire_upgraded":1,"win_rate":0.0,"timestamp":1607672719,"path_taken":["M","?","?","?","M","R","E","R","T","E"],"items_purchased_type":[],"build_version":"2020-11-30","purchased_purges":0,"victory":false,"max_hp_per_floor":[68,68,68,68,68,68,68,68,68,68,68],"relic_stats":{"Gremlin Horn":[2,2],"counters":[4,18],"VioletLotus":[5],"obtain_stats":[{"Gremlin Horn":9,"VioletLotus":0,"PureWater":0,"InkBottle":7},{"Gremlin Horn":3,"VioletLotus":0,"PureWater":0,"InkBottle":3},{"Gremlin Horn":10,"VioletLotus":0,"PureWater":0,"InkBottle":10}],"InkBottle":[2]},"card_choices":[{"not_picked":["PathToVictory","Evaluate"],"picked":"Tantrum","floor":1.0},{"not_picked":["Consecrate","Halt"],"picked":"Sanctity","floor":5.0},{"not_picked":["Weave","Halt","Vengeance"],"picked":"SKIP","floor":7.0}],"player_experience":2067933,"relics_obtained":[{"floor":7.0,"key":"InkBottle"},{"floor":9.0,"key":"Gremlin Horn"}],"event_choices":[{"damage_healed":0.0,"max_hp_gain":0.0,"max_hp_loss":0.0,"gold_gain":75.0,"event_name":"World of Goop","player_choice":"Gather Gold","floor":2.0,"gold_loss":0.0,"damage_taken":11.0},{"damage_healed":0.0,"max_hp_gain":0.0,"max_hp_loss":0.0,"gold_gain":0.0,"event_name":"Living Wall","player_choice":"Grow","floor":3.0,"gold_loss":0.0,"damage_taken":0.0,"cards_upgraded":["Tantrum"]},{"damage_healed":0.0,"max_hp_gain":0.0,"max_hp_loss":0.0,"gold_gain":0.0,"event_name":"Liars Game","player_choice":"Ignored","floor":4.0,"gold_loss":0.0,"damage_taken":0.0}],"is_beta":false,"boss_relics":[],"items_purged_floors":[],"is_endless":false,"potions_floor_spawned":[7],"killed_by":"3 Sentries","ascension_level":15}}