{"host":"irbs4k8g1zbsytxn","time":1607705723,"event":{"mods":["BaseMod","Better Third Choice","Colored Map","Downfall","Hermit","Highlight Path","Hubris","Koishi","Marisa????????","Minty Spire (QoL Compilation)","Replay The Spire","Robot Space Explorer","Shade Mod","StSLib","The Bug Knight","The Cursed","The Hierophant","The Jungle","The Necromancer","The Runesmith","The Servant 0.9.4","Yuyuko"],"gold_per_floor":[113,141,156,162,156,156,156,156,211,211,11,11,34,81,81,182,182,272,232,313,449,528,528,594,594,594,701,723,851,851,882,882,890,940,1030,1071,1071,251,251,354,354,354,354,426,504,2,79,268,268,123],"floor_reached":51,"playtime":8363,"items_purged":["Doubt"],"score":1200,"play_id":"ae5cf65f-ebbc-444f-870f-a8f109a4dafb","local_time":"20201212005523","is_ascension_mode":false,"campfire_choices":[{"data":"hierophant:Shelter","floor":6.0,"key":"SMITH"},{"data":"hierophant:ChurchCoffers","floor":8.0,"key":"SMITH"},{"data":"hierophant:ConvertCurrency","floor":10.0,"key":"SMITH"},{"data":"hierophant:Community","floor":12.0,"key":"SMITH"},{"data":"hierophant:SealAway","floor":15.0,"key":"SMITH"},{"floor":23.0,"key":"REST"},{"floor":25.0,"key":"REST"},{"data":"hierophant:Chorus","floor":30.0,"key":"SMITH"},{"floor":32.0,"key":"REST"},{"data":"hierophant:Glossolalia","floor":41,"key":"SMITH"},{"data":"hierophant:AuricForm","floor":49,"key":"SMITH"}],"circlet_count":0,"master_deck":["hierophant:Punish","hierophant:Defend_Hierophant","hierophant:Defend_Hierophant","hierophant:ChurchCoffers+1","hierophant:Doubloon","hierophant:ConvertCurrency+1","hierophant:Doubloon","hierophant:Remorse+1","hierophant:Alms","hierophant:SealAway+1","hierophant:Shelter+1","hierophant:Community+1","hierophant:OrnateJavelin","hierophant:Doubloon","hierophant:Zeal","hierophant:BulkyChest+1","hierophant:SolarFlare+1","hierophant:Martyrdom+1","hierophant:TollTheBells+1","hierophant:Doubloon","hierophant:Shelter","hierophant:Glossolalia+1","hierophant:HolyVerse+1","hierophant:Doubloon","hierophant:Remorse","hierophant:Doubloon","hierophant:Racketeering","hierophant:Chorus+1","hierophant:Doubloon","hierophant:Patience+1","hierophant:Shelter","hierophant:Smite","hierophant:AuricForm+1","hierophant:Doubloon","hierophant:CursedGold","hierophant:Racketeering+1","hierophant:Doubloon","hierophant:ConvertCurrency+1","Writhe","hierophant:HammerAndAnvil","hierophant:HammerAndAnvil","hierophant:Exaltation+1","hierophant:Doubloon","Pot Of Greed","Pot Of Greed","Pot Of Greed","Pot Of Greed","TheCursedMod:Grudge+1","hermit:Coalescence","Conserve Battery+1","hierophant:Upheaval+1","Pot Of Greed","hierophant:RustyCrate","hierophant:RustyCrate","hierophant:Doubloon","hierophant:Doubloon","hierophant:Doubloon","hierophant:Doubloon","hierophant:ConvertCurrency","hierophant:Doubloon","Parasite","WitchLeyline+1","PiercingWail"],"relics":["hierophant:PropheticMaskRelic","Ring of Peace","ReplayTheSpireMod:Ring of Addiction","Toy Ornithopter","Potion Belt","Centennial Puzzle","Replay:Grab Bag","Replay:Fungal Core","hubris:GrandSneckoEye","Astrolabe","Replay:Drink Me","hubris:Reverence","Shuriken","Tiny House","ReplayTheSpireMod:TigerMarble","Blue Doll","PrismaticShard","Grinning Jar","Eternal Feather","Anchor","Happy Flower","TheAbacus"],"acts_visited":["Exordium","TheCity","TheBeyond"],"potions_floor_usage":[35,35,40,40,48,50,50],"damage_taken":[{"damage":2.0,"enemies":"Cultist","floor":1.0,"turns":5.0},{"damage":0.0,"enemies":"2 Louse","floor":2.0,"turns":3.0},{"damage":5.0,"enemies":"Small Slimes","floor":3.0,"turns":3.0},{"damage":4.0,"enemies":"Blue Slaver","floor":4.0,"turns":4.0},{"damage":5.0,"enemies":"Looter","floor":5.0,"turns":3.0},{"damage":0.0,"enemies":"2 Fungi Beasts","floor":13.0,"turns":4.0},{"damage":0.0,"enemies":"3 Louse","floor":14.0,"turns":6.0},{"damage":11.0,"enemies":"Hexaghost","floor":16.0,"turns":12.0},{"damage":0.0,"enemies":"Shell Parasite","floor":18.0,"turns":4.0},{"damage":0.0,"enemies":"2 Thieves","floor":20.0,"turns":4.0},{"damage":0.0,"enemies":"Sentry and Sphere","floor":21.0,"turns":3.0},{"damage":48.0,"enemies":"Centurion and Healer","floor":22.0,"turns":6.0},{"damage":2.0,"enemies":"Cultist and Chosen","floor":24.0,"turns":5.0},{"damage":0.0,"enemies":"HollowMod:Nosk","floor":27.0,"turns":4.0},{"damage":0.0,"enemies":"Sentry and Sphere","floor":28.0,"turns":4.0},{"damage":0.0,"enemies":"3 Cultists","floor":29.0,"turns":3.0},{"damage":0.0,"enemies":"Snecko","floor":31.0,"turns":4.0},{"damage":38.0,"enemies":"Collector","floor":33.0,"turns":9.0},{"damage":11,"enemies":"3 Shapes","floor":35,"turns":5},{"damage":0,"enemies":"3 Darklings","floor":36,"turns":4},{"damage":0,"enemies":"HollowMod:StalkingDevout","floor":40,"turns":4},{"damage":0,"enemies":"Giant Head","floor":44,"turns":3},{"damage":0,"enemies":"Maw","floor":45,"turns":6},{"damage":0,"enemies":"Writhing Mass","floor":47,"turns":4},{"damage":0,"enemies":"3 Darklings","floor":48,"turns":3},{"damage":0,"enemies":"Awakened One","floor":50,"turns":9}],"seed_played":"-2069035645041018037","potions_obtained":[{"floor":5.0,"key":"ColorlessPotion"},{"floor":7.0,"key":"BlessingOfTheForge"},{"floor":7.0,"key":"Reflective Coating"},{"floor":7.0,"key":"LifebloodPotion"},{"floor":13.0,"key":"SkillPotion"},{"floor":20.0,"key":"Fire Potion"},{"floor":24.0,"key":"SneckoOil"},{"floor":28.0,"key":"Ancient Potion"},{"floor":34,"key":"Slimebound:ThreeZeroPotion"},{"floor":40,"key":"Flashbang"},{"floor":45,"key":"PowerPotion"}],"is_trial":false,"path_per_floor":["M","M","M","M","M","R","?","R","T","R","$","R","M","M","R","B",null,"M","?","M","M","M","R","M","R","T","E","M","M","R","M","R","B",null,"M","M","?","$","?","E","R","?","T","E","M","$","M","M","R","B",null],"character_chosen":"HIEROPHANT","items_purchased":["hierophant:Community","hierophant:OrnateJavelin","hierophant:Doubloon","ReplayTheSpireMod:TigerMarble","Blue Doll","PrismaticShard","DuplicationPotion","AttackPotion","FearPotion","hierophant:HammerAndAnvil","hierophant:Exaltation","Happy Flower","TheAbacus","hierophant:Upheaval+1","hierophant:RustyCrate","hierophant:ConvertCurrency","Adrenaline Potion"],"campfire_rested":3,"item_purchase_floors":[11,11,11,38,38,38,38,38,38,38,38,46,46,46,46,46,46],"current_hp_per_floor":[80,80,75,71,66,66,66,66,66,66,66,66,66,66,66,67,59,59,59,57,57,9,25,23,39,39,39,39,44,44,44,51,16,54,48,48,54,54,52,52,52,52,52,50,50,50,48,48,48,48],"gold":123,"neow_bonus":"TEN_PERCENT_HP_BONUS","is_daily":false,"chose_seed":false,"campfire_upgraded":8,"win_rate":0.0,"timestamp":1607705723,"path_taken":["M","M","M","M","M","R","?","R","T","R","$","R","M","M","R","BOSS","M","?","M","M","M","R","?","R","T","E","M","M","R","M","R","BOSS","M","M","?","$","?","E","R","?","T","E","M","$","M","M","R","BOSS"],"items_purchased_type":["Card","Card","Card","Relic","Relic","Relic","Potion","Potion","Potion","Card","Card","Relic","Relic","Card","Card","Card","Potion"],"build_version":"2020-11-30","purchased_purges":1,"victory":true,"max_hp_per_floor":[82,82,82,82,82,82,82,82,82,82,80,80,80,78,78,78,59,59,59,57,57,57,55,55,55,53,53,53,51,51,51,51,49,54,54,54,54,54,52,52,52,52,52,50,50,50,48,48,48,48],"card_choices":[{"not_picked":["hierophant:HolyVerse","hierophant:RustyCrate"],"picked":"hierophant:ConvertCurrency","floor":1.0},{"not_picked":["hierophant:OrnateBuckler","hierophant:FlamingChariot"],"picked":"hierophant:Remorse","floor":2.0},{"not_picked":["hierophant:DisplayOfPower","hierophant:Bribe"],"picked":"hierophant:Alms","floor":3.0},{"not_picked":["hierophant:Purify","hierophant:Alms"],"picked":"hierophant:SealAway","floor":4.0},{"not_picked":["hierophant:DisplayOfPower","hierophant:Flagellation"],"picked":"hierophant:Shelter","floor":5.0},{"not_picked":["hierophant:SolarFlare","hierophant:Blessing"],"picked":"hierophant:PassingBell","floor":13.0},{"not_picked":["hierophant:Patience","hierophant:PassingBell"],"picked":"hierophant:Zeal","floor":14.0},{"not_picked":["hierophant:WrathOfGod","hierophant:Cornucopia"],"picked":"hierophant:BulkyChest","floor":16.0},{"not_picked":["hierophant:CoinFling","hierophant:Patience"],"picked":"hierophant:Shelter","floor":18.0},{"not_picked":["hierophant:FaithHealing+1","hierophant:RecallFunds"],"picked":"hierophant:Glossolalia","floor":20.0},{"not_picked":["hierophant:Doubloon+1","hierophant:PassingBell+1"],"picked":"hierophant:HolyVerse+1","floor":21.0},{"not_picked":["hierophant:Purify+1","hierophant:Refuge"],"picked":"hierophant:Remorse","floor":22.0},{"not_picked":["hierophant:Remorse","hierophant:SolarFlare"],"picked":"hierophant:Racketeering","floor":24.0},{"not_picked":["hierophant:RepressedViolence+1","hierophant:Shelter"],"picked":"hierophant:Chorus","floor":27.0},{"not_picked":["hierophant:Empathy","hierophant:Invocation"],"picked":"hierophant:Patience+1","floor":28.0},{"not_picked":["hierophant:Zeal","hierophant:SealAway+1"],"picked":"hierophant:Shelter","floor":29.0},{"not_picked":["hierophant:RecallFunds","hierophant:Remorse"],"picked":"hierophant:Smite","floor":31.0},{"not_picked":["hierophant:Anathema","hierophant:WrathOfGod"],"picked":"hierophant:AuricForm","floor":33.0},{"not_picked":["hierophant:AuricBeam","hierophant:Doubloon"],"picked":"hierophant:CursedGold","floor":34},{"not_picked":["hierophant:MorningPrayer","hierophant:Embezzle"],"picked":"hierophant:Racketeering+1","floor":35},{"not_picked":["hierophant:ThreeLashes","hierophant:PassingBell+1"],"picked":"hierophant:ConvertCurrency+1","floor":36},{"not_picked":["hexamod:SkipABeat","Koishi:FleetingPhantom"],"picked":"TheCursedMod:Grudge+1","floor":40},{"not_picked":["Guardian:Gem_Green","Slimebound:SamplingLick+1"],"picked":"hermit:Coalescence","floor":44},{"not_picked":["Postpone Bloom+1","Evaluate+1"],"picked":"Conserve Battery+1","floor":45},{"not_picked":["Underhanded Strike","RobotSpaceExplorer:Asteroid"],"picked":"WitchLeyline+1","floor":47},{"not_picked":["Koishi:ParalyzingFear","Spin+1"],"picked":"PiercingWail","floor":48}],"player_experience":241483,"relics_obtained":[{"floor":7.0,"key":"Ring of Peace"},{"floor":7.0,"key":"ReplayTheSpireMod:Ring of Addiction"},{"floor":7.0,"key":"Toy Ornithopter"},{"floor":7.0,"key":"Potion Belt"},{"floor":9.0,"key":"Centennial Puzzle"},{"floor":26.0,"key":"hubris:Reverence"},{"floor":27.0,"key":"Shuriken"},{"floor":40,"key":"Grinning Jar"},{"floor":43,"key":"Eternal Feather"},{"floor":44,"key":"Anchor"}],"event_choices":[{"damage_healed":0.0,"max_hp_gain":0.0,"max_hp_loss":0.0,"gold_gain":0.0,"event_name":"Designer","player_choice":"Upgrade","floor":19.0,"gold_loss":40.0,"damage_taken":0.0,"cards_upgraded":["hierophant:BulkyChest"]},{"damage_healed":14,"gold_gain":0,"player_choice":"Writhe","damage_taken":0,"max_hp_gain":0,"max_hp_loss":0,"event_name":"Winding Halls","floor":37,"gold_loss":0,"cards_obtained":["Writhe"]},{"cards_removed":["hierophant:PassingBell"],"damage_healed":0,"gold_gain":0,"player_choice":"Removed Attack","damage_taken":0,"max_hp_gain":0,"max_hp_loss":0,"event_name":"Falling","floor":42,"gold_loss":0}],"is_beta":false,"boss_relics":[{"not_picked":["Kintsugi","Velvet Choker"],"picked":"Replay:Grab Bag"},{"not_picked":["Busted Crown","Replay:Bronze Core"],"picked":"Replay:Fungal Core"},{"not_picked":["Replay:Wanted Poster","Runic Dome"],"picked":"hubris:GrandSneckoEye"},{"not_picked":["hubris:Stopwatch","Snecko Eye"],"picked":"Astrolabe"},{"not_picked":["hubris:BlackHole","Runic Pyramid"],"picked":"Replay:Drink Me"},{"not_picked":["ChewingGum","hubris:RunicObelisk"],"picked":"Tiny House"}],"items_purged_floors":[38],"is_endless":false,"potions_floor_spawned":[5,13,20,24,28,40,45],"ascension_level":0}}