{"host":"be5hvki5gkosi5aw","time":1607665486,"event":{"mods":["AchievementEnabler","Act Like it!","Astrologer","BaseMod","Colored Map","Hallownest","Hermit","Hubris","Infinite Spire","Koishi","Minty Spire (QoL Compilation)","Replay The Spire","StSLib","The Administrix","The Alterego","The Vixen"],"gold_per_floor":[112,112,128,147,147,147,147,147,194,194,214,214,226,263,263,263,263],"floor_reached":16,"playtime":533,"items_purged":[],"score":150,"play_id":"4a7d564d-b0f9-44cb-9e51-c4aaf24321fb","local_time":"20201211004446","is_ascension_mode":false,"campfire_choices":[{"data":"Koishi:Provoke","floor":6.0,"key":"SMITH"},{"data":"Koishi:Prune","floor":8.0,"key":"SMITH"},{"data":"Koishi:ParalyzingFear","floor":12.0,"key":"SMITH"},{"floor":15.0,"key":"REST"}],"circlet_count":0,"master_deck":["Koishi:BasicStrike","Koishi:BasicStrike","Koishi:BasicStrike","Koishi:BasicStrike","Koishi:BasicDefend","Koishi:BasicDefend","Koishi:BasicDefend","Koishi:Provoke+1","Koishi:HauntingSlash","Koishi:BloodcurdlingScream+1","Koishi:Prune+1","Koishi:ParalyzingFear+1","Koishi:Catatonia"],"relics":["hubris:HollowSoul","hubris:Towel","CeramicFish","Bronze Scales","FossilizedHelix"],"acts_visited":["Exordium"],"potions_floor_usage":[],"damage_taken":[{"damage":7.0,"enemies":"Small Slimes","floor":1.0,"turns":5.0},{"damage":1.0,"enemies":"Cultist","floor":3.0,"turns":3.0},{"damage":6.0,"enemies":"Jaw Worm","floor":4.0,"turns":3.0},{"damage":0.0,"enemies":"2 Fungi Beasts","floor":11.0,"turns":2.0},{"damage":8.0,"enemies":"Red Slaver","floor":13.0,"turns":2.0},{"damage":15.0,"enemies":"Lagavulin","floor":14.0,"turns":5.0},{"damage":32.0,"enemies":"Slime Boss","floor":16.0,"turns":9.0}],"seed_played":"8075416780665520684","potions_obtained":[{"floor":3.0,"key":"Energy Potion"},{"floor":4.0,"key":"BlessingOfTheForge"},{"floor":13.0,"key":"Energy Potion"}],"is_trial":false,"path_per_floor":["M","?","M","M","?","R","?","R","T","?","M","R","M","E","R","B"],"character_chosen":"KOISHI","items_purchased":[],"campfire_rested":1,"item_purchase_floors":[],"current_hp_per_floor":[55,55,55,49,49,49,37,37,37,37,38,38,31,18,36,4,4],"gold":263,"neow_bonus":"BOSS_RELIC","is_daily":false,"chose_seed":false,"campfire_upgraded":3,"win_rate":0.0,"timestamp":1607665486,"path_taken":["M","?","?","M","?","R","?","R","T","?","?","R","M","E","R","BOSS","BOSS"],"items_purchased_type":[],"build_version":"2020-11-30","purchased_purges":0,"victory":false,"max_hp_per_floor":[60,60,60,60,60,60,60,60,60,60,60,60,60,60,60,60,60],"card_choices":[{"not_picked":["Koishi:UnconsciousUprising","Koishi:TraumaticStroke"],"picked":"Koishi:BloodcurdlingScream","floor":1.0},{"not_picked":["Koishi:DanmakuParanoia","Koishi:UnansweredLove","Koishi:StingingMind"],"picked":"SKIP","floor":3.0},{"not_picked":["Koishi:UnansweredLove","Koishi:DNAsFlaw"],"picked":"Koishi:Prune","floor":4.0},{"not_picked":["Koishi:UnansweredLove","Koishi:YoukaiPolygraph"],"picked":"Koishi:ParalyzingFear","floor":11.0},{"not_picked":["Koishi:FleetingPhantom","Koishi:FidgetySnatcher","Koishi:PhantomStrike"],"picked":"SKIP","floor":13.0},{"not_picked":["Koishi:UnconsciousUprising","Koishi:EmbryosDream"],"picked":"Koishi:Catatonia","floor":14.0}],"player_experience":126313,"relics_obtained":[{"floor":9.0,"key":"Bronze Scales"},{"floor":14.0,"key":"FossilizedHelix"}],"event_choices":[{"damage_healed":0.0,"max_hp_gain":0.0,"max_hp_loss":0.0,"gold_gain":0.0,"event_name":"Upgrade Shrine","player_choice":"Upgraded","floor":2.0,"gold_loss":0.0,"damage_taken":0.0,"cards_upgraded":["Koishi:BloodcurdlingScream"]},{"damage_healed":0.0,"max_hp_gain":0.0,"max_hp_loss":0.0,"gold_gain":0.0,"event_name":"Scrap Ooze","player_choice":"Success","floor":7.0,"gold_loss":0.0,"damage_taken":12.0,"relics_obtained":["CeramicFish"]},{"cards_removed":["Koishi:BasicDefend"],"damage_healed":0.0,"max_hp_gain":0.0,"max_hp_loss":0.0,"gold_gain":0.0,"event_name":"Purifier","player_choice":"Purged","floor":10.0,"gold_loss":0.0,"damage_taken":0.0}],"is_beta":false,"boss_relics":[],"items_purged_floors":[],"is_endless":false,"potions_floor_spawned":[3,4,13],"killed_by":"Slime Boss","ascension_level":0}}