{"host":"svdrdpvpxtppvaze","time":1607664358,"event":{"mods":["AchievementEnabler","BaseMod","BetterRewards","Colored Powertips","Downfall","Googly Eyes","Hubris","Infinite Spire","Minty Spire (QoL Compilation)","Quick Restart","Rare Cards Sparkle","Replay The Spire","Shop Mod","StSLib"],"gold_per_floor":[112,42,59,59,59,92,92,124,200,213,226,226,237,237,237,335,335,345,364,364,377,392,392,407,407,485,485,498,498,598,612,612,612,612],"floor_reached":33,"playtime":1054,"items_purged":["Defend_P+1"],"score":284,"play_id":"516ca030-1174-4410-a81c-284e59bf58b3","local_time":"20201211112558","is_ascension_mode":false,"campfire_choices":[{"data":"Eruption","floor":7,"key":"SMITH"},{"data":"TalkToTheHand","floor":12,"key":"SMITH"},{"data":"Tantrum","floor":15,"key":"SMITH"},{"data":"Omniscience","floor":23,"key":"SMITH"},{"data":"Fasting2","floor":25,"key":"SMITH"},{"data":"Crescendo","floor":27,"key":"SMITH"},{"floor":32,"key":"REST"}],"circlet_count":0,"master_deck":["Strike_P+1","Strike_P+1","Defend_P+1","Eruption+1","Vigilance","Perseverance","Tantrum+1","TalkToTheHand+1","Protect+1","LessonLearned+1","EmptyMind+1","Halt+1","Crescendo+1","LikeWater","Omniscience+1","Replay:Hum+1","DeceiveReality+1","CarveReality+1","ThirdEye+1","Fasting2+1","TalkToTheHand+1","ReachHeaven+1","FollowUp+1"],"relics":["PureWater","NeowsBlessing","Ancient Tea Set","Vajra","ReplayTheSpireMod:Shallot","Astrolabe","Golden Egg","HornCleat"],"acts_visited":["Exordium","TheCity"],"potions_floor_usage":[22],"damage_taken":[{"damage":0,"enemies":"Cultist","floor":1,"turns":1},{"damage":0,"enemies":"Small Slimes","floor":3,"turns":1},{"damage":0,"enemies":"3 Sentries","floor":6,"turns":2},{"damage":18,"enemies":"Lagavulin","floor":8,"turns":10},{"damage":0,"enemies":"Jaw Worm","floor":10,"turns":4},{"damage":0,"enemies":"Looter","floor":11,"turns":4},{"damage":0,"enemies":"Gremlin Gang","floor":13,"turns":5},{"damage":7,"enemies":"The Guardian","floor":16,"turns":7},{"damage":7,"enemies":"Chosen","floor":18,"turns":5},{"damage":0,"enemies":"Spheric Guardian","floor":19,"turns":2},{"damage":0,"enemies":"Centurion and Healer","floor":21,"turns":4},{"damage":6,"enemies":"Sentry and Sphere","floor":22,"turns":5},{"damage":14,"enemies":"Cultist and Chosen","floor":24,"turns":7},{"damage":0,"enemies":"Chosen and Byrds","floor":28,"turns":6},{"damage":0,"enemies":"3 Cultists","floor":31,"turns":4},{"damage":72,"enemies":"hubris:MusketHawk","floor":33,"turns":6}],"seed_played":"-8873798626288711314","potions_obtained":[{"floor":1,"key":"CultistPotion"},{"floor":10,"key":"Milkshake"},{"floor":13,"key":"Reflective Coating"},{"floor":19,"key":"BottledMiracle"},{"floor":21,"key":"Fire Potion"}],"is_trial":false,"path_per_floor":["M","$","M","$","?","E","R","E","T","M","M","R","M","?","R","B",null,"M","M","AVR","M","M","R","M","R","T","R","M","?","?","M","R","B"],"character_chosen":"WATCHER","items_purchased":["Tantrum"],"campfire_rested":1,"item_purchase_floors":[2],"current_hp_per_floor":[72,72,72,72,72,72,72,54,54,54,54,54,54,40,40,33,72,65,65,65,65,59,59,45,45,45,45,45,45,45,45,66,0,0],"gold":612,"neow_bonus":"THREE_ENEMY_KILL","is_daily":false,"chose_seed":false,"campfire_upgraded":6,"win_rate":0.0,"timestamp":1607664358,"path_taken":["M","$","M","$","?","E","R","E","T","?","M","R","M","?","R","BOSS","M","M","AVR","M","M","R","M","R","T","R","M","?","?","?","R","BOSS"],"items_purchased_type":["Card"],"build_version":"2020-11-30","purchased_purges":1,"victory":false,"max_hp_per_floor":[72,72,72,72,72,72,72,72,72,72,72,72,72,72,72,72,72,72,72,72,72,72,72,72,72,72,72,72,72,72,72,72,72,72],"card_choices":[{"not_picked":["FollowUp","Vengeance"],"picked":"Perseverance","floor":1},{"not_picked":["Protect","DeceiveReality"],"picked":"TalkToTheHand","floor":3},{"not_picked":["JustLucky","Adaptation"],"picked":"LessonLearned","floor":6},{"not_picked":["SashWhip","Replay:AtTheReady"],"picked":"EmptyMind","floor":8},{"not_picked":["JustLucky","Sanctity"],"picked":"Halt","floor":10},{"not_picked":["Swivel","InnerPeace"],"picked":"Crescendo","floor":11},{"not_picked":["Study","EmptyFist"],"picked":"LikeWater","floor":13},{"not_picked":["Replay:LoomingThreat","ConjureBlade"],"picked":"Omniscience","floor":16},{"not_picked":["Replay:ManipulateFuture","BowlingBash","Replay:Cycle"],"picked":"SKIP","floor":18},{"not_picked":["Protect+1","Collect"],"picked":"ThirdEye+1","floor":19},{"not_picked":["CrushJoints","SignatureMove+1"],"picked":"Fasting2","floor":21},{"not_picked":["PathToVictory","Indignation"],"picked":"TalkToTheHand","floor":22},{"not_picked":["PathToVictory+1","Replay:DivineShield+1"],"picked":"ReachHeaven+1","floor":24},{"not_picked":["JustLucky","Replay:Battleflow"],"picked":"FollowUp+1","floor":28},{"not_picked":["SignatureMove","Brilliance","PathToVictory+1"],"picked":"SKIP","floor":31}],"player_experience":8899,"relics_obtained":[{"floor":6,"key":"Ancient Tea Set"},{"floor":8,"key":"Vajra"},{"floor":9,"key":"ReplayTheSpireMod:Shallot"},{"floor":26,"key":"HornCleat"}],"event_choices":[{"damage_healed":0,"gold_gain":0,"cards_transformed":["Strike_P"],"player_choice":"Transformed","damage_taken":0,"max_hp_gain":0,"max_hp_loss":0,"event_name":"Transmorgrifier","floor":5,"gold_loss":0,"cards_obtained":["Protect"]},{"damage_healed":0,"gold_gain":0,"player_choice":"Entered Light","damage_taken":14,"max_hp_gain":0,"max_hp_loss":0,"event_name":"Shining Light","floor":14,"gold_loss":0,"cards_upgraded":["Strike_P","Protect"]},{"damage_healed":0,"gold_gain":100,"player_choice":"Pray","damage_taken":0,"max_hp_gain":0,"max_hp_loss":0,"event_name":"Golden Shrine","floor":30,"gold_loss":0}],"is_beta":false,"boss_relics":[{"not_picked":["ReplayTheSpireMod:SealedPack","Snecko Eye"],"picked":"Astrolabe"}],"items_purged_floors":[20],"is_endless":false,"potions_floor_spawned":[1,10,13,18,19,21],"killed_by":"hubris:MusketHawk","ascension_level":0}}