{"host":"2yqfi47fogfu1ic4","time":1607663404,"event":{"mods":["AchievementEnabler","BaseMod","Colored Map","Colored Powertips","Highlight Path","Minty Spire (QoL Compilation)","Permanent Neow","Relic Stats","StSLib"],"gold_per_floor":[119,119,130,110,128,154,176,176,176,192,192,192,192,6,6,83,83,98,108,23,58,68,68,101,121,121,121,146,159,159,184,184,256,256,268,279,304,324,344,376,376,144,144,169,189,202,202,237,237,237,237,237],"floor_reached":51,"playtime":9420,"items_purged":["Dagger Spray"],"score":1740,"play_id":"1387d9b1-2a9f-412a-b119-567faefbd234","local_time":"20201211061004","is_ascension_mode":true,"campfire_choices":[{"floor":8.0,"key":"REST"},{"floor":12.0,"key":"REST"},{"data":"Well Laid Plans","floor":15.0,"key":"SMITH"},{"data":"Footwork","floor":23.0,"key":"SMITH"},{"floor":27.0,"key":"REST"},{"data":"Tools of the Trade","floor":32.0,"key":"SMITH"},{"floor":47,"key":"RECALL"},{"floor":49,"key":"REST"}],"circlet_count":0,"master_deck":["AscendersBane","Defend_G","Defend_G","Defend_G","Defend_G","Survivor","Neutralize","Well Laid Plans+1","Deflect","Cloak And Dagger","Deadly Poison","Slice","Backflip","Flechettes","Backflip","Tools of the Trade+1","Blur","Footwork+1","Deflect","Terror","Outmaneuver+1","After Image","Bite","Bite","Bite","Bite","Bite","Calculated Gamble","Glass Knife","Acrobatics+1","Deadly Poison+1","Deflect","Bouncing Flask","Backflip+1","Skewer+1","Catalyst"],"relics":["Ring of the Snake","Thread and Needle","White Beast Statue","Odd Mushroom","TungstenRod","Bag of Preparation","Philosopher\u0027s Stone","Shuriken","Red Mask","Bottled Tornado","Oddly Smooth Stone","Juzu Bracelet","MealTicket","Fusion Hammer","Unceasing Top","Centennial Puzzle","Bag of Marbles","Mercury Hourglass"],"acts_visited":["Exordium","TheCity","TheBeyond"],"potions_floor_usage":[38,44,48,50,50],"damage_taken":[{"damage":9.0,"enemies":"Jaw Worm","floor":1.0,"turns":6.0},{"damage":0.0,"enemies":"Small Slimes","floor":3.0,"turns":5.0},{"damage":2.0,"enemies":"Cultist","floor":5.0,"turns":4.0},{"damage":26.0,"enemies":"Lagavulin","floor":6.0,"turns":8.0},{"damage":0.0,"enemies":"The Mushroom Lair","floor":7.0,"turns":4.0},{"damage":0.0,"enemies":"Blue Slaver","floor":10.0,"turns":4.0},{"damage":19.0,"enemies":"Slime Boss","floor":16.0,"turns":11.0},{"damage":0.0,"enemies":"3 Byrds","floor":18.0,"turns":3.0},{"damage":2.0,"enemies":"Shell Parasite","floor":19.0,"turns":7.0},{"damage":3.0,"enemies":"Masked Bandits","floor":21.0,"turns":4.0},{"damage":0.0,"enemies":"Centurion and Healer","floor":22.0,"turns":4.0},{"damage":18.0,"enemies":"Book of Stabbing","floor":24.0,"turns":7.0},{"damage":18.0,"enemies":"Chosen and Byrds","floor":25.0,"turns":9.0},{"damage":0.0,"enemies":"Gremlin Leader","floor":28.0,"turns":9.0},{"damage":0.0,"enemies":"Snecko","floor":29.0,"turns":8.0},{"damage":4.0,"enemies":"Slavers","floor":31.0,"turns":8.0},{"damage":0.0,"enemies":"Automaton","floor":33.0,"turns":11.0},{"damage":0.0,"enemies":"Orb Walker","floor":35.0,"turns":4.0},{"damage":3.0,"enemies":"3 Darklings","floor":36.0,"turns":9.0},{"damage":0,"enemies":"Mind Bloom Boss Battle","floor":37,"turns":6},{"damage":7,"enemies":"Jaw Worm Horde","floor":38,"turns":7},{"damage":0,"enemies":"Maw","floor":39,"turns":7},{"damage":20,"enemies":"Giant Head","floor":40,"turns":8},{"damage":0,"enemies":"Reptomancer","floor":44,"turns":7},{"damage":0,"enemies":"Transient","floor":45,"turns":6},{"damage":0,"enemies":"4 Shapes","floor":46,"turns":6},{"damage":22,"enemies":"Giant Head","floor":48,"turns":6},{"damage":43,"enemies":"Awakened One","floor":50,"turns":19},{"damage":67,"enemies":"Time Eater","floor":51,"turns":16}],"seed_played":"6751540750467083247","potions_obtained":[{"floor":1.0,"key":"Energy Potion"},{"floor":4.0,"key":"Explosive Potion"},{"floor":10.0,"key":"Poison Potion"},{"floor":16.0,"key":"EntropicBrew"},{"floor":18.0,"key":"Regen Potion"},{"floor":21.0,"key":"BlessingOfTheForge"},{"floor":22.0,"key":"GamblersBrew"},{"floor":24.0,"key":"GhostInAJar"},{"floor":25.0,"key":"FearPotion"},{"floor":28.0,"key":"DistilledChaos"},{"floor":31.0,"key":"DistilledChaos"},{"floor":35.0,"key":"LiquidMemories"},{"floor":38,"key":"Block Potion"},{"floor":39,"key":"Dexterity Potion"},{"floor":44,"key":"CunningPotion"},{"floor":48,"key":"AttackPotion"}],"is_trial":false,"path_per_floor":["M","?","M","?","M","E","?","R","T","M","?","R","?","$","R","B",null,"M","M","?","?","M","R","E","M","T","R","E","M","?","E","R","B",null,"M","M","?","M","M","E","?","$","T","E","M","M","R","E","R","B","B"],"character_chosen":"THE_SILENT","items_purchased":["Bag of Preparation","Backflip","Centennial Puzzle"],"campfire_rested":4,"item_purchase_floors":[14,14,42],"current_hp_per_floor":[50,32,32,32,30,4,4,22,22,22,22,40,45,45,45,26,55,55,53,53,50,50,50,47,29,29,48,48,48,45,45,45,45,45,45,45,45,45,45,39,34,45,45,45,45,45,45,31,44,40,0,0],"gold":237,"neow_bonus":"TRANSFORM_TWO_CARDS","is_daily":false,"chose_seed":false,"campfire_upgraded":3,"win_rate":0.0,"timestamp":1607663404,"path_taken":["M","?","M","?","?","E","?","R","T","M","?","R","?","?","R","BOSS","M","M","?","?","M","R","E","M","T","R","E","M","?","E","R","BOSS","M","M","?","M","M","E","?","$","T","E","M","M","R","E","R","BOSS","BOSS"],"items_purchased_type":["Relic","Card","Relic"],"build_version":"2020-11-30","purchased_purges":1,"victory":false,"max_hp_per_floor":[60,60,60,60,60,60,60,60,60,60,60,60,65,65,65,65,65,65,65,65,65,65,65,65,65,65,65,65,65,45,45,45,45,45,45,45,45,45,45,45,45,45,45,45,45,45,45,45,45,45,45,45],"relic_stats":{"Centennial Puzzle":[9],"counters":[29,213],"Shuriken":[70],"MealTicket":11,"Bag of Preparation":[46],"Juzu Bracelet":0,"obtain_stats":[{"Oddly Smooth Stone":26,"Thread and Needle":2,"Bag of Preparation":14,"Juzu Bracelet":28,"Odd Mushroom":7,"Bottled Tornado":24,"White Beast Statue":6,"Mercury Hourglass":48,"Centennial Puzzle":42,"Shuriken":20,"Philosopher\u0027s Stone":17,"MealTicket":31,"Fusion Hammer":34,"Red Mask":21,"Bag of Marbles":44,"TungstenRod":9,"Unceasing Top":37,"Ring of the Snake":0},{"Oddly Smooth Stone":13,"Thread and Needle":1,"Bag of Preparation":6,"Juzu Bracelet":14,"Odd Mushroom":5,"Bottled Tornado":12,"White Beast Statue":4,"Mercury Hourglass":27,"Centennial Puzzle":23,"Shuriken":9,"Philosopher\u0027s Stone":7,"MealTicket":16,"Fusion Hammer":17,"Red Mask":10,"Bag of Marbles":24,"TungstenRod":5,"Unceasing Top":20,"Ring of the Snake":0},{"Oddly Smooth Stone":76,"Thread and Needle":6,"Bag of Preparation":31,"Juzu Bracelet":85,"Odd Mushroom":27,"Bottled Tornado":67,"White Beast Statue":23,"Mercury Hourglass":178,"Centennial Puzzle":153,"Shuriken":52,"Philosopher\u0027s Stone":42,"MealTicket":101,"Fusion Hammer":112,"Red Mask":56,"Bag of Marbles":160,"TungstenRod":27,"Unceasing Top":131,"Ring of the Snake":0}],"TungstenRod":37,"Unceasing Top":[40],"Ring of the Snake":[58],"Mercury Hourglass":[114]},"card_choices":[{"not_picked":["Leg Sweep","Dodge and Roll"],"picked":"Cloak And Dagger","floor":1.0},{"not_picked":["Infinite Blades","Sucker Punch"],"picked":"Deadly Poison","floor":3.0},{"not_picked":["Sucker Punch","Skewer"],"picked":"Slice","floor":5.0},{"not_picked":["Finisher","PiercingWail"],"picked":"Dagger Spray","floor":6.0},{"not_picked":["PiercingWail","Expertise"],"picked":"Backflip","floor":7.0},{"not_picked":["Expertise","Caltrops"],"picked":"Flechettes","floor":10.0},{"not_picked":["Malaise","Storm of Steel"],"picked":"Tools of the Trade","floor":16.0},{"not_picked":["Flechettes","Bane","Sucker Punch"],"picked":"SKIP","floor":18.0},{"not_picked":["Well Laid Plans","Flying Knee"],"picked":"Blur","floor":19.0},{"not_picked":["Predator+1","Infinite Blades"],"picked":"Footwork","floor":21.0},{"not_picked":["Cloak And Dagger","Quick Slash"],"picked":"Deflect","floor":22.0},{"not_picked":["Skewer","Prepared"],"picked":"Terror","floor":24.0},{"not_picked":["Deadly Poison","Quick Slash"],"picked":"Outmaneuver+1","floor":25.0},{"not_picked":["PiercingWail","Caltrops"],"picked":"After Image","floor":28.0},{"not_picked":["Slice","Prepared","Riddle With Holes"],"picked":"SKIP","floor":29.0},{"not_picked":["Slice","Prepared","Riddle With Holes"],"picked":"SKIP","floor":29.0},{"not_picked":["Bane","Deadly Poison"],"picked":"Calculated Gamble","floor":31.0},{"not_picked":["Corpse Explosion","Venomology"],"picked":"Glass Knife","floor":33.0},{"not_picked":["Dagger Spray+1","Dagger Throw"],"picked":"Acrobatics+1","floor":35.0},{"not_picked":["All Out Attack+1","Flying Knee+1"],"picked":"Deadly Poison+1","floor":36.0},{"not_picked":["Cloak And Dagger","Quick Slash"],"picked":"Deflect","floor":37},{"not_picked":["Bullet Time","Finisher","Dagger Throw"],"picked":"SKIP","floor":38},{"not_picked":["Cloak And Dagger","Sucker Punch+1"],"picked":"Bouncing Flask","floor":39},{"not_picked":["Cloak And Dagger","Setup+1"],"picked":"Backflip+1","floor":40},{"not_picked":["Eviscerate","Expertise"],"picked":"Skewer+1","floor":44},{"not_picked":["Prepared","Outmaneuver"],"picked":"Catalyst","floor":45},{"not_picked":["Blade Dance","Prepared","Concentrate"],"picked":"SKIP","floor":46},{"not_picked":["Blade Dance","Dagger Throw","Distraction"],"picked":"SKIP","floor":48}],"player_experience":1710219,"relics_obtained":[{"floor":6.0,"key":"White Beast Statue"},{"floor":7.0,"key":"Odd Mushroom"},{"floor":9.0,"key":"TungstenRod"},{"floor":21.0,"key":"Red Mask"},{"floor":24.0,"key":"Bottled Tornado"},{"floor":26.0,"key":"Oddly Smooth Stone"},{"floor":28.0,"key":"Juzu Bracelet"},{"floor":31.0,"key":"MealTicket"},{"floor":37,"key":"Unceasing Top"},{"floor":44,"key":"Bag of Marbles"},{"floor":48,"key":"Mercury Hourglass"}],"event_choices":[{"damage_healed":0.0,"max_hp_gain":0.0,"max_hp_loss":0.0,"gold_gain":0.0,"event_name":"Scrap Ooze","player_choice":"Success","floor":2.0,"gold_loss":0.0,"damage_taken":18.0,"relics_obtained":["Thread and Needle"]},{"damage_healed":0.0,"max_hp_gain":0.0,"max_hp_loss":0.0,"gold_gain":0.0,"event_name":"The Woman in Blue","player_choice":"Bought 1 Potion","floor":4.0,"gold_loss":0.0,"damage_taken":0.0},{"damage_healed":0.0,"max_hp_gain":0.0,"max_hp_loss":0.0,"gold_gain":0.0,"event_name":"Mushrooms","player_choice":"Fought Mushrooms","floor":7.0,"gold_loss":0.0,"damage_taken":0.0},{"damage_healed":0.0,"max_hp_gain":0.0,"max_hp_loss":0.0,"gold_gain":0.0,"event_name":"Liars Game","player_choice":"Ignored","floor":11.0,"gold_loss":0.0,"damage_taken":0.0},{"damage_healed":0.0,"max_hp_gain":5.0,"max_hp_loss":0.0,"gold_gain":0.0,"event_name":"Big Fish","player_choice":"Donut","floor":13.0,"gold_loss":0.0,"damage_taken":0.0},{"damage_healed":0.0,"max_hp_gain":0.0,"max_hp_loss":0.0,"gold_gain":0.0,"event_name":"Addict","player_choice":"Obtained Relic","floor":20.0,"gold_loss":85.0,"damage_taken":0.0,"relics_obtained":["Shuriken"]},{"damage_healed":0.0,"max_hp_gain":0.0,"max_hp_loss":0.0,"gold_gain":0.0,"event_name":"Masked Bandits","player_choice":"Fought Bandits","floor":21.0,"gold_loss":0.0,"damage_taken":0.0},{"damage_healed":0.0,"max_hp_gain":0.0,"max_hp_loss":20.0,"gold_gain":0.0,"event_name":"Vampires","player_choice":"Became a vampire","floor":30.0,"gold_loss":0.0,"damage_taken":0.0,"cards_obtained":["Bite","Bite","Bite","Bite","Bite"]},{"damage_healed":0,"gold_gain":0,"player_choice":"Fight","damage_taken":0,"max_hp_gain":0,"max_hp_loss":0,"event_name":"MindBloom","floor":37,"gold_loss":0},{"damage_healed":0,"gold_gain":0,"player_choice":"Damaged","damage_taken":6,"max_hp_gain":0,"max_hp_loss":0,"event_name":"Wheel of Change","floor":41,"gold_loss":0}],"is_beta":false,"boss_relics":[{"not_picked":["Tiny House","Cursed Key"],"picked":"Philosopher\u0027s Stone"},{"not_picked":["Astrolabe","WristBlade"],"picked":"Fusion Hammer"}],"items_purged_floors":[42],"is_endless":false,"potions_floor_spawned":[1,7,10,16,18,19,21,22,24,25,28,29,31,33,35,36,37,38,39,40,44,45,46,48],"killed_by":"Time Eater","ascension_level":20}}