{"host":"no2mglyze6zxwn0s","time":1607654886,"event":{"mods":["BaseMod","BetterRewards","Colored Map","Downfall","Hermit","Hubris","Minty Spire (QoL Compilation)","StSLib","The Animator","The Bug Knight","The Construct","The Cursed","The Disciple","The Jungle","The Necromancer","The Senshi","The Servant 0.9.4","WarShipGirlsR/????R mod"],"gold_per_floor":[116,116,128,31,31,64,64,78,78,78,78,38,38,70,70,20,20],"floor_reached":16,"playtime":409,"items_purged":[],"score":131,"play_id":"f6d2394c-aa38-4bd5-9f82-f8e0bdf1c1e1","local_time":"20201210204806","is_ascension_mode":false,"campfire_choices":[{"data":"Eruption","floor":7,"key":"SMITH"},{"data":"WindmillStrike","floor":11,"key":"SMITH"},{"data":"Meditate","floor":13,"key":"SMITH"},{"data":"BattleHymn","floor":15,"key":"SMITH"}],"circlet_count":0,"master_deck":["Strike_P","Strike_P","Strike_P","Strike_P","Defend_P","Defend_P","Defend_P","Eruption+1","Vigilance","WheelKick","Collect","Protect","BattleHymn+1","Meditate+1","WindmillStrike+1","CarveReality"],"relics":["PureWater","NeowsBlessing","hubris:Towel","theSenshi:SailorFukuRelic","Mummified Hand","hubris:Icosahedron","hubris:OldNail"],"acts_visited":["Exordium"],"potions_floor_usage":[16],"damage_taken":[{"damage":0,"enemies":"Small Slimes","floor":1,"turns":1},{"damage":0,"enemies":"Jaw Worm","floor":3,"turns":1},{"damage":0,"enemies":"HollowMod:MossKnight","floor":6,"turns":1},{"damage":0,"enemies":"Cultist","floor":8,"turns":2},{"damage":17,"enemies":"3 Sentries","floor":14,"turns":4},{"damage":55,"enemies":"Hexaghost","floor":16,"turns":2}],"seed_played":"-2688091334877861185","potions_obtained":[{"floor":1,"key":"ColorlessPotion"}],"is_trial":false,"path_per_floor":["M","?","M","$","?","E","R","M","T","?","R","$","R","E","R","B"],"character_chosen":"WATCHER","items_purchased":["Protect","BattleHymn","CarveReality"],"campfire_rested":0,"item_purchase_floors":[4,4,12],"current_hp_per_floor":[72,72,72,72,72,72,72,72,72,72,72,72,72,55,55,0,0],"gold":20,"neow_bonus":"THREE_ENEMY_KILL","is_daily":false,"chose_seed":false,"campfire_upgraded":4,"win_rate":0.0,"timestamp":1607654886,"path_taken":["M","?","M","$","?","E","R","?","T","?","R","?","R","E","R","BOSS"],"items_purchased_type":["Card","Card","Card"],"build_version":"2020-11-30","purchased_purges":0,"victory":false,"max_hp_per_floor":[72,72,72,72,72,72,72,72,72,72,72,72,72,72,72,72,72],"card_choices":[{"not_picked":["Vengeance","Halt"],"picked":"WheelKick","floor":1},{"not_picked":["FlyingSleeves","WheelKick"],"picked":"Collect","floor":3},{"not_picked":["EmptyMind","Weave"],"picked":"Meditate","floor":6},{"not_picked":["Protect","FlyingSleeves"],"picked":"WindmillStrike","floor":8},{"not_picked":["SandsOfTime","ThirdEye","Fasting2"],"picked":"SKIP","floor":14}],"player_experience":838828,"relics_obtained":[{"floor":6,"key":"theSenshi:SailorFukuRelic"},{"floor":9,"key":"Mummified Hand"},{"floor":14,"key":"hubris:OldNail"}],"event_choices":[{"cards_removed":["Defend_P"],"damage_healed":0,"gold_gain":0,"player_choice":"Purged","damage_taken":0,"max_hp_gain":0,"max_hp_loss":0,"event_name":"Purifier","floor":5,"gold_loss":0}],"is_beta":false,"boss_relics":[],"items_purged_floors":[],"is_endless":false,"potions_floor_spawned":[1],"killed_by":"Hexaghost","ascension_level":0}}