{"host":"j9kxs091fhjybap3","time":1607721358,"event":{"mods":["Act Like it!","BaseMod","Hallownest","Hermit","Jorbs\u0027s Wanderer Trilogy","Lobotomy","Minty Spire (QoL Compilation)","Replay The Spire","StSLib","The Bug Knight","The Cursed","The Hierophant"],"gold_per_floor":[86,86,90,90,90,90,50,61,114,112,112,103,28,18,18,119,119,130,30,30,42,161,161,161,161],"floor_reached":24,"playtime":862,"items_purged":["hierophant:Strike_Hierophant","hierophant:Strike_Hierophant"],"score":186,"play_id":"2893bc91-c220-427e-a1a8-450f8706c683","local_time":"20201211161558","is_ascension_mode":false,"campfire_choices":[{"data":"hierophant:Glossolalia","floor":6,"key":"SMITH"},{"data":"hierophant:FieryStrike","floor":11,"key":"SMITH"},{"data":"hierophant:FlamingChariot","floor":15,"key":"SMITH"},{"floor":23,"key":"REST"}],"circlet_count":0,"master_deck":["hierophant:Strike_Hierophant","hierophant:Strike_Hierophant","hierophant:Punish+1","hierophant:Defend_Hierophant","hierophant:Defend_Hierophant","hierophant:Defend_Hierophant","hierophant:Defend_Hierophant+1","hierophant:ChurchCoffers","hierophant:Glossolalia+1","hierophant:FlamingChariot+1","hierophant:FieryStrike+1","hierophant:Kindle","hierophant:FieryStrike","hierophant:HammerAndAnvil"],"relics":["hierophant:PropheticMaskRelic","CeramicFish","Blood Vial","Painkiller Herb"],"acts_visited":["Exordium","TheCity"],"potions_floor_usage":[10,21,21],"damage_taken":[{"damage":0,"enemies":"Jaw Worm","floor":1,"turns":3},{"damage":0,"enemies":"Small Slimes","floor":3,"turns":3},{"damage":0,"enemies":"Cultist","floor":8,"turns":2},{"damage":0,"enemies":"2 Fungi Beasts","floor":10,"turns":3},{"damage":0,"enemies":"3 Louse","floor":12,"turns":2},{"damage":10,"enemies":"Looter","floor":14,"turns":3},{"damage":29,"enemies":"Fading Forest","floor":16,"turns":11},{"damage":5,"enemies":"Chosen","floor":18,"turns":3},{"damage":0,"enemies":"2 Thieves","floor":21,"turns":2},{"damage":45,"enemies":"Book of Stabbing","floor":24,"turns":5}],"seed_played":"-785953280208318177","potions_obtained":[{"floor":3,"key":"Flashbang"},{"floor":8,"key":"BlessingOfTheForge"},{"floor":16,"key":"AttackPotion"}],"is_trial":false,"path_per_floor":["M","?","M","?","?","R","$","M","T","M","R","M","$","M","R","B",null,"?","T","?","?","?","T","E"],"character_chosen":"HIEROPHANT","items_purchased":["hierophant:FieryStrike"],"campfire_rested":1,"item_purchase_floors":[7],"current_hp_per_floor":[75,75,75,60,60,60,60,60,60,62,62,64,64,56,56,49,75,70,70,70,72,42,64,21,21],"gold":161,"neow_bonus":"RANDOM_COMMON_RELIC","is_daily":false,"chose_seed":false,"campfire_upgraded":3,"win_rate":0.0,"timestamp":1607721358,"path_taken":["M","?","M","?","?","R","$","M","T","M","R","M","$","?","R","BOSS","?","T","?","?","?","T","E"],"items_purchased_type":["Card"],"build_version":"2020-11-30","purchased_purges":2,"victory":false,"max_hp_per_floor":[75,75,75,75,75,75,75,75,75,75,75,75,75,75,75,75,75,75,75,75,75,75,75,75,75],"card_choices":[{"not_picked":["hierophant:RustyCrate","hierophant:Encroach"],"picked":"hierophant:Glossolalia","floor":1},{"not_picked":["hierophant:Smite","hierophant:HammerAndAnvil"],"picked":"hierophant:FlamingChariot","floor":3},{"not_picked":["hierophant:Racketeering","hierophant:Embezzle","hierophant:Alms"],"picked":"SKIP","floor":8},{"not_picked":["hierophant:Remorse","hierophant:EyeForCoin","hierophant:Patience"],"picked":"SKIP","floor":10},{"not_picked":["hierophant:Zeal","hierophant:Shelter","hierophant:RustyCrate"],"picked":"SKIP","floor":12},{"not_picked":["hierophant:ConvertCurrency","hierophant:FaithHealing","hierophant:Shelter"],"picked":"SKIP","floor":14},{"not_picked":["hierophant:Levitation","hierophant:LocustPlague"],"picked":"hierophant:Kindle","floor":16},{"not_picked":["hierophant:Embezzle","hierophant:PassingBell","hierophant:Charity"],"picked":"SKIP","floor":18},{"not_picked":["hierophant:SealAway","hierophant:ThreeLashes"],"picked":"hierophant:FieryStrike","floor":21},{"not_picked":["hierophant:Alms","hierophant:Encroach+1"],"picked":"hierophant:HammerAndAnvil","floor":22}],"player_experience":887854,"relics_obtained":[{"floor":9,"key":"Blood Vial"}],"event_choices":[{"damage_healed":0,"gold_gain":0,"player_choice":"Entered Light","damage_taken":15,"max_hp_gain":0,"max_hp_loss":0,"event_name":"Shining Light","floor":4,"gold_loss":0,"cards_upgraded":["hierophant:Punish","hierophant:Defend_Hierophant"]},{"damage_healed":0,"gold_gain":0,"player_choice":"Bought 0 Potions","damage_taken":0,"max_hp_gain":0,"max_hp_loss":0,"event_name":"The Woman in Blue","floor":5,"gold_loss":0}],"is_beta":false,"boss_relics":[{"not_picked":["Runic Dome","Philosopher\u0027s Stone"],"picked":"Painkiller Herb"}],"items_purged_floors":[13,19],"is_endless":false,"potions_floor_spawned":[3,8,16],"killed_by":"Book of Stabbing","ascension_level":0}}