{"host":"7pe9xwx78c6nlay8","time":1607689518,"event":{"mods":["BaseMod","Minty Spire (QoL Compilation)"],"gold_per_floor":[114,133,133,149,161,190,190,219,272,272,272,272],"floor_reached":11,"playtime":414,"items_purged":[],"score":108,"play_id":"9cd988e0-b4bc-4379-8e3d-5736be4649cc","local_time":"20201211202518","is_ascension_mode":true,"campfire_choices":[{"floor":7,"key":"REST"},{"data":"Eruption","floor":10,"key":"SMITH"}],"circlet_count":0,"master_deck":["Strike_P","Strike_P","Strike_P","Strike_P","Defend_P","Defend_P","Defend_P","Defend_P","Eruption+1","Vigilance","JustLucky","ThirdEye","JustLucky","FollowUp","CutThroughFate"],"relics":["PureWater","NeowsBlessing","White Beast Statue","TeardropLocket","Centennial Puzzle"],"acts_visited":["Exordium"],"potions_floor_usage":[6,11],"damage_taken":[{"damage":0.0,"enemies":"2 Louse","floor":1.0,"turns":1.0},{"damage":0.0,"enemies":"Small Slimes","floor":2.0,"turns":1.0},{"damage":0.0,"enemies":"Jaw Worm","floor":4.0,"turns":1.0},{"damage":2,"enemies":"3 Louse","floor":5,"turns":5},{"damage":46,"enemies":"Lagavulin","floor":6,"turns":8},{"damage":16,"enemies":"3 Sentries","floor":8,"turns":9},{"damage":29,"enemies":"Lagavulin","floor":11,"turns":3}],"seed_played":"2346318344418371083","potions_obtained":[{"floor":4.0,"key":"LiquidMemories"},{"floor":8,"key":"GamblersBrew"}],"is_trial":false,"path_per_floor":["M","M","?","M","M","E","R","E","T","R","E"],"character_chosen":"WATCHER","items_purchased":[],"campfire_rested":1,"item_purchase_floors":[],"current_hp_per_floor":[65,65,70,70,68,22,45,29,29,29,0,0],"gold":272,"neow_bonus":"THREE_ENEMY_KILL","is_daily":false,"chose_seed":false,"campfire_upgraded":1,"win_rate":0.0,"timestamp":1607689518,"path_taken":["M","M","?","M","M","E","R","E","T","R","E"],"items_purchased_type":[],"build_version":"2020-11-30","purchased_purges":0,"victory":false,"max_hp_per_floor":[72,72,77,77,77,77,77,77,77,77,77,77],"card_choices":[{"not_picked":["BowlingBash","Meditate"],"picked":"JustLucky","floor":1.0},{"not_picked":["WaveOfTheHand","Crescendo"],"picked":"ThirdEye","floor":2.0},{"not_picked":["FearNoEvil","FlyingSleeves"],"picked":"JustLucky","floor":4.0},{"not_picked":["Consecrate","Crescendo"],"picked":"FollowUp","floor":5},{"not_picked":["Ragnarok","Vault","Prostrate"],"picked":"SKIP","floor":6},{"not_picked":["SandsOfTime","Wireheading"],"picked":"CutThroughFate","floor":8}],"player_experience":1492872,"relics_obtained":[{"floor":6,"key":"White Beast Statue"},{"floor":8,"key":"TeardropLocket"},{"floor":9,"key":"Centennial Puzzle"}],"event_choices":[{"damage_healed":0.0,"max_hp_gain":5.0,"max_hp_loss":0.0,"gold_gain":0.0,"event_name":"Big Fish","player_choice":"Donut","floor":3.0,"gold_loss":0.0,"damage_taken":0.0}],"is_beta":false,"boss_relics":[],"items_purged_floors":[],"is_endless":false,"potions_floor_spawned":[4,8],"killed_by":"Lagavulin","ascension_level":6}}