{"host":"j0xplkvqphkjqyt2","time":1607678616,"event":{"mods":["10 clothes from DAL","2.2 Compatiblity","Act Like it!","Ascension Reborn","BaseMod","HololiveMod","KomeijiMod","Library of Ruina","Library of Ruina Extra","Marisa（F雨　魔理沙）","Minty Spire (QoL Compilation)","MostiFishMod","Replay The Spire","RumiaBox-露米娅的神秘盒子","Spicy Shops","StSLib","TestMod","The Runesmith","Waifu the Spire"],"gold_per_floor":[-99,-99,-40,-21,-21,14,14,45,45],"floor_reached":8,"playtime":165,"items_purged":[],"score":228,"play_id":"754f99b1-8310-463b-973c-5b08619228e2","local_time":"20201211172336","is_ascension_mode":true,"campfire_choices":[{"data":"DegradedShockwave","floor":7,"key":"SMITH"}],"circlet_count":0,"master_deck":["AscendersBane","DegradedFairy","DegradedFairy","DegradedFairy","DegradedChain","DegradedChain+1","DegradedLock","DegradedPillar+1","DegradedPillar","DegradedShockwave+1","testmod-LifeRuler"],"relics":["PageOfLibrarian","testmod-TestBox","DaveBox","ImprovedEquipment","testmod-IndustrialRevolution","AddBug","SecretRecord","Baka"],"acts_visited":["Exordium"],"potions_floor_usage":[6],"damage_taken":[{"damage":0,"enemies":"2 Louse","floor":1,"turns":1},{"damage":0,"enemies":"Small Slimes","floor":4,"turns":2},{"damage":0,"enemies":"Lagavulin","floor":6,"turns":2},{"damage":1,"enemies":"3 Sentries","floor":8,"turns":3}],"seed_played":"-4155270575048315342","potions_obtained":[{"floor":4,"key":"Adrenaline Potion"},{"floor":6,"key":"Milkshake"}],"is_trial":false,"path_per_floor":["M","?","?","M","$","E","R","E"],"character_chosen":"Librarian","items_purchased":[],"campfire_rested":0,"item_purchase_floors":[],"current_hp_per_floor":[54,27,27,27,27,27,27,26,26],"gold":45,"neow_bonus":"RANDOM_COLORLESS","is_daily":false,"chose_seed":false,"campfire_upgraded":1,"win_rate":0.0,"timestamp":1607678616,"path_taken":["M","?","?","M","$","E","R","E"],"items_purchased_type":[],"build_version":"2020-11-30","purchased_purges":0,"victory":false,"max_hp_per_floor":[90,90,90,90,90,90,90,90,90],"card_choices":[{"not_picked":["testmod-PocketStoneCalender","Replay:BasicMightCard"],"picked":"testmod-LifeRuler","floor":0},{"not_picked":["HighKick","AsThePrescriptOrders","DarkCloud","InnerArdor","IronWall","BackAttack","ExtractFuel","MultiHit","ReadyUp"],"picked":"SKIP","floor":1},{"not_picked":["DirtyBlow","FleetEdge","LeRegole","Juggling","FeelinGood","UnavoidableGaze","TasteMyFlamingBat","RushDown","CircusKnives"],"picked":"SKIP","floor":4},{"not_picked":["ClassAndRespect","SkitterAway","SharpSwipe","Faith","Cruelty","Thirst","BizarreAttack","ForTheFamily","StartinOutLightly"],"picked":"SKIP","floor":6}],"player_experience":150035,"relics_obtained":[{"floor":1,"key":"AddBug"},{"floor":1,"key":"Baka"},{"floor":1,"key":"Question Card"},{"floor":1,"key":"PrismaticShard"},{"floor":6,"key":"testmod-Alchemist"},{"floor":8,"key":"PageOfBloodbath"}],"event_choices":[{"damage_healed":0,"gold_gain":0,"player_choice":"Entered Light","damage_taken":27,"max_hp_gain":0,"max_hp_loss":0,"event_name":"Shining Light","floor":2,"gold_loss":0,"cards_upgraded":["DegradedPillar","DegradedChain"]},{"damage_healed":0,"gold_gain":59,"player_choice":"Gained Gold","damage_taken":0,"max_hp_gain":0,"max_hp_loss":0,"event_name":"Golden Wing","floor":3,"gold_loss":0}],"is_beta":false,"boss_relics":[],"items_purged_floors":[],"is_endless":false,"potions_floor_spawned":[4,6],"killed_by":"3 Sentries","ascension_level":20}}