{"host":"126yiuos2nq86se7","time":1607661195,"event":{"mods":["AchievementEnabler","Act Like it!","BaseMod","Colored Map","Colored Powertips","Friendly Minions","Highlight Path","Minty Spire (QoL Compilation)","StSLib","SuperFastMode"],"gold_per_floor":[109,34,34,54,72,72,72,72,72,88,88,101,119,130,130,225,225,242,242,242,258,272,272,292,292,319,69,69,89,109,129,129,229,229,248,248,43,0,13,13,28,28,100,116,116,133,147,159,159,159,159],"floor_reached":50,"playtime":1327,"items_purged":["Strike_R","Strike_R","Strike_R"],"score":492,"play_id":"7230f436-214d-46ee-a921-1e57c69890a2","local_time":"20201211153315","is_ascension_mode":false,"campfire_choices":[{"data":"Armaments","floor":6,"key":"SMITH"},{"data":"Sever Soul","floor":11,"key":"SMITH"},{"data":"Immolate","floor":15,"key":"SMITH"},{"data":"Inflame","floor":23,"key":"SMITH"},{"data":"Defend_R","floor":25,"key":"SMITH"},{"data":"Defend_R","floor":28,"key":"SMITH"},{"floor":32,"key":"REST"},{"data":"Evolve","floor":40,"key":"SMITH"},{"data":"Metallicize","floor":42,"key":"SMITH"},{"data":"Defend_R","floor":45,"key":"SMITH"},{"floor":49,"key":"REST"}],"circlet_count":0,"master_deck":["Strike_R","Defend_R+1","Defend_R+1","Defend_R","Defend_R+1","Bash+1","Sever Soul+1","Armaments+1","Immolate+1","Immolate+1","Inflame+1","Evolve+1","Metallicize+1"],"relics":["Burning Blood","Orichalcum","Blood Vial","Mark of Pain","Happy Flower","Regal Pillow","Busted Crown","Red Mask","Sundial"],"acts_visited":["Exordium","TheCity","TheBeyond"],"potions_floor_usage":[16,16,33,33,33,50,50],"damage_taken":[{"damage":1,"enemies":"2 Louse","floor":1,"turns":3},{"damage":1,"enemies":"Cultist","floor":4,"turns":3},{"damage":5,"enemies":"Small Slimes","floor":5,"turns":5},{"damage":33,"enemies":"Exordium Thugs","floor":10,"turns":8},{"damage":9,"enemies":"Red Slaver","floor":12,"turns":6},{"damage":2,"enemies":"3 Louse","floor":13,"turns":6},{"damage":7,"enemies":"Large Slime","floor":14,"turns":14},{"damage":0,"enemies":"Slime Boss","floor":16,"turns":6},{"damage":12,"enemies":"2 Thieves","floor":18,"turns":3},{"damage":0,"enemies":"3 Byrds","floor":21,"turns":4},{"damage":10,"enemies":"Snecko","floor":22,"turns":3},{"damage":26,"enemies":"Shelled Parasite and Fungi","floor":24,"turns":5},{"damage":16,"enemies":"Sentry and Sphere","floor":29,"turns":4},{"damage":4,"enemies":"Cultist and Chosen","floor":30,"turns":4},{"damage":11,"enemies":"Centurion and Healer","floor":31,"turns":4},{"damage":76,"enemies":"Collector","floor":33,"turns":9},{"damage":15,"enemies":"3 Darklings","floor":35,"turns":3},{"damage":0,"enemies":"3 Shapes","floor":39,"turns":4},{"damage":22,"enemies":"Spire Growth","floor":41,"turns":8},{"damage":10,"enemies":"Writhing Mass","floor":44,"turns":6},{"damage":7,"enemies":"4 Shapes","floor":46,"turns":5},{"damage":0,"enemies":"Jaw Worm Horde","floor":47,"turns":2},{"damage":4,"enemies":"Spire Growth","floor":48,"turns":4},{"damage":89,"enemies":"Time Eater","floor":50,"turns":8}],"seed_played":"3628133138704530625","potions_obtained":[{"floor":10,"key":"LiquidMemories"},{"floor":13,"key":"AttackPotion"},{"floor":16,"key":"DistilledChaos"},{"floor":18,"key":"Ancient Potion"},{"floor":29,"key":"PowerPotion"},{"floor":33,"key":"LiquidMemories"},{"floor":39,"key":"GamblersBrew"},{"floor":46,"key":"Fire Potion"}],"is_trial":false,"path_per_floor":["M","$","?","M","M","R","?","$","T","M","R","M","M","M","R","B",null,"M","?","?","M","M","R","M","R","T","$","R","M","M","M","R","B",null,"M","?","$","?","M","R","M","R","T","M","R","M","M","M","R","B"],"character_chosen":"IRONCLAD","items_purchased":["Regal Pillow","Metallicize"],"campfire_rested":2,"item_purchase_floors":[27,37],"current_hp_per_floor":[80,80,80,80,80,80,80,80,80,53,53,52,58,59,59,67,80,74,74,74,80,76,76,58,58,58,58,58,50,54,51,80,10,80,71,71,71,71,79,79,64,64,64,62,62,63,71,75,80,0,0],"gold":159,"neow_bonus":"UPGRADE_CARD","is_daily":false,"chose_seed":false,"campfire_upgraded":9,"win_rate":0.0,"timestamp":1607661195,"path_taken":["M","$","?","?","M","R","?","?","T","M","R","M","M","?","R","BOSS","M","?","?","M","M","R","M","R","T","$","R","M","M","?","R","BOSS","M","?","$","?","M","R","M","R","T","M","R","M","M","M","R","BOSS"],"items_purchased_type":["Relic","Card"],"build_version":"2020-11-30","purchased_purges":3,"victory":false,"max_hp_per_floor":[80,80,80,80,80,80,80,80,80,80,80,80,80,80,80,80,80,80,80,80,80,80,80,80,80,80,80,80,80,80,80,80,80,80,80,80,80,80,80,80,80,80,80,80,80,80,80,80,80,80,80],"card_choices":[{"not_picked":["Iron Wave","Headbutt"],"picked":"Clash","floor":1},{"not_picked":["Flex","Perfected Strike"],"picked":"Sever Soul","floor":4},{"not_picked":["Pommel Strike","Clash"],"picked":"Armaments","floor":5},{"not_picked":["Blood for Blood","Headbutt","Perfected Strike"],"picked":"SKIP","floor":10},{"not_picked":["Entrench","True Grit","Armaments"],"picked":"SKIP","floor":12},{"not_picked":["Headbutt","Twin Strike","Dropkick"],"picked":"SKIP","floor":13},{"not_picked":["Entrench","Iron Wave"],"picked":"Immolate","floor":14},{"not_picked":["Exhume","Reaper"],"picked":"Immolate","floor":16},{"not_picked":["Anger","Heavy Blade+1","Havoc+1"],"picked":"SKIP","floor":18},{"not_picked":["Iron Wave","Body Slam","Infernal Blade+1"],"picked":"SKIP","floor":21},{"not_picked":["Shrug It Off","Twin Strike"],"picked":"Inflame","floor":22},{"not_picked":["Clothesline","Perfected Strike","Havoc"],"picked":"SKIP","floor":24},{"not_picked":["Intimidate+1","Anger+1","True Grit"],"picked":"SKIP","floor":29},{"not_picked":["Clothesline","Havoc","Shockwave"],"picked":"SKIP","floor":30},{"not_picked":["Body Slam","Havoc"],"picked":"Evolve","floor":31},{"not_picked":["Berserk","Corruption"],"picked":"Barricade","floor":33},{"not_picked":["Havoc+1"],"picked":"SKIP","floor":35},{"not_picked":["Body Slam+1"],"picked":"SKIP","floor":39},{"not_picked":["Sword Boomerang"],"picked":"SKIP","floor":41},{"not_picked":["Iron Wave+1"],"picked":"SKIP","floor":44},{"not_picked":["Iron Wave"],"picked":"SKIP","floor":46},{"not_picked":["Havoc"],"picked":"SKIP","floor":47},{"not_picked":["Reaper"],"picked":"SKIP","floor":48}],"player_experience":1419819,"relics_obtained":[{"floor":9,"key":"Blood Vial"},{"floor":26,"key":"Happy Flower"},{"floor":43,"key":"Sundial"}],"event_choices":[{"cards_removed":["Clash"],"damage_healed":0,"gold_gain":0,"player_choice":"Gave Card","damage_taken":0,"relics_obtained":["Orichalcum"],"max_hp_gain":0,"max_hp_loss":0,"event_name":"WeMeetAgain","floor":3,"gold_loss":0},{"cards_removed":["Strike_R"],"damage_healed":0,"gold_gain":0,"player_choice":"Offered Basic","damage_taken":0,"max_hp_gain":0,"max_hp_loss":0,"event_name":"Bonfire Elementals","floor":7,"gold_loss":0},{"damage_healed":0,"gold_gain":0,"player_choice":"Ignored","damage_taken":0,"max_hp_gain":0,"max_hp_loss":0,"event_name":"Ghosts","floor":19,"gold_loss":0},{"damage_healed":0,"gold_gain":0,"player_choice":"Upgraded","damage_taken":0,"max_hp_gain":0,"max_hp_loss":0,"event_name":"Upgrade Shrine","floor":20,"gold_loss":0,"cards_upgraded":["Immolate"]},{"cards_removed":["Barricade"],"damage_healed":0,"gold_gain":0,"player_choice":"Removed Power","damage_taken":0,"max_hp_gain":0,"max_hp_loss":0,"event_name":"Falling","floor":36,"gold_loss":0},{"damage_healed":0,"gold_gain":0,"player_choice":"Paid","damage_taken":0,"relics_obtained":["Red Mask"],"max_hp_gain":0,"max_hp_loss":0,"event_name":"Tomb of Lord Red Mask","floor":38,"gold_loss":43}],"is_beta":false,"boss_relics":[{"not_picked":["Sozu","Philosopher\u0027s Stone"],"picked":"Mark of Pain"},{"not_picked":["Black Blood","Runic Pyramid"],"picked":"Busted Crown"}],"items_purged_floors":[2,27,37],"is_endless":false,"potions_floor_spawned":[10,13,16,18,29,31,33,39,46],"killed_by":"Time Eater","ascension_level":0}}