{"host":"1c52r9kaxdyo25eq","time":1607714176,"event":{"mods":["AchievementEnabler","BaseMod","Minty Spire (QoL Compilation)","Rare Cards Sparkle","SuperFastMode","everything is the same but u backflip on backflip"],"gold_per_floor":[113,123,83,100,114,114,146,146,225,225,225],"floor_reached":10,"playtime":214,"items_purged":[],"score":181,"play_id":"c78b78dd-3ae9-4514-bf27-970ac0eda775","local_time":"20201212041616","is_ascension_mode":true,"campfire_choices":[{"floor":6.0,"key":"REST"}],"circlet_count":0,"master_deck":["AscendersBane","Strike_P","Strike_P","Defend_P","Defend_P","Defend_P","Eruption","Vigilance","CutThroughFate","FearNoEvil","Tantrum","Prostrate","MentalFortress"],"relics":["PureWater","Torii","Frozen Egg 2"],"acts_visited":["Exordium"],"potions_floor_usage":[],"damage_taken":[{"damage":0.0,"enemies":"2 Louse","floor":1.0,"turns":2.0},{"damage":6.0,"enemies":"Cultist","floor":2.0,"turns":3.0},{"damage":17.0,"enemies":"Small Slimes","floor":4.0,"turns":3.0},{"damage":3.0,"enemies":"Blue Slaver","floor":5.0,"turns":3.0},{"damage":0.0,"enemies":"Gremlin Nob","floor":7.0,"turns":2.0},{"damage":2,"enemies":"Lagavulin","floor":10,"turns":7}],"seed_played":"-8748170768683923809","potions_obtained":[{"floor":3.0,"key":"LiquidMemories"},{"floor":3.0,"key":"BlessingOfTheForge"}],"is_trial":false,"path_per_floor":["M","M","?","M","M","R","E","?","T","E"],"character_chosen":"WATCHER","items_purchased":[],"campfire_rested":1,"item_purchase_floors":[],"current_hp_per_floor":[43,37,37,20,17,37,37,37,37,35,35],"gold":225,"neow_bonus":"TRANSFORM_TWO_CARDS","is_daily":false,"chose_seed":false,"campfire_upgraded":0,"win_rate":0.0,"timestamp":1607714176,"path_taken":["M","M","?","M","?","R","E","?","T","E"],"items_purchased_type":[],"build_version":"2020-11-30","purchased_purges":0,"victory":false,"max_hp_per_floor":[68,68,68,68,68,68,68,68,68,68,68],"card_choices":[{"not_picked":["FlyingSleeves","EmptyBody","SashWhip"],"picked":"SKIP","floor":1.0},{"not_picked":["CutThroughFate","Crescendo"],"picked":"Tantrum","floor":2.0},{"not_picked":["FlyingSleeves","PathToVictory","FollowUp"],"picked":"SKIP","floor":4.0},{"not_picked":["ConjureBlade","SashWhip"],"picked":"Prostrate","floor":5.0},{"not_picked":["EmptyBody","WaveOfTheHand"],"picked":"MentalFortress","floor":7.0}],"player_experience":462743,"relics_obtained":[{"floor":7.0,"key":"Torii"},{"floor":9,"key":"Frozen Egg 2"}],"event_choices":[{"damage_healed":0.0,"max_hp_gain":0.0,"max_hp_loss":0.0,"gold_gain":0.0,"event_name":"The Woman in Blue","player_choice":"Bought 3 Potions","floor":3.0,"gold_loss":0.0,"damage_taken":0.0},{"cards_removed":["Strike_P"],"damage_healed":0,"gold_gain":0,"player_choice":"Forget","damage_taken":0,"max_hp_gain":0,"max_hp_loss":0,"event_name":"Living Wall","floor":8,"gold_loss":0}],"is_beta":false,"boss_relics":[],"items_purged_floors":[],"is_endless":false,"potions_floor_spawned":[5],"killed_by":"Lagavulin","ascension_level":19}}