{"host":"yekvm0llnambltim","time":1607697117,"event":{"mods":["Act Like it!","BaseMod","CapriCore","Challenge The Spire","Minty Spire (QoL Compilation)","MostiFishMod","Quick Restart","Relic Stats","Replay The Spire","Spicy Shops","StSLib","Waifu the Spire","¡¾ÒÅÎï¿¨ÅÆ¡¿REMEMod"],"gold_per_floor":[114,114,129,129,144,144,159,159,159,159,174,174,114,144,144,244,244,259,259,259,274,34,64,79,63,63,78,78,108,123,153,153,253,253,268,268,318,94,109,109,139,139,139,169,169,184,214,229,229,229],"floor_reached":51,"playtime":1043,"items_purged":["Strike_P","Strike_P","Defend_P"],"score":1068,"play_id":"4e547262-83d8-4865-b8f2-4300dc97d7e5","local_time":"20201211223157","daily_mods":["Heirloom","Green Cards","DeadlyEvents"],"is_ascension_mode":false,"campfire_choices":[{"data":"Eruption","floor":6.0,"key":"SMITH"},{"data":"Adaptation","floor":8.0,"key":"SMITH"},{"data":"Well Laid Plans","floor":10.0,"key":"SMITH"},{"data":"LikeWater","floor":12.0,"key":"SMITH"},{"data":"Eviscerate","floor":15.0,"key":"SMITH"},{"data":"PiercingWail","floor":28.0,"key":"SMITH"},{"data":"Quick Slash","floor":32.0,"key":"SMITH"},{"data":"Caltrops","floor":40,"key":"SMITH"},{"data":"Violence","floor":42,"key":"SMITH"}],"circlet_count":0,"master_deck":["Defend_P","Eruption+1","Vigilance","Violence+1","LikeWater+1","Well Laid Plans+1","Adaptation+1","Eviscerate+1","MostiFishMod:VineMother","Quick Slash+1","Wallop+1","PiercingWail+1","Finisher+1","Dagger Throw+1","Caltrops+1","Study+1","CutThroughFate+1","ReplayTheSpireMod:Tripwire","MostiFishMod:MemoryFragments"],"relics":["PureWater","DaveBox","REME_ComplimentaryCards","Transparent","DianDianMeat","Question Card","The Courier","StrikeDummy","ImportantClient","JellyFishMachine","Molten Egg 2","Vajra","SentryEyes","Mirror","Anchor","ReplayTheSpireMod:Lightbulb","Empty Cage","DaCapo","BargainBundle","ReplayTheSpireMod:TigerMarble","Iron Hammer","Replay:Ringing Soul","Replay:Multitool","Unceasing Top"],"acts_visited":["Exordium","TheCity","TheBeyond"],"potions_floor_usage":[],"damage_taken":[{"damage":7.0,"enemies":"2 Louse","floor":1.0,"turns":1.0},{"damage":14.0,"enemies":"Small Slimes","floor":3.0,"turns":2.0},{"damage":7.0,"enemies":"Jaw Worm","floor":5.0,"turns":1.0},{"damage":7.0,"enemies":"Looter","floor":7.0,"turns":1.0},{"damage":7.0,"enemies":"3 Louse","floor":11.0,"turns":1.0},{"damage":21.0,"enemies":"Lagavulin","floor":14.0,"turns":3.0},{"damage":47.0,"enemies":"Hexaghost","floor":16.0,"turns":3.0},{"damage":16.0,"enemies":"3 Byrds","floor":18.0,"turns":2.0},{"damage":9.0,"enemies":"Spheric Guardian","floor":21.0,"turns":1.0},{"damage":28.0,"enemies":"Gremlin Leader","floor":23.0,"turns":2.0},{"damage":20.0,"enemies":"Chosen and Byrds","floor":24.0,"turns":2.0},{"damage":10.0,"enemies":"Centurion and Healer","floor":27.0,"turns":1.0},{"damage":20.0,"enemies":"REME_1_Revenger","floor":29.0,"turns":2.0},{"damage":11.0,"enemies":"Snecko","floor":30.0,"turns":1.0},{"damage":12.0,"enemies":"Gremlin Leader","floor":31.0,"turns":1.0},{"damage":24.0,"enemies":"Collector","floor":33.0,"turns":2.0},{"damage":12.0,"enemies":"3 Shapes","floor":35.0,"turns":1.0},{"damage":24,"enemies":"Mind Bloom Boss Battle","floor":37,"turns":2},{"damage":3,"enemies":"3 Darklings","floor":39,"turns":1},{"damage":5,"enemies":"R_Hoarder","floor":41,"turns":1},{"damage":5,"enemies":"Nemesis","floor":44,"turns":1},{"damage":8,"enemies":"Jaw Worm Horde","floor":46,"turns":1},{"damage":30,"enemies":"R_Hoarder","floor":47,"turns":2},{"damage":70,"enemies":"Transient","floor":48,"turns":4},{"damage":102,"enemies":"Awakened One","floor":50,"turns":3}],"seed_played":"-551933171069321123","potions_obtained":[{"floor":7.0,"key":"StancePotion"},{"floor":11.0,"key":"Elixir"},{"floor":14.0,"key":"BlessingOfTheForge"},{"floor":16.0,"key":"BlessingOfTheForge"},{"floor":46,"key":"DuplicationPotion"}],"is_trial":false,"path_per_floor":["M","?","M","?","M","R","M","R","T","R","M","R","$","E","R","B",null,"M","?","?","M","$","E","M","$","T","M","R","E","M","E","R","B",null,"M","?","?","$","M","R","E","R","T","E","R","M","E","M","R","B",null],"character_chosen":"WATCHER","items_purchased":["Molten Egg 2","SentryEyes","BargainBundle","ReplayTheSpireMod:TigerMarble","Caltrops"],"campfire_rested":0,"item_purchase_floors":[22,25,38,38,38],"current_hp_per_floor":[72,73,75,75,75,75,78,78,78,78,78,78,78,82,82,87,87,93,93,93,93,93,100,108,108,108,108,108,117,127,127,127,127,127,127,127,127,138,150,150,150,150,150,166,183,201,201,201,220,220],"gold":229,"neow_bonus":"","is_daily":true,"chose_seed":false,"campfire_upgraded":9,"win_rate":0.0,"timestamp":1607697117,"path_taken":["M","?","M","?","M","R","M","R","T","R","M","R","$","E","R","BOSS","M","?","?","M","$","E","M","$","T","?","R","?","M","E","R","BOSS","M","?","?","$","?","R","E","R","T","E","R","M","?","M","R","BOSS"],"items_purchased_type":["Relic","Relic","Relic","Relic","Card"],"build_version":"2020-11-30","purchased_purges":3,"victory":true,"max_hp_per_floor":[72,73,75,75,75,75,78,78,78,78,78,78,78,82,82,87,87,93,93,93,93,93,100,108,108,108,108,108,117,127,127,127,127,127,127,127,127,138,150,150,150,150,150,166,183,201,201,201,220,220],"relic_stats":{"counters":[25,40],"Question Card":23,"obtain_stats":[{"DianDianMeat":0,"BargainBundle":38,"DaveBox":0,"JellyFishMachine":17,"Vajra":23,"The Courier":9,"Replay:Multitool":44,"Question Card":1,"Empty Cage":34,"Replay:Ringing Soul":43,"Anchor":29,"Transparent":0,"SentryEyes":25,"Molten Egg 2":22,"Iron Hammer":41,"DaCapo":37,"ReplayTheSpireMod:TigerMarble":38,"PureWater":0,"StrikeDummy":14,"Mirror":26,"ReplayTheSpireMod:Lightbulb":31,"Unceasing Top":47,"REME_ComplimentaryCards":0,"ImportantClient":16},{"DianDianMeat":0,"BargainBundle":18,"DaveBox":0,"JellyFishMachine":7,"Vajra":10,"The Courier":4,"Replay:Multitool":21,"Question Card":1,"Empty Cage":16,"Replay:Ringing Soul":20,"Anchor":13,"Transparent":0,"SentryEyes":11,"Molten Egg 2":9,"Iron Hammer":20,"DaCapo":18,"ReplayTheSpireMod:TigerMarble":18,"PureWater":0,"StrikeDummy":6,"Mirror":11,"ReplayTheSpireMod:Lightbulb":15,"Unceasing Top":23,"REME_ComplimentaryCards":0,"ImportantClient":7},{"DianDianMeat":0,"BargainBundle":27,"DaveBox":0,"JellyFishMachine":12,"Vajra":17,"The Courier":5,"Replay:Multitool":30,"Question Card":1,"Empty Cage":25,"Replay:Ringing Soul":29,"Anchor":21,"Transparent":0,"SentryEyes":19,"Molten Egg 2":15,"Iron Hammer":29,"DaCapo":27,"ReplayTheSpireMod:TigerMarble":27,"PureWater":0,"StrikeDummy":9,"Mirror":19,"ReplayTheSpireMod:Lightbulb":23,"Unceasing Top":33,"REME_ComplimentaryCards":0,"ImportantClient":12}],"Unceasing Top":[0]},"card_choices":[{"not_picked":["Bane","Crippling Poison","FlyingSleeves"],"picked":"SKIP","floor":1.0},{"not_picked":["Prostrate","ThirdEye","Cloak And Dagger"],"picked":"Well Laid Plans","floor":3.0},{"not_picked":["Replay:Vibes","WindmillStrike","Sanctity","Deadly Poison"],"picked":"SKIP","floor":5.0},{"not_picked":["Replay:Vibes","Expertise","Halt"],"picked":"Adaptation","floor":7.0},{"not_picked":["Halt","MostiFishMod:LethalBlade","Poisoned Stab","ClearTheMind"],"picked":"SKIP","floor":11.0},{"not_picked":["Blur","EmptyBody","CrushJoints"],"picked":"Eviscerate","floor":14.0},{"not_picked":["REME_ShadowForm","Replay:Bag of Tricks","After Image"],"picked":"MostiFishMod:VineMother","floor":16.0},{"not_picked":["Replay:AtTheReady+1","Outmaneuver","Replay:DivineShield"],"picked":"Quick Slash","floor":18.0},{"not_picked":["Deflect","ThirdEye","Deadly Poison+1","Fluid Movement"],"picked":"SKIP","floor":21.0},{"not_picked":["Slice+1","Footwork","Hidden Blade"],"picked":"Wallop+1","floor":23.0},{"not_picked":["Dodge and Roll","Wireheading","Distraction"],"picked":"PiercingWail","floor":24.0},{"not_picked":["Nirvana","Replay:Vibes","MostiFishMod:Nomercy","Protect+1"],"picked":"SKIP","floor":27.0},{"not_picked":["Prostrate+1","Protect","Fluid Movement"],"picked":"Finisher+1","floor":29.0},{"not_picked":["Bane+1","Dagger Throw+1","Underhanded Strike+1","REME_GrazeFinale+1"],"picked":"SKIP","floor":30.0},{"not_picked":["Bane+1","Underhanded Strike+1","REME_GrazeFinale+1"],"picked":"Dagger Throw+1","floor":30.0},{"not_picked":["Sucker Punch+1","Halt+1","Catalyst","Consecrate+1"],"picked":"SKIP","floor":31.0},{"not_picked":["JustLucky+1","Backflip","Deadly Poison+1","EmptyBody"],"picked":"SKIP","floor":35.0},{"not_picked":["Footwork","FollowUp+1","EmptyFist+1"],"picked":"Study+1","floor":39},{"not_picked":["Weave+1","Hidden Blade","CrushJoints+1","Footwork"],"picked":"SKIP","floor":41},{"not_picked":["All Out Attack+1","EmptyBody+1","Bane+1"],"picked":"CutThroughFate+1","floor":44},{"not_picked":["REME_Repentance+1","EmptyBody+1","Replay:Hum"],"picked":"Dagger Spray+1","floor":46},{"not_picked":["Halt","Draining Mist+1","Masterful Stab+1","Backflip+1"],"picked":"SKIP","floor":47},{"not_picked":["Backflip","Nirvana+1","Hidden Blade","CutThroughFate+1"],"picked":"SKIP","floor":48}],"player_experience":287502,"relics_obtained":[{"floor":1.0,"key":"Question Card"},{"floor":9.0,"key":"The Courier"},{"floor":14.0,"key":"StrikeDummy"},{"floor":16.0,"key":"ImportantClient"},{"floor":23.0,"key":"Vajra"},{"floor":26.0,"key":"Mirror"},{"floor":29.0,"key":"Anchor"},{"floor":31.0,"key":"ReplayTheSpireMod:Lightbulb"},{"floor":37,"key":"DaCapo"},{"floor":41,"key":"Iron Hammer"},{"floor":43,"key":"Replay:Ringing Soul"},{"floor":44,"key":"Replay:Multitool"},{"floor":47,"key":"Unceasing Top"}],"event_choices":[{"damage_healed":0.0,"max_hp_gain":0.0,"max_hp_loss":0.0,"gold_gain":0.0,"cards_transformed":["Strike_P"],"event_name":"Living Wall","player_choice":"Change","floor":2.0,"gold_loss":0.0,"damage_taken":0.0,"cards_obtained":["LikeWater"]},{"damage_healed":0.0,"max_hp_gain":0.0,"max_hp_loss":0.0,"gold_gain":0.0,"event_name":"Liars Game","player_choice":"Ignored","floor":4.0,"gold_loss":0.0,"damage_taken":0.0},{"damage_healed":0.0,"max_hp_gain":0.0,"max_hp_loss":0.0,"gold_gain":0.0,"event_name":"Ghosts","player_choice":"Ignored","floor":19.0,"gold_loss":0.0,"damage_taken":0.0},{"damage_healed":0.0,"max_hp_gain":0.0,"max_hp_loss":0.0,"gold_gain":0.0,"event_name":"Vampires","player_choice":"Ignored","floor":20.0,"gold_loss":0.0,"damage_taken":0.0},{"damage_healed":0,"gold_gain":0,"player_choice":"Fight","damage_taken":0,"max_hp_gain":0,"max_hp_loss":0,"event_name":"MindBloom","floor":37,"gold_loss":0}],"is_beta":false,"boss_relics":[{"not_picked":["xbg","RhineCircuit"],"picked":"JellyFishMachine"},{"not_picked":["ReplayTheSpireMod:DimensionalGlitch","MostiFishMod:Hod"],"picked":"Empty Cage"}],"items_purged_floors":[13,22,38],"is_endless":false,"potions_floor_spawned":[7,11,14,16,23,29,30,31,35,46,47,48],"ascension_level":0}}