{"host":"6ko66ogg91i6g7xq","time":1607686406,"event":{"mods":["AchievementEnabler","Act Like it!","BaseMod","Colored Map","Colored Powertips","Downfall","Hermit","Minty Spire (QoL Compilation)","Quick Restart","Relic Stats","StSLib","The Jungle","everything is the same but u backflip on backflip"],"gold_per_floor":[110,110,110,35,35,35,70,80,125,125,142,156,167,182,182,182,182],"floor_reached":16,"playtime":301,"items_purged":["Regret"],"score":127,"play_id":"37158734-e172-4e07-939f-c8ef7baab0e1","local_time":"20201211063326","is_ascension_mode":false,"campfire_choices":[{"floor":6,"key":"RECALL"},{"data":"Catalyst","floor":10,"key":"SMITH"},{"data":"Crippling Poison","floor":15,"key":"SMITH"}],"circlet_count":0,"master_deck":["Strike_G","Strike_G","Strike_G","Strike_G","Defend_G","Defend_G","Defend_G","Defend_G","Defend_G","Survivor","Neutralize","Cloak And Dagger","Poisoned Stab","Catalyst+1","Poisoned Stab","Crippling Poison+1","Dodge and Roll","Poisoned Stab","Backflip"],"relics":["Ring of the Snake","NeowsBlessing","Bag of Preparation","PreservedInsect"],"acts_visited":["Exordium"],"potions_floor_usage":[14,16],"damage_taken":[{"damage":0,"enemies":"Jaw Worm","floor":1,"turns":1},{"damage":0,"enemies":"Lagavulin","floor":7,"turns":1},{"damage":0,"enemies":"Small Slimes","floor":8,"turns":1},{"damage":0,"enemies":"Cultist","floor":11,"turns":2},{"damage":15,"enemies":"2 Fungi Beasts","floor":12,"turns":4},{"damage":2,"enemies":"Gremlin Gang","floor":13,"turns":4},{"damage":7,"enemies":"3 Louse","floor":14,"turns":2},{"damage":0,"enemies":"The Guardian","floor":16,"turns":1}],"seed_played":"1527793457399740558","potions_obtained":[{"floor":12,"key":"sneckomod:MuddlingPotion"},{"floor":13,"key":"ColorlessPotion"},{"floor":14,"key":"Dexterity Potion"}],"is_trial":false,"path_per_floor":["M","?","?","$","?","R","E","M","T","R","M","M","M","M","R","B"],"character_chosen":"THE_SILENT","items_purchased":[],"campfire_rested":0,"item_purchase_floors":[],"current_hp_per_floor":[70,70,70,70,70,70,70,70,70,70,70,55,53,46,46,46,46],"gold":182,"neow_bonus":"THREE_ENEMY_KILL","is_daily":false,"chose_seed":false,"campfire_upgraded":2,"win_rate":0.0,"timestamp":1607686406,"path_taken":["M","?","?","$","?","R","E","M","T","R","M","M","M","M","R","BOSS"],"items_purchased_type":[],"build_version":"2020-11-30","purchased_purges":1,"victory":false,"max_hp_per_floor":[70,70,70,70,70,70,70,70,70,70,70,70,70,70,70,70,70],"relic_stats":{"counters":[8,16],"PreservedInsect":0,"Bag of Preparation":[14],"obtain_stats":[{"NeowsBlessing":0,"PreservedInsect":7,"Bag of Preparation":3,"Ring of the Snake":0},{"NeowsBlessing":0,"PreservedInsect":2,"Bag of Preparation":1,"Ring of the Snake":0},{"NeowsBlessing":0,"PreservedInsect":2,"Bag of Preparation":1,"Ring of the Snake":0}],"Ring of the Snake":[16]},"card_choices":[{"not_picked":["Outmaneuver","Dagger Throw"],"picked":"Cloak And Dagger","floor":1},{"not_picked":["Bane","Prepared"],"picked":"Catalyst","floor":7},{"not_picked":["Blade Dance","Choke"],"picked":"Poisoned Stab","floor":8},{"not_picked":["Dodge and Roll","Dagger Throw"],"picked":"Crippling Poison","floor":11},{"not_picked":["Bane","PiercingWail"],"picked":"Dodge and Roll","floor":12},{"not_picked":["Prepared","Acrobatics"],"picked":"Poisoned Stab","floor":13},{"not_picked":["Accuracy","Distraction"],"picked":"Backflip","floor":14}],"player_experience":247633,"relics_obtained":[{"floor":7,"key":"PreservedInsect"}],"event_choices":[{"damage_healed":0,"gold_gain":0,"player_choice":"Leave","damage_taken":0,"max_hp_gain":0,"max_hp_loss":0,"event_name":"The Cleric","floor":2,"gold_loss":0},{"damage_healed":0,"gold_gain":0,"player_choice":"Box","damage_taken":0,"relics_obtained":["Bag of Preparation"],"max_hp_gain":0,"max_hp_loss":0,"event_name":"Big Fish","floor":3,"gold_loss":0,"cards_obtained":["Regret"]},{"damage_healed":0,"gold_gain":0,"cards_transformed":["Strike_G"],"player_choice":"Transformed","damage_taken":0,"max_hp_gain":0,"max_hp_loss":0,"event_name":"Transmorgrifier","floor":5,"gold_loss":0,"cards_obtained":["Poisoned Stab"]}],"is_beta":false,"boss_relics":[],"items_purged_floors":[4],"is_endless":false,"potions_floor_spawned":[12,13,14],"killed_by":"The Guardian","ascension_level":0}}