{"host":"5aab5jn7oufujzzj","time":1607700903,"event":{"mods":["Act Like it!","BaseMod","CapriCore","Chen","Decade(â§è¨ñæ)","Friendly Minions","Gensokyo","HololiveMod","Koishi","KomeijiMod","LagranYue(ùfäiòNÅEåé)","Lobotomy","LobotomyExtend","Luminous","Mari Mod (Legacy)","Mari\u0027s V1 Patch","MarisaÅiñ∂âJÅ@ñÇóùçπÅj","Minty Spire (QoL Compilation)","MostiFishMod","Prisma Mod","ReimuÅiîé??öÎÅj","RemiliaÅiÂQïƒ‰ª?Åj","RumiaBox-òIïƒ?ìIê_îÈ·¥éq","StSLib","The Cursed","The Servant 0.9.4","WarShipGirlsR/??è≠èóR mod","Yohane!","YoumuÅiç∞ÈÆódöÎÅj","Yuri Mod","Yuyuko","Åy?ï˚ìÒéü?çÏÅzî™â]éámod"],"gold_per_floor":[109,121,141,66,81,109,59,94,94,121,121,146,185,202,202,311,311,311],"floor_reached":17,"playtime":791,"items_purged":[],"score":354,"play_id":"f3818383-ff06-4ad4-9a3b-3f778b4f53a8","local_time":"20201211233503","is_ascension_mode":true,"campfire_choices":[{"data":"Comet","floor":15,"key":"SMITH"}],"circlet_count":0,"master_deck":["Strike_S","Strike_S","Strike_S","Strike_S","Defend_S","Defend_S","Defend_S","KidneyShot","Exchange","Potential","BottledTime","FastForward","GearUp","Ricochet","SoulSculpture","Revamp","Revamp","Comet+1","SilverBlades","Initiator"],"relics":["Uniform","DaveBox","LagranYue:RandomDrawCardRelic","NeowsBlessing","Question Card","FeatherPendant","Akabeko","HornCleat","Pear","CeramicFish","Tiny Chest","ImportantClient","RhineSuit"],"acts_visited":["Exordium","TheCity"],"potions_floor_usage":[14,16,16],"damage_taken":[{"damage":0,"enemies":"Cultist","floor":1,"turns":1},{"damage":0,"enemies":"2 Louse","floor":2,"turns":1},{"damage":0,"enemies":"Small Slimes","floor":3,"turns":1},{"damage":0,"enemies":"Gremlin Gang","floor":5,"turns":3},{"damage":2,"enemies":"3 Sentries","floor":6,"turns":4},{"damage":1,"enemies":"Gremlin Nob","floor":8,"turns":1},{"damage":3,"enemies":"Lagavulin","floor":10,"turns":3},{"damage":0,"enemies":"3 Louse","floor":12,"turns":2},{"damage":0,"enemies":"3 Sentries","floor":13,"turns":3},{"damage":1,"enemies":"Looter","floor":14,"turns":1},{"damage":3,"enemies":"Hexaghost","floor":16,"turns":4}],"seed_played":"-7641777803150512447","potions_obtained":[{"floor":5,"key":"SteroidPotion"},{"floor":8,"key":"MagicPotion:ReiMu"},{"floor":10,"key":"LiquidMemories"},{"floor":12,"key":"PowerPotion"}],"is_trial":false,"path_per_floor":["M","M","M","$","M","E","?","E","T","E","?","M","E","M","R","B",null],"character_chosen":"THE_SERVANT","items_purchased":["GearUp"],"campfire_rested":0,"item_purchase_floors":[4],"current_hp_per_floor":[65,65,65,65,65,63,63,62,62,69,69,69,69,68,68,65,75,75],"gold":311,"neow_bonus":"THREE_ENEMY_KILL","is_daily":false,"chose_seed":false,"campfire_upgraded":1,"win_rate":0.0,"timestamp":1607700903,"path_taken":["M","?","M","$","M","E","?","E","T","E","?","?","E","M","R","BOSS"],"items_purchased_type":["Card"],"build_version":"2020-11-30","purchased_purges":0,"victory":false,"max_hp_per_floor":[65,65,65,65,65,65,65,65,65,75,75,75,75,75,75,75,75,75],"card_choices":[{"not_picked":["Replace","Barrier"],"picked":"Potential","floor":1},{"not_picked":["Revamp","Spin","Potential"],"picked":"BottledTime","floor":2},{"not_picked":["ShatteredReality","Potential","WasteNot"],"picked":"FastForward","floor":3},{"not_picked":["Spin","FastForward","ShatteredReality"],"picked":"Ricochet","floor":5},{"not_picked":["Collapse","Unruled","MoonPhase"],"picked":"SoulSculpture","floor":6},{"not_picked":["Alleviate","Contraction","WasteNot"],"picked":"Revamp","floor":8},{"not_picked":["ShatteredReality","Unruled","Manipulate"],"picked":"Revamp","floor":10},{"not_picked":["Unruled","TimeWarp","FastForward"],"picked":"Comet","floor":12},{"not_picked":["Replace","Shuttle","TimeWarp"],"picked":"SilverBlades","floor":13},{"not_picked":["TimeWarp","Rewind","Revamp","PendulumOfEternity"],"picked":"SKIP","floor":14},{"not_picked":["FlawlessForm","Sunlight","Deny"],"picked":"Initiator","floor":16}],"player_experience":237510,"relics_obtained":[{"floor":1,"key":"Question Card"},{"floor":6,"key":"Akabeko"},{"floor":8,"key":"HornCleat"},{"floor":10,"key":"Pear"},{"floor":13,"key":"Tiny Chest"},{"floor":16,"key":"ImportantClient"}],"event_choices":[{"cards_removed":["Defend_S"],"damage_healed":0,"gold_gain":0,"player_choice":"Card Removal","damage_taken":0,"max_hp_gain":0,"max_hp_loss":0,"event_name":"The Cleric","floor":7,"gold_loss":50},{"damage_healed":0,"gold_gain":0,"player_choice":"Gave Potion","damage_taken":0,"relics_obtained":["CeramicFish"],"max_hp_gain":0,"max_hp_loss":0,"event_name":"WeMeetAgain","floor":11,"gold_loss":0}],"is_beta":false,"boss_relics":[{"not_picked":["TakeMeEscape","Astrolabe"],"picked":"RhineSuit"}],"items_purged_floors":[],"is_endless":false,"potions_floor_spawned":[5,8,10,12,13],"ascension_level":1}}