{"host":"y8cpnk8u7pqs5ve6","time":1607693321,"event":{"mods":["Act Like it!","BaseMod","Gold Saver","Hallownest","Hermit","Minty Spire (QoL Compilation)","Quick Restart","StSLib","The Animator","The Runesmith","The Servant 0.9.4","WarShipGirlsR/’ΩΩ¢…Ÿ≈ÆR mod"],"gold_per_floor":[533,533,549,549,199,199,210,210,255,274,309,324,324,368,368,368,368],"floor_reached":16,"playtime":614,"items_purged":["Defend_R"],"score":198,"play_id":"adc252b7-1a35-45c1-94c0-36a6891bfff4","local_time":"20201211212841","is_ascension_mode":true,"campfire_choices":[{"floor":6,"key":"REST"},{"data":"Flex","floor":8,"key":"SMITH"},{"floor":15,"key":"REST"}],"circlet_count":0,"master_deck":["AscendersBane","Strike_R","Strike_R","Strike_R+1","Strike_R","Defend_R","Defend_R","Defend_R+1","Bash","Impervious","Flex+1","Inflame","Thunderclap","Flex","Pummel","Injury"],"relics":["Burning Blood","NeowsBlessing","Juzu Bracelet","Smiling Mask","StrikeDummy","Golden Idol","Art of War"],"acts_visited":["Exordium"],"potions_floor_usage":[14,14],"damage_taken":[{"damage":0,"enemies":"Jaw Worm","floor":1,"turns":1},{"damage":0,"enemies":"Small Slimes","floor":3,"turns":1},{"damage":0,"enemies":"Cultist","floor":7,"turns":1},{"damage":7,"enemies":"2 Fungi Beasts","floor":10,"turns":3},{"damage":16,"enemies":"Gremlin Nob","floor":11,"turns":4},{"damage":33,"enemies":"Exordium Thugs","floor":12,"turns":4},{"damage":32,"enemies":"3 Sentries","floor":14,"turns":5},{"damage":37,"enemies":"Hexaghost","floor":16,"turns":9}],"seed_played":"-3002853612102893323","potions_obtained":[{"floor":11,"key":"AttackPotion"},{"floor":12,"key":"PowerPotion"}],"is_trial":false,"path_per_floor":["M","?","M","?","$","R","M","R","T","M","E","M","?","E","R","B"],"character_chosen":"IRONCLAD","items_purchased":["Juzu Bracelet","Flex","Inflame"],"campfire_rested":2,"item_purchase_floors":[5,5,5],"current_hp_per_floor":[74,51,57,57,57,75,75,75,75,74,64,37,37,11,33,0,0],"gold":368,"neow_bonus":"THREE_ENEMY_KILL","is_daily":false,"chose_seed":false,"campfire_upgraded":1,"win_rate":0.0,"timestamp":1607693321,"path_taken":["M","?","M","?","$","R","M","R","T","M","E","M","?","E","R","BOSS"],"items_purchased_type":["Relic","Card","Card"],"build_version":"2020-11-30","purchased_purges":1,"victory":false,"max_hp_per_floor":[75,75,75,75,75,75,75,75,75,75,75,75,75,75,75,75,75],"card_choices":[{"not_picked":["Wild Strike","Headbutt","Searing Blow"],"picked":"SKIP","floor":1},{"not_picked":["Iron Wave","Fire Breathing","Wild Strike"],"picked":"SKIP","floor":3},{"not_picked":["Clothesline","Fire Breathing","Feel No Pain"],"picked":"SKIP","floor":7},{"not_picked":["Headbutt","Inflame"],"picked":"Thunderclap","floor":10},{"not_picked":["Feel No Pain","Havoc"],"picked":"Flex","floor":11},{"not_picked":["Sword Boomerang","Warcry"],"picked":"Pummel","floor":12},{"not_picked":["Iron Wave","Anger","Headbutt"],"picked":"SKIP","floor":14}],"player_experience":205740,"relics_obtained":[{"floor":9,"key":"Smiling Mask"},{"floor":11,"key":"StrikeDummy"},{"floor":14,"key":"Art of War"}],"event_choices":[{"damage_healed":0,"gold_gain":0,"player_choice":"Entered Light","damage_taken":23,"max_hp_gain":0,"max_hp_loss":0,"event_name":"Shining Light","floor":2,"gold_loss":0,"cards_upgraded":["Strike_R","Defend_R"]},{"damage_healed":0,"gold_gain":0,"cards_transformed":["Strike_R"],"player_choice":"Transformed","damage_taken":0,"max_hp_gain":0,"max_hp_loss":0,"event_name":"Transmorgrifier","floor":4,"gold_loss":0,"cards_obtained":["Impervious"]},{"damage_healed":0,"gold_gain":0,"player_choice":"Take Wound","damage_taken":0,"relics_obtained":["Golden Idol"],"max_hp_gain":0,"max_hp_loss":0,"event_name":"Golden Idol","floor":13,"gold_loss":0,"cards_obtained":["Injury"]}],"is_beta":false,"boss_relics":[],"items_purged_floors":[5],"is_endless":false,"potions_floor_spawned":[11,12],"killed_by":"Hexaghost","ascension_level":16}}