{"host":"rvmf271ux45up69r","time":1607686389,"event":{"mods":["BaseMod","Colored Map","Dota2Spire","Highlight Path","Minty Spire (QoL Compilation)","Replay The Spire","Robot Space Explorer","Shop Mod","StSLib","The Servant 0.9.4","TheVacant"],"gold_per_floor":[116,132,147,147,157,188,209,282,282,344,344,344,394,394,394,544,544,589,589,589,278,320,320,378,378,405,480,680,774,774,860,860,1040,1040,1125,1151,1202,1263,1303,1303],"floor_reached":39,"playtime":7714,"items_purged":[],"score":650,"play_id":"5acd7e8f-8f9e-4481-b852-15d4c86db4df","local_time":"20201211223309","is_ascension_mode":false,"campfire_choices":[{"data":"BestPractice","floor":15.0,"key":"SMITH"},{"data":"FlawlessForm","floor":23.0,"key":"SMITH"},{"floor":25,"key":"DIG"},{"floor":30,"key":"DIG"},{"floor":32,"key":"DIG"}],"circlet_count":0,"master_deck":["Strike_S","Strike_S","Strike_S","Defend_S","Defend_S","Defend_S","Defend_S","KidneyShot","Exchange","BestPractice+1","Contraction","Rewind","GearUp","Ricochet","ShatteredReality","FastForward","Rearm","TheWorld","FlawlessForm+1","SilverBlades","Ghostly","Ghostly","Ghostly","Ghostly","Ghostly","Writhe","Advance+1","Spin","FloweringNight","MurderousAura","Shuttle+1"],"relics":["Uniform","Replay:Bandana","Kunai","Dota2Spire:PhaseBoots","ReplayTheSpireMod:Ring of Addiction","ReplayTheSpireMod:Ring of Exchange","Toy Ornithopter","White Beast Statue","Spirit Poop","SlaversCollar","Pondfish Scales","Dota2Spire:ShivaGuard","Shovel","Replay:Rubber Ducky","Dota2Spire:HandOfMidas","Oddly Smooth Stone","CaptainsWheel","Dota2Spire:Vanguard","Dota2Spire:ArcaneBoots","StoneMask","Dota2Spire:BladeMail"],"acts_visited":["Exordium","TheCity","TheBeyond"],"potions_floor_usage":[24,27,29,33],"damage_taken":[{"damage":0.0,"enemies":"Small Slimes","floor":1.0,"turns":4.0},{"damage":2.0,"enemies":"2 Louse","floor":2.0,"turns":4.0},{"damage":0.0,"enemies":"Cultist","floor":3.0,"turns":3.0},{"damage":0.0,"enemies":"2 Fungi Beasts","floor":5.0,"turns":6.0},{"damage":0.0,"enemies":"Replay:BlueRogue","floor":6.0,"turns":11.0},{"damage":3.0,"enemies":"Exordium Thugs","floor":7.0,"turns":9.0},{"damage":0.0,"enemies":"Large Slime","floor":8.0,"turns":4.0},{"damage":16.0,"enemies":"Gremlin Nob","floor":10.0,"turns":6.0},{"damage":8.0,"enemies":"3 Louse","floor":13.0,"turns":3.0},{"damage":37.0,"enemies":"Fading Forest","floor":16.0,"turns":11.0},{"damage":12.0,"enemies":"Spheric Guardian","floor":18.0,"turns":14.0},{"damage":0.0,"enemies":"Shell Parasite","floor":22.0,"turns":12.0},{"damage":0,"enemies":"Slavers","floor":24,"turns":12},{"damage":0,"enemies":"3 Cultists","floor":27,"turns":7},{"damage":0,"enemies":"Book of Stabbing","floor":29,"turns":9},{"damage":0,"enemies":"Slavers","floor":31,"turns":8},{"damage":0,"enemies":"Champ","floor":33,"turns":17},{"damage":0,"enemies":"3 Darklings","floor":35,"turns":8},{"damage":0,"enemies":"Orb Walker","floor":37,"turns":6},{"damage":0,"enemies":"Transient","floor":38,"turns":5},{"damage":52,"enemies":"2 Orb Walkers","floor":39,"turns":9}],"seed_played":"-1796686095901813289","potions_obtained":[{"floor":1.0,"key":"SneckoOil"},{"floor":3.0,"key":"Languid Potion"},{"floor":6.0,"key":"AttackPotion"},{"floor":11.0,"key":"ColorlessPotion"},{"floor":13.0,"key":"Adrenaline Potion"},{"floor":16.0,"key":"DuplicationPotion"},{"floor":22.0,"key":"AttackPotion"},{"floor":24,"key":"BlessingOfTheForge"},{"floor":27,"key":"Fruit Juice"},{"floor":29,"key":"DistilledChaos"},{"floor":31,"key":"Dota2Spire:HealingSalve"},{"floor":33,"key":"Ancient Potion"},{"floor":38,"key":"CultistPotion"}],"is_trial":false,"path_per_floor":["M","M","M","?","M","E","M","M","T","E","?","?","M","?","R_BF","B",null,"M","?","?","$","M","R","E","R","T","M","?","E","R","E","R_BF","B",null,"M","T","M","M","?"],"character_chosen":"THE_SERVANT","items_purchased":["Dota2Spire:ShivaGuard"],"campfire_rested":0,"item_purchase_floors":[21],"current_hp_per_floor":[71,69,69,62,62,62,59,59,59,43,43,43,40,40,40,8,71,59,35,33,33,33,33,33,33,33,33,33,38,38,38,38,36,36,37,37,36,37,0,0],"gold":1303,"neow_bonus":"TEN_PERCENT_HP_BONUS","is_daily":false,"chose_seed":false,"campfire_upgraded":2,"win_rate":0.0,"timestamp":1607686389,"path_taken":["M","M","M","?","M","E","M","M","T","E","?","?","?","?","R_BF","BOSS","M","?","?","$","M","R","E","R","T","M","?","E","R","E","R_BF","BOSS","M","?","M","M","?"],"items_purchased_type":["Relic"],"build_version":"2020-11-30","purchased_purges":0,"victory":false,"max_hp_per_floor":[71,71,71,71,71,71,71,71,71,71,71,71,71,71,71,71,71,71,35,33,33,33,33,33,33,33,33,33,38,38,38,38,36,36,37,37,36,37,38,38],"card_choices":[{"not_picked":["Starlight","Ricochet"],"picked":"BestPractice","floor":1.0},{"not_picked":["Defy","Rewind"],"picked":"Contraction","floor":2.0},{"not_picked":["Replace","FanOfKnives"],"picked":"Rewind","floor":3.0},{"not_picked":["ShatteredReality","Read"],"picked":"GearUp","floor":5.0},{"not_picked":["Gouge","FanOfKnives"],"picked":"Ricochet","floor":6.0},{"not_picked":["Replace","Rewind"],"picked":"ShatteredReality","floor":7.0},{"not_picked":["Ricochet","ShatteredReality"],"picked":"FastForward","floor":8.0},{"not_picked":["Alleviate","BottledTime"],"picked":"Rearm","floor":10.0},{"not_picked":["Hightail","Replace","ShatteredReality"],"picked":"SKIP","floor":13.0},{"not_picked":["LightFlow","FloweringNight"],"picked":"FlawlessForm","floor":16.0},{"not_picked":["StarChef","GearUp+1"],"picked":"SilverBlades","floor":18.0},{"not_picked":["FastForward","TimeWarp"],"picked":"Advance+1","floor":22.0},{"not_picked":["DoubleEdge+1","ShatteredReality"],"picked":"Spin","floor":24},{"not_picked":["Unruled","Potential+1","Spin"],"picked":"SKIP","floor":27},{"not_picked":["FastForward","Spin","Alleviate+1"],"picked":"SKIP","floor":29},{"not_picked":["BottledTime","TimeWarp+1"],"picked":"FloweringNight","floor":31},{"not_picked":["Deny","Initiator"],"picked":"MurderousAura","floor":33},{"not_picked":["Snipe+1","Potential"],"picked":"Shuttle+1","floor":35},{"not_picked":["DoubleEdge","Ricochet","Misdirection+1"],"picked":"SKIP","floor":37},{"not_picked":["Defy+1","FanOfKnives","Reset+1"],"picked":"SKIP","floor":38}],"player_experience":183778,"relics_obtained":[{"floor":6.0,"key":"Replay:Bandana"},{"floor":9.0,"key":"Kunai"},{"floor":10.0,"key":"Dota2Spire:PhaseBoots"},{"floor":11.0,"key":"ReplayTheSpireMod:Ring of Addiction"},{"floor":11.0,"key":"ReplayTheSpireMod:Ring of Exchange"},{"floor":11.0,"key":"Toy Ornithopter"},{"floor":11.0,"key":"White Beast Statue"},{"floor":24,"key":"Shovel"},{"floor":25,"key":"Replay:Rubber Ducky"},{"floor":26,"key":"Dota2Spire:HandOfMidas"},{"floor":29,"key":"Oddly Smooth Stone"},{"floor":30,"key":"CaptainsWheel"},{"floor":31,"key":"Dota2Spire:Vanguard"},{"floor":32,"key":"Dota2Spire:ArcaneBoots"},{"floor":36,"key":"Dota2Spire:BladeMail"}],"event_choices":[{"cards_removed":["Strike_S"],"damage_healed":0.0,"max_hp_gain":0.0,"max_hp_loss":0.0,"gold_gain":0.0,"event_name":"Golden Wing","player_choice":"Card Removal","floor":4.0,"gold_loss":0.0,"damage_taken":7.0},{"cards_removed":["Amnesia"],"damage_healed":0.0,"max_hp_gain":0.0,"max_hp_loss":0.0,"gold_gain":0.0,"event_name":"Bonfire Elementals","player_choice":"Offered Curse","floor":12.0,"gold_loss":0.0,"damage_taken":0.0,"relics_obtained":["Spirit Poop"]},{"damage_healed":0.0,"max_hp_gain":0.0,"max_hp_loss":0.0,"gold_gain":0.0,"event_name":"Match and Keep!","player_choice":"1 cards matched","floor":14.0,"gold_loss":0.0,"damage_taken":0.0,"cards_obtained":["TheWorld"]},{"damage_healed":0.0,"max_hp_gain":0.0,"max_hp_loss":36.0,"gold_gain":0.0,"event_name":"Ghosts","player_choice":"Became a Ghost","floor":19.0,"gold_loss":0.0,"damage_taken":0.0,"cards_obtained":["Ghostly","Ghostly","Ghostly","Ghostly","Ghostly"]},{"damage_healed":0.0,"max_hp_gain":0.0,"max_hp_loss":0.0,"gold_gain":0.0,"event_name":"The Mausoleum","player_choice":"Opened","floor":20.0,"gold_loss":0.0,"damage_taken":0.0,"relics_obtained":["Pondfish Scales"],"cards_obtained":["Writhe"]},{"damage_healed":0,"gold_gain":200,"player_choice":"Gold","damage_taken":0,"max_hp_gain":0,"max_hp_loss":0,"event_name":"Wheel of Change","floor":28,"gold_loss":0},{"damage_healed":0,"gold_gain":0,"player_choice":"Fight","damage_taken":0,"max_hp_gain":0,"max_hp_loss":0,"event_name":"Mysterious Sphere","floor":39,"gold_loss":0}],"is_beta":false,"boss_relics":[{"not_picked":["Ring of Chaos","ReplayTheSpireMod:DimensionalGlitch"],"picked":"SlaversCollar"},{"not_picked":["TheAbacus","Replay:Ancient Bell"],"picked":"StoneMask"}],"items_purged_floors":[],"is_endless":false,"potions_floor_spawned":[1,3,6,10,13,16,18,22,24,27,29,31,33,35,37,38],"killed_by":"2 Orb Walkers","ascension_level":0}}