{"host":"kyy1kus4tsuq869y","time":1607653358,"event":{"mods":["BaseMod","Downfall","GifTheSpireLib","HololiveMod","Hubris","Jorbs\u0027s Wanderer Trilogy","Marisa£®ÏF”Í°°ƒß¿Ì…≥£©","Minty Spire (QoL Compilation)","Quick Restart","READ ME - Guardian Mod","READ ME - Snecko Mod","Reimu£®≤©¿ˆ¡È√Œ£©","Remilia£®¿Ÿ√◊¿Ú—«£©","Replay The Spire","StSLib","Td1madao Mod","The Administrix","The Animator","The Bug Knight","The Construct","The Cursed","The Hierophant","The Runesmith","The Senshi","The Servant 0.9.4","Youmu£®ªÍ∆«—˝√Œ£©"],"gold_per_floor":[113,113,113,151,57,57,84,84,84,84,138,166,166,192,242,260,260,332,332,327,377,302,312,46,46,71,71,121,145,145,145],"floor_reached":30,"playtime":549,"items_purged":[],"score":574,"play_id":"75f9de89-5526-4e3c-8558-c56b10df2d6c","local_time":"20201211102238","is_ascension_mode":true,"campfire_choices":[{"data":"Replay:SS_forest_2","floor":6.0,"key":"SMITH"},{"data":"Twin Strike","floor":8.0,"key":"SMITH"},{"data":"Flex","floor":13.0,"key":"SMITH"},{"data":"Fire Breathing","floor":17.0,"key":"SMITH"},{"data":"Offering","floor":25.0,"key":"SMITH"},{"floor":27,"key":"REST"}],"circlet_count":0,"master_deck":["AscendersBane","Strike_R","Strike_R","Strike_R","Defend_R","Defend_R","Defend_R","Defend_R","Flex+1","Twin Strike+1","Replay:SS_forest_2+1","Fire Breathing","Fire Breathing+1","Offering+1","ReplayTheSpireMod:Muscle Training+1","Dual Wield+1","Limit Break","hubris:Envy","hubris:Greed"],"relics":["Burning Blood","NeowsBlessing","hubris:Towel","AntiCross","FossilizedHelix","MealTicket","hubris:TenFootPole","hubris:MysteriousPyramids","Replay:Grab Bag","Cursed Key","Philosopher\u0027s Stone","SacredBark","Astrolabe","Pear","Iron Hammer","Blood Vial"],"acts_visited":["Exordium","TheCity"],"potions_floor_usage":[26,26,26],"damage_taken":[{"damage":0.0,"enemies":"2 Louse","floor":1.0,"turns":1.0},{"damage":0.0,"enemies":"Gremlin Nob","floor":7.0,"turns":1.0},{"damage":0.0,"enemies":"3 Sentries","floor":12.0,"turns":1.0},{"damage":20.0,"enemies":"Lagavulin","floor":14.0,"turns":4.0},{"damage":0.0,"enemies":"Jaw Worm","floor":16.0,"turns":3.0},{"damage":10.0,"enemies":"The Guardian","floor":18.0,"turns":8.0},{"damage":64.0,"enemies":"3 Byrds","floor":20.0,"turns":4.0},{"damage":0.0,"enemies":"Chosen","floor":23.0,"turns":5.0},{"damage":21,"enemies":"Gremlin Leader","floor":26,"turns":3},{"damage":37,"enemies":"3 Cultists","floor":29,"turns":4},{"damage":25,"enemies":"Snake Plant","floor":30,"turns":2}],"seed_played":"-8536537277081767682","potions_obtained":[{"floor":7.0,"key":"Slimebound:ThreeZeroPotion"},{"floor":20.0,"key":"EntropicBrew"}],"is_trial":false,"path_per_floor":["M","?","?","?","$","R","E","R","PTL","PTL","T","E","R","E","?","M","R","B",null,"M","?","?","M","$","R","E","R","T","M","M"],"character_chosen":"IRONCLAD","items_purchased":["Replay:SS_forest_2","Pear"],"campfire_rested":1,"item_purchase_floors":[5,24],"current_hp_per_floor":[74,74,74,50,50,50,56,56,56,56,56,62,62,48,45,51,51,47,68,10,10,10,16,41,41,26,51,51,22,0,0],"gold":145,"neow_bonus":"THREE_ENEMY_KILL","is_daily":false,"chose_seed":false,"campfire_upgraded":5,"win_rate":0.0,"timestamp":1607653358,"path_taken":["M","?","?","?","$","R","E","R","PTL","PTL","T","E","R","E","?","M","R","BOSS","M","?","?","M","$","R","E","R","T","M","M"],"items_purchased_type":["Card","Relic"],"build_version":"2020-11-30","purchased_purges":0,"victory":false,"max_hp_per_floor":[75,75,75,75,75,75,75,75,75,75,75,75,75,75,75,75,75,75,75,75,75,75,75,85,85,85,85,85,85,85,85],"card_choices":[{"not_picked":["Armaments","Massacre"],"picked":"Flex","floor":1.0},{"not_picked":["Clash","Thunderclap"],"picked":"Twin Strike","floor":4.0},{"not_picked":["Reckless Charge","hubris:ReadiedAction","Havoc"],"picked":"SKIP","floor":7.0},{"not_picked":["Dual Wield","Massacre","Cleave"],"picked":"SKIP","floor":12.0},{"not_picked":["Infernal Blade","Feel No Pain"],"picked":"Fire Breathing","floor":14.0},{"not_picked":["Reckless Charge","Armaments"],"picked":"Fire Breathing","floor":16.0},{"not_picked":["Demon Form","Replay:Many Hands"],"picked":"Offering","floor":18.0},{"not_picked":["True Grit","ReplayTheSpireMod:Limb From Limb","Life Link"],"picked":"SKIP","floor":20.0},{"not_picked":["Run Through","Twin Strike","hubris:CleavingFinish"],"picked":"SKIP","floor":23.0},{"not_picked":["Armaments","Seeing Red"],"picked":"Limit Break","floor":26},{"not_picked":["Thunderclap","Flex","Twin Strike"],"picked":"SKIP","floor":29}],"player_experience":439081,"relics_obtained":[{"floor":4.0,"key":"AntiCross"},{"floor":7.0,"key":"FossilizedHelix"},{"floor":11.0,"key":"MealTicket"},{"floor":12.0,"key":"hubris:TenFootPole"},{"floor":14.0,"key":"hubris:MysteriousPyramids"},{"floor":26,"key":"Iron Hammer"},{"floor":28,"key":"Blood Vial"}],"event_choices":[{"damage_healed":0.0,"max_hp_gain":0.0,"max_hp_loss":0.0,"gold_gain":0.0,"event_name":"Liars Game","player_choice":"Ignored","floor":3.0,"gold_loss":0.0,"damage_taken":0.0},{"damage_healed":0.0,"max_hp_gain":0.0,"max_hp_loss":0.0,"gold_gain":50.0,"event_name":"FaceTrader","player_choice":"Touch","floor":15.0,"gold_loss":0.0,"damage_taken":7.0},{"damage_healed":0.0,"max_hp_gain":0.0,"max_hp_loss":0.0,"gold_gain":50.0,"event_name":"Nest","player_choice":"Stole From Cult","floor":21.0,"gold_loss":0.0,"damage_taken":0.0},{"cards_removed":["Anger"],"damage_healed":0.0,"max_hp_gain":0.0,"max_hp_loss":0.0,"gold_gain":0.0,"event_name":"Beggar","player_choice":"Gave Gold","floor":22.0,"gold_loss":75.0,"damage_taken":0.0}],"is_beta":false,"boss_relics":[{"not_picked":["Fusion Hammer","Kintsugi"],"picked":"Replay:Grab Bag"},{"not_picked":["Sozu","Runic Dome"],"picked":"Cursed Key"},{"not_picked":["ChewingGum","SlaversCollar"],"picked":"Philosopher\u0027s Stone"},{"not_picked":["Hololive_ChaosS","RedLine:ReiMu"],"picked":"SacredBark"},{"not_picked":["Pandora\u0027s Box","Empty Cage"],"picked":"Astrolabe"}],"items_purged_floors":[],"is_endless":false,"potions_floor_spawned":[7,20],"killed_by":"Snake Plant","ascension_level":17}}