{"host":"qrt7o4dq2qslzw13","time":1607700469,"event":{"mods":["AchievementEnabler","BaseMod","Colored Map","Colored Powertips","Minty Spire (QoL Compilation)","Quick Restart","Rare Cards Sparkle","StSLib","SuperFastMode"],"gold_per_floor":[119,135,148,97,112,112,112,112,184,208,208,224,224,258,258,351,351,372,372,372,372],"floor_reached":20,"playtime":555,"items_purged":[],"score":331,"play_id":"c43bd466-ad7f-4d0f-82ff-be12b72a2149","local_time":"20201211102749","is_ascension_mode":true,"campfire_choices":[{"data":"Whirlwind","floor":6.0,"key":"SMITH"},{"data":"Bash","floor":8.0,"key":"SMITH"},{"data":"Second Wind","floor":13.0,"key":"SMITH"},{"data":"True Grit","floor":15.0,"key":"SMITH"}],"circlet_count":0,"master_deck":["AscendersBane","Strike_R","Strike_R","Strike_R","Strike_R","Strike_R","Defend_R","Defend_R","Defend_R","Defend_R","Bash+1","True Grit+1","Wild Strike","Whirlwind+1","Second Wind+1","Shrug It Off","Iron Wave","Demon Form","Inflame","Flame Barrier","Double Tap","Wild Strike"],"relics":["Burning Blood","Golden Idol","Shuriken","Regal Pillow","Runic Cube","MutagenicStrength"],"acts_visited":["Exordium","TheCity"],"potions_floor_usage":[],"damage_taken":[{"damage":19.0,"enemies":"Jaw Worm","floor":1.0,"turns":5.0},{"damage":5.0,"enemies":"2 Louse","floor":2.0,"turns":2.0},{"damage":0.0,"enemies":"Cultist","floor":3.0,"turns":3.0},{"damage":1.0,"enemies":"Looter","floor":5.0,"turns":3.0},{"damage":9.0,"enemies":"2 Fungi Beasts","floor":10.0,"turns":3.0},{"damage":11.0,"enemies":"Blue Slaver","floor":12.0,"turns":5.0},{"damage":20.0,"enemies":"Lagavulin","floor":14.0,"turns":6.0},{"damage":44.0,"enemies":"The Guardian","floor":16.0,"turns":14.0},{"damage":44,"enemies":"Chosen","floor":18,"turns":6},{"damage":22,"enemies":"3 Byrds","floor":20,"turns":5}],"seed_played":"4287910848542161230","potions_obtained":[{"floor":1.0,"key":"PowerPotion"},{"floor":2.0,"key":"DistilledChaos"},{"floor":10.0,"key":"Weak Potion"}],"is_trial":false,"path_per_floor":["M","M","M","$","M","R","?","R","T","M","?","M","R","E","R","B",null,"M","?","M"],"character_chosen":"IRONCLAD","items_purchased":["Shrug It Off"],"campfire_rested":0,"item_purchase_floors":[4],"current_hp_per_floor":[55,56,62,62,67,67,67,67,67,64,64,59,59,45,45,7,58,20,20,0,0],"gold":372,"neow_bonus":"THREE_CARDS","is_daily":false,"chose_seed":false,"campfire_upgraded":4,"win_rate":0.0,"timestamp":1607700469,"path_taken":["M","M","M","$","M","R","?","R","T","M","?","?","R","E","R","BOSS","M","?","M"],"items_purchased_type":["Card"],"build_version":"2020-11-30","purchased_purges":0,"victory":false,"max_hp_per_floor":[75,75,75,75,75,75,75,75,75,75,75,75,75,75,75,75,75,75,75,75,75],"card_choices":[{"not_picked":["Clash","Clothesline"],"picked":"True Grit","floor":0.0},{"not_picked":["Headbutt","Seeing Red"],"picked":"Wild Strike","floor":1.0},{"not_picked":["Rampage","Anger"],"picked":"Whirlwind","floor":2.0},{"not_picked":["Inflame","Pommel Strike"],"picked":"Second Wind","floor":3.0},{"not_picked":["Searing Blow","Heavy Blade"],"picked":"Iron Wave","floor":5.0},{"not_picked":["Metallicize","Havoc"],"picked":"Demon Form","floor":10.0},{"not_picked":["Shrug It Off","Warcry"],"picked":"Inflame","floor":12.0},{"not_picked":["Disarm","Flex"],"picked":"Flame Barrier","floor":14.0},{"not_picked":["Reaper","Demon Form"],"picked":"Double Tap","floor":16.0},{"not_picked":["Warcry","Havoc"],"picked":"Wild Strike","floor":18}],"player_experience":440266,"relics_obtained":[{"floor":9.0,"key":"Shuriken"},{"floor":14.0,"key":"Regal Pillow"}],"event_choices":[{"damage_healed":0.0,"max_hp_gain":0.0,"max_hp_loss":0.0,"gold_gain":0.0,"event_name":"Golden Idol","player_choice":"Take Wound","floor":7.0,"gold_loss":0.0,"damage_taken":0.0,"relics_obtained":["Golden Idol"],"cards_obtained":["Injury"]},{"cards_removed":["Injury"],"damage_healed":0.0,"max_hp_gain":0.0,"max_hp_loss":0.0,"gold_gain":0.0,"event_name":"Purifier","player_choice":"Purged","floor":11.0,"gold_loss":0.0,"damage_taken":0.0},{"damage_healed":0,"gold_gain":0,"player_choice":"Inject Mutagens","damage_taken":0,"relics_obtained":["MutagenicStrength"],"max_hp_gain":0,"max_hp_loss":0,"event_name":"Drug Dealer","floor":19,"gold_loss":0}],"is_beta":false,"boss_relics":[{"not_picked":["Snecko Eye","SlaversCollar"],"picked":"Runic Cube"}],"items_purged_floors":[],"is_endless":false,"potions_floor_spawned":[1,2,10],"killed_by":"3 Byrds","ascension_level":18}}