{"host":"nk1hwk2qadwaubm5","time":1607725184,"event":{"mods":["BaseMod","Hermit","Infinite Spire","Minty Spire (QoL Compilation)","Replay The Spire","StSLib","The Cursed","The Jungle","The Servant 0.9.4"],"gold_per_floor":[359,370,8,24,24,24,41,41,41,74,74,100,275,9,9,112,112,129,149,163,163,177,177,206,206,206,206,206,237,251,262,262,365,365,375,389,52,52,62,62,95,109,109,109,109,40,50,85,85,85],"floor_reached":51,"playtime":4733,"items_purged":["Pain","Doubt"],"score":1048,"play_id":"96f5f810-036f-4bcf-97cc-146dca435ffe","local_time":"20201211231944","is_ascension_mode":true,"campfire_choices":[{"data":"TheCursedMod:LuckyCharm","floor":6,"key":"SMITH"},{"data":"TheCursedMod:Evocation","floor":8,"key":"SMITH"},{"data":"TheCursedMod:CollectTribute","floor":15,"key":"SMITH"},{"data":"TheCursedMod:OutForBlood","floor":23,"key":"SMITH"},{"data":"infinitespire:Fortify","floor":25,"key":"SMITH"},{"data":"TheCursedMod:LuckyCharm","floor":27,"key":"SMITH"},{"floor":32,"key":"REST"},{"data":"TheCursedMod:DemonSword","floor":40,"key":"SMITH"},{"data":"TheCursedMod:CursedBlade","floor":44,"key":"SMITH"},{"data":"TheCursedMod:LuckyCharm","floor":49,"key":"SMITH"}],"circlet_count":0,"master_deck":["TheCursedMod:Strike_TheCursed","TheCursedMod:Strike_TheCursed","TheCursedMod:Strike_TheCursed","TheCursedMod:Strike_TheCursed","TheCursedMod:Defend_TheCursed+1","TheCursedMod:Defend_TheCursed","TheCursedMod:Defend_TheCursed","TheCursedMod:CursedWand","TheCursedMod:CleanUpWorkshop+1","TheCursedMod:Dregs","TheCursedMod:WearCloak","TheCursedMod:LuckyCharm+1","TheCursedMod:CursedBlade+1","TheCursedMod:Evocation+1","TheCursedMod:AshesToAshes+1","TheCursedMod:LuckyCharm+1","ReplayTheSpireMod:IOU","TheCursedMod:CollectTribute+1","ReplayTheSpireMod:IOU","TheCursedMod:DemonSword+1","TheCursedMod:SpitefulStrike","TheCursedMod:OutForBlood+1","TheCursedMod:CursedAmulet","infinitespire:Fortify+1","TheCursedMod:CursedArmor","TheCursedMod:CursedSpellbook","TheCursedMod:RapidMovement+1","TheCursedMod:StunningStrike","Parasite","Injury","Injury","TheCursedMod:ReleasedStrength","TheCursedMod:HellfireBreathing+1","TheCursedMod:RapidMovement+1","TheCursedMod:LuckyCharm+1"],"relics":["TheCursedMod:BlackMagic101","infinitespire:Joker Card","Bag of Preparation","ReplayTheSpireMod:Lightbulb","Oddly Smooth Stone","Potion Belt","Replay:Wax Seal","War Paint","TheCursedMod:FourLeafCloverCharm","TheCursedMod:PinkPellets","Replay:Bottled Flurry","ReplayFunnel","Replay:Rubber Ducky","Replay:Ancient Bell","ReplayTheSpireMod:TigerMarble","TheCursedMod:BloodyHarpoon","TheCursedMod:SoulVessel","Gremlin Horn","InkBottle","ReplayTheSpireMod:Ninjato","Replay:Bottled Snecko","Regal Pillow"],"acts_visited":["Exordium","Exordium","TheBeyond"],"potions_floor_usage":[10,10,24,24,36,47,50],"damage_taken":[{"damage":4,"enemies":"2 Louse","floor":1,"turns":3},{"damage":2,"enemies":"Small Slimes","floor":2,"turns":3},{"damage":5,"enemies":"Jaw Worm","floor":4,"turns":5},{"damage":0,"enemies":"2 Fungi Beasts","floor":7,"turns":1},{"damage":6,"enemies":"3 Sentries","floor":10,"turns":5},{"damage":16,"enemies":"Gremlin Nob","floor":12,"turns":5},{"damage":16,"enemies":"Hexaghost","floor":16,"turns":11},{"damage":4,"enemies":"theJungle:5_Spyders","floor":18,"turns":7},{"damage":4,"enemies":"Shell Parasite","floor":19,"turns":6},{"damage":13,"enemies":"theJungle:JungleHuntersEncounter","floor":20,"turns":7},{"damage":8,"enemies":"Snake Plant","floor":22,"turns":5},{"damage":20,"enemies":"theJungle:MamaSnecko","floor":24,"turns":8},{"damage":3,"enemies":"theJungle:Cassacara","floor":29,"turns":8},{"damage":0,"enemies":"theJungle:2_Snecko_Cultists","floor":30,"turns":5},{"damage":0,"enemies":"theJungle:JungleHuntersEncounter","floor":31,"turns":7},{"damage":0,"enemies":"theJungle:FunGuy","floor":33,"turns":10},{"damage":0,"enemies":"3 Shapes","floor":35,"turns":7},{"damage":2,"enemies":"3 Darklings","floor":36,"turns":5},{"damage":0,"enemies":"Transient","floor":39,"turns":5},{"damage":0,"enemies":"Reptomancer","floor":41,"turns":6},{"damage":0,"enemies":"Maw","floor":42,"turns":7},{"damage":12,"enemies":"3 Darklings","floor":47,"turns":4},{"damage":0,"enemies":"Giant Head","floor":48,"turns":8},{"damage":0,"enemies":"Donu and Deca","floor":50,"turns":13}],"seed_played":"2492045875362170626","potions_obtained":[{"floor":1,"key":"Explosive Potion"},{"floor":2,"key":"Energy Potion"},{"floor":7,"key":"SkillPotion"},{"floor":16,"key":"ColorlessPotion"},{"floor":18,"key":"ColorlessPotion"},{"floor":20,"key":"DistilledChaos"},{"floor":24,"key":"SkillPotion"},{"floor":33,"key":"SteroidPotion"},{"floor":42,"key":"Ancient Potion"}],"is_trial":false,"path_per_floor":["M","M","$","M","?","R","M","R","T","E","?","E","?","$","R","B",null,"M","M","M","AVR","M","R","E","R","T","R","?","E","M","M","R","B",null,"M","M","$","?","M","R","E","M","T","R","T","$","M","E","R","B",null],"character_chosen":"THE_CURSED","items_purchased":["infinitespire:Joker Card","TheCursedMod:LuckyCharm","Replay:Wax Seal","War Paint","TheCursedMod:CollectTribute","TheCursedMod:DemonSword","TheCursedMod:SpitefulStrike","Gremlin Horn","TheCursedMod:LuckyCharm"],"campfire_rested":1,"item_purchase_floors":[3,3,14,14,14,14,14,37,46],"current_hp_per_floor":[71,69,69,64,64,64,64,64,64,58,58,42,42,42,42,26,75,71,67,54,54,46,46,26,26,26,26,26,23,23,23,45,45,75,75,75,75,75,75,75,75,75,75,75,75,75,72,75,75,75],"gold":85,"neow_bonus":"TWO_FIFTY_GOLD","is_daily":false,"chose_seed":false,"campfire_upgraded":9,"win_rate":0.0,"timestamp":1607725184,"path_taken":["M","M","$","M","?","R","M","R","T","E","?","E","?","?","R","BOSS","M","M","M","AVR","M","R","E","R","T","R","?","E","?","M","R","BOSS","M","M","?","?","?","R","E","M","T","R","?","$","M","E","R","BOSS"],"items_purchased_type":["Relic","Card","Relic","Relic","Card","Card","Card","Relic","Card"],"build_version":"2020-11-30","purchased_purges":2,"victory":true,"max_hp_per_floor":[75,75,75,75,75,75,75,75,75,75,75,75,75,75,75,75,75,75,75,75,75,75,75,75,75,75,75,75,75,75,75,75,75,75,75,75,75,75,75,75,75,75,75,75,75,75,75,75,75,75],"card_choices":[{"not_picked":["TheCursedMod:SoulCrush","TheCursedMod:CursedArmor"],"picked":"TheCursedMod:WearCloak","floor":1},{"not_picked":["TheCursedMod:CursedBlade","TheCursedMod:TacticalStrike","TheCursedMod:WearCloak"],"picked":"SKIP","floor":2},{"not_picked":["TheCursedMod:SurpriseAttack","TheCursedMod:CircleOfFocus"],"picked":"TheCursedMod:CursedBlade","floor":4},{"not_picked":["TheCursedMod:Torture","TheCursedMod:CursedMace"],"picked":"TheCursedMod:Evocation","floor":7},{"not_picked":["TheCursedMod:DoubleShield","TheCursedMod:SaltUponWound"],"picked":"TheCursedMod:AshesToAshes","floor":10},{"not_picked":["TheCursedMod:CursedShiv","TheCursedMod:SoulCrush"],"picked":"TheCursedMod:LuckyCharm","floor":12},{"not_picked":["TheCursedMod:ShockAndAwe","TheCursedMod:NeowsMight"],"picked":"TheCursedMod:OutForBlood","floor":16},{"not_picked":["TheCursedMod:FuryStrike","TheCursedMod:Torture","TheCursedMod:TroublousMinions"],"picked":"SKIP","floor":18},{"not_picked":["TheCursedMod:CircleOfBlood+1","TheCursedMod:StingEye"],"picked":"TheCursedMod:CursedAmulet","floor":19},{"not_picked":["TheCursedMod:EmpowerCircles","TheCursedMod:SpitefulStrike","TheCursedMod:CircleOfCorruption"],"picked":"SKIP","floor":20},{"not_picked":["TheCursedMod:ForbiddenAlchemy","TheCursedMod:CircleOfFocus"],"picked":"TheCursedMod:CursedArmor","floor":22},{"not_picked":["TheCursedMod:Stretching","TheCursedMod:CursedBlade"],"picked":"TheCursedMod:CursedSpellbook","floor":24},{"not_picked":["TheCursedMod:BloodBarrier","TheCursedMod:WearCloak","TheCursedMod:TacticalStrike"],"picked":"SKIP","floor":29},{"not_picked":["TheCursedMod:SmokeScreen","TheCursedMod:CircleOfCorruption","TheCursedMod:PrepareRite"],"picked":"SKIP","floor":30},{"not_picked":["TheCursedMod:CursedArmor+1","TheCursedMod:CircleOfBlood"],"picked":"TheCursedMod:RapidMovement+1","floor":31},{"not_picked":["TheCursedMod:ShockAndAwe","TheCursedMod:ManaCirculation"],"picked":"TheCursedMod:StunningStrike","floor":33},{"not_picked":["Looming Evil","Regret"],"picked":"Parasite","floor":34},{"not_picked":["AbeCurse","ReplayTheSpireMod:Restless Dread"],"picked":"Injury","floor":34},{"not_picked":["Pain","Looming Evil"],"picked":"Injury","floor":34},{"not_picked":["TheCursedMod:CircleOfFocus","TheCursedMod:SoulReap+1"],"picked":"TheCursedMod:ReleasedStrength","floor":35},{"not_picked":["TheCursedMod:TroublousMinions","TheCursedMod:Stretching+1","TheCursedMod:CircleOfBlood"],"picked":"SKIP","floor":36},{"not_picked":["TheCursedMod:CursedShiv+1","TheCursedMod:CursedMace","TheCursedMod:WearCloak+1"],"picked":"SKIP","floor":39},{"not_picked":["TheCursedMod:WearCloak","TheCursedMod:SoulCrush"],"picked":"TheCursedMod:HellfireBreathing+1","floor":41},{"not_picked":["TheCursedMod:CursedMace","TheCursedMod:DemonicPact"],"picked":"TheCursedMod:RapidMovement+1","floor":42},{"not_picked":["TheCursedMod:Evocation+1","TheCursedMod:CircleOfCorruption+1","TheCursedMod:TacticalStrike"],"picked":"SKIP","floor":47},{"not_picked":["TheCursedMod:WearCloak+1","TheCursedMod:CircleOfFlame+1","TheCursedMod:Stigma"],"picked":"SKIP","floor":48}],"player_experience":127527,"relics_obtained":[{"floor":9,"key":"Bag of Preparation"},{"floor":10,"key":"ReplayTheSpireMod:Lightbulb"},{"floor":11,"key":"Oddly Smooth Stone"},{"floor":12,"key":"Potion Belt"},{"floor":24,"key":"Replay:Bottled Flurry"},{"floor":26,"key":"ReplayFunnel"},{"floor":29,"key":"Replay:Rubber Ducky"},{"floor":41,"key":"InkBottle"},{"floor":43,"key":"ReplayTheSpireMod:Ninjato"},{"floor":45,"key":"Replay:Bottled Snecko"},{"floor":48,"key":"Regal Pillow"}],"event_choices":[{"damage_healed":0,"gold_gain":175,"player_choice":"AGREE","damage_taken":0,"max_hp_gain":0,"max_hp_loss":0,"event_name":"Liars Game","floor":13,"gold_loss":0,"cards_obtained":["Doubt"]},{"damage_healed":0,"gold_gain":0,"player_choice":"Forge","damage_taken":0,"max_hp_gain":0,"max_hp_loss":0,"event_name":"Accursed Blacksmith","floor":28,"gold_loss":0,"cards_upgraded":["TheCursedMod:CleanUpWorkshop"]},{"cards_removed":["TheCursedMod:Defend_TheCursed"],"damage_healed":0,"gold_gain":0,"player_choice":"Offered Basic","damage_taken":0,"max_hp_gain":0,"max_hp_loss":0,"event_name":"Bonfire Elementals","floor":38,"gold_loss":0}],"is_beta":false,"boss_relics":[{"not_picked":["Painkiller Herb","TheCursedMod:OminousMark"],"picked":"TheCursedMod:FourLeafCloverCharm"},{"not_picked":["Tiny House","Snecko Eye"],"picked":"Replay:Ancient Bell"},{"not_picked":["TheCursedMod:Tack","Replay:Baseball"],"picked":"ReplayTheSpireMod:TigerMarble"},{"not_picked":["Replay:Bottled Eggs","Replay:WaspNest"],"picked":"TheCursedMod:BloodyHarpoon"},{"not_picked":["Counterbalance","Pocketwatch"],"picked":"TheCursedMod:SoulVessel"}],"items_purged_floors":[21,37],"is_endless":false,"potions_floor_spawned":[1,2,7,16,18,20,24,33,42],"ascension_level":1}}