{"host":"xr9kfrtt7uxz0mdc","time":1607651884,"event":{"mods":["AchievementEnabler","BaseMod","Highlight Path","Minty Spire (QoL Compilation)"],"gold_per_floor":[115,135,62,22,35,47,66,95,95,95,115,135,152,162,162,260,260,272,272,291,307,307,307,307,307],"floor_reached":24,"playtime":1109,"items_purged":[],"score":204,"play_id":"eb32be1f-1e8b-4262-b244-05c619027573","local_time":"20201211025804","is_ascension_mode":false,"campfire_choices":[{"floor":10,"key":"REST"},{"floor":15,"key":"REST"},{"floor":23,"key":"REST"}],"circlet_count":0,"master_deck":["Strike_G","Strike_G","Strike_G","Strike_G","Strike_G","Defend_G","Defend_G","Defend_G","Defend_G","Defend_G+1","Survivor+1","Neutralize","Cloak And Dagger","Well Laid Plans","Endless Agony","Choke","Infinite Blades","Blade Dance","Distraction","Accuracy","Bullet Time","Finisher","Writhe"],"relics":["Ring of the Snake","NeowsBlessing","Anchor","War Paint","Black Star","CultistMask","Oddly Smooth Stone"],"acts_visited":["Exordium","TheCity"],"potions_floor_usage":[16,24],"damage_taken":[{"damage":0,"enemies":"Small Slimes","floor":1,"turns":1},{"damage":0,"enemies":"Cultist","floor":2,"turns":1},{"damage":0,"enemies":"2 Louse","floor":5,"turns":1},{"damage":8,"enemies":"Lots of Slimes","floor":6,"turns":6},{"damage":5,"enemies":"Blue Slaver","floor":7,"turns":4},{"damage":23,"enemies":"Gremlin Nob","floor":8,"turns":5},{"damage":8,"enemies":"Exordium Wildlife","floor":11,"turns":4},{"damage":0,"enemies":"Large Slime","floor":12,"turns":6},{"damage":6,"enemies":"Lots of Slimes","floor":13,"turns":5},{"damage":0,"enemies":"Red Slaver","floor":14,"turns":3},{"damage":30,"enemies":"Hexaghost","floor":16,"turns":9},{"damage":9,"enemies":"2 Thieves","floor":18,"turns":4},{"damage":7,"enemies":"3 Byrds","floor":20,"turns":5},{"damage":36,"enemies":"3 Cultists","floor":21,"turns":6},{"damage":66,"enemies":"Slavers","floor":24,"turns":4}],"seed_played":"8268117260238146324","potions_obtained":[{"floor":1,"key":"PowerPotion"},{"floor":5,"key":"DuplicationPotion"},{"floor":7,"key":"SneckoOil"},{"floor":12,"key":"FairyPotion"},{"floor":13,"key":"Block Potion"},{"floor":16,"key":"SteroidPotion"}],"is_trial":false,"path_per_floor":["M","M","$","?","M","M","M","E","T","R","M","M","M","M","R","B",null,"M","?","M","M","?","R","E"],"character_chosen":"THE_SILENT","items_purchased":["Well Laid Plans"],"campfire_rested":3,"item_purchase_floors":[3],"current_hp_per_floor":[70,70,70,70,70,62,57,34,34,55,47,47,41,41,62,32,70,61,61,54,18,18,39,0,0],"gold":307,"neow_bonus":"THREE_ENEMY_KILL","is_daily":false,"chose_seed":false,"campfire_upgraded":0,"win_rate":0.0,"timestamp":1607651884,"path_taken":["M","M","$","?","M","?","M","E","T","R","M","M","M","M","R","BOSS","M","?","M","?","?","R","E"],"items_purchased_type":["Card"],"build_version":"2020-11-30","purchased_purges":0,"victory":false,"max_hp_per_floor":[70,70,70,70,70,70,70,70,70,70,70,70,70,70,70,70,70,70,70,70,70,70,70,70,70],"card_choices":[{"not_picked":["PiercingWail","Expertise"],"picked":"Cloak And Dagger","floor":1},{"not_picked":["Underhanded Strike","Calculated Gamble","Noxious Fumes"],"picked":"SKIP","floor":2},{"not_picked":["Predator","Backflip","Prepared"],"picked":"SKIP","floor":5},{"not_picked":["Quick Slash","Blur"],"picked":"Endless Agony","floor":6},{"not_picked":["Terror","Dodge and Roll"],"picked":"Choke","floor":7},{"not_picked":["Acrobatics","Calculated Gamble","Crippling Poison"],"picked":"SKIP","floor":8},{"not_picked":["Endless Agony","Blade Dance"],"picked":"Infinite Blades","floor":11},{"not_picked":["Cloak And Dagger","Dodge and Roll"],"picked":"Blade Dance","floor":12},{"not_picked":["Prepared","Noxious Fumes"],"picked":"Distraction","floor":13},{"not_picked":["Dash","Deadly Poison"],"picked":"Accuracy","floor":14},{"not_picked":["Glass Knife","Envenom"],"picked":"Bullet Time","floor":16},{"not_picked":["PiercingWail","Dodge and Roll"],"picked":"Finisher","floor":18},{"not_picked":["PiercingWail+1","Prepared","Backstab"],"picked":"SKIP","floor":20},{"not_picked":["Bane","Backflip","Flying Knee"],"picked":"SKIP","floor":21}],"player_experience":61915,"relics_obtained":[{"floor":8,"key":"Anchor"},{"floor":9,"key":"War Paint"}],"event_choices":[{"damage_healed":0,"gold_gain":0,"player_choice":"Bought 3 Potions","damage_taken":0,"max_hp_gain":0,"max_hp_loss":0,"event_name":"The Woman in Blue","floor":4,"gold_loss":0},{"damage_healed":0,"gold_gain":0,"player_choice":"Trade","damage_taken":0,"relics_obtained":["CultistMask"],"max_hp_gain":0,"max_hp_loss":0,"event_name":"FaceTrader","floor":19,"gold_loss":0},{"damage_healed":0,"gold_gain":0,"player_choice":"Opened","damage_taken":0,"relics_obtained":["Oddly Smooth Stone"],"max_hp_gain":0,"max_hp_loss":0,"event_name":"The Mausoleum","floor":22,"gold_loss":0,"cards_obtained":["Writhe"]}],"is_beta":false,"boss_relics":[{"not_picked":["Snecko Eye","Ectoplasm"],"picked":"Black Star"}],"items_purged_floors":[],"is_endless":false,"potions_floor_spawned":[1,5,7,11,12,13,16,20,21],"killed_by":"Slavers","ascension_level":0}}