{"host":"qy0m86b6j0qgj9ra","time":1607703113,"event":{"mods":["Act Like it!","Aspiration","BaseMod","Better Altar","Better Note","Better Sensory Stone","Better Skull","Better Third Choice","Better Vampires","BetterRewards","Block Reminder","Challenge The Spire","Conspire","Downfall","Duelist Mod","Friendly Minions","Gensokyo","GifTheSpireLib","Glutton Mod","Googly Eyes","Halation","Hallownest","Hermit","Hubris","Infinite Spire","Jorbs\u0027s Wanderer Trilogy","KomeijiMod","Lobotomy","LobotomyExtend","Mad Scientist","Marisa????????","Minty Spire (QoL Compilation)","Permanent Neow","Rare Cards Sparkle","Reimu??????","Replay The Spire","RumiaBox-????????","Spicy Shops","Spikes Relics","StSLib","Stuff the Spire","The Animator","The Bug Knight","The Cursed","The Jungle","The Necromancer","Virulent Crown","Wandering Minibosses","vexMod"],"gold_per_floor":[111,123,223,239,249,281,281,310,310,326,326,360,360,372,372,469,469,484,501,512,512,530,530,546,546,571,601,612,626,17,17,17,123,123,123,123,123,123,150,150,170,196,196,227,227,276,309,346,346,471,471,497,521,556,603,641,631,631],"floor_reached":57,"playtime":5176,"items_purged":["Defend_W","Strike_W","Strike_W"],"score":836,"play_id":"73bb8604-d064-4cfa-96d0-aae3b16d5db6","local_time":"20201211171153","is_ascension_mode":false,"campfire_choices":[{"data":"Skeleton_Dragon","floor":7,"key":"SMITH"},{"floor":11,"key":"REST"},{"floor":15,"key":"REST"},{"data":"Cloudkill","floor":23,"key":"SMITH"},{"data":"Summon_Vampire_Lady","floor":25,"key":"SMITH"},{"floor":32,"key":"REST"},{"floor":49,"key":"DIG"}],"circlet_count":0,"master_deck":["Strike_W","Defend_W","Defend_W","Defend_W","Negative_Energy_Arrows","Bone_Wall","Skeleton_Dragon+1","Bone_Armor","Negative_Energy_Mist","Negative_Energy_Burst+1","Bone_Armor","Cloudkill+1","Exploit","Death_Knell","Bone_Shift","Life_Tap","Summon_Vampire_Lady+1","Negative_Energy_Javelin","Acid_Javelin+1","Grasp_Heart","Shade_Step+1","Negative_Energy_Sphere","Reap_The_Weak","Reap_The_Weak","Jack Of All Trades","infinitespire:Collect","Summon_Vampire_Lady","CurseOfTheBell","ReplayTheSpireMod:Book of Names","Siphon_Strength","Uncharnel+1","Blood_Magic","Summon_Vampire_Lady","Summon_Undead_Army","Skeleton_Dragon"],"relics":["Vampire_Amulet","halation:PrussianBluePaint","infinitespire:BottledMercury","LetterFromLob","Quantum Egg","ZombieTooth","vexMod:CursedCompass","Anchor","Whetstone","Membership Card","Bag of Preparation","Tiny Chest","vexMod:ScavengeHelm","Black Star","NitorisBag","infinitespire:EvilPickle","Calling Bell","Simple Rune","GodSword4","Durian","LaetitiaHeart","InspiredRelic","vexMod:BigBerry","aspiration:ArtOfWarUpgrade","BrokenLever","MealTicket","StuffTheSpire:HeavyRock","WingedGreaves","Sandwich","halation:PromiseList"],"acts_visited":["Exordium","TheCity","TheBeyond","Exordium"],"potions_floor_usage":[8,12,12,48,48,48],"damage_taken":[{"damage":3,"enemies":"Cultist","floor":1,"turns":4},{"damage":4,"enemies":"Jaw Worm","floor":2,"turns":6},{"damage":0,"enemies":"2 Louse","floor":4,"turns":5},{"damage":9,"enemies":"Red Slaver","floor":5,"turns":5},{"damage":16,"enemies":"3 Sentries","floor":6,"turns":7},{"damage":54,"enemies":"Gremlin Nob","floor":8,"turns":6},{"damage":0,"enemies":"Blue Slaver","floor":10,"turns":4},{"damage":16,"enemies":"3 Sentries","floor":12,"turns":6},{"damage":0,"enemies":"3 Louse","floor":14,"turns":1},{"damage":41,"enemies":"The Guardian","floor":16,"turns":11},{"damage":14,"enemies":"3 Byrds","floor":18,"turns":4},{"damage":17,"enemies":"Chosen","floor":19,"turns":6},{"damage":14,"enemies":"conspire:HollyBat","floor":20,"turns":7},{"damage":25,"enemies":"Snake Plant","floor":22,"turns":6},{"damage":23,"enemies":"Chosen and Byrds","floor":24,"turns":6},{"damage":40,"enemies":"Nightmare","floor":27,"turns":7},{"damage":18,"enemies":"Shelled Parasite and Fungi","floor":28,"turns":5},{"damage":20,"enemies":"3 Cultists","floor":29,"turns":4},{"damage":29,"enemies":"Pondfish","floor":33,"turns":9},{"damage":2,"enemies":"3 Darklings","floor":35,"turns":1},{"damage":0,"enemies":"3 Darklings","floor":35,"turns":2},{"damage":0,"enemies":"3 Darklings","floor":35,"turns":2},{"damage":15,"enemies":"3 Darklings","floor":39,"turns":4},{"damage":0,"enemies":"Orb Walker","floor":41,"turns":2},{"damage":3,"enemies":"Spire Growth","floor":42,"turns":4},{"damage":24,"enemies":"3 Darklings","floor":44,"turns":2},{"damage":0,"enemies":"Nightmare","floor":46,"turns":1},{"damage":1,"enemies":"Sphere and 2 Shapes","floor":47,"turns":4},{"damage":24,"enemies":"Transient","floor":48,"turns":5},{"damage":9,"enemies":"Replay:Hell Engine","floor":50,"turns":7},{"damage":2,"enemies":"Jaw Worm","floor":52,"turns":2},{"damage":0,"enemies":"Cultist","floor":54,"turns":3},{"damage":0,"enemies":"2 Louse","floor":55,"turns":1},{"damage":0,"enemies":"Red Slaver","floor":56,"turns":3},{"damage":49,"enemies":"Nightmare","floor":57,"turns":2}],"seed_played":"-5385552291546807027","potions_obtained":[{"floor":2,"key":"Block Potion"},{"floor":5,"key":"BlessingOfTheForge"},{"floor":8,"key":"SpeedPotion"},{"floor":16,"key":"Swift Potion"},{"floor":18,"key":"CalmPotion"},{"floor":19,"key":"SpeedPotion"},{"floor":48,"key":"ExcitationPotion"}],"is_trial":false,"path_per_floor":["M","M","?","M","M","E","R","E","T","M","R","E","?","M","R","B",null,"M","M","M","?","M","R","M","R","T","NM","M","M","$","AVR","R","B",null,"M","?","?","AVR","M","R","M","M","T","M","R","NM","M","M","R","B",null,"M","T","M","M","M","NM"],"character_chosen":"NECROMANCER","items_purchased":["Membership Card","Bag of Preparation","Negative_Energy_Sphere","Reap_The_Weak","Tiny Chest","Jack Of All Trades","vexMod:ScavengeHelm"],"campfire_rested":3,"item_purchase_floors":[30,30,30,30,30,30,30],"current_hp_per_floor":[74,72,72,75,68,58,58,6,6,8,30,20,20,26,48,9,75,75,70,75,75,61,61,48,48,48,31,32,27,27,27,49,48,80,1,1,1,31,24,24,26,30,30,8,8,8,25,3,3,31,31,31,31,31,31,31,0,0],"gold":631,"neow_bonus":"ONE_RANDOM_RARE_CARD","is_daily":false,"chose_seed":false,"campfire_upgraded":3,"win_rate":0.0,"timestamp":1607703113,"path_taken":["M","M","?","M","M","E","R","E","T","?","R","E","?","M","R","BOSS","M","M","M","?","M","R","?","R","T","NM","M","M","?","AVR","R","BOSS","M","?","?","AVR","M","R","M","M","T","M","R","NM","M","?","R","BOSS","M","?","M","M","M","NM"],"items_purchased_type":["Relic","Relic","Card","Card","Relic","Card","Relic"],"build_version":"2020-11-30","purchased_purges":3,"victory":false,"max_hp_per_floor":[75,75,75,75,75,75,75,75,75,75,75,75,75,75,75,75,75,75,75,75,75,75,75,75,75,75,75,75,75,75,75,75,75,80,1,1,1,31,31,31,31,31,31,31,31,31,31,31,31,31,31,31,31,31,31,31,31,31],"card_choices":[{"not_picked":["Slay_Living","Death_March_Dance"],"picked":"Bone_Armor","floor":1},{"not_picked":["Shackles_Of_Pain","Shade_Step"],"picked":"Negative_Energy_Mist","floor":2},{"not_picked":["Death_March_Dance","Chill_Blood"],"picked":"Negative_Energy_Burst","floor":4},{"not_picked":["Epidemic","Exploit"],"picked":"Bone_Armor","floor":5},{"not_picked":["Chill_Blood","Death_Coil"],"picked":"Cloudkill","floor":6},{"not_picked":["Death_March_Dance","Pandemic"],"picked":"Exploit","floor":8},{"not_picked":["Negative_Energy_Mist","Bone_Spikes"],"picked":"Death_Knell","floor":10},{"not_picked":["Death_March_Dance","Consume_Illness"],"picked":"Bone_Shift","floor":12},{"not_picked":["Slay_Living","Corrupt"],"picked":"Life_Tap","floor":14},{"not_picked":["Blood_Magic","Requiem"],"picked":"Summon_Vampire_Lady","floor":16},{"not_picked":["Shade_Step","Necrotic_Claws","Plague_Bolt"],"picked":"SKIP","floor":18},{"not_picked":["Negative_Energy_Shield","Acid_Javelin","Necromantic_Selection"],"picked":"SKIP","floor":19},{"not_picked":["Death_March_Dance+1","Bone_Shift","Blood_Curse"],"picked":"SKIP","floor":20},{"not_picked":["Scare+1","Vampiric_Strike","Pandemic"],"picked":"SKIP","floor":22},{"not_picked":["Bone_Shift","Bones_to_Steel"],"picked":"Grasp_Heart","floor":24},{"not_picked":["Strike_from_Beyond","Blood_for_Blood+1","Negative_Energy_Mist"],"picked":"SKIP","floor":27},{"not_picked":["Death_Knell","Scare","Blood_Whip+1"],"picked":"SKIP","floor":28},{"not_picked":["Death_March_Dance","Consume_Illness"],"picked":"Shade_Step+1","floor":29},{"not_picked":["Requiem","Hellfire"],"picked":"Summon_Vampire_Lady","floor":33},{"not_picked":["infinitespire:SevenWalls","infinitespire:Collect"],"picked":"ReplayTheSpireMod:Book of Names","floor":36},{"not_picked":["Consume_Illness+1","Blood_Curse"],"picked":"Siphon_Strength","floor":39},{"not_picked":["Negative_Energy_Javelin","Finger_Of_Death"],"picked":"Uncharnel+1","floor":41},{"not_picked":["Thousand_Bone_Knives","Chill_Blood"],"picked":"Blood_Magic","floor":42},{"not_picked":["Negative_Energy_Javelin+1","Vampiric_Strike+1"],"picked":"Summon_Vampire_Lady","floor":44},{"not_picked":["Reap_The_Weak","Epidemic+1","Death_March_Dance"],"picked":"SKIP","floor":46},{"not_picked":["Negative_Energy_Javelin+1","Blood_for_Blood+1"],"picked":"Summon_Undead_Army","floor":47},{"not_picked":["Plague_Bolt","Death_March_Dance+1","Negative_Energy_Javelin+1"],"picked":"SKIP","floor":48},{"not_picked":["Requiem","Hellfire"],"picked":"Skeleton_Dragon","floor":50},{"not_picked":["Blood_for_Blood","Negative_Energy_Sphere","Plague_Bolt"],"picked":"SKIP","floor":52},{"not_picked":["Whirlwind_of_Bones","Epidemic","Bone_Armor"],"picked":"SKIP","floor":54},{"not_picked":["Negative_Energy_Shield","Summon_Undead","Death_Coil"],"picked":"SKIP","floor":55},{"not_picked":["Strike_from_Beyond","Death_Coil","Bone_Spikes"],"picked":"SKIP","floor":56}],"player_experience":475940,"relics_obtained":[{"floor":6,"key":"halation:PrussianBluePaint"},{"floor":8,"key":"infinitespire:BottledMercury"},{"floor":8,"key":"LetterFromLob"},{"floor":9,"key":"Quantum Egg"},{"floor":12,"key":"ZombieTooth"},{"floor":26,"key":"Anchor"},{"floor":27,"key":"Whetstone"},{"floor":34,"key":"Simple Rune"},{"floor":34,"key":"GodSword4"},{"floor":34,"key":"Durian"},{"floor":43,"key":"BrokenLever"},{"floor":46,"key":"MealTicket"},{"floor":46,"key":"StuffTheSpire:HeavyRock"},{"floor":49,"key":"WingedGreaves"},{"floor":53,"key":"halation:PromiseList"}],"event_choices":[{"damage_healed":0,"gold_gain":100,"player_choice":"Pray","damage_taken":0,"max_hp_gain":0,"max_hp_loss":0,"event_name":"Golden Shrine","floor":3,"gold_loss":0},{"damage_healed":0,"gold_gain":0,"player_choice":"Ignored","damage_taken":0,"max_hp_gain":0,"max_hp_loss":0,"event_name":"Golden Idol","floor":13,"gold_loss":0},{"damage_healed":0,"gold_gain":0,"player_choice":"2 cards matched","damage_taken":0,"max_hp_gain":0,"max_hp_loss":0,"event_name":"Match and Keep!","floor":21,"gold_loss":0,"cards_obtained":["Negative_Energy_Javelin","Acid_Javelin"]},{"damage_healed":0,"gold_gain":0,"player_choice":"Bought 0 Potions","damage_taken":0,"max_hp_gain":0,"max_hp_loss":0,"event_name":"The Woman in Blue","floor":37,"gold_loss":0}],"is_beta":false,"boss_relics":[{"not_picked":["hubris:VirtuousBlindfold","halation:PlatinumPhoenix"],"picked":"vexMod:CursedCompass"},{"not_picked":["aspiration:SilentSkillbook","Runic Pyramid"],"picked":"Calling Bell"},{"not_picked":["Ring of Chaos","vexMod:EndlessSickness"],"picked":"Sandwich"}],"items_purged_floors":[30,31,38],"is_endless":true,"potions_floor_spawned":[2,4,5,8,16,18,19,22,24,33,39,41,42,44,47,48],"killed_by":"Nightmare","ascension_level":0}}