{"host":"eb5p02stph7rbfhu","time":1607694683,"event":{"mods":["BaseMod","Colored Map","Colored Powertips","Defuse TimeMaze Blight","Downfall","Hubris","Infinite Spire","Minty Spire (QoL Compilation)","Replay The Spire","StSLib"],"gold_per_floor":[119,129,129,145,145,145,145,176,203,203,378,378,378,392,392,494,594,606,606,606,606,606,606,606,606,606,606,606,617,617,635,635,739,739,759,759,514,569,569,569,569,569,646,674,674,634,634,644,644,742,742,731,731,730,730,730,730,730,730,730,655,662,516,516,516,516,564,564,573,581,581,583,581,581,581,531,531,543,543,543,547,547,547,613,663,666,738,740,740,740],"floor_reached":89,"playtime":4991,"items_purged":["Doubt","Regret","Amnesia","Doubt","Halt","Gash+1"],"score":2273,"play_id":"47b6187a-5209-40e8-8f85-2bb4c030287e","local_time":"20201211145123","daily_mods":["Draft","Diverse","Colorless Cards","Heirloom","Flight","Elite Swarm"],"is_ascension_mode":true,"campfire_choices":[{"data":"hexamod:Rewind","floor":6.0,"key":"SMITH"},{"data":"JustLucky","floor":10.0,"key":"SMITH"},{"data":"Replay:Undeath\u0027s Touch","floor":13.0,"key":"SMITH"},{"floor":15.0,"key":"REST"},{"data":"RitualDagger","floor":23.0,"key":"SMITH"},{"data":"Slimebound:SamplingLick","floor":25.0,"key":"SMITH"},{"data":"Guardian:PiercingHide","floor":27.0,"key":"SMITH"},{"data":"Hidden Blade","floor":32.0,"key":"SMITH"},{"data":"hubris:Fate","floor":40.0,"key":"SMITH"},{"data":"Guardian:CompilePackage","floor":41.0,"key":"SMITH"},{"data":"infinitespire:Starlight","floor":45.0,"key":"SMITH"},{"data":"Storm","floor":47.0,"key":"SMITH"},{"data":"Study","floor":49.0,"key":"SMITH"},{"data":"Creative AI","floor":57.0,"key":"SMITH"},{"data":"PathToVictory","floor":66.0,"key":"SMITH"},{"data":"Blade Dance","floor":74.0,"key":"SMITH"},{"data":"Bite","floor":80.0,"key":"SMITH"},{"data":"hubris:Fate","floor":83.0,"key":"SMITH"}],"circlet_count":0,"master_deck":["Study+1","Hidden Blade+1","Guardian:PiercingHide+1","hexamod:Rewind+1","sneckomod:MixItUp","Guardian:Gem_Fragmented","Fire Breathing+1","JustLucky+1","Poisoned Stab","Replay:Undeath\u0027s Touch+1","Storm+1","Slimebound:SamplingLick+1","Prostrate+1","Beam Cell+1","Echo Form","Slimebound:RejuvenatingLick+1","infinitespire:Starlight+1","RitualDagger+1","hexamod:Rewind+1","Guardian:CompilePackage+1","Guardian:Gem_Green","Guardian:Gem_Fragmented","Guardian:Gem_Orange","Guardian:Gem_White","Guardian:Gem_Synthetic","hubris:Fate+1","Creative AI+1","Blade Dance+1","PathToVictory+1","Inflame+1","Bite+1","Bite","Bite","Bite","Bite+1","hubris:Fate+1","hubris:Fate","Madness","Madness"],"relics":["m_SlimeRing","hubris:AstralHammer","Replay:Bottled Steam","Blue Doll","hubris:Reverence","Replay:Wanted Poster","hubris:Zylophone","Whetstone","infinitespire:Magic Flask","Runic Pyramid","Ornamental Fan","Guardian:SackOfGems","SacredBark","hubris:Teleporter","Gremlin Horn","Dream Catcher","Replay:Ancient Bell","Centennial Puzzle","Mummified Hand","Ginger","Odd Mushroom","infinitespire:Cubic Diamond","Guardian:GemstoneGun","Onion Ring","Membership Card","infinitespire:Midas Blood","Ring of Fury","Empty Cage","Enchiridion","Nloth\u0027s Gift","hubris:Towel","Frozen Egg 2","Guardian:GemstoneGun","Letter Opener","Tiny House","infinitespire:BottledMercury"],"acts_visited":["Exordium","TheCity","TheBeyond","Exordium","TheCity","TheBeyond"],"potions_floor_usage":[],"damage_taken":[{"damage":0.0,"enemies":"Cultist","floor":1.0,"turns":3.0},{"damage":8.0,"enemies":"Small Slimes","floor":2.0,"turns":4.0},{"damage":12.0,"enemies":"Jaw Worm","floor":4.0,"turns":3.0},{"damage":19.0,"enemies":"3 Sentries","floor":8.0,"turns":5.0},{"damage":0.0,"enemies":"2 Fungi Beasts","floor":14.0,"turns":3.0},{"damage":30.0,"enemies":"Hexaghost","floor":16.0,"turns":9.0},{"damage":9.0,"enemies":"Chosen","floor":18.0,"turns":4.0},{"damage":0.0,"enemies":"Spheric Guardian","floor":29.0,"turns":3.0},{"damage":12.0,"enemies":"3 Cultists","floor":31.0,"turns":5.0},{"damage":18.0,"enemies":"Automaton","floor":33.0,"turns":10.0},{"damage":20.0,"enemies":"3 Shapes","floor":35.0,"turns":4.0},{"damage":52.0,"enemies":"2 Orb Walkers","floor":38.0,"turns":5.0},{"damage":23.0,"enemies":"Nightmare","floor":44.0,"turns":4.0},{"damage":1.0,"enemies":"Orb Walker","floor":48.0,"turns":2.0},{"damage":7.0,"enemies":"Donu and Deca","floor":50.0,"turns":4.0},{"damage":0.0,"enemies":"Cultist","floor":52.0,"turns":3.0},{"damage":2.0,"enemies":"Jaw Worm","floor":54.0,"turns":1.0},{"damage":0.0,"enemies":"The Mushroom Lair","floor":55.0,"turns":2.0},{"damage":4.0,"enemies":"2 Louse","floor":62.0,"turns":2.0},{"damage":2.0,"enemies":"The Guardian","floor":67.0,"turns":4.0},{"damage":0.0,"enemies":"3 Byrds","floor":69.0,"turns":1.0},{"damage":2.0,"enemies":"Spheric Guardian","floor":72.0,"turns":1.0},{"damage":9.0,"enemies":"Snake Plant","floor":73.0,"turns":2.0},{"damage":4.0,"enemies":"Gremlin Leader","floor":78.0,"turns":2.0},{"damage":2.0,"enemies":"Shelled Parasite and Fungi","floor":81.0,"turns":1.0},{"damage":6.0,"enemies":"Champ","floor":84.0,"turns":3.0},{"damage":6.0,"enemies":"3 Shapes","floor":86.0,"turns":1.0}],"seed_played":"7536885634967073110","potions_obtained":[{"floor":1.0,"key":"GamblersBrew"},{"floor":14.0,"key":"Dexterity Potion"},{"floor":31.0,"key":"Ancient Potion"},{"floor":33.0,"key":"Fire Potion"},{"floor":38.0,"key":"SteroidPotion"},{"floor":44.0,"key":"PowerPotion"},{"floor":78.0,"key":"Explosive Potion"}],"is_trial":true,"path_per_floor":["M","M","?","M","?","R","$","E","T","R","?","T","R","M","R","B",null,"M","?","?","?","?","R","?","R","T","R","AVR","M","?","M","R","B",null,"M","?","$","?","AVR","R","R","?","T","NM","R","?","R","M","R","B",null,"M","?","M","?","?","R","?","AVR","T","$","M","$","T","?","R","B",null,"M","?","?","M","M","R","?","$","T","E","?","R","M","AVR","R","B",null,"M","T","?","$"],"character_chosen":"GUARDIAN","items_purchased":["Ornamental Fan","Membership Card"],"campfire_rested":1,"item_purchase_floors":[37,63],"current_hp_per_floor":[72,64,64,52,45,45,45,26,26,26,26,26,26,26,50,20,65,56,59,40,34,34,34,34,34,34,34,34,36,36,36,36,40,72,64,76,76,41,41,41,41,41,41,28,28,28,28,59,59,95,95,95,95,93,93,93,93,93,93,93,93,91,91,91,91,91,95,95,95,79,79,79,88,98,98,98,98,105,73,73,73,73,73,73,78,76,76,66,66,66],"gold":740,"neow_bonus":"","is_daily":false,"chose_seed":false,"campfire_upgraded":17,"win_rate":0.0,"timestamp":1607694683,"path_taken":["M","?","?","?","?","R","?","E","T","R","?","?","R","M","R","BOSS","M","?","?","?","?","R","?","R","T","R","AVR","?","?","?","R","BOSS","M","?","$","?","AVR","R","R","?","T","NM","R","?","R","?","R","BOSS","M","?","?","?","?","R","?","AVR","T","?","?","?","?","?","R","BOSS","M","?","?","?","M","R","?","?","T","E","?","R","?","AVR","R","BOSS","M","?","?","$"],"items_purchased_type":["Relic","Relic"],"build_version":"2020-11-30","purchased_purges":6,"victory":false,"max_hp_per_floor":[80,80,80,80,80,80,80,80,80,80,80,80,80,80,80,80,80,80,83,83,83,83,83,83,83,83,83,83,83,83,83,83,83,83,83,95,95,95,95,95,95,95,95,95,95,95,95,95,95,95,95,95,95,95,95,95,95,95,95,95,95,95,95,95,95,95,95,95,95,95,95,95,95,105,105,105,105,105,73,73,73,73,73,73,78,78,78,78,78,78],"card_choices":[{"not_picked":["Clothesline","sneckomod:UnknownBlock"],"picked":"Study","floor":0.0},{"not_picked":["DeceiveReality","Acrobatics"],"picked":"Hidden Blade","floor":0.0},{"not_picked":["hexamod:InspiringFlames","EmptyFist"],"picked":"Guardian:PiercingHide","floor":0.0},{"not_picked":["sneckomod:IronFang","expansioncontent:SlimeTackle"],"picked":"hexamod:Rewind","floor":0.0},{"not_picked":["Slimebound:Dissolve","Guardian:FuturePlans"],"picked":"sneckomod:MixItUp","floor":0.0},{"not_picked":["SignatureMove","Guardian:Gem_Green"],"picked":"Guardian:Gem_Fragmented","floor":0.0},{"not_picked":["Slimebound:TongueLash","Turbo"],"picked":"Guardian:Gem_Fragmented","floor":0.0},{"not_picked":["EmptyFist","hexamod:Firestarter"],"picked":"Halt","floor":0.0},{"not_picked":["Flechettes","sneckomod:Unknown1Cost"],"picked":"Fire Breathing","floor":0.0},{"not_picked":["Slimebound:SplitLeeching","Guardian:PrismaticBarrier"],"picked":"JustLucky","floor":0.0},{"not_picked":["sneckomod:QuickBite","hexamod:RainOfEmbers"],"picked":"Poisoned Stab","floor":0.0},{"not_picked":["ThirdEye","Warcry"],"picked":"Replay:Undeath\u0027s Touch","floor":0.0},{"not_picked":["Replay:SS_forest_5","Guardian:VentSteam"],"picked":"Gash","floor":0.0},{"not_picked":["Tantrum","Slimebound:RollThrough"],"picked":"Storm","floor":0.0},{"not_picked":["Coolheaded","Slimebound:Equalize"],"picked":"Slimebound:SamplingLick","floor":0.0},{"not_picked":["hexamod:Hexaguard","Wild Strike"],"picked":"Prostrate","floor":1.0},{"not_picked":["sneckomod:UnknownWeak","expansioncontent:FaceSlap","Collect"],"picked":"SKIP","floor":2.0},{"not_picked":["Guardian:ChargeUp","hexamod:InspiringFlames","Slimebound:LevelUp"],"picked":"SKIP","floor":4.0},{"not_picked":["sneckomod:Unknown3Cost","Slimebound:MassRepurpose","Slimebound:SlimeSlap"],"picked":"SKIP","floor":8.0},{"not_picked":["hexamod:Firestarter","Bane"],"picked":"Beam Cell","floor":14.0},{"not_picked":["Electrodynamics","Seek"],"picked":"Echo Form","floor":16.0},{"not_picked":["Sweeping Beam+1","Slimebound:LivingWall"],"picked":"Slimebound:RejuvenatingLick+1","floor":18.0},{"not_picked":["infinitespire:NeuralNetwork","infinitespire:TheBestDefense"],"picked":"infinitespire:Starlight","floor":20.0},{"not_picked":["Conserve Battery","FlyingSleeves+1","Guardian:Planning"],"picked":"SKIP","floor":29.0},{"not_picked":["Guardian:RollAttack","Slimebound:GrowthPunch","sneckomod:UnknownWeak"],"picked":"SKIP","floor":31.0},{"not_picked":["Devotion","Replay:AllIn"],"picked":"Guardian:CompilePackage","floor":33.0},{"not_picked":["Beam Cell","hexamod:CatchUp","Clash+1"],"picked":"SKIP","floor":35.0},{"not_picked":["Slimebound:PrepareCrush","Tools of the Trade","Malaise"],"picked":"SKIP","floor":44.0},{"not_picked":["Ghostly Armor","hubris:Ukulele","Slimebound:ItLooksTasty+1"],"picked":"SKIP","floor":48.0},{"not_picked":["Slimebound:MassRepurpose","hexamod:HexaLevel"],"picked":"Creative AI","floor":50.0},{"not_picked":["hubris:Disease","hubris:Greed"],"picked":"Doubt","floor":51.0},{"not_picked":["Normality","infinitespire:Pacifist"],"picked":"Amnesia","floor":51.0},{"not_picked":["Regret","hubris:Lust"],"picked":"Overencumbered","floor":51.0},{"not_picked":["EmptyFist","EmptyBody","Iron Wave"],"picked":"SKIP","floor":52.0},{"not_picked":["Guardian:TemporalStrike","Guardian:Planning"],"picked":"Blade Dance","floor":54.0},{"not_picked":["sneckomod:Rotation","Headbutt"],"picked":"PathToVictory","floor":55.0},{"not_picked":["Rip and Tear","Body Slam","FollowUp"],"picked":"SKIP","floor":62.0},{"not_picked":["Replay:DivineShield+1","sneckomod:UnknownClassSLIMEBOUND+1","Barrage+1"],"picked":"SKIP","floor":69.0},{"not_picked":["Dodge and Roll","Slimebound:FinishingTackle"],"picked":"Inflame+1","floor":72.0},{"not_picked":["Flying Knee+1","Headbutt+1","sneckomod:SerpentIdol+1"],"picked":"SKIP","floor":73.0},{"not_picked":["Impervious","Immolate","Reboot"],"picked":"SKIP","floor":78.0},{"not_picked":["Crescendo","Guardian:ChargeUp","CrushJoints+1"],"picked":"SKIP","floor":81.0},{"not_picked":["ReplayTheSpireMod:Echoes of Time","hubris:InfiniteBlow+15"],"picked":"hubris:Fate","floor":84.0},{"not_picked":["hubris:SlightOfHand+1","Leap+1","FollowUp"],"picked":"SKIP","floor":86.0}],"player_experience":347024,"relics_obtained":[{"floor":8.0,"key":"Replay:Bottled Steam"},{"floor":9.0,"key":"Blue Doll"},{"floor":12.0,"key":"hubris:Reverence"},{"floor":26.0,"key":"Whetstone"},{"floor":38.0,"key":"Guardian:SackOfGems"},{"floor":43.0,"key":"Gremlin Horn"},{"floor":44.0,"key":"Dream Catcher"},{"floor":55.0,"key":"Odd Mushroom"},{"floor":60.0,"key":"Onion Ring"},{"floor":64.0,"key":"infinitespire:Midas Blood"},{"floor":65.0,"key":"Ring of Fury"},{"floor":70.0,"key":"Enchiridion"},{"floor":77.0,"key":"Frozen Egg 2"},{"floor":78.0,"key":"Guardian:GemstoneGun"},{"floor":87.0,"key":"infinitespire:BottledMercury"}],"event_choices":[{"cards_removed":["Pain"],"damage_healed":0.0,"max_hp_gain":0.0,"max_hp_loss":0.0,"gold_gain":0.0,"event_name":"Golden Wing","player_choice":"Card Removal","floor":5.0,"gold_loss":0.0,"damage_taken":7.0},{"damage_healed":0.0,"max_hp_gain":0.0,"max_hp_loss":0.0,"gold_gain":175.0,"event_name":"Liars Game","player_choice":"AGREE","floor":11.0,"gold_loss":0.0,"damage_taken":0.0,"cards_obtained":["Doubt"]},{"damage_healed":0.0,"max_hp_gain":0.0,"max_hp_loss":0.0,"gold_gain":0.0,"event_name":"Nest","player_choice":"Joined the Cult","floor":21.0,"gold_loss":0.0,"damage_taken":6.0,"cards_obtained":["RitualDagger"]},{"damage_healed":0.0,"max_hp_gain":0.0,"max_hp_loss":0.0,"gold_gain":0.0,"event_name":"Ghosts","player_choice":"Ignored","floor":22.0,"gold_loss":0.0,"damage_taken":0.0},{"damage_healed":0.0,"max_hp_gain":0.0,"max_hp_loss":0.0,"gold_gain":0.0,"event_name":"The Mausoleum","player_choice":"Opened","floor":24.0,"gold_loss":0.0,"damage_taken":0.0,"relics_obtained":["hubris:Zylophone"]},{"damage_healed":0.0,"max_hp_gain":0.0,"max_hp_loss":0.0,"gold_gain":0.0,"event_name":"Duplicator","player_choice":"Copied","floor":30.0,"gold_loss":0.0,"damage_taken":0.0,"cards_obtained":["hexamod:Rewind"]},{"damage_healed":0.0,"max_hp_gain":0.0,"max_hp_loss":0.0,"gold_gain":0.0,"event_name":"Mysterious Sphere","player_choice":"Fight","floor":38.0,"gold_loss":0.0,"damage_taken":0.0},{"damage_healed":0.0,"max_hp_gain":0.0,"max_hp_loss":0.0,"gold_gain":0.0,"event_name":"The Moai Head","player_choice":"Ignored","floor":42.0,"gold_loss":0.0,"damage_taken":0.0},{"damage_healed":0.0,"max_hp_gain":0.0,"max_hp_loss":0.0,"gold_gain":0.0,"event_name":"Designer","player_choice":"Upgraded Two","floor":46.0,"gold_loss":40.0,"damage_taken":0.0,"cards_upgraded":["Prostrate","Fire Breathing"]},{"damage_healed":0.0,"max_hp_gain":0.0,"max_hp_loss":0.0,"gold_gain":0.0,"event_name":"Match and Keep!","player_choice":"0 cards matched","floor":53.0,"gold_loss":0.0,"damage_taken":0.0,"cards_obtained":[]},{"damage_healed":0.0,"max_hp_gain":0.0,"max_hp_loss":0.0,"gold_gain":0.0,"event_name":"Mushrooms","player_choice":"Fought Mushrooms","floor":55.0,"gold_loss":0.0,"damage_taken":0.0},{"damage_healed":0.0,"max_hp_gain":0.0,"max_hp_loss":0.0,"gold_gain":0.0,"event_name":"Liars Game","player_choice":"Ignored","floor":58.0,"gold_loss":0.0,"damage_taken":0.0},{"damage_healed":0.0,"max_hp_gain":0.0,"max_hp_loss":0.0,"gold_gain":0.0,"event_name":"Cursed Tome","player_choice":"Obtained Book","floor":70.0,"gold_loss":0.0,"damage_taken":16.0},{"damage_healed":0.0,"max_hp_gain":0.0,"max_hp_loss":0.0,"gold_gain":0.0,"event_name":"N\u0027loth","player_choice":"Traded Relic","floor":71.0,"relics_lost":["WarpedTongs"],"gold_loss":0.0,"damage_taken":0.0,"relics_obtained":["Nloth\u0027s Gift"]},{"damage_healed":0.0,"max_hp_gain":0.0,"max_hp_loss":32.0,"gold_gain":0.0,"event_name":"Vampires","player_choice":"Became a vampire","floor":79.0,"gold_loss":0.0,"damage_taken":0.0,"cards_obtained":["Bite","Bite","Bite","Bite","Bite"]},{"damage_healed":0.0,"max_hp_gain":0.0,"max_hp_loss":0.0,"gold_gain":0.0,"event_name":"Winding Halls","player_choice":"Embrace Madness","floor":88.0,"gold_loss":0.0,"damage_taken":10.0,"cards_obtained":["Madness","Madness"]}],"is_beta":false,"boss_relics":[{"not_picked":["hubris:BlackHole","Busted Crown"],"picked":"Replay:Wanted Poster"},{"not_picked":["ChewingGum","expansioncontent:StudyCardRelic"],"picked":"Runic Pyramid"},{"not_picked":["Painkiller Herb","Astrolabe"],"picked":"Replay:Ancient Bell"},{"not_picked":["hubris:SlimyHat","Grinning Jar"],"picked":"Centennial Puzzle"},{"not_picked":["hubris:Metronome","hubris:CrystalStatue"],"picked":"Mummified Hand"},{"not_picked":["Replay:Towering Pillar of Hats","Girya"],"picked":"Ginger"},{"not_picked":["hubris:HollowSoul","Sozu"],"picked":"Empty Cage"},{"not_picked":["Snecko Eye","ChewingGum"],"picked":"Tiny House"}],"items_purged_floors":[28,39,59,61,76,82],"is_endless":true,"potions_floor_spawned":[1,14,31,33,38,44,48,54,73,78,84],"ascension_level":9}}