{"host":"b0dcklafnoly879c","time":1607679017,"event":{"mods":["BaseMod","Hermit","Minty Spire (QoL Compilation)","StSLib","The Jungle"],"gold_per_floor":[115,169,244,21,35,69,69,104,104,104,115,128,143,169,169,268,268,287,306,14,14,14,14,14,14,14,26,54,66,66],"floor_reached":29,"playtime":1445,"items_purged":[],"score":329,"play_id":"f4bf4939-65d5-44b3-81ae-095f9a3d5a7c","local_time":"20201211183017","is_ascension_mode":true,"campfire_choices":[{"data":"Apotheosis","floor":7.0,"key":"SMITH"},{"floor":10.0,"key":"DIG"},{"floor":15.0,"key":"DIG"},{"floor":23.0,"key":"DIG"},{"floor":25.0,"key":"DIG"},{"floor":27.0,"key":"DIG"}],"circlet_count":0,"master_deck":["hermit:Strike_Hermit","hermit:Strike_Hermit","hermit:Strike_Hermit","hermit:Strike_Hermit","hermit:Defend_Hermit","hermit:Defend_Hermit","hermit:Defend_Hermit","hermit:Defend_Hermit","hermit:Snapshot","hermit:Covet","hermit:FullyLoaded","Apotheosis+1","hermit:BodyArmor","hermit:Enervate","hermit:DeadMansHand","hermit:Gambit","hermit:TakeCover","hermit:EyeOfTheStorm","hermit:Cheat"],"relics":["hermit:Momento","NeowsBlessing","Torii","Matryoshka","Shovel","Orichalcum","Akabeko","FossilizedHelix","Juzu Bracelet","hermit:DentedPlate","Membership Card","hermit:Horseshoe","Anchor","Toy Ornithopter","Toxic Egg 2","MawBank","hermit:RedScarf"],"acts_visited":["Exordium","TheCity"],"potions_floor_usage":[28,28,28,29],"damage_taken":[{"damage":0.0,"enemies":"Cultist","floor":1.0,"turns":1.0},{"damage":0.0,"enemies":"Small Slimes","floor":5.0,"turns":1.0},{"damage":0.0,"enemies":"Lagavulin","floor":6.0,"turns":1.0},{"damage":12.0,"enemies":"Gremlin Nob","floor":8.0,"turns":4.0},{"damage":0.0,"enemies":"Jaw Worm","floor":11.0,"turns":1.0},{"damage":1.0,"enemies":"Exordium Thugs","floor":12.0,"turns":4.0},{"damage":0.0,"enemies":"Red Slaver","floor":13.0,"turns":2.0},{"damage":1.0,"enemies":"3 Sentries","floor":14.0,"turns":6.0},{"damage":25.0,"enemies":"Slime Boss","floor":16.0,"turns":10.0},{"damage":0.0,"enemies":"Chosen","floor":18.0,"turns":2.0},{"damage":0.0,"enemies":"3 Byrds","floor":19.0,"turns":7.0},{"damage":10,"enemies":"Shelled Parasite and Fungi","floor":28,"turns":6},{"damage":70,"enemies":"Book of Stabbing","floor":29,"turns":8}],"seed_played":"-5144559080997139637","potions_obtained":[{"floor":1.0,"key":"Block Potion"},{"floor":11.0,"key":"PowerPotion"},{"floor":16.0,"key":"Fire Potion"},{"floor":18.0,"key":"FearPotion"},{"floor":21.0,"key":"hermit:Eclipse"},{"floor":21.0,"key":"Energy Potion"},{"floor":28,"key":"Swift Potion"}],"is_trial":false,"path_per_floor":["M","?","?","$","M","E","R","E","T","R","M","M","M","E","R","B",null,"M","M","$","?","?","R","$","R","T","R","M","E"],"character_chosen":"HERMIT","items_purchased":["Apotheosis","hermit:BodyArmor","Membership Card","hermit:EyeOfTheStorm","hermit:Horseshoe"],"campfire_rested":0,"item_purchase_floors":[4,4,20,20,20],"current_hp_per_floor":[75,75,64,64,64,64,64,52,52,52,52,51,51,50,50,25,57,57,57,57,57,57,57,57,57,57,57,62,0,0],"gold":66,"neow_bonus":"THREE_ENEMY_KILL","is_daily":false,"chose_seed":false,"campfire_upgraded":1,"win_rate":0.0,"timestamp":1607679017,"path_taken":["M","?","?","$","M","E","R","E","T","R","M","M","M","E","R","BOSS","M","M","$","?","?","R","$","R","T","R","M","E"],"items_purchased_type":["Card","Card","Relic","Card","Relic"],"build_version":"2020-11-30","purchased_purges":0,"victory":false,"max_hp_per_floor":[75,75,75,75,75,75,75,75,75,75,75,75,75,75,75,75,107,107,107,107,107,107,107,107,107,107,107,107,107,107],"card_choices":[{"not_picked":["hermit:WideOpen","hermit:ItchyTrigger"],"picked":"hermit:FullyLoaded","floor":1.0},{"not_picked":["hermit:Grudge","hermit:Spite"],"picked":"hermit:Enervate","floor":5.0},{"not_picked":["hermit:PistolWhip","hermit:Spite","hermit:Manifest"],"picked":"SKIP","floor":6.0},{"not_picked":["hermit:BodyArmor","hermit:Virtue","hermit:Roughhouse"],"picked":"SKIP","floor":8.0},{"not_picked":["hermit:Snipe","hermit:Manifest","hermit:BodyArmor"],"picked":"SKIP","floor":11.0},{"not_picked":["hermit:Dive","hermit:FullyLoaded"],"picked":"hermit:DeadMansHand","floor":12.0},{"not_picked":["hermit:Roulette","hermit:HoleUp"],"picked":"hermit:HighCaliber","floor":13.0},{"not_picked":["hermit:Adapt","hermit:Snipe","hermit:Roulette"],"picked":"SKIP","floor":14.0},{"not_picked":["hermit:Purgatory","hermit:DeadOrAlive"],"picked":"hermit:Gambit","floor":16.0},{"not_picked":["hermit:Desperado","hermit:CalledShot"],"picked":"hermit:TakeCover","floor":18.0},{"not_picked":["hermit:BigShot","hermit:Dive","hermit:Misfire"],"picked":"SKIP","floor":19.0},{"not_picked":["hermit:Quickdraw","hermit:Feint+1","hermit:LowProfile+1"],"picked":"SKIP","floor":28}],"player_experience":279946,"relics_obtained":[{"floor":6.0,"key":"Torii"},{"floor":8.0,"key":"Matryoshka"},{"floor":9.0,"key":"Shovel"},{"floor":9.0,"key":"Orichalcum"},{"floor":10.0,"key":"Akabeko"},{"floor":14.0,"key":"FossilizedHelix"},{"floor":15.0,"key":"Juzu Bracelet"},{"floor":23.0,"key":"Anchor"},{"floor":25.0,"key":"Toy Ornithopter"},{"floor":26.0,"key":"Toxic Egg 2"},{"floor":26.0,"key":"MawBank"},{"floor":27.0,"key":"hermit:RedScarf"}],"event_choices":[{"damage_healed":0.0,"max_hp_gain":0.0,"max_hp_loss":0.0,"gold_gain":54.0,"event_name":"Golden Wing","player_choice":"Gained Gold","floor":2.0,"gold_loss":0.0,"damage_taken":0.0},{"damage_healed":0.0,"max_hp_gain":0.0,"max_hp_loss":0.0,"gold_gain":75.0,"event_name":"World of Goop","player_choice":"Gather Gold","floor":3.0,"gold_loss":0.0,"damage_taken":11.0},{"damage_healed":0.0,"max_hp_gain":0.0,"max_hp_loss":0.0,"gold_gain":0.0,"event_name":"Lab","player_choice":"Got Potions","floor":21.0,"gold_loss":0.0,"damage_taken":0.0},{"damage_healed":0.0,"max_hp_gain":0.0,"max_hp_loss":0.0,"gold_gain":0.0,"cards_transformed":["hermit:HighCaliber"],"event_name":"Transmorgrifier","player_choice":"Transformed","floor":22.0,"gold_loss":0.0,"damage_taken":0.0,"cards_obtained":["hermit:Cheat"]}],"is_beta":false,"boss_relics":[{"not_picked":["Runic Dome","Runic Pyramid"],"picked":"hermit:DentedPlate"}],"items_purged_floors":[],"is_endless":false,"potions_floor_spawned":[1,11,16,18,28],"killed_by":"Book of Stabbing","ascension_level":1}}