{"host":"61ejhfsushs0xmcl","time":1607690446,"event":{"mods":["Act Like it!","BaseMod","Colored Map","Dota2Spire","Gold Saver","Marisa（F雨　魔理沙）","Minty Spire (QoL Compilation)","MostiFishMod","Replay The Spire","Spicy Shops","StSLib","TestMod","The Dragon Tamer","Waifu the Spire","篝火指南"],"gold_per_floor":[117,117,130,179,104,104,133,33,60,90,90,90,90,124,124,202,202,213,213,213,243,255,283,283,314,339,374,209,235,245,245,245,322,322,337,337,79,89,99,99,113,139,163,563,595,256,269,295,295,295,295,295,295,31,58,58],"floor_reached":57,"playtime":2610,"items_purged":["Strike_G","Strike_G","Strike_G","Defend_G","Defend_G","Defend_G","Defend_G"],"score":4185,"play_id":"66bc0f0f-27ba-4cc9-a310-0df36cab721a","local_time":"20201211204046","is_ascension_mode":true,"campfire_choices":[{"floor":6.0,"key":"RECALL"},{"data":"MostiFishMod:FrostNova","floor":12,"key":"SMITH"},{"data":"Calculated Gamble","floor":15,"key":"SMITH"},{"data":"MostiFishMod:Dislodge","floor":24,"key":"SMITH"},{"data":"Reflex","floor":32,"key":"SMITH"},{"data":"ReplayTheSpireMod:From All Sides","floor":40,"key":"SMITH"},{"data":"Acrobatics","floor":49,"key":"SMITH"},{"data":"Neutralize","floor":53,"key":"SMITH"}],"circlet_count":0,"master_deck":["AscendersBane","Survivor","Neutralize+1","Calculated Gamble+1","Poisoned Stab+1","MostiFishMod:FrostNova+1","Reflex+1","MostiFishMod:Dislodge+1","Concentrate+1","ReplayTheSpireMod:From All Sides+1","Riddle With Holes","MostiFishMod:Opportunism+1","Acrobatics+1","Clumsy"],"relics":["Ring of the Snake","testmod-TestBox","NeowsBlessing","testmod-GiftOfSatan","ChiXiaoBlade","Question Card","Quantum Egg","ThornShield","Dota2Spire:AssaultCuirass","Lizard Tail","ImportantClient","testmod-HarvestTotem","Red Mask","Incense Burner","PreservedInsect","CaptainsWheel","Potion Belt","Dota2Spire:ShadowBlade","Philosopher\u0027s Stone","Technique","Gremlin Food","Akabeko","Dota2Spire:Vanguard","TheAbacus","Dodecahedron","FossilizedHelix","Membership Card","Dota2Spire:BlackKingBar"],"acts_visited":["Exordium","TheCity","TheBeyond","TheEnding"],"potions_floor_usage":[28,56,56,56,56],"damage_taken":[{"damage":0.0,"enemies":"Jaw Worm","floor":1.0,"turns":1.0},{"damage":0.0,"enemies":"Small Slimes","floor":3.0,"turns":1.0},{"damage":0.0,"enemies":"Gremlin Nob","floor":7.0,"turns":1.0},{"damage":15,"enemies":"3 Sentries","floor":10,"turns":3},{"damage":18,"enemies":"Lagavulin","floor":14,"turns":5},{"damage":16,"enemies":"The Guardian","floor":16,"turns":5},{"damage":0,"enemies":"2 Thieves","floor":18,"turns":1},{"damage":8,"enemies":"Masked Bandits","floor":21,"turns":3},{"damage":0,"enemies":"Chosen","floor":22,"turns":2},{"damage":16,"enemies":"Book of Stabbing","floor":23,"turns":4},{"damage":0,"enemies":"Slavers","floor":25,"turns":1},{"damage":39,"enemies":"Book of Stabbing","floor":27,"turns":4},{"damage":0,"enemies":"Slavers","floor":29,"turns":1},{"damage":18,"enemies":"3 Cultists","floor":30,"turns":4},{"damage":44,"enemies":"Pondfish","floor":33,"turns":10},{"damage":23,"enemies":"3 Shapes","floor":35,"turns":3},{"damage":0,"enemies":"3 Darklings","floor":38,"turns":1},{"damage":0,"enemies":"Transient","floor":39,"turns":5},{"damage":0,"enemies":"Jaw Worm Horde","floor":41,"turns":3},{"damage":0,"enemies":"Giant Head","floor":42,"turns":3},{"damage":0,"enemies":"Reptomancer","floor":45,"turns":3},{"damage":0,"enemies":"3 Darklings","floor":47,"turns":1},{"damage":10,"enemies":"R_Hoarder","floor":48,"turns":3},{"damage":0,"enemies":"Awakened One","floor":50,"turns":2},{"damage":0,"enemies":"Donu and Deca","floor":51,"turns":5},{"damage":10,"enemies":"Shield and Spear","floor":55,"turns":2},{"damage":8,"enemies":"The Heart","floor":56,"turns":8}],"seed_played":"-1671991206819076741","potions_obtained":[{"floor":1.0,"key":"Weak Potion"},{"floor":4.0,"key":"FairyPotion"},{"floor":29,"key":"testmod-TimePotion"},{"floor":42,"key":"Strength Potion"},{"floor":45,"key":"Ancient Potion"},{"floor":48,"key":"EssenceOfSteel"},{"floor":55,"key":"Energy Potion"}],"is_trial":false,"path_per_floor":["M","?","M","?","$","R","E","$","T","E","$","R","$","E","R","B",null,"M","?","?","?","M","E","R","E","T","E","$","E","M","?","R","B",null,"M","?","$","M","M","R","M","E","T","?","E","$","M","E","R","B","B",null,"R","$","E","B",null],"character_chosen":"THE_SILENT","items_purchased":["testmod-SpacePotion","Technique","TheAbacus","Dodecahedron","Membership Card"],"campfire_rested":0,"item_purchase_floors":[28,37,46,46,54],"current_hp_per_floor":[64,64,69,44,44,44,44,44,44,52,52,52,52,52,52,36,194,194,194,194,236,236,234,234,234,234,227,227,227,243,243,243,259,278,306,306,306,306,306,306,348,362,362,362,362,362,362,376,376,390,390,390,390,390,380,390],"gold":58,"neow_bonus":"THREE_ENEMY_KILL","is_daily":false,"chose_seed":false,"campfire_upgraded":7,"win_rate":0.0,"timestamp":1607690446,"path_taken":["M","?","M","?","?","R","E","$","T","E","$","R","$","E","R","BOSS","M","?","?","?","M","E","R","E","T","E","?","E","M","?","R","BOSS","M","?","?","?","?","R","M","E","T","?","E","$","M","E","R","BOSS","BOSS","R","$","E","BOSS"],"items_purchased_type":["Potion","Relic","Relic","Relic","Relic"],"build_version":"2020-11-30","purchased_purges":7,"victory":true,"max_hp_per_floor":[71,71,76,76,76,76,76,76,76,90,90,90,90,97,97,97,194,194,194,194,236,236,236,236,236,236,250,250,250,264,264,264,278,278,306,306,306,306,306,306,348,362,362,362,362,362,362,376,376,390,390,390,390,390,390,390],"card_choices":[{"not_picked":["Tactician","Dagger Spray"],"picked":"Calculated Gamble","floor":1.0},{"not_picked":["Underhanded Strike","MostiFishMod:PerfectParry","Draining Mist","Slice"],"picked":"SKIP","floor":3.0},{"not_picked":["Toxin Wave","Prepared","PiercingWail"],"picked":"MostiFishMod:FrostNova","floor":4.0},{"not_picked":["Prepared","Acrobatics","Doppelganger","Dagger Spray"],"picked":"SKIP","floor":7.0},{"not_picked":["Cloak And Dagger","Dagger Spray","Leg Sweep","MostiFishMod:ThornCasing"],"picked":"SKIP","floor":10},{"not_picked":["Sucker Punch","Terror","Poisoned Stab"],"picked":"Reflex","floor":14},{"not_picked":["Glass Knife","MostiFishMod:Confrontation","Corpse Explosion"],"picked":"MostiFishMod:Dislodge","floor":16},{"not_picked":["Cloak And Dagger","MostiFishMod:PoisonShield","Infinite Blades"],"picked":"Concentrate","floor":18},{"not_picked":["Blade Dance","Sucker Punch","Bane","MostiFishMod:FrostNova+1"],"picked":"SKIP","floor":22},{"not_picked":["Finisher","Sucker Punch","ReplayTheSpireMod:Exploit Weakness","Flechettes"],"picked":"SKIP","floor":23},{"not_picked":["Finisher","Sucker Punch","ReplayTheSpireMod:Exploit Weakness","Flechettes"],"picked":"SKIP","floor":23},{"not_picked":["Distraction","Prepared","Cloak And Dagger+1","All Out Attack"],"picked":"SKIP","floor":25},{"not_picked":["Replay:Bag of Tricks","ReplayTheSpireMod:Speed Training","Hidden Blade","Distraction"],"picked":"SKIP","floor":27},{"not_picked":["Sucker Punch+1","Slice","Blade Dance","Cloak And Dagger"],"picked":"SKIP","floor":29},{"not_picked":["Eviscerate","Bane","Quick Slash","Masterful Stab"],"picked":"SKIP","floor":30},{"not_picked":["MostiFishMod:Neurotoxin","Phantasmal Killer","MostiFishMod:Volcan"],"picked":"MostiFishMod:Opportunism","floor":33},{"not_picked":["Sucker Punch","Deadly Poison","Blade Dance","Dodge and Roll+1"],"picked":"SKIP","floor":35},{"not_picked":["Poisoned Stab","Bane","PiercingWail","Sneak Up"],"picked":"SKIP","floor":38},{"not_picked":["Crippling Poison","Calculated Gamble","MostiFishMod:FrostNova","Backflip"],"picked":"SKIP","floor":39},{"not_picked":["Slice","Cloak And Dagger","Blade Dance","Poisoned Stab+1"],"picked":"SKIP","floor":41},{"not_picked":["Infinite Blades+1","Atom Bomb","Backflip","ReplayTheSpireMod:Speed Training"],"picked":"SKIP","floor":42},{"not_picked":["Flechettes","Predator","Accuracy+1","ReplayTheSpireMod:Scrap Shanks+1"],"picked":"SKIP","floor":45},{"not_picked":["Cloak And Dagger","ReplayTheSpireMod:Shiv Toss","Blade Dance+1"],"picked":"Acrobatics","floor":47},{"not_picked":["Deadly Poison","Toxin Wave","Blade Dance","Backstab+1"],"picked":"SKIP","floor":48},{"not_picked":["Infinite Blades","Slice","Reflex","Blur"],"picked":"SKIP","floor":55}],"player_experience":782861,"relics_obtained":[{"floor":1.0,"key":"Question Card"},{"floor":4.0,"key":"Quantum Egg"},{"floor":7.0,"key":"ThornShield"},{"floor":10,"key":"Dota2Spire:AssaultCuirass"},{"floor":14,"key":"Lizard Tail"},{"floor":16,"key":"ImportantClient"},{"floor":21,"key":"Red Mask"},{"floor":25,"key":"Incense Burner"},{"floor":26,"key":"PreservedInsect"},{"floor":27,"key":"CaptainsWheel"},{"floor":29,"key":"Potion Belt"},{"floor":42,"key":"Gremlin Food"},{"floor":43,"key":"Akabeko"},{"floor":45,"key":"Dota2Spire:Vanguard"},{"floor":48,"key":"FossilizedHelix"},{"floor":55,"key":"Dota2Spire:BlackKingBar"}],"event_choices":[{"damage_healed":0,"gold_gain":0,"player_choice":"Ignored","damage_taken":0,"max_hp_gain":0,"max_hp_loss":0,"event_name":"Vampires","floor":19,"gold_loss":0},{"damage_healed":0,"gold_gain":0,"cards_transformed":["Strike_G","Defend_G"],"player_choice":"Became Test Subject","damage_taken":0,"max_hp_gain":0,"max_hp_loss":0,"event_name":"Drug Dealer","floor":20,"gold_loss":0,"cards_obtained":["ReplayTheSpireMod:From All Sides","Riddle With Holes"]},{"damage_healed":0,"gold_gain":0,"player_choice":"Fought Bandits","damage_taken":0,"max_hp_gain":0,"max_hp_loss":0,"event_name":"Masked Bandits","floor":21,"gold_loss":0},{"damage_healed":0,"gold_gain":0,"player_choice":"Gave Potion","damage_taken":0,"relics_obtained":["Dota2Spire:ShadowBlade"],"max_hp_gain":0,"max_hp_loss":0,"event_name":"WeMeetAgain","floor":31,"gold_loss":0},{"damage_healed":0,"gold_gain":0,"player_choice":"Ignored","damage_taken":0,"max_hp_gain":0,"max_hp_loss":0,"event_name":"SecretPortal","floor":36,"gold_loss":0},{"damage_healed":0,"gold_gain":400,"player_choice":"Sell","damage_taken":0,"max_hp_gain":0,"max_hp_loss":0,"event_name":"恩洛斯的盘子","floor":44,"relics_lost":["DaveBox"],"gold_loss":0}],"is_beta":false,"boss_relics":[{"not_picked":["testmod-Fanaticism","testmod-PortableAltar"],"picked":"testmod-HarvestTotem"},{"not_picked":["testmod-CardMagician","FeatherPendant"],"picked":"Philosopher\u0027s Stone"}],"items_purged_floors":[5,8,28,37,46,54,54],"is_endless":false,"potions_floor_spawned":[1,23,27,29,39,42,45,48,55],"ascension_level":20}}