{"host":"j7sckui85i3pbddf","time":1607685638,"event":{"mods":["BaseMod","Colored Map","Hermit","Minty Spire (QoL Compilation)","Permanent Neow","Shop Mod","StSLib","The Cursed","The Servant 0.9.4"],"gold_per_floor":[117,117,129,79,79,114,125,137,187,112,112,142,142,158,158,256,256,267,267,267,537,547,572,584,602,602,131,131,151,164,5,5,110,110,130,130,0,50,62,96,96,122,122,132,132,143,159,171,171,171],"floor_reached":51,"playtime":5068,"items_purged":["Defend_R","Defend_R","Strike_R+1"],"score":833,"play_id":"49c4c552-5385-46b7-9472-e7eaaa6b6872","local_time":"20201211192038","is_ascension_mode":true,"campfire_choices":[{"floor":13,"key":"REST"},{"data":"True Grit","floor":15,"key":"SMITH"},{"floor":32,"key":"REST"},{"floor":41,"key":"REST"},{"floor":49,"key":"REST"}],"circlet_count":0,"master_deck":["Defend_R","Defend_R+1","Bash","Uppercut+1","Iron Wave","Blood for Blood","Offering","Rage","True Grit+1","Sword Boomerang","Feed","CurseOfTheBell","Body Slam","Immolate","Infernal Blade+1","Brutality","Feed","Dropkick","Disarm","Intimidate","Seeing Red","Exhume","Rampage+1","Madness","Feel No Pain","Metallicize","Entrench+1","Spot Weakness","Heavy Blade+1"],"relics":["Burning Blood","Blood Vial","Self Forming Clay","Bag of Preparation","Whetstone","Boot","Calling Bell","Omamori","Paper Frog","Pocketwatch","Toy Ornithopter","Sundial","DollysMirror","Red Skull","Cursed Key","Red Mask","Turnip","Bronze Scales","PreservedInsect","Centennial Puzzle","Pantograph"],"acts_visited":["Exordium","TheCity","TheBeyond"],"potions_floor_usage":[16,25,29,33,35,39,46,47,50],"damage_taken":[{"damage":3,"enemies":"2 Louse","floor":1,"turns":3},{"damage":0,"enemies":"Small Slimes","floor":3,"turns":2},{"damage":42,"enemies":"Lagavulin","floor":6,"turns":9},{"damage":0,"enemies":"Cultist","floor":7,"turns":4},{"damage":11,"enemies":"Large Slime","floor":8,"turns":2},{"damage":11,"enemies":"3 Sentries","floor":12,"turns":6},{"damage":6,"enemies":"Looter","floor":14,"turns":2},{"damage":27,"enemies":"Hexaghost","floor":16,"turns":8},{"damage":6,"enemies":"Chosen","floor":18,"turns":4},{"damage":13,"enemies":"Spheric Guardian","floor":22,"turns":5},{"damage":19,"enemies":"Book of Stabbing","floor":23,"turns":6},{"damage":6,"enemies":"3 Cultists","floor":24,"turns":3},{"damage":6,"enemies":"Centurion and Healer","floor":25,"turns":6},{"damage":24,"enemies":"Sentry and Sphere","floor":29,"turns":5},{"damage":31,"enemies":"Shelled Parasite and Fungi","floor":30,"turns":3},{"damage":32,"enemies":"Champ","floor":33,"turns":9},{"damage":25,"enemies":"3 Shapes","floor":35,"turns":4},{"damage":32,"enemies":"2 Orb Walkers","floor":38,"turns":4},{"damage":7,"enemies":"3 Darklings","floor":39,"turns":4},{"damage":30,"enemies":"Giant Head","floor":40,"turns":8},{"damage":62,"enemies":"Reptomancer","floor":42,"turns":6},{"damage":12,"enemies":"Sphere and 2 Shapes","floor":44,"turns":5},{"damage":3,"enemies":"Maw","floor":46,"turns":7},{"damage":3,"enemies":"Transient","floor":47,"turns":5},{"damage":14,"enemies":"3 Darklings","floor":48,"turns":4},{"damage":54,"enemies":"Time Eater","floor":50,"turns":8}],"seed_played":"-4179989164981638113","potions_obtained":[{"floor":3,"key":"SkillPotion"},{"floor":7,"key":"AttackPotion"},{"floor":16,"key":"HeartOfIron"},{"floor":22,"key":"FearPotion"},{"floor":23,"key":"DuplicationPotion"},{"floor":30,"key":"Block Potion"},{"floor":38,"key":"LiquidMemories"},{"floor":42,"key":"GamblersBrew"},{"floor":44,"key":"Regen Potion"},{"floor":46,"key":"Dexterity Potion"}],"is_trial":false,"path_per_floor":["M","?","M","?","?","E","M","M","T","$","?","E","R","M","R","B",null,"M","?","?","?","M","E","M","M","T","$","?","M","M","$","R","B",null,"M","?","?","?","M","E","R","E","T","M","T","M","M","M","R","B",null],"character_chosen":"IRONCLAD","items_purchased":["DollysMirror","Red Skull","Dropkick","Seeing Red"],"campfire_rested":4,"item_purchase_floors":[27,27,27,31],"current_hp_per_floor":[80,64,72,72,72,38,46,43,43,43,43,40,64,66,66,47,80,83,83,83,56,54,46,48,58,58,58,58,50,30,30,59,43,101,88,88,88,67,73,51,84,33,33,32,32,57,67,64,99,76],"gold":171,"neow_bonus":"RANDOM_COMMON_RELIC","is_daily":false,"chose_seed":false,"campfire_upgraded":1,"win_rate":0.0,"timestamp":1607685638,"path_taken":["M","?","M","?","?","E","M","?","T","$","?","E","R","M","R","BOSS","M","?","?","?","M","E","?","M","T","$","?","M","?","?","R","BOSS","M","?","?","?","M","E","R","E","T","M","?","?","M","M","R","BOSS"],"items_purchased_type":["Relic","Relic","Card","Card"],"build_version":"2020-11-30","purchased_purges":3,"victory":true,"max_hp_per_floor":[80,80,80,80,80,80,80,80,80,80,80,80,80,80,80,80,80,83,83,83,83,86,89,89,92,92,92,92,95,98,98,98,101,101,107,107,107,110,110,110,110,113,113,116,116,116,116,119,119,119],"card_choices":[{"not_picked":["Armaments","Headbutt"],"picked":"Uppercut","floor":1},{"not_picked":["Pommel Strike","Intimidate"],"picked":"Iron Wave","floor":3},{"not_picked":["Clothesline","Anger"],"picked":"Blood for Blood","floor":6},{"not_picked":["Iron Wave","Cleave"],"picked":"Offering","floor":7},{"not_picked":["Perfected Strike","Wild Strike","Shrug It Off"],"picked":"SKIP","floor":8},{"not_picked":["Evolve","Twin Strike"],"picked":"True Grit","floor":12},{"not_picked":["Clothesline","Thunderclap"],"picked":"Sword Boomerang","floor":14},{"not_picked":["Double Tap","Corruption"],"picked":"Feed","floor":16},{"not_picked":["Cleave","Rage+1"],"picked":"Body Slam","floor":18},{"not_picked":["Headbutt+1","Limit Break","Shrug It Off"],"picked":"SKIP","floor":22},{"not_picked":["Infernal Blade","Perfected Strike"],"picked":"Immolate","floor":23},{"not_picked":["Wild Strike+1","Clash+1"],"picked":"Infernal Blade+1","floor":24},{"not_picked":["Clash+1","Perfected Strike"],"picked":"Brutality","floor":25},{"not_picked":["Perfected Strike","Headbutt"],"picked":"Disarm","floor":29},{"not_picked":["Pommel Strike","Searing Blow"],"picked":"Intimidate","floor":30},{"not_picked":["Immolate","Impervious"],"picked":"Exhume","floor":33},{"not_picked":["Infernal Blade","Whirlwind+1"],"picked":"Rampage+1","floor":35},{"not_picked":["Blind","Impatience"],"picked":"Madness","floor":36},{"not_picked":["Cleave+1","Rampage"],"picked":"Feel No Pain","floor":38},{"not_picked":["Iron Wave","Second Wind+1","Feel No Pain"],"picked":"SKIP","floor":39},{"not_picked":["Dual Wield+1","Havoc"],"picked":"Metallicize","floor":40},{"not_picked":["Searing Blow+1","Fire Breathing+1"],"picked":"Entrench+1","floor":42},{"not_picked":["Wild Strike+1","Offering"],"picked":"Spot Weakness","floor":44},{"not_picked":["Cleave","Sword Boomerang+1"],"picked":"Heavy Blade+1","floor":46},{"not_picked":["Whirlwind+1","Twin Strike+1","Havoc"],"picked":"SKIP","floor":47},{"not_picked":["Twin Strike","Shockwave","Rage"],"picked":"SKIP","floor":48}],"player_experience":452318,"relics_obtained":[{"floor":6,"key":"Bag of Preparation"},{"floor":9,"key":"Whetstone"},{"floor":12,"key":"Boot"},{"floor":17,"key":"Omamori"},{"floor":17,"key":"Paper Frog"},{"floor":17,"key":"Pocketwatch"},{"floor":23,"key":"Toy Ornithopter"},{"floor":26,"key":"Sundial"},{"floor":38,"key":"Turnip"},{"floor":40,"key":"Bronze Scales"},{"floor":42,"key":"PreservedInsect"},{"floor":43,"key":"Centennial Puzzle"},{"floor":45,"key":"Pantograph"}],"event_choices":[{"damage_healed":0,"gold_gain":0,"player_choice":"Entered Light","damage_taken":16,"max_hp_gain":0,"max_hp_loss":0,"event_name":"Shining Light","floor":2,"gold_loss":0,"cards_upgraded":["Defend_R","Strike_R"]},{"cards_removed":["Strike_R"],"damage_healed":0,"gold_gain":0,"player_choice":"Card Removal","damage_taken":0,"max_hp_gain":0,"max_hp_loss":0,"event_name":"The Cleric","floor":4,"gold_loss":50},{"damage_healed":0,"gold_gain":0,"player_choice":"Gave Potion","damage_taken":0,"relics_obtained":["Self Forming Clay"],"max_hp_gain":0,"max_hp_loss":0,"event_name":"WeMeetAgain","floor":5,"gold_loss":0},{"damage_healed":0,"gold_gain":0,"cards_transformed":["Strike_R"],"player_choice":"Change","damage_taken":0,"max_hp_gain":0,"max_hp_loss":0,"event_name":"Living Wall","floor":11,"gold_loss":0,"cards_obtained":["Rage"]},{"cards_removed":["Strike_R"],"damage_healed":0,"gold_gain":0,"player_choice":"Elegance","damage_taken":0,"max_hp_gain":0,"max_hp_loss":0,"event_name":"Back to Basics","floor":19,"gold_loss":0},{"damage_healed":0,"gold_gain":0,"player_choice":"Ignored","damage_taken":0,"max_hp_gain":0,"max_hp_loss":0,"event_name":"Ghosts","floor":20,"gold_loss":0},{"damage_healed":0,"gold_gain":270,"player_choice":"GOLD GOLD GOLD ","damage_taken":27,"max_hp_gain":0,"max_hp_loss":0,"event_name":"Knowing Skull","floor":21,"potions_obtained":[],"gold_loss":0,"cards_obtained":[]},{"cards_removed":["Strike_R"],"damage_healed":0,"gold_gain":0,"player_choice":"Purged","damage_taken":0,"max_hp_gain":0,"max_hp_loss":0,"event_name":"Purifier","floor":28,"gold_loss":0},{"damage_healed":0,"gold_gain":0,"player_choice":"Memory 1","damage_taken":0,"max_hp_gain":0,"max_hp_loss":0,"event_name":"SensoryStone","floor":36,"gold_loss":0},{"damage_healed":0,"gold_gain":0,"player_choice":"Paid","damage_taken":0,"relics_obtained":["Red Mask"],"max_hp_gain":0,"max_hp_loss":0,"event_name":"Tomb of Lord Red Mask","floor":37,"gold_loss":130},{"damage_healed":0,"gold_gain":0,"player_choice":"Fight","damage_taken":0,"max_hp_gain":0,"max_hp_loss":0,"event_name":"Mysterious Sphere","floor":38,"gold_loss":0}],"is_beta":false,"boss_relics":[{"not_picked":["Runic Pyramid","Runic Dome"],"picked":"Calling Bell"},{"not_picked":["Snecko Eye","Black Star"],"picked":"Cursed Key"}],"items_purged_floors":[10,27,31],"is_endless":false,"potions_floor_spawned":[3,7,16,22,23,30,38,42,44,46],"ascension_level":2}}