{"host":"f55lpzc7830gmx23","time":1607703444,"event":{"mods":["BaseMod","Better Note","Downfall","Hermit","Minty Spire (QoL Compilation)","StSLib","The Blackbeard","The Cursed","The Necromancer"],"gold_per_floor":[18,29,29,46,59,59,24,24,69,69,79,79,99,99,99,196,196,170,187,187,87,112,37,37,37,37,66,83,83,95,95,95,200,200,229,229,229,245,310,310,360,360,360,360,66,82,82,117,117,137],"floor_reached":51,"playtime":10811,"items_purged":[],"score":810,"play_id":"37bc9c77-6821-492a-a61c-fe52923efcaa","local_time":"20201211171724","is_ascension_mode":true,"campfire_choices":[{"data":"blackbeard:Cutlass","floor":6,"key":"SMITH"},{"data":"blackbeard:Rum","floor":8,"key":"SMITH"},{"data":"blackbeard:Parrot","floor":12,"key":"SMITH"},{"data":"blackbeard:DoubleBottom","floor":15,"key":"SMITH"},{"data":"Slimebound:CheckThePlaybook","floor":29,"key":"SMITH"},{"floor":32,"key":"REST"},{"data":"blackbeard:BountyHunter","floor":40,"key":"SMITH"},{"data":"blackbeard:Scrap","floor":42,"key":"SMITH"},{"data":"blackbeard:Halberd","floor":44,"key":"SMITH"},{"floor":49,"key":"REST"}],"circlet_count":0,"master_deck":["blackbeard:BlackbeardStrike","blackbeard:BlackbeardStrike","blackbeard:BlackbeardStrike","blackbeard:IntimidatingStrike","blackbeard:BlackbeardDefend","blackbeard:BlackbeardDefend","blackbeard:BlackbeardDefend","blackbeard:BlackbeardDefend","blackbeard:Cutlass+1","blackbeard:GoldenDefense","blackbeard:Scrap+1","blackbeard:GoldenCannonball","blackbeard:Rum+1","blackbeard:Parrot+1","blackbeard:BrownPants","blackbeard:DoubleBottom+1","blackbeard:TacticalRetreat","blackbeard:HumongousCannonball","blackbeard:Sword","blackbeard:JollyRoger+1","blackbeard:VampiricScepter","Slimebound:CheckThePlaybook+1","blackbeard:PowderKeg","blackbeard:WiseDefense","blackbeard:AgileStrike","blackbeard:BountyHunter+1","blackbeard:BeatUp+1","Dramatic Entrance","blackbeard:RearmingStrike","blackbeard:RemoveScurvy+1","blackbeard:Halberd+1","blackbeard:InfiniteBarrage","Parasite","blackbeard:GoldenDefense","blackbeard:GoldenRain"],"relics":["blackbeard:LoadTheCannons","Ginger","blackbeard:CannonballsOfSteel","Runic Pyramid","sneckomod:BabySnecko","Art of War","blackbeard:Penknife","MealTicket","HornCleat","Philosopher\u0027s Stone","TungstenRod","Toy Ornithopter","Orichalcum","Bottled Lightning","Regal Pillow"],"acts_visited":["Exordium","TheCity","TheBeyond"],"potions_floor_usage":[16,16,27,27,41,48,50,50,50],"damage_taken":[{"damage":0,"enemies":"Cultist","floor":1,"turns":4},{"damage":10,"enemies":"Small Slimes","floor":2,"turns":2},{"damage":11,"enemies":"Jaw Worm","floor":4,"turns":4},{"damage":7,"enemies":"3 Louse","floor":5,"turns":4},{"damage":4,"enemies":"Blue Slaver","floor":11,"turns":3},{"damage":1,"enemies":"Looter","floor":13,"turns":3},{"damage":20,"enemies":"Hexaghost","floor":16,"turns":17},{"damage":8,"enemies":"2 Thieves","floor":18,"turns":5},{"damage":20,"enemies":"3 Byrds","floor":19,"turns":8},{"damage":17,"enemies":"Slavers","floor":27,"turns":6},{"damage":14,"enemies":"Snake Plant","floor":28,"turns":3},{"damage":6,"enemies":"Sentry and Sphere","floor":30,"turns":3},{"damage":35,"enemies":"Collector","floor":33,"turns":9},{"damage":8,"enemies":"Orb Walker","floor":35,"turns":3},{"damage":8,"enemies":"3 Darklings","floor":38,"turns":3},{"damage":41,"enemies":"2 Orb Walkers","floor":39,"turns":4},{"damage":7,"enemies":"Giant Head","floor":41,"turns":6},{"damage":5,"enemies":"Writhing Mass","floor":46,"turns":4},{"damage":25,"enemies":"Nemesis","floor":48,"turns":5},{"damage":60,"enemies":"Donu and Deca","floor":50,"turns":9}],"seed_played":"1601723508757032097","potions_obtained":[{"floor":4,"key":"ColorlessPotion"},{"floor":5,"key":"sneckomod:MuddlingPotion"},{"floor":13,"key":"PowerPotion"},{"floor":19,"key":"Weak Potion"},{"floor":28,"key":"Weak Potion"},{"floor":39,"key":"Swift Potion"},{"floor":41,"key":"PowerPotion"},{"floor":46,"key":"Fire Potion"},{"floor":48,"key":"blackbeard:RumPotion"}],"is_trial":false,"path_per_floor":["M","M","?","M","M","R","$","R","T","?","M","R","M","?","R","B",null,"M","M","?","?","T","?","$","?","T","E","M","R","M","?","R","B",null,"M","?","?","M","?","R","E","R","T","R","$","M","?","E","R","B",null],"character_chosen":"BLACKBEARD_CLASS","items_purchased":["blackbeard:Rum","blackbeard:InfiniteBarrage","Bottled Lightning"],"campfire_rested":2,"item_purchase_floors":[7,45,45],"current_hp_per_floor":[75,65,58,47,40,40,40,40,40,40,36,36,35,35,35,15,75,67,47,47,47,47,47,47,47,47,36,26,26,20,14,34,3,68,64,64,64,56,27,27,34,34,34,34,49,50,50,36,68,21],"gold":137,"neow_bonus":"ONE_RARE_RELIC","is_daily":false,"chose_seed":false,"campfire_upgraded":8,"win_rate":0.0,"timestamp":1607703444,"path_taken":["M","M","?","M","?","R","?","R","T","?","?","R","M","?","R","BOSS","M","?","?","?","?","?","?","?","T","E","?","R","M","?","R","BOSS","M","?","?","?","?","R","E","R","T","R","$","M","?","E","R","BOSS"],"items_purchased_type":["Card","Card","Relic"],"build_version":"2020-11-30","purchased_purges":0,"victory":true,"max_hp_per_floor":[75,75,75,75,75,75,75,75,75,75,75,75,75,75,75,75,75,75,75,75,75,75,75,75,68,68,68,68,68,68,68,68,68,68,68,68,68,68,68,68,68,68,68,68,68,68,68,68,68,68],"card_choices":[{"not_picked":["blackbeard:FieryDefense","blackbeard:TacticalRetreat"],"picked":"blackbeard:GoldenDefense","floor":1},{"not_picked":["blackbeard:BrownPants","blackbeard:BlindAttacks"],"picked":"blackbeard:Scrap","floor":2},{"not_picked":["blackbeard:Spear","blackbeard:DeadlyArsenal"],"picked":"blackbeard:GoldenCannonball","floor":4},{"not_picked":["blackbeard:PiratesWill","blackbeard:SwordDance","blackbeard:DelayedPain"],"picked":"SKIP","floor":5},{"not_picked":["blackbeard:Fencing","blackbeard:PiratesWill"],"picked":"blackbeard:Parrot","floor":11},{"not_picked":["blackbeard:AgileStrike","blackbeard:PiratesWill"],"picked":"blackbeard:BrownPants","floor":13},{"not_picked":["blackbeard:WeaponMastery","blackbeard:MegaUpgrade"],"picked":"blackbeard:HumongousCannonball","floor":16},{"not_picked":["blackbeard:DeadlyArsenal","blackbeard:BlindAttacks"],"picked":"blackbeard:Sword","floor":18},{"not_picked":["blackbeard:PirateHook","blackbeard:Dagger+1"],"picked":"blackbeard:JollyRoger+1","floor":19},{"not_picked":["blackbeard:Fencing","blackbeard:Sharpening"],"picked":"blackbeard:PowderKeg","floor":27},{"not_picked":["blackbeard:PiratesWill","blackbeard:HumongousCannonball"],"picked":"blackbeard:WiseDefense","floor":28},{"not_picked":["blackbeard:CannonBarrage","blackbeard:BeatUp"],"picked":"blackbeard:AgileStrike","floor":30},{"not_picked":["blackbeard:Parrot","blackbeard:GoldenRain"],"picked":"blackbeard:BountyHunter","floor":33},{"not_picked":["blackbeard:PiratesWill+1","blackbeard:Provisioning"],"picked":"blackbeard:BeatUp+1","floor":35},{"not_picked":["Violence","expansioncontent:StudyTheSpire"],"picked":"Dramatic Entrance","floor":36},{"not_picked":["blackbeard:TacticalRetreat+1","blackbeard:TerrorOfTheSeas+1"],"picked":"blackbeard:RearmingStrike","floor":38},{"not_picked":["blackbeard:CaptainsCabin","blackbeard:Sword"],"picked":"blackbeard:RemoveScurvy+1","floor":39},{"not_picked":["blackbeard:FieryDefense+1","blackbeard:AgileStrike"],"picked":"blackbeard:Halberd","floor":41},{"not_picked":["blackbeard:DeadlyArsenal","blackbeard:BlindAttacks+1"],"picked":"blackbeard:GoldenDefense","floor":46},{"not_picked":["blackbeard:Shrapnel+1","blackbeard:Spear"],"picked":"blackbeard:GoldenRain","floor":48}],"player_experience":373821,"relics_obtained":[{"floor":9,"key":"blackbeard:CannonballsOfSteel"},{"floor":22,"key":"Art of War"},{"floor":26,"key":"blackbeard:Penknife"},{"floor":27,"key":"MealTicket"},{"floor":39,"key":"TungstenRod"},{"floor":41,"key":"Toy Ornithopter"},{"floor":43,"key":"Orichalcum"},{"floor":48,"key":"Regal Pillow"}],"event_choices":[{"damage_healed":0,"gold_gain":0,"player_choice":"Damaged","damage_taken":7,"max_hp_gain":0,"max_hp_loss":0,"event_name":"Wheel of Change","floor":3,"gold_loss":0},{"damage_healed":0,"gold_gain":0,"player_choice":"Ignored","damage_taken":0,"max_hp_gain":0,"max_hp_loss":0,"event_name":"betterNote:BetterNote","floor":10,"gold_loss":0,"cards_obtained":["blackbeard:BlackbeardDefend"]},{"damage_healed":0,"gold_gain":0,"player_choice":"2 cards matched","damage_taken":0,"max_hp_gain":0,"max_hp_loss":0,"event_name":"Match and Keep!","floor":14,"gold_loss":0,"cards_obtained":["blackbeard:DoubleBottom","blackbeard:TacticalRetreat"]},{"damage_healed":0,"gold_gain":0,"player_choice":"Bought Vampiric Scepter","damage_taken":0,"max_hp_gain":0,"max_hp_loss":0,"event_name":"blackbeard:Vampires","floor":21,"gold_loss":125,"cards_obtained":["blackbeard:VampiricScepter"]},{"cards_removed":["sneckomod:Bewildered"],"damage_healed":0,"gold_gain":0,"player_choice":"Gave Gold","damage_taken":0,"max_hp_gain":0,"max_hp_loss":0,"event_name":"Beggar","floor":23,"gold_loss":75},{"damage_healed":0,"gold_gain":0,"player_choice":"HornCleat","damage_taken":0,"relics_obtained":["HornCleat"],"max_hp_gain":0,"max_hp_loss":0,"event_name":"blackbeard:ShipwreckEvent","floor":31,"gold_loss":0},{"damage_healed":0,"gold_gain":0,"player_choice":"Memory 1","damage_taken":0,"max_hp_gain":0,"max_hp_loss":0,"event_name":"SensoryStone","floor":36,"gold_loss":0},{"damage_healed":0,"gold_gain":0,"player_choice":"Ignored","damage_taken":0,"max_hp_gain":0,"max_hp_loss":0,"event_name":"SecretPortal","floor":37,"gold_loss":0},{"damage_healed":0,"gold_gain":0,"player_choice":"Fight","damage_taken":0,"max_hp_gain":0,"max_hp_loss":0,"event_name":"Mysterious Sphere","floor":39,"gold_loss":0},{"cards_removed":["blackbeard:BlackbeardStrike"],"damage_healed":0,"gold_gain":0,"player_choice":"Removed Attack","damage_taken":0,"max_hp_gain":0,"max_hp_loss":0,"event_name":"Falling","floor":47,"gold_loss":0}],"is_beta":false,"boss_relics":[{"not_picked":["Fusion Hammer","Astrolabe"],"picked":"Runic Pyramid"},{"not_picked":["Runic Dome","Busted Crown"],"picked":"Philosopher\u0027s Stone"}],"items_purged_floors":[],"is_endless":false,"potions_floor_spawned":[4,5,13,19,28,39,41,46,48],"ascension_level":3}}