{"host":"51dweoxrcspgw6ri","time":1607707372,"event":{"mods":["BaseMod","Colored Map","Colored Powertips","Minty Spire (QoL Compilation)","Rare Cards Sparkle","Relic Stats","StSLib","SuperFastMode","The Bug Knight"],"gold_per_floor":[114,20,33,45,195,226,326,326,326],"floor_reached":8,"playtime":685,"items_purged":[],"score":98,"play_id":"15628b65-4cf4-4c2c-8bc9-db46e115f8a3","local_time":"20201211182252","is_ascension_mode":true,"campfire_choices":[],"circlet_count":0,"master_deck":["AscendersBane","Strike_G","Strike_G","Strike_G","Strike_G","Strike_G","Defend_G","Defend_G","Defend_G","Defend_G","Defend_G","Survivor","Neutralize","Predator","Dagger Spray","Poisoned Stab","Poisoned Stab","Blur","Doubt","PiercingWail"],"relics":["Ring of the Snake","White Beast Statue"],"acts_visited":[],"potions_floor_usage":[6,8],"damage_taken":[{"damage":9,"enemies":"Cultist","floor":1,"turns":6},{"damage":11,"enemies":"Jaw Worm","floor":3,"turns":4},{"damage":0,"enemies":"2 Louse","floor":4,"turns":2},{"damage":27,"enemies":"Gremlin Nob","floor":6,"turns":4},{"damage":15,"enemies":"Lagavulin","floor":8,"turns":3}],"seed_played":"-4804258714227312768","potions_obtained":[{"floor":1,"key":"SpeedPotion"},{"floor":4,"key":"CunningPotion"}],"is_trial":false,"path_per_floor":["M","$","M","M","?","E","?","E"],"character_chosen":"THE_SILENT","items_purchased":["Dagger Spray","Poisoned Stab"],"campfire_rested":0,"item_purchase_floors":[2,2],"current_hp_per_floor":[50,50,39,39,39,12,12,0,0],"gold":326,"neow_bonus":"THREE_CARDS","is_daily":false,"chose_seed":false,"campfire_upgraded":0,"win_rate":0.0,"timestamp":1607707372,"path_taken":["M","$","?","M","?","E","?","E"],"items_purchased_type":["Card","Card"],"build_version":"2020-11-30","purchased_purges":0,"victory":false,"max_hp_per_floor":[66,66,66,66,66,66,66,66,66],"relic_stats":{"counters":[5,19],"obtain_stats":[{"White Beast Statue":6,"Ring of the Snake":0},{"White Beast Statue":4,"Ring of the Snake":0},{"White Beast Statue":16,"Ring of the Snake":0}],"Ring of the Snake":[10]},"card_choices":[{"not_picked":["Bane","Prepared"],"picked":"Noxious Fumes","floor":0.0},{"not_picked":["Outmaneuver","Underhanded Strike"],"picked":"Predator","floor":1},{"not_picked":["Slice","Flechettes"],"picked":"Poisoned Stab","floor":3},{"not_picked":["Dagger Throw","Prepared"],"picked":"Blur","floor":4},{"not_picked":["Doppelganger","Masterful Stab"],"picked":"PiercingWail","floor":6}],"player_experience":508075,"relics_obtained":[{"floor":6,"key":"White Beast Statue"}],"event_choices":[{"damage_healed":0,"gold_gain":150,"player_choice":"AGREE","damage_taken":0,"max_hp_gain":0,"max_hp_loss":0,"event_name":"Liars Game","floor":5,"gold_loss":0,"cards_obtained":["Doubt"]},{"damage_healed":0,"gold_gain":100,"player_choice":"Gold","damage_taken":0,"max_hp_gain":0,"max_hp_loss":0,"event_name":"Wheel of Change","floor":7,"gold_loss":0}],"is_beta":false,"boss_relics":[],"items_purged_floors":[],"is_endless":false,"potions_floor_spawned":[1,4],"killed_by":"Lagavulin","ascension_level":15}}