{"host":"70hw88lpn0qjvurq","time":1607694063,"event":{"mods":["Aspiration","BaseMod","BetterRewards","Colored Map","Colored Powertips","Conspire","Hermit","Hubris","Infinite Spire","Minty Spire (QoL Compilation)","Replay The Spire","Shop Mod","Spicy Shops","StSLib","The Jungle"],"gold_per_floor":[110,110,110,36,49,74,2,36,36,71,71,71,82,99,99,197,197,223,293,312,328,359,424,424,424,424,424,480,480,480,535,535,640,640,685,685],"floor_reached":35,"playtime":1216,"items_purged":["infinitespire:Pacifist"],"score":470,"play_id":"79dc974c-188a-4ad0-bc1d-443a774345e7","local_time":"20201211074103","is_ascension_mode":false,"campfire_choices":[{"floor":11,"key":"REST"},{"data":"hermit:Combo","floor":15,"key":"SMITH"},{"floor":29,"key":"REST"},{"floor":30,"key":"REST"},{"data":"hermit:TakeAim","floor":32,"key":"SMITH"}],"circlet_count":0,"master_deck":["hermit:Strike_Hermit","hermit:Strike_Hermit","hermit:Strike_Hermit","hermit:Strike_Hermit+1","hermit:Defend_Hermit+1","hermit:Defend_Hermit","hermit:Defend_Hermit","hermit:Defend_Hermit","hermit:Snapshot","hermit:Covet","hermit:TakeCover+1","hermit:Spite+1","hermit:Snipe+1","hermit:Combo+1","hermit:TakeAim+1","hermit:Glare+1","hermit:Headshot","hermit:DeadOrAlive","hermit:Deadeye","hermit:Desperado","hermit:Quickdraw+1","hermit:Combo+1","Voices","hermit:Showdown+1","hermit:Determination+1"],"relics":["hermit:Momento","NeowsBlessing","aspiration:Nostalgia","infinitespire:DarkRift","WingedGreaves","ReplayTheSpireMod:CursedCoin","Guide Book","Regal Pillow","Akabeko","Garlic","aspiration:Lifesprig","ReplayTheSpireMod:DimensionalGlitch","hubris:Reverence","War Paint","ReplayTheSpireMod:Ring of Sloth","ReplayTheSpireMod:Ring of Challenge","Mercury Hourglass","Snack Pack","StrikeDummy","aspiration:SecretTechniqueScroll"],"acts_visited":["Exordium","TheCity","TheBeyond"],"potions_floor_usage":[33],"damage_taken":[{"damage":0,"enemies":"Cultist","floor":1,"turns":1},{"damage":0,"enemies":"Small Slimes","floor":5,"turns":1},{"damage":0,"enemies":"3 Sentries","floor":6,"turns":1},{"damage":40,"enemies":"Gremlin Nob","floor":8,"turns":4},{"damage":11,"enemies":"3 Sentries","floor":10,"turns":5},{"damage":3,"enemies":"Jaw Worm","floor":13,"turns":3},{"damage":0,"enemies":"Looter","floor":14,"turns":2},{"damage":34,"enemies":"Hexaghost","floor":16,"turns":9},{"damage":7,"enemies":"conspire:FuzzyDice","floor":18,"turns":5},{"damage":16,"enemies":"Chosen","floor":20,"turns":6},{"damage":13,"enemies":"Snake Plant","floor":21,"turns":3},{"damage":4,"enemies":"Cultist and Chosen","floor":22,"turns":4},{"damage":21,"enemies":"Slavers","floor":23,"turns":6},{"damage":13,"enemies":"conspire:HollyBat","floor":28,"turns":5},{"damage":15,"enemies":"Snake Plant","floor":31,"turns":3},{"damage":60,"enemies":"Champ","floor":33,"turns":8}],"seed_played":"7097543094595438101","potions_obtained":[{"floor":1,"key":"LiquidBronze"},{"floor":10,"key":"ColorlessPotion"},{"floor":13,"key":"Weak Potion"},{"floor":21,"key":"hermit:BlackBile"},{"floor":33,"key":"LiquidBronze"}],"is_trial":false,"path_per_floor":["M","?","?","$","M","E","$","E","T","E","R","T","M","M","R_BF","B",null,"M","T","M","M","M","E","?","T","T","?","M","R","R","M","R","B",null,"M"],"character_chosen":"HERMIT","items_purchased":["aspiration:Nostalgia","ReplayTheSpireMod:CursedCoin","Guide Book"],"campfire_rested":3,"item_purchase_floors":[4,7,7],"current_hp_per_floor":[75,75,75,75,75,75,75,35,35,24,61,61,58,58,58,24,75,68,68,52,39,35,14,14,14,14,14,1,38,75,60,60,12,75,0,0],"gold":685,"neow_bonus":"THREE_ENEMY_KILL","is_daily":false,"chose_seed":false,"campfire_upgraded":2,"win_rate":0.0,"timestamp":1607694063,"path_taken":["M","?","?","$","M","E","?","E","T","E","R","?","?","M","R_BF","BOSS","M","?","M","M","?","E","?","?","T","?","M","R","R","?","R","BOSS","M"],"items_purchased_type":["Relic","Relic","Relic"],"build_version":"2020-11-30","purchased_purges":1,"victory":false,"max_hp_per_floor":[75,75,75,75,75,75,75,75,75,75,75,75,75,75,75,75,75,75,75,75,75,75,75,75,75,75,75,75,75,75,75,75,75,75,75,75],"card_choices":[{"not_picked":["hermit:Dive","hermit:WideOpen"],"picked":"hermit:Headshot","floor":1},{"not_picked":["hermit:ItchyTrigger","hermit:Dive"],"picked":"hermit:Spite","floor":5},{"not_picked":["hermit:Enervate","hermit:Ricochet"],"picked":"hermit:Snipe","floor":6},{"not_picked":["hermit:HeroicBravado","hermit:Snipe"],"picked":"hermit:Combo","floor":8},{"not_picked":["hermit:Coalescence","hermit:Misfire"],"picked":"hermit:TakeAim","floor":10},{"not_picked":["hermit:Desperado","hermit:NoHoldsBarred"],"picked":"hermit:Glare","floor":13},{"not_picked":["hermit:CalledShot","hermit:LuckOfTheDraw"],"picked":"hermit:Headshot","floor":14},{"not_picked":["hermit:Roughhouse","hermit:Adapt"],"picked":"hermit:DeadOrAlive","floor":16},{"not_picked":["hermit:Vantage","hermit:NoHoldsBarred"],"picked":"hermit:Deadeye","floor":18},{"not_picked":["hermit:ShadowCloak","hermit:LowProfile"],"picked":"hermit:Desperado","floor":20},{"not_picked":["hermit:TakeCover","hermit:CalledShot"],"picked":"hermit:Quickdraw+1","floor":21},{"not_picked":["hermit:HighCaliber","hermit:Coalescence+1"],"picked":"hermit:Combo+1","floor":22},{"not_picked":["hermit:WideOpen","hermit:Midnight","hermit:LuckOfTheDraw"],"picked":"SKIP","floor":23},{"not_picked":["hermit:Maintenance","hermit:Scavenge+1"],"picked":"hermit:Showdown+1","floor":28},{"not_picked":["hermit:Showdown","hermit:Gestalt"],"picked":"hermit:Determination+1","floor":31}],"player_experience":172030,"relics_obtained":[{"floor":6,"key":"WingedGreaves"},{"floor":8,"key":"Regal Pillow"},{"floor":9,"key":"Akabeko"},{"floor":10,"key":"Garlic"},{"floor":12,"key":"aspiration:Lifesprig"},{"floor":19,"key":"hubris:Reverence"},{"floor":23,"key":"War Paint"},{"floor":24,"key":"ReplayTheSpireMod:Ring of Sloth"},{"floor":24,"key":"ReplayTheSpireMod:Ring of Challenge"},{"floor":25,"key":"Mercury Hourglass"},{"floor":26,"key":"Snack Pack"}],"event_choices":[],"is_beta":false,"boss_relics":[{"not_picked":["hubris:HollowSoul","Snecko Heart"],"picked":"ReplayTheSpireMod:DimensionalGlitch"},{"not_picked":["Astrolabe","hermit:BartenderGlass"],"picked":"aspiration:SecretTechniqueScroll"}],"items_purged_floors":[7],"is_endless":false,"potions_floor_spawned":[1,10,13,14,18,21,33],"killed_by":"3 Shapes","ascension_level":0}}