{"host":"126yiuos2nq86se7","time":1607663320,"event":{"mods":["AchievementEnabler","Act Like it!","BaseMod","Colored Map","Colored Powertips","Friendly Minions","Highlight Path","Minty Spire (QoL Compilation)","StSLib","SuperFastMode"],"gold_per_floor":[215,229,304,323,376,389,389,402,455,470,470,482,500,3,3,105,105,30,7,7,7,7,7,0,0,0,0,0,0,0,0,0,0,0],"floor_reached":33,"playtime":1205,"items_purged":["Strike_B"],"score":241,"play_id":"19fe65a9-2fad-4709-be27-b9370fa8bf05","local_time":"20201211160840","is_ascension_mode":false,"campfire_choices":[{"data":"Zap","floor":7,"key":"SMITH"},{"data":"Dualcast","floor":11,"key":"SMITH"},{"data":"Reinforced Body","floor":15,"key":"SMITH"},{"floor":23,"key":"REST"},{"data":"Redo","floor":25,"key":"SMITH"},{"floor":28,"key":"REST"},{"floor":32,"key":"REST"}],"circlet_count":0,"master_deck":["Strike_B","Strike_B","Strike_B","Defend_B","Defend_B","Defend_B","Defend_B","Zap+1","Dualcast+1","FTL","Steam","Reinforced Body+1","Steam Power","Steam","Auto Shields","Redo+1","FTL","Machine Learning","Go for the Eyes+1","Beam Cell","Aggregate","Coolheaded+1","FTL","Compile Driver+1"],"relics":["Cracked Core","Tiny Chest","Toy Ornithopter","Mummified Hand","Omamori","Ectoplasm","Bag of Preparation","Nilry\u0027s Codex","Singing Bowl"],"acts_visited":["Exordium","TheCity"],"potions_floor_usage":[16,16,16,33,33],"damage_taken":[{"damage":2,"enemies":"Small Slimes","floor":1,"turns":3},{"damage":1,"enemies":"Jaw Worm","floor":2,"turns":4},{"damage":0,"enemies":"Cultist","floor":4,"turns":3},{"damage":0,"enemies":"Exordium Wildlife","floor":6,"turns":3},{"damage":3,"enemies":"Large Slime","floor":8,"turns":6},{"damage":1,"enemies":"3 Louse","floor":10,"turns":3},{"damage":0,"enemies":"Exordium Wildlife","floor":12,"turns":2},{"damage":0,"enemies":"Looter","floor":13,"turns":3},{"damage":35,"enemies":"Hexaghost","floor":16,"turns":12},{"damage":1,"enemies":"2 Thieves","floor":18,"turns":4},{"damage":16,"enemies":"Shell Parasite","floor":20,"turns":8},{"damage":41,"enemies":"Centurion and Healer","floor":21,"turns":13},{"damage":2,"enemies":"Cultist and Chosen","floor":29,"turns":6},{"damage":2,"enemies":"Snecko","floor":30,"turns":8},{"damage":93,"enemies":"Champ","floor":33,"turns":13}],"seed_played":"612536951587556793","potions_obtained":[{"floor":1,"key":"SpeedPotion"},{"floor":2,"key":"ColorlessPotion"},{"floor":4,"key":"FocusPotion"},{"floor":12,"key":"Dexterity Potion"},{"floor":20,"key":"SkillPotion"},{"floor":21,"key":"GamblersBrew"}],"is_trial":false,"path_per_floor":["M","M","?","M","T","M","R","M","T","M","R","M","M","$","R","B",null,"M","$","M","M","$","R","?","R","T","?","R","M","M","T","R","B"],"character_chosen":"DEFECT","items_purchased":["FTL","Mummified Hand","Omamori","Beam Cell"],"campfire_rested":3,"item_purchase_floors":[14,14,14,19],"current_hp_per_floor":[73,72,61,61,61,61,61,58,58,57,57,57,57,57,57,37,75,74,74,58,17,17,39,39,39,39,23,45,43,41,41,63,0,0],"gold":0,"neow_bonus":"HUNDRED_GOLD","is_daily":false,"chose_seed":false,"campfire_upgraded":4,"win_rate":0.0,"timestamp":1607663320,"path_taken":["M","M","?","M","?","M","R","?","T","M","R","M","M","$","R","BOSS","M","$","M","M","$","R","?","R","T","?","R","M","M","?","R","BOSS"],"items_purchased_type":["Card","Relic","Relic","Card"],"build_version":"2020-11-30","purchased_purges":1,"victory":false,"max_hp_per_floor":[75,75,75,75,75,75,75,75,75,75,75,75,75,75,75,75,75,75,75,75,75,75,75,75,75,75,75,75,75,75,75,75,75,75],"card_choices":[{"not_picked":["Aggregate","Force Field"],"picked":"FTL","floor":1},{"not_picked":["Chaos","Leap"],"picked":"Steam","floor":2},{"not_picked":["Consume","Sunder"],"picked":"Reinforced Body","floor":4},{"not_picked":["Sunder","Beam Cell"],"picked":"Steam Power","floor":6},{"not_picked":["Sweeping Beam","Stack"],"picked":"Steam","floor":8},{"not_picked":["Consume","Creative AI"],"picked":"Auto Shields","floor":10},{"not_picked":["Heatsinks","Reprogram"],"picked":"Redo","floor":12},{"not_picked":["Steam","Aggregate","Reprogram"],"picked":"SKIP","floor":13},{"not_picked":["Hyperbeam","Buffer"],"picked":"Machine Learning","floor":16},{"not_picked":["Conserve Battery","Beam Cell"],"picked":"Go for the Eyes+1","floor":18},{"not_picked":["Rip and Tear","Ball Lightning"],"picked":"Aggregate","floor":20},{"not_picked":["Cold Snap","Beam Cell"],"picked":"Coolheaded+1","floor":21},{"not_picked":["Storm","Creative AI"],"picked":"FTL","floor":29},{"not_picked":["Turbo","Hologram"],"picked":"Compile Driver+1","floor":30}],"player_experience":1421146,"relics_obtained":[{"floor":5,"key":"Tiny Chest"},{"floor":9,"key":"Toy Ornithopter"},{"floor":26,"key":"Bag of Preparation"},{"floor":27,"key":"Nilry\u0027s Codex"},{"floor":31,"key":"Singing Bowl"}],"event_choices":[{"damage_healed":0,"gold_gain":75,"player_choice":"Gather Gold","damage_taken":11,"max_hp_gain":0,"max_hp_loss":0,"event_name":"World of Goop","floor":3,"gold_loss":0},{"damage_healed":0,"gold_gain":0,"player_choice":"Paid Fearfully","damage_taken":0,"max_hp_gain":0,"max_hp_loss":0,"event_name":"Masked Bandits","floor":24,"gold_loss":7},{"damage_healed":0,"gold_gain":0,"player_choice":"Obtained Book","damage_taken":16,"max_hp_gain":0,"max_hp_loss":0,"event_name":"Cursed Tome","floor":27,"gold_loss":0}],"is_beta":false,"boss_relics":[{"not_picked":["SacredBark","Nuclear Battery"],"picked":"Ectoplasm"}],"items_purged_floors":[14],"is_endless":false,"potions_floor_spawned":[1,2,4,12,20,21],"killed_by":"Champ","ascension_level":0}}