{"host":"usrgk25etjl0nf5i","time":1607658171,"event":{"mods":["2.2 Compatiblity","BaseMod","Downfall","Hermit","Hubris","Minty Spire (QoL Compilation)","StSLib","SuperFastMode","The Disciple","The Hierophant"],"gold_per_floor":[12,12,24,24,24,24,40,50,50,50,50,62,127,137,137,137,137],"floor_reached":16,"playtime":551,"items_purged":[],"score":138,"play_id":"2fc54069-93ca-403e-a2ce-a7b0ea0bf380","local_time":"20201210194251","is_ascension_mode":true,"campfire_choices":[{"floor":6,"key":"REST"},{"data":"hubris:Sniper","floor":15,"key":"SMITH"}],"circlet_count":0,"master_deck":["AscendersBane","Strike_G+1","Strike_G","Strike_G","Strike_G","Defend_G+1","Defend_G","Defend_G","Defend_G","Defend_G","Survivor","Neutralize","Well Laid Plans","Dagger Throw","hubris:Sniper+1","Blur","Prepared"],"relics":["Ring of the Snake","Du-Vu Doll","Eternal Feather","Ninja Scroll","hubris:CrystalStatue","StoneCalendar"],"acts_visited":["Exordium"],"potions_floor_usage":[8,13],"damage_taken":[{"damage":1,"enemies":"2 Louse","floor":1,"turns":3},{"damage":0,"enemies":"Small Slimes","floor":3,"turns":3},{"damage":0,"enemies":"Cultist","floor":7,"turns":4},{"damage":13,"enemies":"Lots of Slimes","floor":8,"turns":5},{"damage":0,"enemies":"Red Slaver","floor":12,"turns":4},{"damage":9,"enemies":"Gremlin Nob","floor":13,"turns":4},{"damage":0,"enemies":"3 Louse","floor":14,"turns":1},{"damage":56,"enemies":"Hexaghost","floor":16,"turns":15}],"seed_played":"4973862233074856570","potions_obtained":[{"floor":1,"key":"LiquidBronze"},{"floor":12,"key":"Fire Potion"}],"is_trial":false,"path_per_floor":["M","?","M","?","?","R","M","M","T","$","T","M","?","M","R","B"],"character_chosen":"THE_SILENT","items_purchased":[],"campfire_rested":1,"item_purchase_floors":[],"current_hp_per_floor":[62,50,50,36,36,63,63,50,50,50,50,50,41,41,50,0,0],"gold":137,"neow_bonus":"ONE_RARE_RELIC","is_daily":false,"chose_seed":false,"campfire_upgraded":1,"win_rate":0.0,"timestamp":1607658171,"path_taken":["M","?","M","?","?","R","M","?","T","$","?","?","?","M","R","BOSS"],"items_purchased_type":[],"build_version":"2020-11-30","purchased_purges":0,"victory":false,"max_hp_per_floor":[70,70,70,70,70,70,70,70,70,70,70,70,70,70,70,70,70],"card_choices":[{"not_picked":["Finisher","Heel Hook"],"picked":"Well Laid Plans","floor":1},{"not_picked":["Escape Plan","Dodge and Roll"],"picked":"Dagger Throw","floor":3},{"not_picked":["Deadly Poison","Blade Dance"],"picked":"hubris:Sniper","floor":7},{"not_picked":["Sucker Punch","Quick Slash","Dash"],"picked":"SKIP","floor":8},{"not_picked":["Dodge and Roll","Predator"],"picked":"Blur","floor":12},{"not_picked":["Bane","Outmaneuver"],"picked":"Prepared","floor":14}],"player_experience":623614,"relics_obtained":[{"floor":9,"key":"Ninja Scroll"},{"floor":11,"key":"hubris:CrystalStatue"},{"floor":13,"key":"StoneCalendar"}],"event_choices":[{"damage_healed":0,"gold_gain":0,"player_choice":"Success","damage_taken":12,"relics_obtained":["Eternal Feather"],"max_hp_gain":0,"max_hp_loss":0,"event_name":"Scrap Ooze","floor":2,"gold_loss":0},{"damage_healed":0,"gold_gain":0,"player_choice":"Entered Light","damage_taken":14,"max_hp_gain":0,"max_hp_loss":0,"event_name":"Shining Light","floor":4,"gold_loss":0,"cards_upgraded":["Strike_G","Defend_G"]},{"cards_removed":["Strike_G"],"damage_healed":0,"gold_gain":0,"player_choice":"Purged","damage_taken":0,"max_hp_gain":0,"max_hp_loss":0,"event_name":"Purifier","floor":5,"gold_loss":0},{"damage_healed":0,"gold_gain":0,"player_choice":"Searched \u00271\u0027 times","damage_taken":0,"max_hp_gain":0,"max_hp_loss":0,"event_name":"Dead Adventurer","floor":13,"gold_loss":0}],"is_beta":false,"boss_relics":[],"items_purged_floors":[],"is_endless":false,"potions_floor_spawned":[1,12],"killed_by":"Hexaghost","ascension_level":10}}