{"host":"ppgxiu8l5yxvf2gn","time":1607690687,"event":{"mods":["BaseMod","Koishi","Lobotomy","Marisa£¨Ùöéë¡¡Øª×âÞÞ£©","Minty Spire (QoL Compilation)","StSLib","The Animator","The Cursed","The Hierophant","The Poker Player","WarShipGirlsR/??á´Ò³R mod"],"gold_per_floor":[21191,21191,20194,20205,20217,20247,20247,20265,20265,20329,20629,20656,20656,20684,20684,20786,20786,20799,19860,19870,18889,18907,18907,18938,18948,18948,18948,18976,18523,18536,18570,18570,18671,18671,18683,18683,18695,18707,18723,18750,18750,18779,18829,18022,18037,18037,18056,18081,18081,18081,18081,18081,17098,17127,17127],"floor_reached":56,"playtime":4182,"items_purged":["rmod:defend","rmod:defend","rmod:defend","rmod:strick"],"score":1576,"play_id":"15ac8712-5188-4bd5-8940-163f207a7373","local_time":"20201211214446","is_ascension_mode":true,"campfire_choices":[{"floor":7,"key":"RECALL"},{"floor":11,"key":"DIG"},{"floor":15,"key":"DIG"},{"floor":23,"key":"DIG"},{"floor":27,"key":"DIG"},{"floor":32,"key":"DIG"},{"floor":41,"key":"DIG"},{"floor":46,"key":"DIG"},{"floor":49,"key":"DIG"},{"floor":52,"key":"DIG"}],"circlet_count":0,"master_deck":["rmod:strick+1","rmod:strick","rmod:strick","rmod:basicallowance","rmod:maingunfire","Secret Weapon","rmod:fletcherpendant","Jack Of All Trades","rmod:fletcherpendant","rmod:expedition","rmod:luckystar","rmod:aviationdawn","Metamorphosis","rmod:chargemoney","rmod:circuitoustactics","rmod:garrisonisland","rmod:wife","rmod:steelsupply","rmod:wife","Finesse","rmod:generalist","rmod:expeditionaryescort","rmod:fuelsupply","Transmutation","Madness","rmod:expedition","rmod:wife","Master of Strategy","Jack Of All Trades","rmod:ammunitionsupply","rmod:aluminumsupply","rmod:goodsister","rmod:overbreakdown","rmod:aggressivemary","rmod:robin","rmod:firesupport+1","rmod:ammunitionsupply","rmod:aluminumsupply","rmod:robin","rmod:ammunitionsupply+1","rmod:overbreakdown","rmod:launchingtorpedo+1","rmod:fletcherpendant","rmod:expeditionaryescort","rmod:supportaircraftcarrier+1","Finesse","Flash of Steel","Enlightenment","rmod:firesupport+1","rmod:fuelsupply+1","rmod:aluminumsupply","rmod:aluminumsupply+1","rmod:royalracing+1","rmod:firesupport+1","rmod:expedition","Good Instincts","rmod:shuttlebombing+1","rmod:aluminumsupply+1","rmod:rockthrower+1","rmod:lastglory+1","rmod:expeditionaryescort","rmod:supportaircraftcarrier","rmod:diaomin","rmod:aluminumsupply+1"],"relics":["rmod:firstchargereward","Toy Ornithopter","Vajra","Cauldron","Shovel","Old Coin","Centennial Puzzle","Smiling Mask","Orichalcum","Runic Pyramid","rmod:equipmentrecovery","Potion Belt","Toolbox","Dream Catcher","HornCleat","Sling","Matryoshka","Anchor","Letter Opener","Bronze Scales","rmod:extraamm","Bottled Lightning","Regal Pillow","Ancient Tea Set","Orrery","Ice Cream","Sozu","Pen Nib","Question Card","Nunchaku","Whetstone","Omamori","Molten Egg 2","HandDrill","Gremlin Horn","Strawberry","Gambling Chip","Shuriken","Happy Flower","OrangePellets","Bottled Flame","Pantograph"],"acts_visited":["Exordium","TheCity","TheBeyond","TheEnding"],"potions_floor_usage":[14,14,28,55,55,55,55,55],"damage_taken":[{"damage":4,"enemies":"Small Slimes","floor":1,"turns":3},{"damage":0,"enemies":"Cultist","floor":4,"turns":2},{"damage":5,"enemies":"Jaw Worm","floor":5,"turns":2},{"damage":31,"enemies":"Lagavulin","floor":6,"turns":5},{"damage":10,"enemies":"Looter","floor":8,"turns":3},{"damage":30,"enemies":"Lagavulin Event","floor":10,"turns":4},{"damage":32,"enemies":"Gremlin Nob","floor":12,"turns":4},{"damage":7,"enemies":"3 Sentries","floor":14,"turns":4},{"damage":45,"enemies":"The Guardian","floor":16,"turns":7},{"damage":16,"enemies":"Spheric Guardian","floor":18,"turns":4},{"damage":9,"enemies":"3 Byrds","floor":20,"turns":5},{"damage":20,"enemies":"3 Cultists","floor":22,"turns":4},{"damage":39,"enemies":"Book of Stabbing","floor":24,"turns":5},{"damage":9,"enemies":"Snake Plant","floor":25,"turns":4},{"damage":0,"enemies":"Gremlin Leader","floor":28,"turns":4},{"damage":6,"enemies":"Centurion and Healer","floor":30,"turns":2},{"damage":0,"enemies":"Cultist and Chosen","floor":31,"turns":3},{"damage":17,"enemies":"Automaton","floor":33,"turns":7},{"damage":3,"enemies":"Orb Walker","floor":35,"turns":3},{"damage":12,"enemies":"3 Shapes","floor":37,"turns":2},{"damage":1,"enemies":"Maw","floor":38,"turns":3},{"damage":0,"enemies":"Sphere and 2 Shapes","floor":39,"turns":2},{"damage":0,"enemies":"Nemesis","floor":40,"turns":3},{"damage":3,"enemies":"Giant Head","floor":42,"turns":4},{"damage":15,"enemies":"Spire Growth","floor":45,"turns":4},{"damage":9,"enemies":"Jaw Worm Horde","floor":47,"turns":2},{"damage":27,"enemies":"Nemesis","floor":48,"turns":7},{"damage":42,"enemies":"Awakened One","floor":50,"turns":5},{"damage":0,"enemies":"Shield and Spear","floor":54,"turns":2},{"damage":86,"enemies":"The Heart","floor":55,"turns":7}],"seed_played":"3270500160758689853","potions_obtained":[{"floor":3,"key":"BlessingOfTheForge"},{"floor":3,"key":"PowerPotion"},{"floor":3,"key":"LiquidBronze"},{"floor":6,"key":"PowerPotion"},{"floor":8,"key":"DuplicationPotion"},{"floor":18,"key":"Explosive Potion"},{"floor":20,"key":"Weak Potion"},{"floor":24,"key":"BlessingOfTheForge"},{"floor":25,"key":"LiquidBronze"},{"floor":31,"key":"DuplicationPotion"}],"is_trial":false,"path_per_floor":["M","?","$","M","M","E","R","M","T","?","R","E","?","E","R","B",null,"M","$","M","$","M","R","E","M","T","R","E","$","M","M","R","B",null,"M","?","M","M","M","E","R","E","T","$","M","R","M","E","R","B",null,"R","$","E","B",null],"character_chosen":"PRAEFECT","items_purchased":["Toy Ornithopter","Vajra","Cauldron","Jack Of All Trades","rmod:fletcherpendant","rmod:expedition","rmod:luckystar","rmod:aviationdawn","Metamorphosis","rmod:equipmentrecovery","Potion Belt","Toolbox","Transmutation","Madness","rmod:expedition","Dream Catcher","HornCleat","Sling","Master of Strategy","Jack Of All Trades","rmod:ammunitionsupply","rmod:aluminumsupply","rmod:goodsister","Regal Pillow","Ancient Tea Set","Orrery","Omamori","Molten Egg 2","HandDrill","rmod:firesupport+1","rmod:expedition","Good Instincts","Happy Flower","OrangePellets","Bottled Flame","rmod:lastglory+1","rmod:expeditionaryescort","rmod:supportaircraftcarrier","rmod:diaomin"],"campfire_rested":0,"item_purchase_floors":[3,3,3,3,3,3,3,3,3,19,19,19,19,19,19,21,21,21,21,21,21,21,21,29,29,29,44,44,44,44,44,44,53,53,53,53,53,53,53],"current_hp_per_floor":[7496,7496,7496,7496,7491,7460,7460,7450,7450,7420,7420,7388,7388,7391,7391,7346,9750,9734,9734,9725,9725,9705,9705,9666,9657,9657,9657,9662,9662,9656,9656,9656,9639,9750,9747,9737,9725,9724,9724,9724,9724,9721,9721,9721,9706,9706,9697,9677,9677,9635,9757,9757,9757,9757,9676],"gold":17127,"neow_bonus":"RANDOM_COLORLESS_2","is_daily":false,"chose_seed":false,"campfire_upgraded":0,"win_rate":0.0,"timestamp":1607690686,"path_taken":["M","?","$","?","M","E","R","M","T","?","R","E","?","E","R","BOSS","M","?","M","$","M","R","E","M","T","R","E","$","M","M","R","BOSS","M","?","M","M","M","E","R","E","T","$","M","R","M","E","R","BOSS","R","$","E","BOSS"],"items_purchased_type":["Relic","Relic","Relic","Card","Card","Card","Card","Card","Card","Relic","Relic","Relic","Card","Card","Card","Relic","Relic","Relic","Card","Card","Card","Card","Card","Relic","Relic","Relic","Relic","Relic","Relic","Undefined","Card","Card","Relic","Relic","Relic","Undefined","Card","Card","Card"],"build_version":"2020-11-30","purchased_purges":4,"victory":true,"max_hp_per_floor":[9750,9750,9750,9750,9750,9750,9750,9750,9750,9750,9750,9750,9750,9750,9750,9750,9750,9750,9750,9750,9750,9750,9750,9750,9750,9750,9750,9750,9750,9750,9750,9750,9750,9750,9750,9750,9750,9750,9750,9750,9750,9750,9750,9750,9750,9750,9750,9757,9757,9757,9757,9757,9757,9757,9757],"card_choices":[{"not_picked":["Mayhem","Thinking Ahead"],"picked":"Secret Weapon","floor":0},{"not_picked":["rmod:rockthrower","rmod:aviationdawn"],"picked":"rmod:fletcherpendant","floor":1},{"not_picked":["rmod:garrisonisland","rmod:fletcherpendant"],"picked":"rmod:chargemoney","floor":4},{"not_picked":["rmod:salvage","rmod:supportescort"],"picked":"rmod:circuitoustactics","floor":5},{"not_picked":["rmod:abidefaith","rmod:ring"],"picked":"rmod:garrisonisland","floor":6},{"not_picked":["rmod:unsinkable","rmod:combined"],"picked":"rmod:wife","floor":8},{"not_picked":["rmod:luckystar","rmod:victimresponsibility"],"picked":"rmod:steelsupply","floor":10},{"not_picked":["rmod:circuitoustactics","rmod:rockthrower"],"picked":"rmod:wife","floor":12},{"not_picked":["rmod:tearstotiara","rmod:luckystar"],"picked":"rmod:generalist","floor":14},{"not_picked":["rmod:abidefaith","rmod:ridicule"],"picked":"rmod:expeditionaryescort","floor":16},{"not_picked":["rmod:intelligenceanalysis","rmod:heivgo+1"],"picked":"rmod:fuelsupply","floor":18},{"not_picked":["rmod:aluminumsupply","rmod:firesupport"],"picked":"rmod:wife","floor":20},{"not_picked":["rmod:diaomin","rmod:tearstotiara"],"picked":"rmod:overbreakdown","floor":22},{"not_picked":["rmod:goodfighter","rmod:punchline"],"picked":"rmod:aggressivemary","floor":24},{"not_picked":["rmod:supportescort+1","rmod:victimresponsibility"],"picked":"rmod:robin","floor":25},{"not_picked":["rmod:aviationdawn","rmod:advancebysurprise+1"],"picked":"rmod:firesupport+1","floor":28},{"not_picked":["rmod:gendarmerie","rmod:intelligenceanalysis"],"picked":"rmod:ammunitionsupply","floor":29},{"not_picked":["rmod:sl","rmod:firesupport"],"picked":"rmod:aluminumsupply","floor":29},{"not_picked":["rmod:victimresponsibility","rmod:ammunitionsupply"],"picked":"rmod:robin","floor":29},{"not_picked":["rmod:lonelyqueen","rmod:timeschanged"],"picked":"rmod:ammunitionsupply+1","floor":29},{"not_picked":["rmod:gendarmerie","rmod:intelligenceanalysis"],"picked":"rmod:overbreakdown","floor":29},{"not_picked":["rmod:spoils","rmod:tearstotiara"],"picked":"rmod:launchingtorpedo","floor":30},{"not_picked":["rmod:circuitoustactics","rmod:slowdown"],"picked":"rmod:fletcherpendant","floor":31},{"not_picked":["rmod:fletcher","rmod:abidefaith"],"picked":"rmod:expeditionaryescort","floor":33},{"not_picked":["rmod:fuelsupply","rmod:salvage"],"picked":"rmod:supportaircraftcarrier+1","floor":35},{"not_picked":["Forethought","Impatience"],"picked":"Finesse","floor":36},{"not_picked":["Mind Blast","Discovery"],"picked":"Flash of Steel","floor":36},{"not_picked":["Master of Strategy","Deep Breath"],"picked":"Enlightenment","floor":36},{"not_picked":["rmod:aviationdawn","rmod:supportescort"],"picked":"rmod:firesupport+1","floor":37},{"not_picked":["rmod:steelsupply","rmod:diamondstrike"],"picked":"rmod:fuelsupply+1","floor":38},{"not_picked":["rmod:selfconfidence","rmod:unsinkable"],"picked":"rmod:aluminumsupply","floor":39},{"not_picked":["rmod:firesupport","rmod:garrisonisland"],"picked":"rmod:aluminumsupply+1","floor":40},{"not_picked":["rmod:aluminumsupply","rmod:fuelsupply"],"picked":"rmod:royalracing+1","floor":42},{"not_picked":["rmod:victimresponsibility+1","rmod:aluminumsupply+1","rmod:spoils+1"],"picked":"rmod:shuttlebombing+1","floor":45},{"not_picked":["rmod:luckystar+1","rmod:garrisonisland+1","rmod:rockthrower+1"],"picked":"rmod:aluminumsupply+1","floor":47},{"not_picked":["rmod:capitalist","rmod:overbreakdown","rmod:unsinkable+1"],"picked":"rmod:rockthrower+1","floor":48},{"not_picked":["rmod:fletcherpendant+1","rmod:tearstotiara+1","rmod:desperatesituation"],"picked":"rmod:aluminumsupply+1","floor":54}],"player_experience":51465,"relics_obtained":[{"floor":6,"key":"Shovel"},{"floor":11,"key":"Old Coin"},{"floor":12,"key":"Centennial Puzzle"},{"floor":14,"key":"Smiling Mask"},{"floor":15,"key":"Orichalcum"},{"floor":23,"key":"Matryoshka"},{"floor":24,"key":"Anchor"},{"floor":26,"key":"Letter Opener"},{"floor":26,"key":"Bronze Scales"},{"floor":27,"key":"rmod:extraamm"},{"floor":28,"key":"Bottled Lightning"},{"floor":32,"key":"Ice Cream"},{"floor":40,"key":"Pen Nib"},{"floor":42,"key":"Question Card"},{"floor":43,"key":"Nunchaku"},{"floor":43,"key":"Whetstone"},{"floor":46,"key":"Gremlin Horn"},{"floor":48,"key":"Strawberry"},{"floor":49,"key":"Gambling Chip"},{"floor":52,"key":"Shuriken"},{"floor":54,"key":"Pantograph"}],"event_choices":[{"cards_removed":["rmod:defend"],"damage_healed":0,"gold_gain":0,"player_choice":"Offered Basic","damage_taken":0,"max_hp_gain":0,"max_hp_loss":0,"event_name":"Bonfire Elementals","floor":2,"gold_loss":0},{"damage_healed":0,"gold_gain":0,"player_choice":"Searched \u00272\u0027 times","damage_taken":0,"max_hp_gain":0,"max_hp_loss":0,"event_name":"Dead Adventurer","floor":10,"gold_loss":0},{"damage_healed":0,"gold_gain":0,"player_choice":"1 cards matched","damage_taken":0,"max_hp_gain":0,"max_hp_loss":0,"event_name":"Match and Keep!","floor":13,"gold_loss":0,"cards_obtained":["Finesse"]},{"damage_healed":0,"gold_gain":0,"player_choice":"Memory 3","damage_taken":10,"max_hp_gain":0,"max_hp_loss":0,"event_name":"SensoryStone","floor":36,"gold_loss":0}],"is_beta":false,"boss_relics":[{"not_picked":["SacredBark","Astrolabe"],"picked":"Runic Pyramid"},{"not_picked":["Black Star","Fusion Hammer"],"picked":"Sozu"}],"items_purged_floors":[3,19,21,44],"is_endless":false,"potions_floor_spawned":[6,8,12,18,20,24,25,31,33,35,42,45,47,54],"ascension_level":1}}