{"host":"3l86636hmmefx41a","time":1607706865,"event":{"mods":["BaseMod","Hermit","Marked Mod","Minty Spire (QoL Compilation)","StSLib"],"gold_per_floor":[110,110,128,14,33,67,84,84,109,121,133,133,133,146,146,146,146],"floor_reached":16,"playtime":2996,"items_purged":[],"score":104,"play_id":"f64e8d0e-8074-4939-b67b-cc94058614a9","local_time":"20201211181425","is_ascension_mode":false,"campfire_choices":[{"floor":8,"key":"REST"},{"data":"Neutralize","floor":12,"key":"SMITH"},{"floor":15,"key":"REST"}],"circlet_count":0,"master_deck":["Strike_G","Strike_G","Strike_G","Strike_G","Strike_G","Defend_G","Defend_G","Defend_G","Defend_G","Defend_G","Survivor","Neutralize+1","Tactician","Distraction","Flying Knee","Caltrops","Endless Agony","Flying Knee","Quick Slash","Acrobatics","Deadly Poison","Endless Agony","Regret","Slice"],"relics":["Ring of the Snake","Snake Skull","Anchor","Blood Vial"],"acts_visited":["Exordium"],"potions_floor_usage":[6,10,11,16],"damage_taken":[{"damage":5,"enemies":"2 Louse","floor":1,"turns":5},{"damage":9,"enemies":"Cultist","floor":3,"turns":5},{"damage":1,"enemies":"Jaw Worm","floor":5,"turns":4},{"damage":22,"enemies":"3 Sentries","floor":6,"turns":9},{"damage":2,"enemies":"Large Slime","floor":7,"turns":5},{"damage":0,"enemies":"Blue Slaver","floor":10,"turns":4},{"damage":0,"enemies":"Lots of Slimes","floor":11,"turns":1},{"damage":27,"enemies":"Exordium Thugs","floor":14,"turns":6},{"damage":48,"enemies":"Slime Boss","floor":16,"turns":10}],"seed_played":"1909424860542698152","potions_obtained":[{"floor":3,"key":"BlessingOfTheForge"},{"floor":6,"key":"PowerPotion"},{"floor":10,"key":"Explosive Potion"},{"floor":11,"key":"AttackPotion"}],"is_trial":false,"path_per_floor":["M","?","M","$","M","E","M","R","T","M","M","R","?","M","R","B"],"character_chosen":"THE_SILENT","items_purchased":["Caltrops","Endless Agony"],"campfire_rested":2,"item_purchase_floors":[4,4],"current_hp_per_floor":[65,70,61,61,60,38,36,57,57,57,57,57,57,32,53,7,7],"gold":146,"neow_bonus":"THREE_CARDS","is_daily":false,"chose_seed":false,"campfire_upgraded":1,"win_rate":0.0,"timestamp":1607706865,"path_taken":["M","?","M","$","?","E","M","R","T","?","M","R","?","M","R","BOSS"],"items_purchased_type":["Card","Card"],"build_version":"2020-11-30","purchased_purges":0,"victory":false,"max_hp_per_floor":[70,70,70,70,70,70,70,70,70,70,70,70,70,70,70,70,70],"card_choices":[{"not_picked":["Acrobatics","Catalyst"],"picked":"Tactician","floor":0},{"not_picked":["Sucker Punch","Footwork"],"picked":"Distraction","floor":1},{"not_picked":["PiercingWail","Dagger Spray"],"picked":"Flying Knee","floor":3},{"not_picked":["Outmaneuver","Glass Knife"],"picked":"Flying Knee","floor":5},{"not_picked":["Catalyst","Prepared"],"picked":"Quick Slash","floor":6},{"not_picked":["Quick Slash","Bane"],"picked":"Acrobatics","floor":7},{"not_picked":["Sucker Punch","Unload"],"picked":"Deadly Poison","floor":10},{"not_picked":["Masterful Stab","Flechettes"],"picked":"Endless Agony","floor":11},{"not_picked":["Prepared","Deflect"],"picked":"Slice","floor":14}],"player_experience":62410,"relics_obtained":[{"floor":6,"key":"Snake Skull"},{"floor":9,"key":"Anchor"}],"event_choices":[{"damage_healed":5,"gold_gain":0,"player_choice":"Full Heal","damage_taken":0,"max_hp_gain":0,"max_hp_loss":0,"event_name":"Wheel of Change","floor":2,"gold_loss":0},{"damage_healed":0,"gold_gain":0,"player_choice":"Box","damage_taken":0,"relics_obtained":["Blood Vial"],"max_hp_gain":0,"max_hp_loss":0,"event_name":"Big Fish","floor":13,"gold_loss":0,"cards_obtained":["Regret"]}],"is_beta":false,"boss_relics":[],"items_purged_floors":[],"is_endless":false,"potions_floor_spawned":[3,6,10,11],"killed_by":"Slime Boss","ascension_level":0}}