{"host":"f7i0xv5umhttwhc1","time":1607685695,"event":{"mods":["BaseMod","Better Third Choice","Colored Map","Highlight Path","Minty Spire (QoL Compilation)","Relic Stats","StSLib"],"gold_per_floor":[117,133,19,19,19,51,69,69,119,119,139,151,161,177,177,279,279,296,121,136,154,154,154],"floor_reached":22,"playtime":1488,"items_purged":["Strike_G","Defend_G"],"score":238,"play_id":"38b038fe-8aee-4331-839b-ce73bf601d38","local_time":"20201211222135","is_ascension_mode":false,"campfire_choices":[{"data":"Neutralize","floor":8,"key":"SMITH"},{"floor":15,"key":"REST"}],"circlet_count":0,"master_deck":["Strike_G","Strike_G","Strike_G","Strike_G","Defend_G","Defend_G","Defend_G","Survivor","Neutralize+1","Cloak And Dagger","Accuracy","A Thousand Cuts","Cloak And Dagger","Dagger Spray","Slice","Accuracy","A Thousand Cuts","Setup","Storm of Steel","Accuracy","Accuracy"],"relics":["Ring of the Snake","NeowsBlessing","Oddly Smooth Stone","Regal Pillow","TungstenRod","Odd Mushroom"],"acts_visited":["Exordium","TheCity"],"potions_floor_usage":[11,11,11,11,16,16,18,21],"damage_taken":[{"damage":0,"enemies":"Jaw Worm","floor":1,"turns":1},{"damage":0,"enemies":"Cultist","floor":2,"turns":1},{"damage":0,"enemies":"3 Sentries","floor":6,"turns":2},{"damage":2,"enemies":"Small Slimes","floor":7,"turns":4},{"damage":8,"enemies":"The Mushroom Lair","floor":11,"turns":2},{"damage":6,"enemies":"2 Fungi Beasts","floor":12,"turns":4},{"damage":5,"enemies":"Looter","floor":13,"turns":4},{"damage":2,"enemies":"Large Slime","floor":14,"turns":5},{"damage":10,"enemies":"Slime Boss","floor":16,"turns":10},{"damage":13,"enemies":"Spheric Guardian","floor":18,"turns":6},{"damage":19,"enemies":"Shell Parasite","floor":20,"turns":6},{"damage":28,"enemies":"Shelled Parasite and Fungi","floor":21,"turns":9},{"damage":4,"enemies":"Centurion and Healer","floor":22,"turns":2}],"seed_played":"459902068976467182","potions_obtained":[{"floor":7,"key":"EntropicBrew"},{"floor":12,"key":"Energy Potion"},{"floor":13,"key":"Poison Potion"},{"floor":16,"key":"Fire Potion"},{"floor":20,"key":"Dexterity Potion"}],"is_trial":false,"path_per_floor":["M","M","$","?","?","E","M","R","T","T","?","M","M","M","R","B",null,"M","$","M","M","M"],"character_chosen":"THE_SILENT","items_purchased":["Accuracy","Storm of Steel"],"campfire_rested":1,"item_purchase_floors":[3,19],"current_hp_per_floor":[70,70,70,70,70,70,68,68,68,68,60,54,49,47,70,60,70,57,57,38,10,6,6],"gold":154,"neow_bonus":"THREE_ENEMY_KILL","is_daily":false,"chose_seed":false,"campfire_upgraded":1,"win_rate":0.0,"timestamp":1607685695,"path_taken":["M","M","$","?","?","E","?","R","T","?","?","M","M","M","R","BOSS","M","$","M","M","M"],"items_purchased_type":["Card","Card"],"build_version":"2020-11-30","purchased_purges":2,"victory":false,"max_hp_per_floor":[70,70,70,70,70,70,70,70,70,70,70,70,70,70,70,70,70,70,70,70,70,70,70],"relic_stats":{"Regal Pillow":2,"counters":[13,56],"obtain_stats":[{"Regal Pillow":9,"NeowsBlessing":0,"Oddly Smooth Stone":6,"Odd Mushroom":11,"TungstenRod":10,"Ring of the Snake":0},{"Regal Pillow":4,"NeowsBlessing":0,"Oddly Smooth Stone":3,"Odd Mushroom":5,"TungstenRod":4,"Ring of the Snake":0},{"Regal Pillow":8,"NeowsBlessing":0,"Oddly Smooth Stone":4,"Odd Mushroom":10,"TungstenRod":8,"Ring of the Snake":0}],"TungstenRod":23,"Ring of the Snake":[26]},"card_choices":[{"not_picked":["Setup","Acrobatics"],"picked":"Cloak And Dagger","floor":1},{"not_picked":["Deadly Poison","Dodge and Roll","Sucker Punch"],"picked":"SKIP","floor":2},{"not_picked":["Backstab","Skewer"],"picked":"A Thousand Cuts","floor":6},{"not_picked":["Backflip","Poisoned Stab"],"picked":"Cloak And Dagger","floor":7},{"not_picked":["Dodge and Roll","Flying Knee"],"picked":"Dagger Spray","floor":12},{"not_picked":["Venomology","Leg Sweep"],"picked":"Slice","floor":13},{"not_picked":["Dagger Spray","Dodge and Roll"],"picked":"Accuracy","floor":14},{"not_picked":["Burst","Bullet Time"],"picked":"A Thousand Cuts","floor":16},{"not_picked":["PiercingWail","Deadly Poison"],"picked":"Setup","floor":18},{"not_picked":["Deflect","Leg Sweep+1"],"picked":"Accuracy","floor":20},{"not_picked":["Sucker Punch","Crippling Poison"],"picked":"Accuracy","floor":21}],"player_experience":165865,"relics_obtained":[{"floor":6,"key":"Oddly Smooth Stone"},{"floor":9,"key":"Regal Pillow"},{"floor":10,"key":"TungstenRod"},{"floor":11,"key":"Odd Mushroom"}],"event_choices":[{"cards_removed":["Defend_G"],"damage_healed":0,"gold_gain":0,"player_choice":"Forget","damage_taken":0,"max_hp_gain":0,"max_hp_loss":0,"event_name":"Living Wall","floor":4,"gold_loss":0},{"damage_healed":0,"gold_gain":0,"player_choice":"Leave","damage_taken":0,"max_hp_gain":0,"max_hp_loss":0,"event_name":"FaceTrader","floor":5,"gold_loss":0},{"damage_healed":0,"gold_gain":0,"player_choice":"Fought Mushrooms","damage_taken":0,"max_hp_gain":0,"max_hp_loss":0,"event_name":"Mushrooms","floor":11,"gold_loss":0}],"is_beta":false,"boss_relics":[{"not_picked":["Cursed Key","Coffee Dripper","Ectoplasm"]}],"items_purged_floors":[3,19],"is_endless":false,"potions_floor_spawned":[7,12,13,16,20],"killed_by":"Centurion and Healer","ascension_level":0}}