{"host":"sav7uxregyirlf69","time":1607686622,"event":{"mods":["AchievementEnabler","BaseMod","Colored Map","DeckTracker","Hermit","Keyboard Shortcuts","Minty Spire (QoL Compilation)","READ ME - Guardian Mod","StSLib","SuperFastMode"],"gold_per_floor":[114,114,128,53,53,53,85,85,136,154,66,66,66,66,66,139,189,209,209,278,278,298,326,326,336,362,362,362,144,164,164,164],"floor_reached":31,"playtime":454,"items_purged":["Defend_R"],"score":498,"play_id":"0705d4ea-437d-4907-be89-8196f6fd7e94","local_time":"20201211203702","is_ascension_mode":true,"campfire_choices":[{"data":"Perfected Strike","floor":6.0,"key":"SMITH"},{"data":"Bash","floor":8.0,"key":"SMITH"},{"data":"Rage","floor":13.0,"key":"SMITH"},{"floor":15.0,"key":"REST"},{"floor":24,"key":"REST"},{"data":"Bloodletting","floor":27,"key":"SMITH"}],"circlet_count":0,"master_deck":["AscendersBane","Strike_R","Strike_R","Strike_R","Strike_R","Strike_R","Defend_R","Defend_R+1","Bash+1","Perfected Strike+1","Twin Strike","Shrug It Off+1","Pommel Strike+1","Rage+1","Double Tap","Burning Pact","Bloodletting+1","Wild Strike","Evolve","Shrug It Off"],"relics":["Burning Blood","Lizard Tail","Boot","Anchor","Tiny House","Enchiridion","Toy Ornithopter","Blood Vial"],"acts_visited":["Exordium","TheCity"],"potions_floor_usage":[16,23,30,30,31],"damage_taken":[{"damage":7.0,"enemies":"2 Louse","floor":1.0,"turns":4.0},{"damage":10.0,"enemies":"Small Slimes","floor":3.0,"turns":4.0},{"damage":32.0,"enemies":"Gremlin Nob","floor":7.0,"turns":4.0},{"damage":0.0,"enemies":"Jaw Worm","floor":10.0,"turns":2.0},{"damage":42,"enemies":"Slime Boss","floor":16,"turns":11},{"damage":27,"enemies":"2 Thieves","floor":18,"turns":4},{"damage":25,"enemies":"Spheric Guardian","floor":22,"turns":4},{"damage":56,"enemies":"Book of Stabbing","floor":23,"turns":5},{"damage":19,"enemies":"Snake Plant","floor":25,"turns":4},{"damage":41,"enemies":"Cultist and Chosen","floor":30,"turns":6},{"damage":24,"enemies":"Gremlin Leader","floor":31,"turns":5}],"seed_played":"3118762585253827926","potions_obtained":[{"floor":3.0,"key":"Fire Potion"},{"floor":7.0,"key":"BlessingOfTheForge"},{"floor":17,"key":"Regen Potion"},{"floor":22,"key":"EssenceOfSteel"},{"floor":23,"key":"Block Potion"},{"floor":30,"key":"Strength Potion"}],"is_trial":false,"path_per_floor":["M","?","M","?","?","R","E","R","T","M","$","?","R","?","R","B",null,"M","?","T","?","M","E","R","M","T","R","?","$","M","E"],"character_chosen":"IRONCLAD","items_purchased":["Rage","Evolve","Shrug It Off"],"campfire_rested":2,"item_purchase_floors":[11,29,29],"current_hp_per_floor":[67,67,63,63,68,68,42,42,42,48,48,24,24,24,48,12,68,47,47,47,26,7,23,48,35,35,35,35,35,12,0,0],"gold":164,"neow_bonus":"ONE_RARE_RELIC","is_daily":false,"chose_seed":false,"campfire_upgraded":4,"win_rate":0.0,"timestamp":1607686622,"path_taken":["M","?","M","?","?","R","E","R","T","M","$","?","R","?","R","BOSS","M","?","?","?","M","E","R","M","T","R","?","$","?","E"],"items_purchased_type":["Card","Card","Card"],"build_version":"2020-11-30","purchased_purges":1,"victory":false,"max_hp_per_floor":[75,75,75,75,80,80,80,80,80,80,80,80,80,80,80,80,85,85,85,85,85,85,85,85,85,85,85,85,85,85,85,85],"card_choices":[{"not_picked":["Shockwave","Dual Wield"],"picked":"Perfected Strike","floor":1.0},{"not_picked":["Havoc","Heavy Blade"],"picked":"Twin Strike","floor":3.0},{"not_picked":["Evolve","True Grit"],"picked":"Shrug It Off","floor":7.0},{"not_picked":["Warcry","True Grit"],"picked":"Pommel Strike","floor":10.0},{"not_picked":["Demon Form","Fiend Fire"],"picked":"Double Tap","floor":16},{"not_picked":["Clash","Searing Blow"],"picked":"Burning Pact","floor":17},{"not_picked":["Infernal Blade+1","Armaments+1"],"picked":"Bloodletting","floor":18},{"not_picked":["Clothesline","Rampage","Iron Wave+1"],"picked":"SKIP","floor":22},{"not_picked":["Intimidate+1","Reaper"],"picked":"Wild Strike","floor":23},{"not_picked":["Thunderclap","True Grit","Anger"],"picked":"SKIP","floor":25},{"not_picked":["True Grit","Bloodletting","Whirlwind"],"picked":"SKIP","floor":30}],"player_experience":919177,"relics_obtained":[{"floor":7.0,"key":"Boot"},{"floor":9.0,"key":"Anchor"},{"floor":21,"key":"Enchiridion"},{"floor":23,"key":"Toy Ornithopter"},{"floor":26,"key":"Blood Vial"}],"event_choices":[{"cards_removed":["Pain"],"damage_healed":0.0,"max_hp_gain":0.0,"max_hp_loss":0.0,"gold_gain":0.0,"event_name":"Living Wall","player_choice":"Forget","floor":2.0,"gold_loss":0.0,"damage_taken":0.0},{"cards_removed":["Defend_R"],"damage_healed":0.0,"max_hp_gain":0.0,"max_hp_loss":0.0,"gold_gain":0.0,"event_name":"The Cleric","player_choice":"Card Removal","floor":4.0,"gold_loss":75.0,"damage_taken":0.0},{"damage_healed":0.0,"max_hp_gain":5.0,"max_hp_loss":0.0,"gold_gain":0.0,"event_name":"Big Fish","player_choice":"Donut","floor":5.0,"gold_loss":0.0,"damage_taken":0.0},{"damage_healed":0.0,"max_hp_gain":0.0,"max_hp_loss":0.0,"gold_gain":0.0,"event_name":"Shining Light","player_choice":"Entered Light","floor":12.0,"gold_loss":0.0,"damage_taken":24.0,"cards_upgraded":["Shrug It Off","Defend_R"]},{"damage_healed":0.0,"max_hp_gain":0.0,"max_hp_loss":0.0,"gold_gain":0.0,"event_name":"Liars Game","player_choice":"Ignored","floor":14.0,"gold_loss":0.0,"damage_taken":0.0},{"damage_healed":0,"gold_gain":0,"player_choice":"Ignored","damage_taken":0,"max_hp_gain":0,"max_hp_loss":0,"event_name":"Beggar","floor":19,"gold_loss":0},{"damage_healed":0,"gold_gain":0,"player_choice":"Obtained Book","damage_taken":21,"max_hp_gain":0,"max_hp_loss":0,"event_name":"Cursed Tome","floor":21,"gold_loss":0},{"damage_healed":0,"gold_gain":0,"player_choice":"0 cards matched","damage_taken":0,"max_hp_gain":0,"max_hp_loss":0,"event_name":"Match and Keep!","floor":28,"gold_loss":0,"cards_obtained":[]}],"is_beta":false,"boss_relics":[{"not_picked":["Calling Bell","SacredBark"],"picked":"Tiny House"}],"items_purged_floors":[29],"is_endless":false,"potions_floor_spawned":[3,7,10,22,23,30],"killed_by":"Gremlin Leader","ascension_level":20}}