{"host":"mvlqq966zh3ccmv5","time":1607654130,"event":{"mods":["AchievementEnabler","BaseMod","DeckTracker","Minty Spire (QoL Compilation)","SuperFastMode"],"gold_per_floor":[113,113,126,76,76,88,98,114,138,149,149,184,184,197,197,300,300,319,339,339,339,353,371,388,298,298,316,316,316,241,115,115,115,115],"floor_reached":33,"playtime":582,"items_purged":["Defend_R"],"score":251,"play_id":"0ba4b541-9438-426a-91de-59bdc8b1602c","local_time":"20201211113530","is_ascension_mode":false,"campfire_choices":[{"data":"Bash","floor":11.0,"key":"SMITH"},{"data":"Shrug It Off","floor":13,"key":"SMITH"},{"data":"Defend_R","floor":15,"key":"SMITH"},{"floor":28,"key":"REST"},{"floor":32,"key":"REST"}],"circlet_count":0,"master_deck":["Strike_R","Strike_R+1","Defend_R+1","Defend_R","Defend_R","Bash+1","Whirlwind+1","Shrug It Off+1","Pommel Strike","Flex"],"relics":["Busted Crown"],"acts_visited":["Exordium","TheCity"],"potions_floor_usage":[14,16,24,33,33],"damage_taken":[{"damage":0.0,"enemies":"Small Slimes","floor":1.0,"turns":3.0},{"damage":0.0,"enemies":"2 Louse","floor":3.0,"turns":1.0},{"damage":0.0,"enemies":"Cultist","floor":6.0,"turns":2.0},{"damage":8.0,"enemies":"3 Louse","floor":7.0,"turns":2.0},{"damage":2.0,"enemies":"Looter","floor":8.0,"turns":3.0},{"damage":4.0,"enemies":"Exordium Thugs","floor":10.0,"turns":3.0},{"damage":9,"enemies":"3 Sentries","floor":12,"turns":3},{"damage":1,"enemies":"3 Louse","floor":14,"turns":2},{"damage":24,"enemies":"The Guardian","floor":16,"turns":10},{"damage":18,"enemies":"Spheric Guardian","floor":18,"turns":5},{"damage":0,"enemies":"3 Byrds","floor":19,"turns":4},{"damage":26,"enemies":"Snecko","floor":22,"turns":6},{"damage":0,"enemies":"Cultist and Chosen","floor":23,"turns":4},{"damage":29,"enemies":"Shelled Parasite and Fungi","floor":24,"turns":5},{"damage":0,"enemies":"Snecko","floor":27,"turns":3},{"damage":72,"enemies":"Collector","floor":33,"turns":9}],"seed_played":"8970130015648968361","potions_obtained":[{"floor":1.0,"key":"BloodPotion"},{"floor":6.0,"key":"BloodPotion"},{"floor":12,"key":"Dexterity Potion"},{"floor":14,"key":"BlessingOfTheForge"},{"floor":22,"key":"AttackPotion"},{"floor":27,"key":"BlessingOfTheForge"}],"is_trial":false,"path_per_floor":["M","?","M","?","?","M","M","M","T","M","R","E","R","M","R","B",null,"M","M","?","?","M","M","M","?","T","M","R","?","?","$","R","B"],"character_chosen":"IRONCLAD","items_purchased":["Flex"],"campfire_rested":2,"item_purchase_floors":[31],"current_hp_per_floor":[80,85,85,85,85,85,77,75,75,71,71,62,62,78,78,54,85,67,67,67,67,41,41,12,12,12,12,37,37,37,37,62,0,0],"gold":115,"neow_bonus":"BOSS_RELIC","is_daily":false,"chose_seed":false,"campfire_upgraded":3,"win_rate":0.0,"timestamp":1607654130,"path_taken":["M","?","M","?","?","M","M","?","T","M","R","E","R","M","R","BOSS","M","M","?","?","M","M","M","?","T","?","R","?","?","$","R","BOSS"],"items_purchased_type":["Card"],"build_version":"2020-11-30","purchased_purges":1,"victory":false,"max_hp_per_floor":[80,85,85,85,85,85,85,85,85,85,85,85,85,85,85,85,85,85,85,85,85,85,85,85,85,85,85,85,85,85,85,85,85,85],"card_choices":[{"not_picked":[],"picked":"Whirlwind","floor":1.0},{"not_picked":["True Grit"],"picked":"SKIP","floor":3.0},{"not_picked":["Second Wind"],"picked":"SKIP","floor":6.0},{"not_picked":[],"picked":"Shrug It Off","floor":7.0},{"not_picked":["Evolve"],"picked":"SKIP","floor":8.0},{"not_picked":["Havoc"],"picked":"SKIP","floor":10.0},{"not_picked":["Dropkick"],"picked":"SKIP","floor":12},{"not_picked":["Wild Strike"],"picked":"SKIP","floor":14},{"not_picked":["Anger"],"picked":"SKIP","floor":18},{"not_picked":["Wild Strike"],"picked":"SKIP","floor":19},{"not_picked":["Dropkick"],"picked":"SKIP","floor":22},{"not_picked":["Dual Wield+1"],"picked":"SKIP","floor":23},{"not_picked":["Reckless Charge"],"picked":"SKIP","floor":24},{"not_picked":[],"picked":"Pommel Strike","floor":27}],"player_experience":191483,"relics_obtained":[],"event_choices":[{"damage_healed":0.0,"max_hp_gain":5.0,"max_hp_loss":0.0,"gold_gain":0.0,"event_name":"Big Fish","player_choice":"Donut","floor":2.0,"gold_loss":0.0,"damage_taken":0.0},{"cards_removed":["Strike_R"],"damage_healed":0.0,"max_hp_gain":0.0,"max_hp_loss":0.0,"gold_gain":0.0,"event_name":"The Cleric","player_choice":"Card Removal","floor":4.0,"gold_loss":50.0,"damage_taken":0.0},{"damage_healed":0.0,"max_hp_gain":0.0,"max_hp_loss":0.0,"gold_gain":0.0,"event_name":"Accursed Blacksmith","player_choice":"Forge","floor":5.0,"gold_loss":0.0,"damage_taken":0.0,"cards_upgraded":["Whirlwind"]},{"damage_healed":0,"gold_gain":0,"player_choice":"Ignored","damage_taken":0,"max_hp_gain":0,"max_hp_loss":0,"event_name":"Vampires","floor":20,"gold_loss":0},{"cards_removed":["Strike_R"],"damage_healed":0,"gold_gain":0,"player_choice":"Upgrade and Remove","damage_taken":0,"max_hp_gain":0,"max_hp_loss":0,"event_name":"Designer","floor":25,"gold_loss":90,"cards_upgraded":["Strike_R"]},{"damage_healed":0,"gold_gain":0,"player_choice":"Ignored","damage_taken":0,"max_hp_gain":0,"max_hp_loss":0,"event_name":"Cursed Tome","floor":29,"gold_loss":0},{"cards_removed":["Strike_R"],"damage_healed":0,"gold_gain":0,"player_choice":"Gave Gold","damage_taken":0,"max_hp_gain":0,"max_hp_loss":0,"event_name":"Beggar","floor":30,"gold_loss":75}],"is_beta":false,"boss_relics":[{"not_picked":["Sozu","Runic Pyramid","Calling Bell"]}],"items_purged_floors":[31],"is_endless":false,"potions_floor_spawned":[1,6,12,14,22,27],"killed_by":"Collector","ascension_level":0}}