{"host":"bjzqjr1ycgj8gt55","time":1607654233,"event":{"mods":["BaseMod","Better Altar","Better Match","Better Sensory Stone","Better Skull","Better Third Choice","Better Vampires","Block Reminder","Colored Map","Colored Powertips","Hermit","Hero for Fun","Infinite Spire","Jorbs\u0027s Wanderer Trilogy","Minty Spire (QoL Compilation)","Rare Cards Sparkle","Red Circlet Mod","Shade Mod","Shop Mod","Spicy Shops","StSLib","The Alterego","The Animator","The Bug Knight","The Cursed","The Disciple","The Forsaken","The Hierophant","The Jungle","The Necromancer","The Problem Sleuth","The Runesmith","TheVacant","Waifu the Spire","WarShipGirlsR/????R mod","everything is the same but u backflip on backflip","slay the spire mod where everything is the same but ironclad has a cowboy hat"],"gold_per_floor":[111,129,32,32,48,48,48,48,48,48,66,77,88,100,100,204,204,219,238,251,19,19,46,46,46,70,86,99,109,109,109,109,212,262,262],"floor_reached":34,"playtime":1542,"items_purged":["theVacant:VacantStarterStrike","Normality"],"score":393,"play_id":"f1e5ba16-0e87-4c76-a6b3-3a50c89a22e2","local_time":"20201210203713","is_ascension_mode":false,"campfire_choices":[{"data":"theVacant:Release","floor":6,"key":"SMITH"},{"data":"theVacant:Anguish","floor":8,"key":"SMITH"},{"data":"theVacant:Crunch","floor":10,"key":"SMITH"},{"data":"theVacant:Hex","floor":15,"key":"SMITH"},{"floor":24,"key":"REST"},{"floor":32,"key":"REST"}],"circlet_count":0,"master_deck":["theVacant:VacantStarterStrike+1","theVacant:VacantStarterStrike","theVacant:VacantStarterStrike","theVacant:VacantStarterDefend","theVacant:VacantStarterDefend","theVacant:VacantStarterDefend","theVacant:VacantStarterDefend","theVacant:Release+1","theVacant:Crunch+1","theVacant:Anguish+1","theVacant:Jab","theVacant:EyePoke","theVacant:Fling","theVacant:ShriekingBlast","theVacant:Hex+1","theVacant:Prevent","CurseOfTheBell","theVacant:GraveWave+1","theVacant:Carve","theVacant:BellToll","theVacant:Anguish+1","theVacant:Dig","theVacant:ReaperStrike","theVacant:SurpriseAttack+1","Writhe","theVacant:Dig+1","theVacant:MindBreak","theVacant:CursedBlast"],"relics":["Velvet Choker","infinitespire:FocusingShard","Lizard Tail","Calling Bell","Dream Catcher","Pear","StoneCalendar","Boot","Runesmith:Locket","Lantern","Shovel","Tiny House"],"acts_visited":["Exordium","theJungle:Jungle","TheBeyond"],"potions_floor_usage":[16,27,28,30,33],"damage_taken":[{"damage":0.0,"enemies":"Cultist","floor":1.0,"turns":4.0},{"damage":0,"enemies":"2 Louse","floor":2,"turns":3},{"damage":5,"enemies":"Jaw Worm","floor":5,"turns":3},{"damage":0,"enemies":"2 Fungi Beasts","floor":11,"turns":3},{"damage":0,"enemies":"Exordium Thugs","floor":12,"turns":3},{"damage":0,"enemies":"Looter","floor":13,"turns":2},{"damage":0,"enemies":"Blue Slaver","floor":14,"turns":2},{"damage":2,"enemies":"Hexaghost","floor":16,"turns":6},{"damage":10,"enemies":"theJungle:GiantWrat","floor":18,"turns":4},{"damage":21,"enemies":"theJungle:MUSHROOMGANG","floor":19,"turns":5},{"damage":15,"enemies":"theJungle:SlimyTreeVines","floor":20,"turns":7},{"damage":20,"enemies":"theJungle:2_Phrogs","floor":23,"turns":7},{"damage":7,"enemies":"theJungle:JungleHuntersEncounter","floor":27,"turns":5},{"damage":0,"enemies":"theJungle:2_Snecko_Cultists","floor":28,"turns":2},{"damage":9,"enemies":"theJungle:Lyon","floor":29,"turns":4},{"damage":6,"enemies":"theJungle:Snecko_Cultist_And_Trap","floor":30,"turns":2},{"damage":80,"enemies":"theJungle:TotemBoss","floor":33,"turns":9}],"seed_played":"6431897045001064082","potions_obtained":[{"floor":5,"key":"AttackPotion"},{"floor":11,"key":"Block Potion"},{"floor":13,"key":"Weak Potion"},{"floor":16,"key":"Ancient Potion"},{"floor":27,"key":"SmokeBomb"},{"floor":29,"key":"EssenceOfSteel"},{"floor":34,"key":"TwistedElixir"}],"is_trial":false,"path_per_floor":["M","M","$","?","M","R","?","R","T","R","M","M","M","M","R","B",null,"M","M","M","$","?","E","R","?","T","M","M","M","M","?","R","B",null],"character_chosen":"THE_VACANT","items_purchased":["theVacant:Jab","theVacant:BellToll","Boot"],"campfire_rested":2,"item_purchase_floors":[3,21,21],"current_hp_per_floor":[80,80,80,80,75,75,75,75,75,75,75,75,75,75,75,73,90,80,59,50,50,50,30,57,57,57,50,50,41,35,35,62,27,95,95],"gold":262,"neow_bonus":"BOSS_RELIC","is_daily":false,"chose_seed":false,"campfire_upgraded":4,"win_rate":0.0,"timestamp":1607654233,"path_taken":["M","M","$","?","M","R","?","R","T","R","M","M","?","M","R","BOSS","M","M","M","$","?","E","R","?","T","M","?","M","M","?","R","BOSS"],"items_purchased_type":["Card","Card","Relic"],"build_version":"2020-11-30","purchased_purges":2,"victory":false,"max_hp_per_floor":[80,80,80,80,80,80,80,80,80,80,80,80,80,80,80,80,90,90,90,90,90,90,90,90,90,90,90,90,90,90,90,90,90,95,95],"card_choices":[{"not_picked":["theVacant:OnSecondThought","theVacant:FranticBlow"],"picked":"theVacant:Anguish","floor":1},{"not_picked":["theVacant:Soothe","theVacant:Spinshield","theVacant:Barrage"],"picked":"SKIP","floor":2},{"not_picked":["theVacant:BellToll","theVacant:Barrage"],"picked":"theVacant:EyePoke","floor":5},{"not_picked":["theVacant:OnSecondThought","theVacant:VoidEmbrace"],"picked":"theVacant:Fling","floor":11},{"not_picked":["theVacant:FranticBlow","theVacant:Return"],"picked":"theVacant:ShriekingBlast","floor":12},{"not_picked":["theVacant:FranticBlow","theVacant:BattleScars","theVacant:EyePoke"],"picked":"SKIP","floor":13},{"not_picked":["theVacant:FranticBlow","theVacant:Immaterialize"],"picked":"theVacant:Hex","floor":14},{"not_picked":["theVacant:TimeSkip","theVacant:DimensionTear"],"picked":"theVacant:Prevent","floor":16},{"not_picked":["theVacant:ShriekingBlast","theVacant:Thoughtseize"],"picked":"theVacant:GraveWave+1","floor":18},{"not_picked":["theVacant:Enrage","theVacant:Whip+1","theVacant:ShutAway+1"],"picked":"SKIP","floor":19},{"not_picked":["theVacant:Soothe","theVacant:Whip+1"],"picked":"theVacant:Carve","floor":20},{"not_picked":["theVacant:SpiritOrb","theVacant:Enrage+1","theVacant:Return"],"picked":"SKIP","floor":23},{"not_picked":["theVacant:Whip","theVacant:Expand"],"picked":"theVacant:Anguish+1","floor":24},{"not_picked":["theVacant:GraveDigger+1","theVacant:FranticBlow+1"],"picked":"theVacant:Dig","floor":27},{"not_picked":["theVacant:Whip","theVacant:Snowball"],"picked":"theVacant:ReaperStrike","floor":28},{"not_picked":["theVacant:Immaterialize","theVacant:EmbraceDarkness"],"picked":"theVacant:SurpriseAttack+1","floor":29},{"not_picked":["theVacant:Expand","theVacant:FiendFrost"],"picked":"theVacant:Dig+1","floor":32},{"not_picked":["theVacant:DeathSpiral","theVacant:ForgeSoul"],"picked":"theVacant:MindBreak","floor":33},{"not_picked":["theVacant:LichStrike","theVacant:Acceptance"],"picked":"theVacant:CursedBlast","floor":34}],"player_experience":121092,"relics_obtained":[{"floor":9,"key":"Lizard Tail"},{"floor":17,"key":"Dream Catcher"},{"floor":17,"key":"Pear"},{"floor":17,"key":"StoneCalendar"},{"floor":23,"key":"Runesmith:Locket"},{"floor":26,"key":"Lantern"}],"event_choices":[{"damage_healed":80,"gold_gain":0,"player_choice":"Embrace Burn","damage_taken":0,"max_hp_gain":0,"max_hp_loss":80,"event_name":"betterThird:BetterShining","floor":4,"gold_loss":0},{"cards_removed":["Burn"],"damage_healed":0,"gold_gain":0,"player_choice":"Gave Card","damage_taken":0,"relics_obtained":["infinitespire:FocusingShard"],"max_hp_gain":0,"max_hp_loss":0,"event_name":"WeMeetAgain","floor":7,"gold_loss":0},{"damage_healed":0,"gold_gain":2,"player_choice":"1","damage_taken":0,"max_hp_gain":0,"max_hp_loss":0,"event_name":"betterStone:BetterStone","floor":22,"gold_loss":0}],"is_beta":false,"boss_relics":[{"not_picked":["Runic Pyramid","SlaversCollar"],"picked":"Calling Bell"},{"not_picked":["infinitespire:Cupcake","Sozu"],"picked":"Tiny House"}],"items_purged_floors":[3,21],"is_endless":false,"potions_floor_spawned":[5,11,13,16,18,27,29],"ascension_level":0}}