{"host":"7tvb1em0d2fx72q7","time":1607668799,"event":{"mods":["BaseMod","Challenge The Spire","Minty Spire (QoL Compilation)","StSLib","everything is the same but u backflip on backflip"],"gold_per_floor":[113,124,140,140,151,151,176,176,249,266,266,278,63,63,63,141,141,155,155,155,155,174,174,185,203,230,230,230],"floor_reached":27,"playtime":1264,"items_purged":[],"score":430,"play_id":"d8fec9e7-b643-459b-92af-d5ea4e5ab15e","local_time":"20201211013959","is_ascension_mode":true,"campfire_choices":[{"data":"Ball Lightning","floor":6,"key":"SMITH"},{"data":"Sunder","floor":11,"key":"SMITH"},{"data":"Streamline","floor":15,"key":"SMITH"},{"floor":23,"key":"REST"}],"circlet_count":0,"master_deck":["AscendersBane","Strike_B+1","Strike_B+1","Strike_B+1","Defend_B+1","Defend_B+1","Defend_B+1","Defend_B+1","Zap","Dualcast","Leap","Ball Lightning+1","Cold Snap+1","Rebound","Sunder+1","Sweeping Beam","Go for the Eyes","Loop","Streamline+1","Core Surge","Stack+1","RitualDagger","Turbo","Glacier","Chill"],"relics":["Runic Dome","Ice Cream","Pear","Anchor","Inserter","Orichalcum"],"acts_visited":["Exordium","TheCity"],"potions_floor_usage":[16,18,27],"damage_taken":[{"damage":0,"enemies":"2 Louse","floor":1,"turns":2},{"damage":2,"enemies":"Cultist","floor":2,"turns":5},{"damage":3,"enemies":"Small Slimes","floor":3,"turns":3},{"damage":5,"enemies":"2 Fungi Beasts","floor":5,"turns":4},{"damage":27,"enemies":"Gremlin Nob","floor":7,"turns":4},{"damage":0,"enemies":"Large Slime","floor":10,"turns":4},{"damage":2,"enemies":"Looter","floor":12,"turns":3},{"damage":24,"enemies":"Hexaghost","floor":16,"turns":8},{"damage":12,"enemies":"Chosen","floor":18,"turns":5},{"damage":19,"enemies":"Shell Parasite","floor":22,"turns":5},{"damage":7,"enemies":"Centurion and Healer","floor":24,"turns":6},{"damage":34,"enemies":"Snake Plant","floor":25,"turns":7},{"damage":19,"enemies":"3 Cultists","floor":27,"turns":5}],"seed_played":"-8321905086020621768","potions_obtained":[{"floor":3,"key":"PotionOfCapacity"},{"floor":7,"key":"PowerPotion"},{"floor":16,"key":"SneckoOil"},{"floor":22,"key":"Ancient Potion"},{"floor":25,"key":"PowerPotion"}],"is_trial":false,"path_per_floor":["M","M","M","?","M","R","E","?","T","M","R","M","$","?","R","B",null,"M","?","?","?","M","R","M","M","T","M"],"character_chosen":"DEFECT","items_purchased":["Loop","Anchor"],"campfire_rested":1,"item_purchase_floors":[13,13],"current_hp_per_floor":[64,62,59,59,54,54,27,32,42,42,42,40,40,40,40,16,69,57,51,51,51,32,57,50,16,16,0,0],"gold":230,"neow_bonus":"BOSS_RELIC","is_daily":false,"chose_seed":false,"campfire_upgraded":3,"win_rate":0.0,"timestamp":1607668799,"path_taken":["M","M","M","?","?","R","E","?","T","M","R","M","$","?","R","BOSS","M","?","?","?","M","R","M","?","T","M"],"items_purchased_type":["Card","Relic"],"build_version":"2020-11-30","purchased_purges":0,"victory":false,"max_hp_per_floor":[71,71,71,71,71,71,71,76,86,86,86,86,86,86,86,86,86,86,86,86,86,86,86,86,86,86,86,86],"card_choices":[{"not_picked":["Recycle","Gash"],"picked":"Leap","floor":1},{"not_picked":["Reprogram","Cold Snap"],"picked":"Ball Lightning","floor":2},{"not_picked":["Aggregate","Capacitor"],"picked":"Cold Snap","floor":3},{"not_picked":["Reprogram","Turbo"],"picked":"Rebound","floor":5},{"not_picked":["Double Energy","Recycle"],"picked":"Sunder","floor":7},{"not_picked":["Static Discharge","Reprogram"],"picked":"Sweeping Beam","floor":10},{"not_picked":["Auto Shields","Redo"],"picked":"Go for the Eyes","floor":12},{"not_picked":["All For One","Fission"],"picked":"Core Surge","floor":16},{"not_picked":["Beam Cell+1","Leap"],"picked":"Stack+1","floor":18},{"not_picked":["Blizzard","Rebound"],"picked":"Turbo","floor":22},{"not_picked":["Tempest","Scrape"],"picked":"Glacier","floor":24},{"not_picked":["Cold Snap","Barrage"],"picked":"Chill","floor":25}],"player_experience":1818633,"relics_obtained":[{"floor":7,"key":"Ice Cream"},{"floor":9,"key":"Pear"},{"floor":26,"key":"Orichalcum"}],"event_choices":[{"damage_healed":0,"gold_gain":0,"player_choice":"Upgraded","damage_taken":0,"max_hp_gain":0,"max_hp_loss":0,"event_name":"Upgrade Shrine","floor":4,"gold_loss":0,"cards_upgraded":["Cold Snap"]},{"damage_healed":0,"gold_gain":0,"player_choice":"Donut","damage_taken":0,"max_hp_gain":5,"max_hp_loss":0,"event_name":"Big Fish","floor":8,"gold_loss":0},{"damage_healed":0,"gold_gain":0,"cards_transformed":["Strike_B"],"player_choice":"Change","damage_taken":0,"max_hp_gain":0,"max_hp_loss":0,"event_name":"Living Wall","floor":14,"gold_loss":0,"cards_obtained":["Streamline"]},{"damage_healed":0,"gold_gain":0,"player_choice":"Joined the Cult","damage_taken":6,"max_hp_gain":0,"max_hp_loss":0,"event_name":"Nest","floor":19,"gold_loss":0,"cards_obtained":["RitualDagger"]},{"damage_healed":0,"gold_gain":0,"player_choice":"Simplicity","damage_taken":0,"max_hp_gain":0,"max_hp_loss":0,"event_name":"Back to Basics","floor":20,"gold_loss":0,"cards_upgraded":["Strike_B","Strike_B","Strike_B","Defend_B","Defend_B","Defend_B","Defend_B"]},{"damage_healed":0,"gold_gain":0,"player_choice":"Ignored","damage_taken":0,"max_hp_gain":0,"max_hp_loss":0,"event_name":"Vampires","floor":21,"gold_loss":0}],"is_beta":false,"boss_relics":[{"not_picked":["Coffee Dripper","Cursed Key"],"picked":"Inserter"}],"items_purged_floors":[],"is_endless":false,"potions_floor_spawned":[3,7,12,16,22,25],"killed_by":"3 Cultists","ascension_level":20}}