{"host":"3xls0xm49ftugio7","time":1607685828,"event":{"mods":["2.2 Compatiblity","AchievementEnabler","Act Like it!","BaseMod","Colored Powertips","GifTheSpireLib","Hermit","Minty Spire (QoL Compilation)","Quick Restart","Relic Stats","StSLib","The Florist","The Hierophant"],"gold_per_floor":[130,130,188,219,30,30,88,88,115,144,144,144,144,187,187,289,289,324,340,1,0,35,35,67,80,80,105,30,73,73,73],"floor_reached":30,"playtime":1212,"items_purged":["Normality"],"score":552,"play_id":"cbb56df2-bd8a-469c-9a5e-462fb899f84b","local_time":"20201211132348","is_ascension_mode":true,"campfire_choices":[{"data":"hermit:EyeOfTheStorm","floor":6,"key":"SMITH"},{"data":"HandOfGreed","floor":8,"key":"SMITH"},{"data":"hermit:Manifest","floor":13,"key":"SMITH"},{"floor":15,"key":"REST"},{"floor":23,"key":"REST"}],"circlet_count":0,"master_deck":["AscendersBane","hermit:Strike_Hermit","hermit:Strike_Hermit","hermit:Strike_Hermit","hermit:Defend_Hermit","hermit:Defend_Hermit","hermit:Defend_Hermit","hermit:Defend_Hermit","hermit:Snapshot","hermit:Covet","HandOfGreed+1","hermit:Manifest+1","hermit:Dive","hermit:EyeOfTheStorm+1","hermit:TrackingShot","hermit:GhostlyPresence","hermit:Enervate","hermit:Enervate","hermit:RoundhouseKick","hermit:GoldenBullet","hermit:Vantage+1"],"relics":["hermit:Momento","PreservedInsect","Akabeko","hermit:CharredGlove","Juzu Bracelet","Orichalcum","Black Star","Torii","Ice Cream","Regal Pillow","White Beast Statue"],"acts_visited":["Exordium","TheCity"],"potions_floor_usage":[7,22,25,27,29,30],"damage_taken":[{"damage":0,"enemies":"Cultist","floor":1,"turns":3},{"damage":9,"enemies":"2 Louse","floor":3,"turns":4},{"damage":3,"enemies":"Jaw Worm","floor":4,"turns":6},{"damage":14,"enemies":"Lagavulin","floor":7,"turns":5},{"damage":11,"enemies":"Gremlin Nob","floor":10,"turns":3},{"damage":1,"enemies":"Looter","floor":14,"turns":4},{"damage":25,"enemies":"The Guardian","floor":16,"turns":14},{"damage":6,"enemies":"Chosen","floor":18,"turns":5},{"damage":6,"enemies":"Spheric Guardian","floor":19,"turns":3},{"damage":22,"enemies":"Shelled Parasite and Fungi","floor":22,"turns":6},{"damage":0,"enemies":"Gremlin Leader","floor":24,"turns":4},{"damage":38,"enemies":"Snake Plant","floor":25,"turns":6},{"damage":1,"enemies":"Colosseum Slavers","floor":27,"turns":2},{"damage":9,"enemies":"Sentry and Sphere","floor":29,"turns":6},{"damage":15,"enemies":"Slavers","floor":30,"turns":1}],"seed_played":"7384857222337510541","potions_obtained":[{"floor":1,"key":"Dexterity Potion"},{"floor":3,"key":"BlessingOfTheForge"},{"floor":10,"key":"LiquidMemories"},{"floor":19,"key":"Fruit Juice"},{"floor":24,"key":"BlessingOfTheForge"},{"floor":25,"key":"Explosive Potion"},{"floor":29,"key":"LiquidMemories"}],"is_trial":false,"path_per_floor":["M","?","M","M","$","R","E","R","T","E","?","?","R","M","R","B",null,"M","M","$","?","M","R","E","M","T","?","$","M","E"],"character_chosen":"HERMIT","items_purchased":["Akabeko","hermit:TrackingShot","Torii"],"campfire_rested":2,"item_purchase_floors":[5,5,20],"current_hp_per_floor":[64,59,50,47,47,47,33,33,33,22,22,22,22,21,42,17,58,52,46,46,46,24,45,45,12,12,11,11,2,0,0],"gold":73,"neow_bonus":"RANDOM_COLORLESS_2","is_daily":false,"chose_seed":false,"campfire_upgraded":3,"win_rate":0.0,"timestamp":1607685828,"path_taken":["M","?","M","M","$","R","E","R","T","E","?","?","R","M","R","BOSS","M","M","$","?","M","R","E","M","T","?","$","M","E"],"items_purchased_type":["Relic","Card","Relic"],"build_version":"2020-11-30","purchased_purges":1,"victory":false,"max_hp_per_floor":[71,71,71,71,71,71,71,71,71,71,71,71,71,71,71,71,71,71,71,71,71,71,71,71,76,76,76,76,76,76,76],"relic_stats":{"Regal Pillow":0,"Torii":16,"counters":[15,72],"PreservedInsect":135,"Juzu Bracelet":1,"Black Star":1,"Orichalcum":[66],"obtain_stats":[{"Ice Cream":24,"Regal Pillow":24,"Torii":20,"hermit:CharredGlove":7,"PreservedInsect":2,"Juzu Bracelet":9,"Black Star":17,"Orichalcum":10,"hermit:Momento":0,"Akabeko":5,"White Beast Statue":26},{"Ice Cream":11,"Regal Pillow":11,"Torii":9,"hermit:CharredGlove":4,"PreservedInsect":1,"Juzu Bracelet":4,"Black Star":7,"Orichalcum":5,"hermit:Momento":0,"Akabeko":3,"White Beast Statue":12},{"Ice Cream":57,"Regal Pillow":57,"Torii":47,"hermit:CharredGlove":18,"PreservedInsect":3,"Juzu Bracelet":18,"Black Star":39,"Orichalcum":21,"hermit:Momento":0,"Akabeko":13,"White Beast Statue":63}]},"card_choices":[{"not_picked":["Violence","Transmutation"],"picked":"HandOfGreed","floor":0},{"not_picked":["hermit:Cheat","hermit:Misfire"],"picked":"hermit:Manifest","floor":1},{"not_picked":["hermit:Glare","hermit:Quickdraw"],"picked":"hermit:Dive","floor":3},{"not_picked":["hermit:TrackingShot","hermit:Feint"],"picked":"hermit:EyeOfTheStorm","floor":4},{"not_picked":["hermit:HighCaliber","hermit:CalledShot"],"picked":"hermit:GhostlyPresence","floor":7},{"not_picked":["hermit:HighNoon","hermit:LowProfile"],"picked":"hermit:Enervate","floor":10},{"not_picked":["hermit:TrackingShot","hermit:Gestalt"],"picked":"hermit:Enervate","floor":14},{"not_picked":["hermit:HeroicBravado","hermit:HighNoon"],"picked":"hermit:RoundhouseKick","floor":16},{"not_picked":["hermit:Coalescence","hermit:SprayPray"],"picked":"hermit:GoldenBullet","floor":18},{"not_picked":["hermit:DeadMansHand","hermit:Combo","hermit:Desperado"],"picked":"SKIP","floor":19},{"not_picked":["hermit:LuckOfTheDraw","hermit:Deadeye","hermit:TakeCover"],"picked":"SKIP","floor":22},{"not_picked":["hermit:Misfire","hermit:Brawl","hermit:Vantage"],"picked":"SKIP","floor":24},{"not_picked":["hermit:Misfire","hermit:Brawl","hermit:Vantage"],"picked":"SKIP","floor":24},{"not_picked":["hermit:WideOpen","hermit:TakeAim","hermit:Roughhouse"],"picked":"SKIP","floor":25},{"not_picked":["hermit:TrackingShot+1","hermit:WideOpen"],"picked":"hermit:Vantage+1","floor":29}],"player_experience":809677,"relics_obtained":[{"floor":7,"key":"hermit:CharredGlove"},{"floor":9,"key":"Juzu Bracelet"},{"floor":10,"key":"Orichalcum"},{"floor":24,"key":"Ice Cream"},{"floor":24,"key":"Regal Pillow"},{"floor":26,"key":"White Beast Statue"}],"event_choices":[{"damage_healed":0,"gold_gain":0,"player_choice":"Success","damage_taken":5,"relics_obtained":["PreservedInsect"],"max_hp_gain":0,"max_hp_loss":0,"event_name":"Scrap Ooze","floor":2,"gold_loss":0},{"damage_healed":0,"gold_gain":0,"player_choice":"0 cards matched","damage_taken":0,"max_hp_gain":0,"max_hp_loss":0,"event_name":"Match and Keep!","floor":11,"gold_loss":0,"cards_obtained":[]},{"cards_removed":["hermit:Strike_Hermit"],"damage_healed":0,"gold_gain":0,"player_choice":"Offered Basic","damage_taken":0,"max_hp_gain":0,"max_hp_loss":0,"event_name":"Bonfire Elementals","floor":12,"gold_loss":0},{"damage_healed":0,"gold_gain":0,"player_choice":"Paid Fearfully","damage_taken":0,"max_hp_gain":0,"max_hp_loss":0,"event_name":"Masked Bandits","floor":21,"gold_loss":1},{"damage_healed":0,"gold_gain":0,"player_choice":"Fight","damage_taken":0,"max_hp_gain":0,"max_hp_loss":0,"event_name":"Colosseum","floor":27,"gold_loss":0},{"damage_healed":0,"gold_gain":0,"player_choice":"Fled From Nobs","damage_taken":0,"max_hp_gain":0,"max_hp_loss":0,"event_name":"Colosseum","floor":27,"gold_loss":0}],"is_beta":false,"boss_relics":[{"not_picked":["Sozu","Velvet Choker"],"picked":"Black Star"}],"items_purged_floors":[28],"is_endless":false,"potions_floor_spawned":[1,3,10,19,24,25,27,29],"killed_by":"Slavers","ascension_level":19}}