{"host":"flm17o2q7bfjyna6","time":1607714552,"event":{"mods":["2.2 Compatiblity","Act Like it!","BaseMod","Better Altar","Better Match","Better Note","Better Sensory Stone","Better Skull","Better Third Choice","Better Vampires","Colored Map","Colored Powertips","DeckTracker","Hermit","Minty Spire (QoL Compilation)","Quick Restart","Replay The Spire","Spicy Shops","StSLib","Wandering Minibosses"],"gold_per_floor":[367,367,382,401,1,26,26,52,52,52,71,71,28,46,46,145,145,115,130,124,39,16,48,48,111,111,171,171,111,176,161,161,336,386,417,281,308,308,583,583,647,647,670,681,681,743,758,23,245,245],"floor_reached":51,"playtime":4079,"items_purged":["Hallucinations","hermit:Defend_Hermit"],"score":1171,"play_id":"07d5ccbb-f0c0-4427-abe5-e410819b164d","local_time":"20201211142232","is_ascension_mode":true,"campfire_choices":[{"data":"hermit:Vantage","floor":12,"key":"SMITH"},{"data":"hermit:PistolWhip","floor":15,"key":"SMITH"},{"data":"hermit:Adapt","floor":24,"key":"SMITH"},{"data":"hermit:ShadowCloak","floor":40,"key":"SMITH"},{"floor":42,"key":"REST"},{"data":"hermit:Quickdraw","floor":45,"key":"SMITH"}],"circlet_count":0,"master_deck":["AscendersBane","hermit:Defend_Hermit","hermit:Defend_Hermit+1","hermit:Snapshot","hermit:Covet","hermit:WideOpen","hermit:PistolWhip+1","hermit:Enervate","hermit:Vantage+1","hermit:WideOpen+1","hermit:Headshot","hermit:HighNoon+1","hermit:Glare","hermit:SprayPray","hermit:DeadOrAlive+1","hermit:Roughhouse+1","hermit:BodyArmor+1","hermit:Ricochet+1","hermit:CalledShot+1","hermit:ShadowCloak+1","hermit:Quickdraw+1","hermit:Adapt+1","hermit:PistolWhip+1","ReplayTheSpireMod:Splinters","Pot Of Greed","Pot Of Greed","Pot Of Greed","hermit:TrackingShot+1","hermit:FatalDesire","hermit:Misfire+1","Regret","hermit:Maintenance+1","Normality","hermit:Coalescence+1","hermit:Enervate+1","hermit:Vantage+1","hermit:WideOpen+1","Pot Of Greed","hermit:Deadeye+1","Replay:Parry"],"relics":["hermit:Momento","Vajra","StrikeDummy","Ancient Tea Set","betterThird:SlimedRelic","Replay:Grab Bag","Cursed Key","Sozu","Astrolabe","Empty Cage","Red Mask","Quantum Egg","PreservedInsect","Torii","Grinning Jar","MutagenicStrength","Pet Ghost","Tiny House","Anchor","The Courier","Lantern","Pear","Orrery","Membership Card","Ornamental Fan","Pantograph","Nunchaku","ReplayTheSpireMod:TigerMarble","Orichalcum","Letter Opener"],"acts_visited":["Exordium","TheCity","TheBeyond"],"potions_floor_usage":[16,16,18],"damage_taken":[{"damage":0,"enemies":"Small Slimes","floor":1,"turns":3},{"damage":1,"enemies":"Cultist","floor":3,"turns":3},{"damage":2,"enemies":"2 Louse","floor":4,"turns":2},{"damage":26,"enemies":"3 Sentries","floor":6,"turns":7},{"damage":0,"enemies":"Gremlin Nob","floor":8,"turns":2},{"damage":3,"enemies":"Blue Slaver","floor":11,"turns":2},{"damage":0,"enemies":"Red Slaver","floor":14,"turns":1},{"damage":15,"enemies":"Hexaghost","floor":16,"turns":5},{"damage":4,"enemies":"Chosen","floor":18,"turns":5},{"damage":0,"enemies":"Shell Parasite","floor":19,"turns":2},{"damage":15,"enemies":"Masked Bandits","floor":20,"turns":5},{"damage":5,"enemies":"Gremlin Leader","floor":23,"turns":9},{"damage":0,"enemies":"Book of Stabbing","floor":25,"turns":4},{"damage":1,"enemies":"Slavers","floor":27,"turns":3},{"damage":0,"enemies":"Gremlin Leader","floor":30,"turns":3},{"damage":2,"enemies":"Cultist and Chosen","floor":31,"turns":5},{"damage":26,"enemies":"Champ","floor":33,"turns":11},{"damage":11,"enemies":"3 Shapes","floor":35,"turns":5},{"damage":11,"enemies":"3 Darklings","floor":37,"turns":7},{"damage":9,"enemies":"R_Hoarder","floor":41,"turns":7},{"damage":9,"enemies":"Transient","floor":44,"turns":5},{"damage":1,"enemies":"Giant Head","floor":46,"turns":5},{"damage":0,"enemies":"Maw","floor":47,"turns":7},{"damage":56,"enemies":"Replay:Hell Engine","floor":50,"turns":15}],"seed_played":"7911580541489606416","potions_obtained":[{"floor":3,"key":"Strength Potion"},{"floor":4,"key":"Reflective Coating"},{"floor":16,"key":"SteroidPotion"}],"is_trial":false,"path_per_floor":["M","?","M","M","$","E","?","E","T","?","M","R","?","M","R","B",null,"M","M","?","?","$","E","R","E","T","E","?","?","E","M","R_BF","B",null,"M","?","M","?","?","R","E","R","T","M","R","E","M","$","R_BF","B",null],"character_chosen":"HERMIT","items_purchased":["Vajra","StrikeDummy","hermit:Vantage","hermit:WideOpen","hermit:Quickdraw","Orrery","Membership Card","Ornamental Fan","Pantograph","Nunchaku","ReplayTheSpireMod:TigerMarble","Orichalcum","Letter Opener","Replay:Parry"],"campfire_rested":1,"item_purchase_floors":[5,5,5,5,22,48,48,48,48,48,48,48,48,48],"current_hp_per_floor":[68,68,67,65,65,39,39,39,39,39,36,36,25,25,25,10,59,55,55,40,40,40,35,35,35,35,34,34,34,34,32,54,28,68,57,57,46,46,46,46,37,61,61,52,52,61,61,61,61,30],"gold":245,"neow_bonus":"TWO_FIFTY_GOLD","is_daily":false,"chose_seed":false,"campfire_upgraded":5,"win_rate":0.0,"timestamp":1607714552,"path_taken":["M","?","?","M","$","E","?","E","T","?","?","R","?","M","R","BOSS","M","M","?","?","$","E","R","E","T","E","?","?","E","M","R_BF","BOSS","M","?","?","?","?","R","E","R","T","?","R","E","M","?","R_BF","BOSS"],"items_purchased_type":["Relic","Relic","Card","Card","Card","Relic","Relic","Relic","Relic","Relic","Relic","Relic","Relic","Card"],"build_version":"2020-11-30","purchased_purges":2,"victory":true,"max_hp_per_floor":[75,75,75,75,75,75,75,75,75,75,75,75,75,75,75,75,75,75,75,75,75,75,75,75,75,75,75,75,75,75,75,75,75,80,80,80,80,80,80,80,80,80,80,80,80,90,90,90,90,90],"card_choices":[{"not_picked":["hermit:Feint","hermit:Snipe"],"picked":"hermit:WideOpen","floor":1},{"not_picked":["hermit:Shortfuse","hermit:Desperado"],"picked":"hermit:PistolWhip","floor":3},{"not_picked":["hermit:Maintenance","hermit:BodyArmor"],"picked":"hermit:Enervate","floor":4},{"not_picked":["hermit:BodyArmor","hermit:TakeAim"],"picked":"hermit:Headshot","floor":6},{"not_picked":["hermit:Feint","hermit:TakeCover"],"picked":"hermit:HighNoon","floor":8},{"not_picked":["hermit:Brawl","hermit:Ricochet"],"picked":"hermit:Glare","floor":11},{"not_picked":["hermit:BodyArmor","hermit:Quickdraw"],"picked":"hermit:SprayPray","floor":14},{"not_picked":["hermit:Reprieve","hermit:RoundhouseKick"],"picked":"hermit:DeadOrAlive","floor":16},{"not_picked":["hermit:Desperado","hermit:HoleUp+1","hermit:Misfire"],"picked":"SKIP","floor":18},{"not_picked":["hermit:ItchyTrigger","hermit:Manifest"],"picked":"hermit:CalledShot+1","floor":19},{"not_picked":["hermit:Snipe","hermit:BigShot"],"picked":"hermit:ShadowCloak","floor":20},{"not_picked":["hermit:HighCaliber","hermit:Deadeye"],"picked":"hermit:Adapt","floor":23},{"not_picked":["hermit:FullyLoaded","hermit:Quickdraw"],"picked":"hermit:PistolWhip+1","floor":25},{"not_picked":["hermit:TrackingShot","hermit:BigShot","hermit:CursedWeapon"],"picked":"SKIP","floor":27},{"not_picked":["hermit:Roulette+1","hermit:TakeAim","hermit:HoleUp"],"picked":"SKIP","floor":30},{"not_picked":["hermit:Gestalt","hermit:Headshot"],"picked":"hermit:TrackingShot+1","floor":31},{"not_picked":["hermit:EternalForm","hermit:OverwhelmingPower"],"picked":"hermit:FatalDesire","floor":33},{"not_picked":["hermit:Virtue+1","hermit:WideOpen"],"picked":"hermit:Misfire+1","floor":35},{"not_picked":["hermit:LowProfile+1","hermit:Desperado"],"picked":"hermit:Manifest+1","floor":37},{"not_picked":["hermit:HighNoon","hermit:PistolWhip"],"picked":"hermit:Maintenance+1","floor":41},{"not_picked":["hermit:HighCaliber","hermit:Maintenance","hermit:Roulette+1"],"picked":"SKIP","floor":44},{"not_picked":["hermit:WideOpen","hermit:Deadeye"],"picked":"hermit:Coalescence+1","floor":46},{"not_picked":["hermit:Misfire","hermit:Malice+1"],"picked":"hermit:Enervate+1","floor":47},{"not_picked":["hermit:Brawl","hermit:GoldenBullet"],"picked":"hermit:Vantage+1","floor":48},{"not_picked":["hermit:RoundhouseKick","hermit:Manifest"],"picked":"hermit:WideOpen+1","floor":48},{"not_picked":["hermit:Vantage+1","hermit:Scavenge"],"picked":"hermit:Deadeye+1","floor":48}],"player_experience":1562762,"relics_obtained":[{"floor":6,"key":"Ancient Tea Set"},{"floor":8,"key":"Golden Egg"},{"floor":9,"key":"Bag of Marbles"},{"floor":20,"key":"Red Mask"},{"floor":23,"key":"PreservedInsect"},{"floor":25,"key":"Torii"},{"floor":26,"key":"Grinning Jar"},{"floor":27,"key":"Dream Catcher"},{"floor":30,"key":"Pet Ghost"},{"floor":41,"key":"The Courier"},{"floor":43,"key":"Lantern"},{"floor":46,"key":"Pear"}],"event_choices":[{"cards_removed":["hermit:Defend_Hermit"],"damage_healed":0,"gold_gain":0,"player_choice":"Give","damage_taken":0,"max_hp_gain":0,"max_hp_loss":0,"event_name":"betterNote:BetterNote","floor":2,"gold_loss":0,"cards_obtained":["hermit:Defend_Hermit"]},{"cards_removed":["hermit:Strike_Hermit"],"damage_healed":0,"gold_gain":0,"player_choice":"Offered Basic","damage_taken":0,"max_hp_gain":0,"max_hp_loss":0,"event_name":"Bonfire Elementals","floor":10,"gold_loss":0},{"damage_healed":0,"gold_gain":0,"player_choice":"Slimed","damage_taken":11,"max_hp_gain":0,"max_hp_loss":0,"event_name":"betterThird:BetterGoop","floor":13,"gold_loss":43},{"damage_healed":0,"gold_gain":0,"player_choice":"Fought Bandits","damage_taken":0,"max_hp_gain":0,"max_hp_loss":0,"event_name":"Masked Bandits","floor":20,"gold_loss":0},{"damage_healed":0,"gold_gain":0,"player_choice":"Obtained Relic","damage_taken":0,"relics_obtained":["Quantum Egg"],"max_hp_gain":0,"max_hp_loss":0,"event_name":"Addict","floor":21,"gold_loss":85},{"damage_healed":0,"gold_gain":0,"player_choice":"Inject Mutagens","damage_taken":0,"relics_obtained":["MutagenicStrength"],"max_hp_gain":0,"max_hp_loss":0,"event_name":"Drug Dealer","floor":28,"gold_loss":0},{"damage_healed":0,"gold_gain":0,"player_choice":"Paid Gold","damage_taken":0,"relics_obtained":["Anchor"],"max_hp_gain":0,"max_hp_loss":0,"event_name":"WeMeetAgain","floor":36,"gold_loss":136},{"cards_removed":["hermit:Manifest"],"damage_healed":0,"gold_gain":0,"player_choice":"Removed Skill","damage_taken":0,"max_hp_gain":0,"max_hp_loss":0,"event_name":"Falling","floor":38,"gold_loss":0},{"damage_healed":0,"gold_gain":275,"player_choice":"Desecrate","damage_taken":0,"max_hp_gain":0,"max_hp_loss":0,"event_name":"Golden Shrine","floor":39,"gold_loss":0,"cards_obtained":["Regret"]},{"damage_healed":0,"gold_gain":222,"player_choice":"Wore Mask","damage_taken":0,"max_hp_gain":0,"max_hp_loss":0,"event_name":"Tomb of Lord Red Mask","floor":49,"gold_loss":0}],"is_beta":false,"boss_relics":[{"not_picked":["Snecko Heart","hermit:BartenderGlass"],"picked":"Replay:Grab Bag"},{"not_picked":["Busted Crown","Ectoplasm"],"picked":"Cursed Key"},{"not_picked":["Replay:Wanted Poster","Runic Dome"],"picked":"Sozu"},{"not_picked":["Pandora\u0027s Box","Runic Pyramid"],"picked":"Astrolabe"},{"not_picked":["Replay:Drink Me","Calling Bell"],"picked":"Empty Cage"},{"not_picked":["Honey Jar","Abe\u0027s Treasure"],"picked":"Tiny House"}],"items_purged_floors":[5,48],"is_endless":false,"potions_floor_spawned":[3,4,16,18,19,25,37,44,46],"ascension_level":10}}