{"host":"2pgz2fctomabfk86","time":1607681347,"event":{"mods":["AchievementEnabler","BaseMod","Colored Map","DeckTracker","Minty Spire (QoL Compilation)","StSLib","SuperFastMode"],"gold_per_floor":[115,132,132,132,132,173,194,238,238,238,167,183,108,127,127,225,225,239,239,96,96,72,106,106,106,106,106,125,125,168,43,43,43,43],"floor_reached":33,"playtime":1426,"items_purged":["Strike_R","Cleave","Carnage"],"score":585,"play_id":"1a7f653c-d087-49ef-98fb-831e785c8af3","local_time":"20201211190907","is_ascension_mode":true,"campfire_choices":[{"data":"Corruption","floor":10.0,"key":"SMITH"},{"data":"Fire Breathing","floor":15.0,"key":"SMITH"},{"data":"Dropkick","floor":25,"key":"SMITH"},{"floor":27,"key":"REST"},{"data":"Dropkick","floor":29,"key":"SMITH"},{"floor":32,"key":"REST"}],"circlet_count":0,"master_deck":["AscendersBane","Bash","Second Wind","Dropkick+1","Fire Breathing+1","Corruption+1","Evolve","Thunderclap","Exhume","Reaper","Seeing Red","Fiend Fire","Disarm","Warcry","Shockwave","Burning Pact","Flex","Exhume","Rage","Bloodletting","Dropkick+1"],"relics":["Burning Blood","NeowsBlessing","Golden Idol","Ginger","Question Card","HornCleat","Pandora\u0027s Box","CaptainsWheel","Dream Catcher","Regal Pillow"],"acts_visited":["Exordium","TheCity"],"potions_floor_usage":[30],"damage_taken":[{"damage":0.0,"enemies":"Jaw Worm","floor":1.0,"turns":1.0},{"damage":0.0,"enemies":"2 Louse","floor":2.0,"turns":1.0},{"damage":0.0,"enemies":"Lagavulin","floor":6.0,"turns":2.0},{"damage":10.0,"enemies":"Small Slimes","floor":7.0,"turns":3.0},{"damage":30.0,"enemies":"3 Sentries","floor":8.0,"turns":5.0},{"damage":1.0,"enemies":"2 Fungi Beasts","floor":12.0,"turns":4.0},{"damage":15.0,"enemies":"Exordium Wildlife","floor":14.0,"turns":3.0},{"damage":43.0,"enemies":"Slime Boss","floor":16.0,"turns":7.0},{"damage":0.0,"enemies":"Chosen","floor":18.0,"turns":3.0},{"damage":15,"enemies":"2 Thieves","floor":22,"turns":4},{"damage":62,"enemies":"Book of Stabbing","floor":23,"turns":7},{"damage":39,"enemies":"Shelled Parasite and Fungi","floor":28,"turns":5},{"damage":38,"enemies":"Gremlin Leader","floor":30,"turns":5},{"damage":77,"enemies":"Automaton","floor":33,"turns":6}],"seed_played":"7581424542949467474","potions_obtained":[{"floor":1.0,"key":"Strength Potion"},{"floor":6.0,"key":"CultistPotion"},{"floor":14.0,"key":"HeartOfIron"},{"floor":18.0,"key":"SteroidPotion"},{"floor":22,"key":"LiquidMemories"}],"is_trial":false,"path_per_floor":["M","M","?","?","?","E","M","E","T","R","?","M","$","M","R","B",null,"M","?","$","?","M","E","$","R","T","R","M","R","E","$","R","B"],"character_chosen":"IRONCLAD","items_purchased":["Shockwave"],"campfire_rested":2,"item_purchase_floors":[20],"current_hp_per_floor":[74,75,49,49,42,48,44,20,20,20,20,25,25,16,16,29,64,70,70,70,70,61,14,14,14,14,36,53,53,33,33,70,0,0],"gold":43,"neow_bonus":"THREE_ENEMY_KILL","is_daily":false,"chose_seed":false,"campfire_upgraded":4,"win_rate":0.0,"timestamp":1607681347,"path_taken":["M","M","?","?","?","E","M","E","T","R","?","M","$","M","R","BOSS","M","?","$","?","?","E","?","R","T","R","M","R","E","$","R","BOSS"],"items_purchased_type":["Card"],"build_version":"2020-11-30","purchased_purges":3,"victory":false,"max_hp_per_floor":[75,75,75,75,75,75,75,75,75,75,75,75,75,75,75,75,75,75,75,75,75,75,75,75,75,75,75,75,75,75,75,75,75,75],"card_choices":[{"not_picked":["Power Through","Thunderclap"],"picked":"Second Wind","floor":1.0},{"not_picked":["Sword Boomerang","Iron Wave"],"picked":"Cleave","floor":2.0},{"not_picked":["Havoc","Flex"],"picked":"Dropkick","floor":6.0},{"not_picked":["Body Slam","Uppercut"],"picked":"Fire Breathing","floor":7.0},{"not_picked":["Burning Pact","Clothesline"],"picked":"Corruption","floor":8.0},{"not_picked":["Flex","Fire Breathing","Heavy Blade"],"picked":"Evolve","floor":12.0},{"not_picked":["Shrug It Off","Warcry","Headbutt"],"picked":"Thunderclap","floor":14.0},{"not_picked":["Impervious","Feed","Barricade"],"picked":"Exhume","floor":16.0},{"not_picked":["Flame Barrier","Pommel Strike","Spot Weakness"],"picked":"Warcry","floor":18.0},{"not_picked":["Thunderclap","Clothesline","Disarm"],"picked":"Flex","floor":22},{"not_picked":["Warcry","Body Slam","Cleave+1"],"picked":"Exhume","floor":23},{"not_picked":["Pommel Strike","Flame Barrier","Burning Pact"],"picked":"Rage","floor":27},{"not_picked":["Fire Breathing","True Grit","Carnage"],"picked":"Bloodletting","floor":28},{"not_picked":["Corruption","Headbutt","Flex","Iron Wave"],"picked":"SKIP","floor":30}],"player_experience":888828,"relics_obtained":[{"floor":6.0,"key":"Ginger"},{"floor":8.0,"key":"Question Card"},{"floor":9.0,"key":"HornCleat"},{"floor":23,"key":"CaptainsWheel"},{"floor":26,"key":"Dream Catcher"},{"floor":30,"key":"Regal Pillow"}],"event_choices":[{"damage_healed":0.0,"max_hp_gain":0.0,"max_hp_loss":0.0,"gold_gain":0.0,"event_name":"Golden Idol","player_choice":"Take Damage","floor":3.0,"gold_loss":0.0,"damage_taken":26.0,"relics_obtained":["Golden Idol"]},{"cards_removed":["Strike_R"],"damage_healed":0.0,"max_hp_gain":0.0,"max_hp_loss":0.0,"gold_gain":0.0,"event_name":"Living Wall","player_choice":"Forget","floor":4.0,"gold_loss":0.0,"damage_taken":0.0},{"cards_removed":["Defend_R"],"damage_healed":0.0,"max_hp_gain":0.0,"max_hp_loss":0.0,"gold_gain":0.0,"event_name":"Golden Wing","player_choice":"Card Removal","floor":5.0,"gold_loss":0.0,"damage_taken":7.0},{"damage_healed":0.0,"max_hp_gain":0.0,"max_hp_loss":0.0,"gold_gain":0.0,"event_name":"World of Goop","player_choice":"Left Gold","floor":11.0,"gold_loss":71.0,"damage_taken":0.0},{"cards_removed":["Clothesline"],"damage_healed":0.0,"max_hp_gain":0.0,"max_hp_loss":0.0,"gold_gain":0.0,"event_name":"Back to Basics","player_choice":"Elegance","floor":19.0,"gold_loss":0.0,"damage_taken":0.0},{"damage_healed":0,"gold_gain":0,"player_choice":"1 cards matched","damage_taken":0,"max_hp_gain":0,"max_hp_loss":0,"event_name":"Match and Keep!","floor":21,"gold_loss":0,"cards_obtained":["Burning Pact"]}],"is_beta":false,"boss_relics":[{"not_picked":["Philosopher\u0027s Stone","Fusion Hammer"],"picked":"Pandora\u0027s Box"}],"items_purged_floors":[13,20,31],"is_endless":false,"potions_floor_spawned":[1,6,12,14,18,22],"killed_by":"Automaton","ascension_level":17}}