{"host":"njruw0b0uprlitpx","time":1607717500,"event":{"mods":["2.2 Compatiblity","AchievementEnabler","Aspiration","BaseMod","Block Reminder","Colored Map","Colored Powertips","Jedi Mod","Keyboard Shortcuts","Minty Spire (QoL Compilation)","Replay The Spire","Spicy Shops","StSLib","SuperFastMode","The Bug Knight"],"gold_per_floor":[113,38,51,64,12,12,46,46,70,70,23,41,55,71,71,174,174,186,57,57,57,57,57,57,57,57,0,0,0,0,0,0,0,0,0,0,0,0,0,0,0,0,0,0,0,0,0,0,0,0],"floor_reached":51,"playtime":2472,"items_purged":["ReplayTheSpireMod:Doomed"],"score":901,"play_id":"d6874667-4003-4db6-8873-c60aec19726d","local_time":"20201211141140","is_ascension_mode":false,"campfire_choices":[{"data":"HollowMod:HerrahsAnger","floor":6,"key":"SMITH"},{"floor":8,"key":"REST"},{"data":"HollowMod:FocusHealStart","floor":10,"key":"SMITH"},{"data":"Uppercut","floor":15,"key":"SMITH"},{"data":"HollowMod:Weaversong","floor":23,"key":"SMITH"},{"data":"HollowMod:RecoilStrike","floor":28,"key":"SMITH"},{"data":"HollowMod:DungDefenderAura","floor":32,"key":"SMITH"},{"data":"HollowMod:GreatSlash","floor":40,"key":"SMITH"},{"data":"HollowMod:VengefulSpirit","floor":42,"key":"SMITH"}],"circlet_count":0,"master_deck":["HollowMod:NailStrikeStart","HollowMod:NailStrikeStart","HollowMod:NailStrikeStart","HollowMod:NailStrikeStart","HollowMod:QuickDashStart","HollowMod:QuickDashStart","HollowMod:QuickDashStart","HollowMod:QuickDashStart","HollowMod:FocusHealStart+1","HollowMod:PogoStrike","HollowMod:SharpenedNail","HollowMod:HerrahsAnger+1","HollowMod:VengefulSpirit+1","HollowMod:SoulStrike","Crescendo","EmptyFist","HollowMod:DungDefenderAura+1","Uppercut+1","Reaper","HollowMod:MantisMark+1","HollowMod:Weaversong+1","Clumsy","HollowMod:GreatSlash+1","HollowMod:RecoilStrike+1","HollowMod:BaldurShell+1","HollowMod:ZotesMagnificence","HollowMod:theNailsmith","HollowMod:CycloneSlash+1","HollowMod:CrystalDash","HollowMod:PerfectDash+1","HollowMod:FallenFury","HollowMod:GoodIntentions","HollowMod:CloakDash"],"relics":["HollowMod:VesselMask","aspiration:Nostalgia","Replay:M_SmolderingBlood","Chameleon Ring","Pen Nib","Snecko Eye","ReplayTheSpireMod:CursedCoin","jedi:ominousloannote","jedi:crownofsimplicity","aspiration:SeaSaltIceCream","ReplayTheSpireMod:Ninjato","Regal Pillow","CeramicFish","SacredBark","Philosopher\u0027s Stone","Frozen Egg 2","ReplayFunnel"],"acts_visited":["Exordium","TheCity","TheBeyond"],"potions_floor_usage":[7,16,16,16,25,33,33,38,39,44,44,50,50],"damage_taken":[{"damage":1,"enemies":"Cultist","floor":1,"turns":4},{"damage":9,"enemies":"Small Slimes","floor":3,"turns":4},{"damage":1,"enemies":"2 Louse","floor":4,"turns":3},{"damage":21,"enemies":"3 Sentries","floor":7,"turns":6},{"damage":2,"enemies":"Blue Slaver","floor":12,"turns":2},{"damage":3,"enemies":"Red Slaver","floor":13,"turns":2},{"damage":17,"enemies":"Exordium Thugs","floor":14,"turns":4},{"damage":25,"enemies":"Hexaghost","floor":16,"turns":5},{"damage":14,"enemies":"Shell Parasite","floor":18,"turns":5},{"damage":1,"enemies":"Chosen","floor":21,"turns":3},{"damage":1,"enemies":"Snake Plant","floor":22,"turns":3},{"damage":10,"enemies":"Shelled Parasite and Fungi","floor":24,"turns":2},{"damage":4,"enemies":"Slavers","floor":25,"turns":2},{"damage":0,"enemies":"Cultist and Chosen","floor":29,"turns":3},{"damage":2,"enemies":"Centurion and Healer","floor":31,"turns":2},{"damage":15,"enemies":"Collector","floor":33,"turns":4},{"damage":25,"enemies":"3 Darklings","floor":35,"turns":3},{"damage":6,"enemies":"Orb Walker","floor":38,"turns":3},{"damage":0,"enemies":"Spire Growth","floor":39,"turns":2},{"damage":39,"enemies":"Nemesis","floor":44,"turns":5},{"damage":0,"enemies":"Transient","floor":45,"turns":5},{"damage":0,"enemies":"Maw","floor":46,"turns":3},{"damage":22,"enemies":"HollowMod:SlobberingHusk","floor":47,"turns":5},{"damage":0,"enemies":"HollowMod:Radiance","floor":50,"turns":6}],"seed_played":"334366579378117877","potions_obtained":[{"floor":3,"key":"jedi:StrikingPotion"},{"floor":4,"key":"FearPotion"},{"floor":7,"key":"PowerPotion"},{"floor":13,"key":"PowerPotion"},{"floor":21,"key":"Strength Potion"},{"floor":29,"key":"Swift Potion"},{"floor":33,"key":"SpeedPotion"},{"floor":37,"key":"PowerPotion"},{"floor":38,"key":"Dexterity Potion"},{"floor":39,"key":"Adrenaline Potion"},{"floor":44,"key":"Swift Potion"},{"floor":46,"key":"FearPotion"},{"floor":49,"key":"LiquidMemories"}],"is_trial":false,"path_per_floor":["M","$","M","M","$","R","E","R","T","R","$","M","M","M","R","B",null,"M","$","?","M","M","R","M","E","T","?","R","M","$","M","R","B",null,"M","$","?","M","M","R","?","R","T","E","M","M","M","?","R","B",null],"character_chosen":"THE_BUGKNIGHT","items_purchased":["HollowMod:HerrahsAnger","AttackPotion","EmptyFist","ReplayTheSpireMod:CursedCoin","jedi:ominousloannote","HollowMod:Weaversong","jedi:crownofsimplicity","aspiration:SeaSaltIceCream","LiquidMemories","Block Potion"],"campfire_rested":1,"item_purchase_floors":[2,5,11,19,19,19,19,19,19,19],"current_hp_per_floor":[75,75,66,65,65,65,50,72,72,72,72,70,67,50,50,31,75,61,61,61,61,66,66,56,66,66,66,66,66,66,64,64,66,75,64,64,64,58,72,72,72,72,72,62,75,75,65,73,73,75],"gold":0,"neow_bonus":"NOSTALGIA","is_daily":false,"chose_seed":false,"campfire_upgraded":8,"win_rate":0.0,"timestamp":1607717500,"path_taken":["M","$","M","M","$","R","E","R","T","R","?","M","M","M","R","BOSS","M","$","?","M","M","R","M","E","T","?","R","M","?","?","R","BOSS","M","$","?","?","M","R","?","R","T","E","M","M","M","?","R","BOSS"],"items_purchased_type":["Card","Potion","Card","Relic","Relic","Card","Relic","Relic","Potion","Potion"],"build_version":"2020-11-30","purchased_purges":1,"victory":true,"max_hp_per_floor":[75,75,75,75,75,75,75,75,75,75,75,75,75,75,75,75,75,75,75,75,75,75,75,75,75,75,75,75,75,75,75,75,75,75,75,75,75,75,75,75,75,75,75,75,75,75,75,75,75,75],"card_choices":[{"not_picked":["HollowMod:CornifersMapStart","HollowMod:SoulEater"],"picked":"HollowMod:SharpenedNail","floor":1},{"not_picked":["HollowMod:ShadowDash","HollowMod:HowlingWraiths"],"picked":"HollowMod:VengefulSpirit","floor":3},{"not_picked":["HollowMod:ShapeofUnn","HollowMod:CloakDash"],"picked":"HollowMod:SoulStrike","floor":4},{"not_picked":["HollowMod:NewJinnsSoul","HollowMod:PureVessel"],"picked":"Crescendo","floor":7},{"not_picked":["HollowMod:SiblingsSouls","HollowMod:CornifersMapStart"],"picked":"HollowMod:DungDefenderAura","floor":12},{"not_picked":["HollowMod:MawleksShell","HollowMod:LuriensSpire","HollowMod:DescendingDark"],"picked":"SKIP","floor":13},{"not_picked":["HollowMod:SoulVessel","Headbutt"],"picked":"Uppercut","floor":14},{"not_picked":["HollowMod:ZotesMagnificence","HollowMod:Hiveblood"],"picked":"Reaper","floor":16},{"not_picked":["HollowMod:DungDefenderAura","HollowMod:LifebloodCocoon"],"picked":"HollowMod:MantisMark+1","floor":18},{"not_picked":["HollowMod:NewJinnsSoul","HollowMod:CoiledNail+1"],"picked":"HollowMod:GreatSlash","floor":21},{"not_picked":["HollowMod:BaldurShell+1","HollowMod:NewJinnsSoul","HollowMod:MothsMistake"],"picked":"SKIP","floor":22},{"not_picked":["HollowMod:LuriensSpire","HollowMod:LifebloodCocoon+1"],"picked":"HollowMod:RecoilStrike","floor":24},{"not_picked":["HollowMod:BlackTendrils","HollowMod:DreamGate"],"picked":"HollowMod:BaldurShell+1","floor":25},{"not_picked":["HollowMod:SoulStrike","HollowMod:ShapeofUnn+1","HollowMod:SiblingsSouls"],"picked":"SKIP","floor":29},{"not_picked":["HollowMod:TaintedHusks","HollowMod:MonomonsArchive"],"picked":"HollowMod:ZotesMagnificence","floor":31},{"not_picked":["HollowMod:LordofShades","HollowMod:WhiteLadysBlessing"],"picked":"HollowMod:theNailsmith","floor":33},{"not_picked":["HollowMod:LuriensSpire","HollowMod:InfectedAttack"],"picked":"HollowMod:CycloneSlash+1","floor":35},{"not_picked":["HollowMod:ShapeofUnn+1","HollowMod:SiblingsSouls+1"],"picked":"HollowMod:CrystalDash","floor":38},{"not_picked":["HollowMod:DungDefenderAura+1","HollowMod:VengefulVoid+1"],"picked":"HollowMod:PerfectDash+1","floor":39},{"not_picked":["HollowMod:NewLittleFool","HollowMod:AbyssShriek"],"picked":"HollowMod:FallenFury","floor":44},{"not_picked":["HollowMod:CrystalDash","HollowMod:InfectedCysts+1"],"picked":"HollowMod:GoodIntentions","floor":45},{"not_picked":["HollowMod:SoulEater+1","HollowMod:VengefulVoid+1","HollowMod:TaintedHusks+1"],"picked":"SKIP","floor":46},{"not_picked":["HollowMod:CrystalDash","HollowMod:DashSlash+1"],"picked":"HollowMod:CloakDash","floor":47}],"player_experience":1070913,"relics_obtained":[{"floor":7,"key":"Chameleon Ring"},{"floor":9,"key":"Pen Nib"},{"floor":25,"key":"Regal Pillow"},{"floor":26,"key":"CeramicFish"},{"floor":43,"key":"Frozen Egg 2"},{"floor":44,"key":"ReplayFunnel"}],"event_choices":[{"damage_healed":0,"gold_gain":0,"player_choice":"Ignored","damage_taken":0,"max_hp_gain":0,"max_hp_loss":0,"event_name":"Ghosts","floor":20,"gold_loss":0},{"damage_healed":0,"gold_gain":0,"player_choice":"Paid Fearfully","damage_taken":0,"max_hp_gain":0,"max_hp_loss":0,"event_name":"Masked Bandits","floor":27,"gold_loss":57},{"damage_healed":0,"gold_gain":0,"player_choice":"Got Potions","damage_taken":0,"max_hp_gain":0,"max_hp_loss":0,"event_name":"Lab","floor":37,"gold_loss":0}],"is_beta":false,"boss_relics":[{"not_picked":["Painkiller Herb","Ectoplasm"],"picked":"Snecko Eye"},{"not_picked":["Calling Bell","Pandora\u0027s Box"],"picked":"SacredBark"}],"items_purged_floors":[19],"is_endless":false,"potions_floor_spawned":[3,4,7,13,21,22,29,33,38,39,44,46],"ascension_level":0}}