{"host":"2se5dq1do2gp0x9k","time":1607663729,"event":{"mods":["AchievementEnabler","BaseMod","Block Reminder","Colored Map","Colored Powertips","Minty Spire (QoL Compilation)","Relic Stats","StSLib","SuperFastMode"],"gold_per_floor":[13,26,26,0,0,0,26,26,49,67,24,37,13,31,31,106,106,117,133,58,58,333,333,333],"floor_reached":23,"playtime":698,"items_purged":[],"score":383,"play_id":"e5bb9148-6e67-4048-b880-4959dbbade53","local_time":"20201210211529","is_ascension_mode":true,"campfire_choices":[{"data":"Go for the Eyes","floor":6.0,"key":"SMITH"},{"data":"Leap","floor":8.0,"key":"SMITH"},{"floor":15.0,"key":"REST"}],"circlet_count":0,"master_deck":["AscendersBane","Defend_B","Defend_B","Defend_B","Defend_B","Zap+1","Dualcast","All For One","Defragment","Go for the Eyes+1","Leap+1","Beam Cell","Recycle","Capacitor","Hologram","Gash","Electrodynamics","Sunder+1","Self Repair","Bite","Bite","Bite","Bite","Bite","Regret"],"relics":["FrozenCore","Boot","Anchor"],"acts_visited":["Exordium","TheCity"],"potions_floor_usage":[16,23],"damage_taken":[{"damage":16.0,"enemies":"Jaw Worm","floor":1.0,"turns":4.0},{"damage":3.0,"enemies":"2 Louse","floor":2.0,"turns":2.0},{"damage":7.0,"enemies":"Small Slimes","floor":10.0,"turns":3.0},{"damage":0.0,"enemies":"3 Louse","floor":12.0,"turns":3.0},{"damage":8.0,"enemies":"Large Slime","floor":14.0,"turns":5.0},{"damage":17,"enemies":"The Guardian","floor":16,"turns":10},{"damage":11,"enemies":"Shell Parasite","floor":18,"turns":6},{"damage":17,"enemies":"3 Byrds","floor":19,"turns":4},{"damage":42,"enemies":"Book of Stabbing","floor":23,"turns":6}],"seed_played":"-1736454132749517690","potions_obtained":[{"floor":2.0,"key":"SteroidPotion"},{"floor":10.0,"key":"SteroidPotion"},{"floor":18,"key":"PowerPotion"}],"is_trial":false,"path_per_floor":["M","M","?","$","?","R","T","R","T","M","$","M","$","M","R","B",null,"M","M","?","?","?","E"],"character_chosen":"DEFECT","items_purchased":["Leap","Recycle","Hologram"],"campfire_rested":1,"item_purchase_floors":[4,11,13],"current_hp_per_floor":[48,45,45,45,38,38,38,38,38,31,31,31,31,23,44,27,60,49,32,32,32,32,0,0],"gold":333,"neow_bonus":"THREE_RARE_CARDS","is_daily":false,"chose_seed":false,"campfire_upgraded":2,"win_rate":0.0,"timestamp":1607663729,"path_taken":["M","M","?","$","?","R","?","R","T","M","$","M","?","M","R","BOSS","M","M","?","?","?","E"],"items_purchased_type":["Card","Card","Card"],"build_version":"2020-11-30","purchased_purges":0,"victory":false,"max_hp_per_floor":[71,71,71,71,71,71,71,71,71,71,71,71,71,71,71,71,71,71,71,71,49,49,49,49],"relic_stats":{"counters":[9,43],"Boot":[50],"obtain_stats":[{"Anchor":9,"Cracked Core":0,"Boot":7,"FrozenCore":17},{"Anchor":2,"Cracked Core":0,"Boot":2,"FrozenCore":6},{"Anchor":6,"Cracked Core":0,"Boot":6,"FrozenCore":27}],"FrozenCore":[10]},"card_choices":[{"not_picked":["Reboot","Hyperbeam"],"picked":"All For One","floor":0.0},{"not_picked":["Sweeping Beam","Reprogram"],"picked":"Defragment","floor":1.0},{"not_picked":["Leap","Darkness"],"picked":"Go for the Eyes","floor":2.0},{"not_picked":["Conserve Battery","Sweeping Beam"],"picked":"Beam Cell","floor":10.0},{"not_picked":["Sweeping Beam","Beam Cell"],"picked":"Capacitor","floor":12.0},{"not_picked":["Leap","Darkness"],"picked":"Gash","floor":14.0},{"not_picked":["Seek","Machine Learning"],"picked":"Electrodynamics","floor":16},{"not_picked":["Leap","Steam"],"picked":"Sunder+1","floor":18},{"not_picked":["Hello World","FTL"],"picked":"Self Repair","floor":19}],"player_experience":3597215,"relics_obtained":[{"floor":7.0,"key":"Boot"},{"floor":9.0,"key":"Anchor"}],"event_choices":[{"damage_healed":0.0,"max_hp_gain":0.0,"max_hp_loss":0.0,"gold_gain":0.0,"event_name":"Living Wall","player_choice":"Grow","floor":3.0,"gold_loss":0.0,"damage_taken":0.0,"cards_upgraded":["Zap"]},{"cards_removed":["Strike_B"],"damage_healed":0.0,"max_hp_gain":0.0,"max_hp_loss":0.0,"gold_gain":0.0,"event_name":"Golden Wing","player_choice":"Card Removal","floor":5.0,"gold_loss":0.0,"damage_taken":7.0},{"cards_removed":["Strike_B"],"damage_healed":0,"gold_gain":0,"player_choice":"Gave Gold","damage_taken":0,"max_hp_gain":0,"max_hp_loss":0,"event_name":"Beggar","floor":20,"gold_loss":75},{"damage_healed":0,"gold_gain":0,"player_choice":"Became a vampire","damage_taken":0,"max_hp_gain":0,"max_hp_loss":22,"event_name":"Vampires","floor":21,"gold_loss":0,"cards_obtained":["Bite","Bite","Bite","Bite","Bite"]},{"damage_healed":0,"gold_gain":275,"player_choice":"Desecrate","damage_taken":0,"max_hp_gain":0,"max_hp_loss":0,"event_name":"Golden Shrine","floor":22,"gold_loss":0,"cards_obtained":["Regret"]}],"is_beta":false,"boss_relics":[{"not_picked":["Busted Crown","Inserter"],"picked":"FrozenCore"}],"items_purged_floors":[],"is_endless":false,"potions_floor_spawned":[2,10,14,18],"killed_by":"Book of Stabbing","ascension_level":20}}