{"host":"okbt03weh3qrqoj9","time":1607662207,"event":{"mods":["Abigail Mod","AchievementEnabler","Act Like it!","BaseMod","Better Altar","Better Skull","Better Third Choice","CapriCore","Chen","Colored Powertips","Defuse TimeMaze Blight","Dio Mod","Dota2Spire","Ekko","Energized Spire","Gensokyo","GungeonMod","Hermit","KinomotoSakuraMod(????)","Koishi","Lobotomy","LobotomyExtend","Mari Mod (Legacy)","Mari\u0027s V1 Patch","Marisa????????","Minty Spire (QoL Compilation)","MostiFishMod","Pale of the Ancients","Prisma Mod","Reimu??????","SCP261 Mod","Slumbering Mod","StSLib","The Bladedancer","The Bug Knight","The Fake Hero","The Hayseed","The Immortal","The Jungle","The Showman","The Wild Card","TheBandit","Trackpad","Treasure Hunter","Wandering Minibosses","???????????mod"],"gold_per_floor":[135,135,112,12,23,57,71,20,70,70,81,81,90,100,100,193,193,191,204,204,50,50,79,69,66,66,24,36,36,55,82,82,183,183,202,249,249,267,107,140,140,140,219,246,260,260,278,32,32,32,32,32,32,11,42,22],"floor_reached":57,"playtime":2093,"items_purged":[],"score":1558,"play_id":"28d74ed9-39f7-4bcc-92c0-754ed1e72e9e","local_time":"20201210235007","is_ascension_mode":false,"campfire_choices":[{"floor":15,"key":"REST"},{"floor":29,"key":"RECALL"},{"floor":32,"key":"REST"},{"floor":46,"key":"REST"},{"data":"Shallow_ocean_purpleEX","floor":49,"key":"SMITH"},{"data":"WatchEChange_purple","floor":53,"key":"SMITH"}],"circlet_count":0,"master_deck":["AT_purpleEX","AT_purpleEX","AT_purpleEX","AT_purpleEX","Defend_purpleEX","Defend_purpleEX","Defend_purpleEX","Observe_purple_1","Observe_purple_2","Mayhem","Observe_purple_1","Charmbait_purple","Line_surface_state_purple","StateErode_purple","Worldmountain_purple","TH:EnergyPotion","Mirror_FormAndEmptin_purple","Shallow_ocean_purpleEX+1","StateErode_purple","TH:EnergyPotion","Extrememeaning_purpleEX","Poor:ReiMu","TH:DeckOfManyThings","Umbrella_purple","Charmbait_purple","TH:DeckOfManyThings","Fancifulhole_purple","WatchEChange_purple","FragmentationRealm_purple+1","Umbrella_purple","TH:PixieDust+1","AdvanceAttack_purple+1","Shallow_ocean_purpleEX","PositiveMatter_Antimatter_Universe_purple+1","TH:EnergyPotion+1","StateErode_purple","OmniscientAndOmnipotent_Monster_purple","WatchEChange_purple+1","TH:DeckOfManyThings+1","EighthInstrument_OneDividesIntoTwo_purple","TH:Mimic+1","Human_Monster_Realm_purple+1","Charmbait_purple","OmniscientAndOmnipotent_Monster_purple+1","Shallow_ocean_purpleEX","Shallow_ocean_purpleEX","TH:CursedSword+1","OmniscientAndOmnipotent_Monster_purple","MagicEyes_LaplaceDemon_purple+1","TH:ArmorSpikes+1","TH:Mimic+1","OmniscientAndOmnipotent_Monster_purple","PositiveMatter_Antimatter_Universe_purple","OmniscientAndOmnipotent_Monster_purple","DimensionStaggered_purple","Shallow_ocean_purpleEX","TH:Mimic+1","FragmentationRealm_purple+1"],"relics":["Boundary_crack","Memoryfragments_purpleEX","DaveBox","Question Card","LetterFromLob","Meat on the Bone","YidongShenshe:ReiMu","TimeKeys","Mummified Hand","ImportantClient","HereWithMe","theJungle:BirthdayCakeSlice","BrkXgEgg","Oddly Smooth Stone","Kunai","Dota2Spire:DivineRapier","Shuriken","HaiYi:Twilight","Dota2Spire:EyeOfSkadi","Dota2Spire:Vanguard","Boot","trackpad:DisasterInABottle","Mastiff:ReiMu","Dota2Spire:BlackKingBar","ThegodofHakurei_purpleEX"],"acts_visited":["Exordium","Exordium","TheBeyond","TheEnding"],"potions_floor_usage":[56,56,56],"damage_taken":[{"damage":3,"enemies":"Jaw Worm","floor":1,"turns":4},{"damage":9,"enemies":"Cultist","floor":5,"turns":4},{"damage":36,"enemies":"Gremlin Nob","floor":6,"turns":4},{"damage":0,"enemies":"2 Louse","floor":7,"turns":2},{"damage":10,"enemies":"Exordium Wildlife","floor":11,"turns":3},{"damage":39,"enemies":"3 Sentries","floor":13,"turns":7},{"damage":0,"enemies":"Lots of Slimes","floor":14,"turns":1},{"damage":0,"enemies":"Slime Boss","floor":16,"turns":4},{"damage":51,"enemies":"theJungle:5_Spyders","floor":18,"turns":10},{"damage":6,"enemies":"theJungle:MUSHROOMGANG","floor":19,"turns":2},{"damage":28,"enemies":"theJungle:Cassacara","floor":23,"turns":3},{"damage":9,"enemies":"Snake Plant","floor":24,"turns":3},{"damage":3,"enemies":"JungleHuntersEvent","floor":25,"turns":3},{"damage":0,"enemies":"theJungle:JungleHuntersEncounter","floor":28,"turns":2},{"damage":4,"enemies":"theJungle:2_Snecko_Cultists","floor":30,"turns":2},{"damage":12,"enemies":"theJungle:2_Phrogs","floor":31,"turns":3},{"damage":0,"enemies":"theJungle:FunGuy","floor":33,"turns":3},{"damage":21,"enemies":"3 Darklings","floor":35,"turns":2},{"damage":17,"enemies":"Mind Bloom Boss Battle","floor":36,"turns":3},{"damage":17,"enemies":"Orb Walker","floor":38,"turns":2},{"damage":28,"enemies":"Giant Head","floor":40,"turns":5},{"damage":0,"enemies":"Nemesis","floor":44,"turns":2},{"damage":28,"enemies":"Writhing Mass","floor":45,"turns":2},{"damage":6,"enemies":"4 Shapes","floor":47,"turns":1},{"damage":5,"enemies":"Jotaro","floor":50,"turns":3},{"damage":9,"enemies":"Shield and Spear","floor":55,"turns":3},{"damage":54,"enemies":"The Heart","floor":56,"turns":5}],"seed_played":"6912866260003915680","potions_obtained":[{"floor":5,"key":"DemoMod:LeadSkinPotion"},{"floor":7,"key":"FearPotion"},{"floor":11,"key":"ZuzhouPotion:ReiMu"},{"floor":37,"key":"CultistPotion"},{"floor":37,"key":"SCP261:BostonMolassesPotion"}],"is_trial":false,"path_per_floor":["M","?","$","$","M","E","M","$","T","E","M","?","E","M","R","B",null,"M","M","?","$","?","E","M","?","T","$","M","R","M","E","R","B",null,"M","?","?","M","$","E","?","?","T","E","M","R","M","$","R","B",null,null,"R","$","E","B",null],"character_chosen":"Youkari","items_purchased":["Charmbait_purple","Line_surface_state_purple","StateErode_purple","StateErode_purple","BrkXgEgg","Umbrella_purple","StateErode_purple","Shallow_ocean_purpleEX","Dota2Spire:Vanguard","Dota2Spire:BlackKingBar","DimensionStaggered_purple","Shallow_ocean_purpleEX"],"campfire_rested":3,"item_purchase_floors":[3,4,4,8,21,21,27,39,39,48,48,54],"current_hp_per_floor":[63,63,63,63,55,20,32,32,32,32,36,36,13,25,43,44,63,26,32,37,37,46,30,36,45,45,45,45,45,41,29,49,49,68,47,47,47,42,42,31,31,31,31,44,29,50,44,44,44,40,40,73,73,73,64,22],"gold":22,"neow_bonus":"RANDOM_COLORLESS_2","is_daily":false,"chose_seed":false,"campfire_upgraded":2,"win_rate":0.0,"timestamp":1607662207,"path_taken":["M","?","?","$","M","E","?","?","T","E","M","?","E","?","R","BOSS","M","?","?","$","?","E","?","?","T","$","M","R","M","E","R","BOSS","M","?","?","?","?","E","?","?","T","E","M","R","M","$","R","BOSS","R","$","E","BOSS"],"items_purchased_type":["Card","Card","Card","Card","Relic","Card","Card","Card","Relic","Relic","Card","Card"],"build_version":"2020-11-30","purchased_purges":0,"victory":true,"max_hp_per_floor":[63,63,63,63,63,63,63,63,63,63,63,63,63,63,63,63,63,63,63,68,68,68,68,68,68,68,68,68,68,68,68,68,68,68,68,73,73,73,73,73,73,73,73,73,73,73,73,73,73,73,73,73,73,73,73,73],"card_choices":[{"not_picked":["MostiFishMod:FantasySummer","Thinking Ahead"],"picked":"Mayhem","floor":0},{"not_picked":["Realm_recovery_purpleEX","PositiveMatter_Antimatter_Universe_purple"],"picked":"StateErode_purple","floor":1},{"not_picked":["EighthInstrument_OneDividesIntoTwo_purple","Realm_recovery_purpleEX","MeetDecomposer_purple"],"picked":"Worldmountain_purple","floor":5},{"not_picked":["TH:ElvenBoots","TH:TreasureMap"],"picked":"TH:EnergyPotion","floor":6},{"not_picked":["MeetDecomposer_purple","ExistenceContinue_purple","MNeedle_purple"],"picked":"Mirror_FormAndEmptin_purple","floor":6},{"not_picked":["Mirror_TwoAndThreeElementRealm_purple","AdvanceAttack_purple","StateErode_purple"],"picked":"Shallow_ocean_purpleEX","floor":7},{"not_picked":["TH:CopperCoins","TH:ElvenBoots"],"picked":"TH:EnergyPotion","floor":9},{"not_picked":["MeetDecomposer_purple","DimensionStaggered_purple","FragmentationRealm_purple"],"picked":"Extrememeaning_purpleEX","floor":11},{"not_picked":["TH:BikiniMail","TH:TreasureMap"],"picked":"TH:DeckOfManyThings","floor":13},{"not_picked":["Realm_recovery_purpleEX","Boundary_of_Extermination_purpleEX","ExistenceContinue_purple"],"picked":"Umbrella_purple","floor":13},{"not_picked":["MeetDecomposer_purple","DarkRealmRedLine_purple","Umbrella_purple"],"picked":"Charmbait_purple","floor":14},{"not_picked":["TH:CursedSword","TH:TreasureMap"],"picked":"TH:DeckOfManyThings","floor":16},{"not_picked":["ProofOfUnderstanding_purple","Boundary_LifeAndDeath_purple","WangLiang_LineAndCurveDreams_purple"],"picked":"Fancifulhole_purple","floor":16},{"not_picked":["Line_surface_state_purple","CommonSense_AntiCommonSense_purple","RuptureOfTimeAndSpace_purple"],"picked":"WatchEChange_purple","floor":18},{"not_picked":["Charmbait_purple","StateErode_purple","Mirror_FormAndEmptin_purple+1"],"picked":"FragmentationRealm_purple+1","floor":19},{"not_picked":["TH:ElvenBoots","TH:ArmorSpikes"],"picked":"TH:PixieDust","floor":23},{"not_picked":["Line_surface_state_purple","KnowledgeAbilityRealm_purple+1","Yakumo_Ran_purple"],"picked":"AdvanceAttack_purple+1","floor":23},{"not_picked":["StateErode_purple","Mirror_FormAndEmptin_purple+1","AdvanceAttack_purple+1"],"picked":"Shallow_ocean_purpleEX","floor":24},{"not_picked":["Mirror_FormAndEmptin_purple","Charmbait_purple","MonsterNeedle_purple+1"],"picked":"PositiveMatter_Antimatter_Universe_purple+1","floor":25},{"not_picked":["TH:CopperCoins","TH:BikiniMail"],"picked":"TH:EnergyPotion","floor":26},{"not_picked":["StretchesForeverDream_purple","StateErode_purple","Extrememeaning_purpleEX+1"],"picked":"OmniscientAndOmnipotent_Monster_purple","floor":28},{"not_picked":["MetroBOOM_purple","Bait_Toxicbait_purple","SharpContractionReality_purple"],"picked":"WatchEChange_purple","floor":30},{"not_picked":["TH:CursedSword","TH:EnergyPotion"],"picked":"TH:DeckOfManyThings","floor":31},{"not_picked":["AdvanceAttack_purple","RuleDissolution_purple+1","WingOfChimera_purple"],"picked":"EighthInstrument_OneDividesIntoTwo_purple","floor":31},{"not_picked":["TH:DeckOfManyThings","TH:CursedSword"],"picked":"TH:Mimic","floor":33},{"not_picked":["ContainerChange_purple+1","Price_of_realm_purpleEX+1","GluttonyofRealm_purpleEX+1"],"picked":"Human_Monster_Realm_purple+1","floor":33},{"not_picked":["MeetDecomposer_purple+1","Mirror_FormAndEmptin_purple","Realm_recovery_purpleEX+1"],"picked":"Charmbait_purple","floor":35},{"not_picked":["RuleDissolution_purple+1","StateErode_purple","Anti_communist_purple"],"picked":"OmniscientAndOmnipotent_Monster_purple+1","floor":36},{"not_picked":["Mirror_FormAndEmptin_purple","MeetDecomposer_purple+1","KnowledgeAbilityRealm_purple+1"],"picked":"Shallow_ocean_purpleEX","floor":38},{"not_picked":["TH:PixieDust","TH:ArmorSpikes"],"picked":"TH:CursedSword","floor":40},{"not_picked":["Boundary_LightAndDark_purple","Mirror_FormAndEmptin_purple","StateDuplicate_purple"],"picked":"OmniscientAndOmnipotent_Monster_purple","floor":40},{"not_picked":["TH:PixieDust","TH:ElvenBoots"],"picked":"TH:ArmorSpikes","floor":43},{"not_picked":["TH:CopperCoins","TH:BikiniMail"],"picked":"TH:Mimic","floor":44},{"not_picked":["ExternalForce_HighSpeedFlying_purple+1","RuleDissolution_purple+1","Yakumo_Ran_purple+1"],"picked":"OmniscientAndOmnipotent_Monster_purple","floor":44},{"not_picked":["Line_surface_state_purple","MonsterNeedle_purple+1","Anti_communist_purple+1"],"picked":"PositiveMatter_Antimatter_Universe_purple","floor":45},{"not_picked":["Boundary_DynamicStaticEquilibrium_purple+1","WingOfChimera_purple+1","Bait_Toxicbait_purple"],"picked":"OmniscientAndOmnipotent_Monster_purple","floor":47},{"not_picked":["TH:BikiniMail","TH:CursedSword"],"picked":"TH:Mimic","floor":55},{"not_picked":["CommonSense_AntiCommonSense_purple","StateDuplicate_purple","Boundary_ObjectiveBoundary_purple+1"],"picked":"FragmentationRealm_purple+1","floor":55}],"player_experience":398846,"relics_obtained":[{"floor":1,"key":"Question Card"},{"floor":1,"key":"LetterFromLob"},{"floor":6,"key":"Meat on the Bone"},{"floor":13,"key":"Mummified Hand"},{"floor":16,"key":"ImportantClient"},{"floor":23,"key":"Oddly Smooth Stone"},{"floor":25,"key":"Kunai"},{"floor":26,"key":"Dota2Spire:DivineRapier"},{"floor":31,"key":"Shuriken"},{"floor":36,"key":"Dota2Spire:EyeOfSkadi"},{"floor":40,"key":"Boot"},{"floor":43,"key":"trackpad:DisasterInABottle"},{"floor":44,"key":"Mastiff:ReiMu"},{"floor":55,"key":"ThegodofHakurei_purpleEX"}],"event_choices":[{"damage_healed":0,"gold_gain":0,"player_choice":"1 cards matched","damage_taken":0,"max_hp_gain":0,"max_hp_loss":0,"event_name":"Match and Keep!","floor":2,"gold_loss":0,"cards_obtained":["Observe_purple_1"]},{"damage_healed":0,"gold_gain":0,"player_choice":"Take Tiny Shrine away","damage_taken":0,"relics_obtained":["YidongShenshe:ReiMu"],"max_hp_gain":0,"max_hp_loss":0,"event_name":"yidonshenshe","floor":12,"gold_loss":0,"cards_obtained":["Poor:ReiMu"]},{"damage_healed":0,"gold_gain":0,"player_choice":"Fight","damage_taken":0,"max_hp_gain":0,"max_hp_loss":0,"event_name":"MindBloom","floor":36,"gold_loss":0},{"damage_healed":0,"gold_gain":0,"player_choice":"Got Potions","damage_taken":0,"max_hp_gain":0,"max_hp_loss":0,"event_name":"Lab","floor":37,"gold_loss":0},{"cards_removed":["StateErode_purple"],"damage_healed":0,"gold_gain":0,"player_choice":"Removed Attack","damage_taken":0,"max_hp_gain":0,"max_hp_loss":0,"event_name":"Falling","floor":41,"gold_loss":0},{"damage_healed":0,"gold_gain":0,"cards_transformed":["Defend_purpleEX"],"player_choice":"Transformed","damage_taken":0,"max_hp_gain":0,"max_hp_loss":0,"event_name":"Transmorgrifier","floor":42,"gold_loss":0,"cards_obtained":["MagicEyes_LaplaceDemon_purple"]}],"is_beta":false,"boss_relics":[{"not_picked":["energizedSpire:SpiderWeb","theSlumbering:EnchantedHammer"],"picked":"HereWithMe"},{"not_picked":["SacredBark","energizedSpire:DeadBattery"],"picked":"HaiYi:Twilight"}],"items_purged_floors":[],"is_endless":false,"potions_floor_spawned":[5,7,11,13,16,19,24,25,33,35,38,55],"ascension_level":0}}