{"host":"z29vq06nk9i4hex5","time":1607725494,"event":{"mods":["AchievementEnabler","Aspiration","BaseMod","Challenge The Spire","Colored Map","Conspire","Downfall","Glutton Mod","Halation","Hubris","Infinite Spire","Jedi Mod","Mimic Mod","Minty Spire (QoL Compilation)","Relic Sorter","Replay The Spire","Shop Mod","StSLib","The Animator","The Jungle","The Poker Player","vexMod"],"gold_per_floor":[115,126,142,0,0,0,25,25,25,25,58,58,68,79,79,176,176,188,202,202,213,246,246,322,385,415,480,0,19,45,62,62,112,112,112],"floor_reached":33,"playtime":3175,"items_purged":["hubris:Greed","PokerPlayerMod:Trickery"],"score":399,"play_id":"27a916cf-514c-4e48-9cbc-0cc9a9a63d09","local_time":"20201211172454","is_ascension_mode":false,"metric_token":1426,"campfire_choices":[{"data":"PokerPlayerMod:Sharpen","floor":6,"key":"SMITH"},{"data":"PokerPlayerMod:CardPrinter","floor":8,"key":"SMITH"},{"data":"PokerPlayerMod:CardBurn","floor":15,"key":"SMITH"},{"data":"infinitespire:FutureSight","floor":23,"key":"SMITH"},{"data":"hubris:Rewind","floor":32,"key":"SMITH"}],"circlet_count":0,"master_deck":["PokerPlayerMod:Diamond1","PokerPlayerMod:Diamond2","PokerPlayerMod:Diamond3","PokerPlayerMod:Diamond4","PokerPlayerMod:Diamond5","PokerPlayerMod:Spade1","PokerPlayerMod:Spade2","PokerPlayerMod:Spade3","PokerPlayerMod:Spade4","PokerPlayerMod:Club1","PokerPlayerMod:Club2","PokerPlayerMod:Heart2","PokerPlayerMod:TrumpStrike","PokerPlayerMod:BadJoker","PokerPlayerMod:Mulligan","PokerPlayerMod:Sharpen+1","PokerPlayerMod:Spade4","PokerPlayerMod:SecondChance","PokerPlayerMod:Spade6","PokerPlayerMod:CardPrinter+1","PokerPlayerMod:DiamondStrike","PokerPlayerMod:CardBurn+1","PokerPlayerMod:Spade10+","PokerPlayerMod:Raise","PokerPlayerMod:Diamond5","infinitespire:FutureSight+1","PokerPlayerMod:Raise","PokerPlayerMod:CloakAndDiamond+1","PokerPlayerMod:Diamond4","PokerPlayerMod:MagicTrick+1","PokerPlayerMod:Heart7","PokerPlayerMod:Spade7","PokerPlayerMod:RiskyBet","PokerPlayerMod:Diamond5","PokerPlayerMod:Trickery+1","PokerPlayerMod:Club5","PokerPlayerMod:Spade8","hubris:Rewind+1","PokerPlayerMod:Diamond5"],"relics":["PokerPlayerMod:DeckCase","halation:LoveArrow","hubris:DeckOfHolding","infinitespire:Lucky Rock","ReplayTheSpireMod:CursedCoin","jedi:cryingmask","hubris:MysteriousPyramids","Pen Nib","hubris:MobiusCoin","Mango","Replay:Bottled Snecko","Orrery","Replay:Towering Pillar of Hats"],"acts_visited":["Exordium","TheCity"],"potions_floor_usage":[7,16,16,22,24,30,30,33],"damage_taken":[{"damage":0,"enemies":"Cultist","floor":1,"turns":3},{"damage":0,"enemies":"2 Louse","floor":2,"turns":1},{"damage":0,"enemies":"Jaw Worm","floor":3,"turns":2},{"damage":0,"enemies":"Replay:BlueRogue","floor":7,"turns":2},{"damage":2,"enemies":"Lagavulin","floor":11,"turns":5},{"damage":8,"enemies":"conspire:2 RoseBushes","floor":13,"turns":2},{"damage":11,"enemies":"Gremlin Gang","floor":14,"turns":4},{"damage":16,"enemies":"The Guardian","floor":16,"turns":5},{"damage":0,"enemies":"3 Byrds","floor":18,"turns":3},{"damage":3,"enemies":"Spheric Guardian","floor":19,"turns":4},{"damage":0,"enemies":"Centurion and Healer","floor":21,"turns":3},{"damage":31,"enemies":"conspire:MimicChest","floor":22,"turns":6},{"damage":6,"enemies":"conspire:SneckoGhost","floor":24,"turns":7},{"damage":3,"enemies":"Snecko","floor":25,"turns":3},{"damage":0,"enemies":"Snake Plant","floor":26,"turns":5},{"damage":7,"enemies":"Snake Plant","floor":27,"turns":4},{"damage":11,"enemies":"Centurion and Healer","floor":29,"turns":4},{"damage":0,"enemies":"Nightmare","floor":30,"turns":7},{"damage":0,"enemies":"Shelled Parasite and Fungi","floor":31,"turns":3},{"damage":79,"enemies":"Automaton","floor":33,"turns":8}],"seed_played":"-3678128801317121647","potions_obtained":[{"floor":7,"key":"Milkshake"},{"floor":13,"key":"jedi:StrikingPotion"},{"floor":19,"key":"Regen Potion"},{"floor":22,"key":"Block Potion"},{"floor":24,"key":"ColorlessPotion"},{"floor":25,"key":"SkillPotion"},{"floor":31,"key":"Guardian:BlockOnCardUsePotion"}],"is_trial":false,"path_per_floor":["M","M","M","$","?","R","E","R","T","$","E","$","M","M","R","B",null,"M","M","AVR","M","?","R","E","M","MIM","M","$","M","NM","M","R","B"],"character_chosen":"THE_POKER_PLAYER","items_purchased":["ReplayTheSpireMod:CursedCoin","PokerPlayerMod:SecondChance","PokerPlayerMod:Spade6","PowerPotion","PokerPlayerMod:Heart7","PokerPlayerMod:Spade7","Orrery"],"campfire_rested":0,"item_purchase_floors":[4,4,4,4,28,28,28],"current_hp_per_floor":[52,52,52,52,39,39,41,41,41,41,41,41,33,24,24,12,52,52,49,49,49,47,47,43,42,44,37,37,37,45,55,55,0,0,0],"gold":112,"neow_bonus":"RANDOM_COMMON_RELIC","is_daily":false,"chose_seed":false,"campfire_upgraded":5,"win_rate":0.0,"timestamp":1607725494,"path_taken":["M","?","M","$","?","R","E","R","T","$","E","?","M","M","R","BOSS","M","M","AVR","?","?","R","E","M","MIM","M","?","M","NM","?","R","BOSS"],"items_purchased_type":["Relic","Card","Card","Potion","Card","Card","Relic"],"build_version":"2020-11-30","purchased_purges":2,"victory":false,"max_hp_per_floor":[52,52,52,52,52,52,52,52,52,52,52,52,52,52,52,52,52,52,52,52,52,66,66,66,66,66,66,66,66,66,66,66,66,66,66],"card_choices":[{"not_picked":["PokerPlayerMod:SecondChance","PokerPlayerMod:Configure"],"picked":"PokerPlayerMod:Sharpen","floor":1},{"not_picked":["PokerPlayerMod:DartThrow","PokerPlayerMod:ClubShade"],"picked":"PokerPlayerMod:Trickery","floor":2},{"not_picked":["PokerPlayerMod:MagicTrick","PokerPlayerMod:Fold"],"picked":"PokerPlayerMod:Spade4","floor":3},{"not_picked":["PokerPlayerMod:ClubDance","PokerPlayerMod:Spade8"],"picked":"PokerPlayerMod:CardPrinter","floor":7},{"not_picked":["PokerPlayerMod:Diamond1","PokerPlayerMod:Trickery"],"picked":"PokerPlayerMod:DiamondStrike","floor":11},{"not_picked":["PokerPlayerMod:Spade1","PokerPlayerMod:CardPrinter"],"picked":"PokerPlayerMod:CardBurn","floor":13},{"not_picked":["PokerPlayerMod:DiamondStrike","PokerPlayerMod:Diamond2","PokerPlayerMod:Heart1"],"picked":"SKIP","floor":14},{"not_picked":["PokerPlayerMod:RoyalStrike","PokerPlayerMod:ChangeRules"],"picked":"PokerPlayerMod:Spade10+","floor":16},{"not_picked":["PokerPlayerMod:CloakAndDiamond","PokerPlayerMod:Spade3"],"picked":"PokerPlayerMod:Raise","floor":18},{"not_picked":["PokerPlayerMod:PoorCopy","PokerPlayerMod:FlyingCard+1"],"picked":"PokerPlayerMod:Diamond5","floor":19},{"not_picked":["PokerPlayerMod:TheDieIsCast","PokerPlayerMod:Spade3"],"picked":"PokerPlayerMod:Raise","floor":21},{"not_picked":["PokerPlayerMod:MagicTrick","PokerPlayerMod:SpadeStrike+1"],"picked":"PokerPlayerMod:CloakAndDiamond+1","floor":22},{"not_picked":["PokerPlayerMod:HeartStrike","PokerPlayerMod:Spade4","PokerPlayerMod:Diamond2"],"picked":"SKIP","floor":24},{"not_picked":["PokerPlayerMod:DiamondStrike","PokerPlayerMod:Club3","PokerPlayerMod:CardPrinter"],"picked":"SKIP","floor":25},{"not_picked":["PokerPlayerMod:JackOfSpades","PokerPlayerMod:DiamondStrike"],"picked":"PokerPlayerMod:Diamond4","floor":26},{"not_picked":["PokerPlayerMod:CardBurn","PokerPlayerMod:Spade4"],"picked":"PokerPlayerMod:MagicTrick+1","floor":27},{"not_picked":["PokerPlayerMod:Diamond3","PokerPlayerMod:Configure"],"picked":"PokerPlayerMod:RiskyBet","floor":28},{"not_picked":["PokerPlayerMod:Diamond1","PokerPlayerMod:Heart2"],"picked":"PokerPlayerMod:Diamond5","floor":28},{"not_picked":["PokerPlayerMod:FlyingCard","PokerPlayerMod:CardPrinter+1"],"picked":"PokerPlayerMod:Trickery+1","floor":28},{"not_picked":["PokerPlayerMod:Club4","PokerPlayerMod:FillThePot"],"picked":"PokerPlayerMod:Club5","floor":28},{"not_picked":["PokerPlayerMod:MagicTrick","PokerPlayerMod:Sharpen"],"picked":"PokerPlayerMod:Spade8","floor":29},{"not_picked":["infinitespire:Starlight","ReplayTheSpireMod:Black Plague"],"picked":"hubris:Rewind","floor":30},{"not_picked":["PokerPlayerMod:SpadeStrike","PokerPlayerMod:Club3"],"picked":"PokerPlayerMod:Diamond5","floor":30},{"not_picked":["PokerPlayerMod:Diamond1","PokerPlayerMod:Trickery+1","PokerPlayerMod:DiamondStrike"],"picked":"SKIP","floor":31}],"player_experience":41091,"relics_obtained":[{"floor":7,"key":"jedi:cryingmask"},{"floor":9,"key":"hubris:MysteriousPyramids"},{"floor":11,"key":"Pen Nib"},{"floor":22,"key":"Mango"},{"floor":24,"key":"hubris:DeckOfHolding"},{"floor":26,"key":"Replay:Bottled Snecko"},{"floor":30,"key":"Replay:Towering Pillar of Hats"}],"event_choices":[],"is_beta":false,"boss_relics":[{"not_picked":["Runic Dome","vexMod:EndlessSickness"],"picked":"halation:LoveArrow"}],"items_purged_floors":[4,28],"is_endless":true,"potions_floor_spawned":[7,13,19,22,24,25,31],"killed_by":"Automaton","ascension_level":0}}