{"host":"t9ey1ebdrj6sa9fi","time":1607713331,"event":{"mods":["AchievementEnabler","Act Like it!","Aspiration","Astrologer","Bard","BaseMod","Better Altar","Better Match","Better Note","Better Sensory Stone","Better Silent Start","Better Third Choice","Better Vampires","ChefMod","Chen","Colored Map","Colored Powertips","Emptier Cage","Faster Ascension Climbing","Gensokyo","Highlight Path","Hubris","Jedi Mod","Marisa????????","Mimic Mod","Minty Spire (QoL Compilation)","Optimize The Spire","Pale of the Ancients","Permanent Neow","Quick Restart","Random Character Button","Replay The Spire","Reworked Bosses","Shop Mod","Spicy Shops","StSLib","SuperFastMode","The Dragon Tamer","The IronCluck","Wandering Minibosses","everything is the same but u backflip on backflip","slay the spire mod where everything is the same but ironclad has a cowboy hat"],"gold_per_floor":[111,130,130,30,30,61,79,109,109,128,147,147,181,10,10,115,115,129,1,14,14,46,60,60],"floor_reached":23,"playtime":3199,"items_purged":[],"score":236,"play_id":"5ffdcc01-9819-45b3-ba0c-4709bbe060cc","local_time":"20201211200211","is_ascension_mode":true,"campfire_choices":[{"data":"astrologer:Trine","floor":12,"key":"SMITH"},{"floor":15,"key":"REST"}],"circlet_count":0,"master_deck":["astrologer:Strike","astrologer:Strike","astrologer:Strike","astrologer:Strike","astrologer:Defend","astrologer:Defend","astrologer:Defend","astrologer:Defend","astrologer:NorthStar+1","astrologer:TheFool","Inflame","astrologer:Sunrise+1","Injury","astrologer:Trine+1","astrologer:MeteorShower","astrologer:CrystalBall","astrologer:FrozenStar","astrologer:Confirmation","astrologer:Moonlight","astrologer:Eclipse","Limit Break+1","astrologer:MeteorShower+1","ReplayTheSpireMod:Splinters","astrologer:MeteorShower","WaveOfTheHand","astrologer:Confirmation+1"],"relics":["astrologer:SkyMirror","aspiration:Nostalgia","m_CorellonBlood","jedi:arcanewood","Pear","Gremlin Food","hubris:DisguiseKit","Orichalcum","Matryoshka","Dream Catcher","Happy Flower","Velvet Choker","ReplayTheSpireMod:CursedCoin","War Paint","jedi:HeartOfTheCards","Replay:Bandana"],"acts_visited":["Gensokyo:Gensokyo","Gensokyo:Gensokyoer"],"potions_floor_usage":[6,18],"damage_taken":[{"damage":6,"enemies":"Gensokyo:Gryphon","floor":1,"turns":4},{"damage":0,"enemies":"Gensokyo:2_Kodama","floor":2,"turns":4},{"damage":51,"enemies":"Gensokyo:Cirno","floor":6,"turns":8},{"damage":0,"enemies":"Gensokyo:3_Fairies","floor":7,"turns":5},{"damage":9,"enemies":"Gensokyo:Mamizou","floor":8,"turns":8},{"damage":0,"enemies":"Gensokyo:2_Rabbits","floor":10,"turns":2},{"damage":0,"enemies":"Gensokyo:5_Fairies","floor":11,"turns":4},{"damage":6,"enemies":"Gensokyo:Cirno","floor":13,"turns":6},{"damage":39,"enemies":"Gensokyo:Reimu","floor":16,"turns":9},{"damage":19,"enemies":"Gensokyo:3_Dogs","floor":18,"turns":5},{"damage":1,"enemies":"Gensokyo:AngelMirror","floor":20,"turns":2},{"damage":11,"enemies":"Gensokyo:Monolith_and_Dog","floor":22,"turns":10},{"damage":58,"enemies":"Gensokyo:Tenshi","floor":23,"turns":3}],"seed_played":"-8678705489730397312","potions_obtained":[{"floor":1,"key":"jedi:tentaclejuice"},{"floor":2,"key":"BlessingOfTheForge"},{"floor":6,"key":"FairyPotion"},{"floor":11,"key":"FearPotion"},{"floor":16,"key":"Adrenaline Potion"}],"is_trial":false,"path_per_floor":["M","M","?","?","?","E","M","E","T","M","M","R","E","$","R","B",null,"M","$","M","?","MIM","E"],"character_chosen":"ASTROLOGER","items_purchased":["Happy Flower","astrologer:Moonlight","ReplayTheSpireMod:CursedCoin","astrologer:MeteorShower","War Paint"],"campfire_rested":1,"item_purchase_floors":[14,14,19,19,19],"current_hp_per_floor":[64,64,64,74,58,7,7,24,24,24,24,24,18,18,42,3,80,61,61,60,60,49,0,0],"gold":60,"neow_bonus":"NOSTALGIA","is_daily":false,"chose_seed":false,"campfire_upgraded":1,"win_rate":0.0,"timestamp":1607713331,"path_taken":["M","M","?","?","?","E","M","E","T","?","M","R","E","$","R","BOSS","M","$","M","?","?","E"],"items_purchased_type":["Relic","Card","Relic","Card","Relic"],"build_version":"2020-11-30","purchased_purges":0,"victory":false,"max_hp_per_floor":[70,70,70,80,80,80,80,80,80,80,80,80,80,80,80,80,80,80,80,80,80,80,80,80],"card_choices":[{"not_picked":["astrologer:TheEmperor","astrologer:Still"],"picked":"Inflame","floor":1},{"not_picked":["Pummel","astrologer:Stardust"],"picked":"astrologer:Sunrise","floor":2},{"not_picked":["astrologer:Cataclysm","astrologer:Glimpse"],"picked":"astrologer:Trine","floor":6},{"not_picked":["astrologer:CometStrike","astrologer:Retelling","Wallop"],"picked":"astrologer:MeteorShower","floor":7},{"not_picked":["Pummel","astrologer:TheHierophant","FollowUp"],"picked":"astrologer:CrystalBall","floor":8},{"not_picked":["astrologer:FrozenStar","astrologer:Conjunction","Heavy Blade","Replay:Hum"],"picked":"SKIP","floor":10},{"not_picked":["astrologer:TheStar","Twin Strike","PathToVictory"],"picked":"astrologer:FrozenStar","floor":11},{"not_picked":["astrologer:WheelofFortune","Twin Strike","InnerPeace"],"picked":"astrologer:Confirmation","floor":13},{"not_picked":["astrologer:MeteorShower","astrologer:Stardust","Tantrum"],"picked":"astrologer:Eclipse","floor":15},{"not_picked":["astrologer:TheChariot","astrologer:TheWorld","Establishment"],"picked":"Limit Break","floor":16},{"not_picked":["astrologer:ReadTheStars","astrologer:Prestidigitation","Worship"],"picked":"astrologer:MeteorShower+1","floor":18},{"not_picked":["astrologer:Judgement","astrologer:Moonlight","astrologer:Eclipse"],"picked":"WaveOfTheHand","floor":20},{"not_picked":["astrologer:ReadTheStars","astrologer:CosmicExpanse","Replay:ManipulateFuture"],"picked":"astrologer:Confirmation+1","floor":22}],"player_experience":90280,"relics_obtained":[{"floor":6,"key":"hubris:DisguiseKit"},{"floor":8,"key":"Orichalcum"},{"floor":9,"key":"Matryoshka"},{"floor":13,"key":"Dream Catcher"},{"floor":22,"key":"jedi:HeartOfTheCards"},{"floor":22,"key":"Replay:Bandana"}],"event_choices":[],"is_beta":false,"boss_relics":[{"not_picked":["aspiration:FutureDiary","Tiny House"],"picked":"Velvet Choker"}],"items_purged_floors":[],"is_endless":false,"potions_floor_spawned":[1,2,6,11,16],"killed_by":"Gensokyo:Tenshi","ascension_level":3}}