{"host":"f55lpzc7830gmx23","time":1607704731,"event":{"mods":["BaseMod","Better Note","Downfall","Hermit","Minty Spire (QoL Compilation)","StSLib","The Blackbeard","The Cursed","The Necromancer"],"gold_per_floor":[114,80,7,7,27,62,62,122,149,188,219,219,258,310,310,360,360,360],"floor_reached":16,"playtime":1222,"items_purged":[],"score":144,"play_id":"e4ed8c5f-60c0-47e5-9e23-7cd46ce50367","local_time":"20201211173851","is_ascension_mode":true,"campfire_choices":[{"data":"blackbeard:BoostMorale","floor":7,"key":"SMITH"},{"floor":15,"key":"REST"}],"circlet_count":0,"master_deck":["blackbeard:BlackbeardStrike","blackbeard:BlackbeardStrike","blackbeard:BlackbeardStrike","blackbeard:BlackbeardStrike","blackbeard:IntimidatingStrike","blackbeard:BlackbeardDefend","blackbeard:BlackbeardDefend","blackbeard:BlackbeardDefend+1","blackbeard:BlackbeardDefend","blackbeard:Cutlass+1","blackbeard:Scrap","blackbeard:BrownPants","blackbeard:WeaponProficiency","blackbeard:BoostMorale+1","blackbeard:CloakAndCannonball","blackbeard:Cutlass","blackbeard:CloakAndCannonball","blackbeard:Bandana","blackbeard:Spear","blackbeard:FieryDefense","blackbeard:BountyHunter","blackbeard:Sword","blackbeard:GoldenCannonball"],"relics":["blackbeard:LoadTheCannons","War Paint","Smiling Mask","Nunchaku","Lantern","Sundial","Happy Flower"],"acts_visited":["Exordium"],"potions_floor_usage":[8,14],"damage_taken":[{"damage":0,"enemies":"Cultist","floor":1,"turns":3},{"damage":0,"enemies":"Jaw Worm","floor":5,"turns":3},{"damage":30,"enemies":"Lagavulin","floor":6,"turns":9},{"damage":18,"enemies":"Gremlin Nob","floor":8,"turns":4},{"damage":0,"enemies":"Small Slimes","floor":10,"turns":3},{"damage":2,"enemies":"Gremlin Gang","floor":11,"turns":5},{"damage":7,"enemies":"Exordium Wildlife","floor":13,"turns":3},{"damage":10,"enemies":"Lagavulin","floor":14,"turns":7},{"damage":37,"enemies":"Hexaghost","floor":16,"turns":13}],"seed_played":"-2523572626766417967","potions_obtained":[{"floor":6,"key":"PowerPotion"},{"floor":10,"key":"Swift Potion"},{"floor":11,"key":"SneckoOil"},{"floor":13,"key":"Explosive Potion"}],"is_trial":false,"path_per_floor":["M","$","$","?","M","E","R","E","T","M","M","?","M","E","R","B"],"character_chosen":"BLACKBEARD_CLASS","items_purchased":["blackbeard:BrownPants","blackbeard:WeaponProficiency"],"campfire_rested":1,"item_purchase_floors":[2,3],"current_hp_per_floor":[75,75,75,75,75,45,45,27,27,27,25,25,18,8,30,0,0,0],"gold":360,"neow_bonus":"RANDOM_COMMON_RELIC","is_daily":false,"chose_seed":false,"campfire_upgraded":1,"win_rate":0.0,"timestamp":1607704731,"path_taken":["M","?","$","?","M","E","R","E","T","M","?","?","?","E","R","BOSS"],"items_purchased_type":["Card","Card"],"build_version":"2020-11-30","purchased_purges":0,"victory":false,"max_hp_per_floor":[75,75,75,75,75,75,75,75,75,75,75,75,75,75,75,75,75,75],"card_choices":[{"not_picked":["blackbeard:TacticalRetreat","blackbeard:VengefulSpirit"],"picked":"blackbeard:Scrap","floor":1},{"not_picked":["blackbeard:FieryDefense","blackbeard:GoldenDefense"],"picked":"blackbeard:CloakAndCannonball","floor":5},{"not_picked":["blackbeard:Dagger","blackbeard:GoldenStrike"],"picked":"blackbeard:Bandana","floor":6},{"not_picked":["blackbeard:BlindAttacks","blackbeard:Boarding"],"picked":"blackbeard:Spear","floor":8},{"not_picked":["blackbeard:Revenge","blackbeard:SwordDance"],"picked":"blackbeard:FieryDefense","floor":10},{"not_picked":["blackbeard:TacticalRetreat","blackbeard:Boarding"],"picked":"blackbeard:BountyHunter","floor":11},{"not_picked":["blackbeard:DelayedPain","blackbeard:FieryDefense"],"picked":"blackbeard:Sword","floor":13},{"not_picked":["blackbeard:Toast","blackbeard:FishingNets"],"picked":"blackbeard:GoldenCannonball","floor":14}],"player_experience":384632,"relics_obtained":[{"floor":6,"key":"Smiling Mask"},{"floor":8,"key":"Nunchaku"},{"floor":9,"key":"Lantern"},{"floor":14,"key":"Happy Flower"}],"event_choices":[{"damage_healed":0,"gold_gain":0,"player_choice":"3 cards matched","damage_taken":0,"max_hp_gain":0,"max_hp_loss":0,"event_name":"Match and Keep!","floor":4,"gold_loss":0,"cards_obtained":["blackbeard:BoostMorale","blackbeard:CloakAndCannonball","blackbeard:Cutlass"]},{"damage_healed":0,"gold_gain":0,"player_choice":"Gave Potion","damage_taken":0,"relics_obtained":["Sundial"],"max_hp_gain":0,"max_hp_loss":0,"event_name":"WeMeetAgain","floor":12,"gold_loss":0}],"is_beta":false,"boss_relics":[],"items_purged_floors":[],"is_endless":false,"potions_floor_spawned":[6,10,11,13],"killed_by":"Hexaghost","ascension_level":4}}