{"host":"nmjik3bzoelmmajy","time":1607645082,"event":{"mods":["BaseMod","Better Third Choice","Colored Map","DeckTracker","Minty Spire (QoL Compilation)","Quick Restart","Say the Spire","StSLib","SuperFastMode"],"gold_per_floor":[118,134,146,146,157,182,182,209,254,254,254,264,295,309,309,388,388,398,244,263,280,298,298,328,339,365,395,395,395,406,418,418,492,492,509,509,509,526,506,539,539,568,568,568,584,599,50,50,50,50,50],"floor_reached":50,"playtime":2623,"items_purged":["Strike_G","Strike_G"],"score":1056,"play_id":"dd5b72f3-1e7b-4b5d-a5c4-fcf8864654c2","local_time":"20201211090442","is_ascension_mode":true,"campfire_choices":[{"data":"Cloak And Dagger","floor":7.0,"key":"SMITH"},{"floor":10.0,"key":"REST"},{"data":"A Thousand Cuts","floor":15.0,"key":"SMITH"},{"data":"Neutralize","floor":23.0,"key":"SMITH"},{"floor":32.0,"key":"REST"},{"data":"Footwork","floor":41.0,"key":"SMITH"},{"data":"Storm of Steel","floor":44.0,"key":"SMITH"},{"floor":49,"key":"REST"}],"circlet_count":0,"master_deck":["AscendersBane","Strike_G","Strike_G","Strike_G","Defend_G","Defend_G","Defend_G","Defend_G","Defend_G","Survivor","Neutralize+1","Cloak And Dagger+1","Quick Slash","Terror","Blur+1","A Thousand Cuts+1","Blade Dance","Backstab","Storm of Steel+1","Blade Dance+1","Caltrops","Accuracy+1","PiercingWail","Dagger Throw+1","Acrobatics","Blade Dance+1","Ghostly+1","Ghostly+1","Ghostly+1","Footwork+1","Burst+1","Acrobatics+1","Venomology+1","Accuracy+1","Footwork+1","Footwork+1","Prepared+1","Cloak And Dagger+1"],"relics":["Ring of the Snake","PreservedInsect","Ice Cream","Bottled Flame","Bag of Marbles","Juzu Bracelet","The Specimen","Cursed Key","Sundial","Omamori","Toxic Egg 2","Calling Bell","Smiling Mask","Frozen Egg 2","Tough Bandages","Singing Bowl","Strawberry","Gremlin Horn","Mercury Hourglass"],"acts_visited":["TheCity","TheBeyond"],"potions_floor_usage":[50,50,50],"damage_taken":[{"damage":2.0,"enemies":"Jaw Worm","floor":1.0,"turns":7.0},{"damage":5.0,"enemies":"Cultist","floor":2.0,"turns":5.0},{"damage":0.0,"enemies":"2 Louse","floor":3.0,"turns":3.0},{"damage":3.0,"enemies":"Looter","floor":5.0,"turns":4.0},{"damage":25.0,"enemies":"Gremlin Nob","floor":6.0,"turns":4.0},{"damage":21.0,"enemies":"Lagavulin","floor":8.0,"turns":6.0},{"damage":1.0,"enemies":"Gremlin Gang","floor":12.0,"turns":5.0},{"damage":19.0,"enemies":"Gremlin Nob","floor":13.0,"turns":4.0},{"damage":0.0,"enemies":"3 Louse","floor":14.0,"turns":1.0},{"damage":20.0,"enemies":"Slime Boss","floor":16.0,"turns":7.0},{"damage":14.0,"enemies":"Spheric Guardian","floor":18.0,"turns":4.0},{"damage":7.0,"enemies":"3 Byrds","floor":20.0,"turns":2.0},{"damage":1.0,"enemies":"3 Cultists","floor":21.0,"turns":4.0},{"damage":6.0,"enemies":"Centurion and Healer","floor":22.0,"turns":5.0},{"damage":7.0,"enemies":"Slavers","floor":24.0,"turns":3.0},{"damage":0.0,"enemies":"Snecko","floor":25.0,"turns":3.0},{"damage":27.0,"enemies":"Gremlin Leader","floor":27.0,"turns":4.0},{"damage":0.0,"enemies":"Shelled Parasite and Fungi","floor":30.0,"turns":2.0},{"damage":2.0,"enemies":"3 Cultists","floor":31.0,"turns":4.0},{"damage":7.0,"enemies":"Champ","floor":33.0,"turns":9.0},{"damage":22.0,"enemies":"3 Darklings","floor":35.0,"turns":5.0},{"damage":0.0,"enemies":"3 Shapes","floor":38.0,"turns":8.0},{"damage":0.0,"enemies":"Reptomancer","floor":40.0,"turns":6.0},{"damage":7.0,"enemies":"Giant Head","floor":42.0,"turns":6.0},{"damage":17.0,"enemies":"Maw","floor":45.0,"turns":6.0},{"damage":0.0,"enemies":"Sphere and 2 Shapes","floor":46.0,"turns":3.0},{"damage":31,"enemies":"Donu and Deca","floor":50,"turns":7}],"seed_played":"-4423129205713862397","potions_obtained":[{"floor":3.0,"key":"DuplicationPotion"},{"floor":6.0,"key":"LiquidMemories"},{"floor":8.0,"key":"BlessingOfTheForge"},{"floor":12.0,"key":"EssenceOfSteel"},{"floor":13.0,"key":"SteroidPotion"},{"floor":14.0,"key":"Regen Potion"},{"floor":18.0,"key":"Regen Potion"},{"floor":21.0,"key":"BlessingOfTheForge"},{"floor":24.0,"key":"EntropicBrew"},{"floor":27.0,"key":"Energy Potion"},{"floor":33.0,"key":"EssenceOfSteel"},{"floor":39.0,"key":"Regen Potion"},{"floor":40.0,"key":"ColorlessPotion"},{"floor":45.0,"key":"SteroidPotion"},{"floor":46.0,"key":"Poison Potion"}],"is_trial":false,"path_per_floor":["M","M","M","?","M","E","R","E","T","R","?","M","E","M","R","B",null,"M","$","M","M","M","R","E","M","T","E","?","?","M","M","R","B",null,"M","?","?","M","?","E","R","E","T","R","M","M","$","?","R","B"],"character_chosen":"THE_SILENT","items_purchased":["Caltrops","Footwork+1","CultistPotion","Mercury Hourglass","Prepared+1","Cloak And Dagger+1"],"campfire_rested":3,"item_purchase_floors":[19,47,47,47,47,47],"current_hp_per_floor":[57,52,52,52,49,24,24,3,3,22,44,43,24,24,24,19,54,40,40,33,44,38,38,31,31,31,4,4,4,4,2,11,4,26,4,4,4,4,4,21,21,21,21,21,4,4,4,4,16,0,0],"gold":50,"neow_bonus":"RANDOM_COMMON_RELIC","is_daily":false,"chose_seed":false,"campfire_upgraded":5,"win_rate":0.0,"timestamp":1607645082,"path_taken":["M","M","M","?","?","E","R","E","T","R","?","M","E","M","R","BOSS","M","$","M","M","M","R","E","M","T","E","?","?","M","M","R","BOSS","M","?","?","M","?","E","R","E","T","R","M","M","$","?","R","BOSS"],"items_purchased_type":["Card","Undefined","Potion","Relic","Undefined","Undefined"],"build_version":"2020-11-30","purchased_purges":2,"victory":false,"max_hp_per_floor":[66,66,66,66,66,66,66,66,66,66,66,66,66,66,66,66,66,66,66,66,66,66,66,66,66,66,66,66,33,33,33,33,33,33,33,33,31,31,31,33,33,40,40,40,40,40,40,40,40,40,40],"card_choices":[{"not_picked":["Dagger Throw","Bouncing Flask"],"picked":"Cloak And Dagger","floor":1.0},{"not_picked":["Bane","Deadly Poison"],"picked":"Quick Slash","floor":2.0},{"not_picked":["Dash","Catalyst"],"picked":"Terror","floor":3.0},{"not_picked":["Masterful Stab","Deflect","Deadly Poison"],"picked":"SKIP","floor":5.0},{"not_picked":["Poisoned Stab","Dash"],"picked":"Blur","floor":6.0},{"not_picked":["Poisoned Stab","Quick Slash"],"picked":"A Thousand Cuts","floor":8.0},{"not_picked":["Endless Agony","Heel Hook"],"picked":"Blade Dance","floor":12.0},{"not_picked":["A Thousand Cuts","Underhanded Strike","Expertise"],"picked":"SKIP","floor":13.0},{"not_picked":["Dodge and Roll","Quick Slash"],"picked":"Backstab","floor":14.0},{"not_picked":["Doppelganger","Malaise"],"picked":"Storm of Steel","floor":16.0},{"not_picked":["Predator","Prepared"],"picked":"Blade Dance+1","floor":18.0},{"not_picked":["Blade Dance","Backflip"],"picked":"Accuracy+1","floor":20.0},{"not_picked":["Quick Slash","Underhanded Strike"],"picked":"PiercingWail","floor":21.0},{"not_picked":["Sucker Punch","PiercingWail"],"picked":"Dagger Throw+1","floor":22.0},{"not_picked":["Catalyst","Deadly Poison+1","Die Die Die"],"picked":"SKIP","floor":24.0},{"not_picked":["Quick Slash","Distraction"],"picked":"Acrobatics","floor":25.0},{"not_picked":["Dodge and Roll+1","Slice"],"picked":"Blade Dance+1","floor":27.0},{"not_picked":["Underhanded Strike","Deflect+1"],"picked":"Footwork","floor":30.0},{"not_picked":["Riddle With Holes","Dagger Throw","Poisoned Stab"],"picked":"SKIP","floor":31.0},{"not_picked":["Venomology+1","Glass Knife"],"picked":"Burst+1","floor":33.0},{"not_picked":["Noxious Fumes+1","Underhanded Strike+1"],"picked":"Acrobatics+1","floor":35.0},{"not_picked":["Dagger Spray","Deadly Poison+1","Blade Dance+1"],"picked":"SKIP","floor":38.0},{"not_picked":["Acrobatics+1","Setup+1","Dagger Spray+1"],"picked":"Singing Bowl","floor":40.0},{"not_picked":["Riddle With Holes","Flying Knee"],"picked":"Venomology+1","floor":42.0},{"not_picked":["PiercingWail+1","Backstab+1"],"picked":"Accuracy+1","floor":45.0},{"not_picked":["Cloak And Dagger+1","Choke"],"picked":"Footwork+1","floor":46.0}],"player_experience":795608,"relics_obtained":[{"floor":6.0,"key":"Bottled Flame"},{"floor":8.0,"key":"Bag of Marbles"},{"floor":9.0,"key":"Juzu Bracelet"},{"floor":13.0,"key":"The Specimen"},{"floor":24.0,"key":"Sundial"},{"floor":26.0,"key":"Omamori"},{"floor":27.0,"key":"Toxic Egg 2"},{"floor":34.0,"key":"Smiling Mask"},{"floor":34.0,"key":"Frozen Egg 2"},{"floor":34.0,"key":"Tough Bandages"},{"floor":40.0,"key":"Singing Bowl"},{"floor":42.0,"key":"Strawberry"},{"floor":43.0,"key":"Gremlin Horn"}],"event_choices":[{"damage_healed":0.0,"max_hp_gain":0.0,"max_hp_loss":0.0,"gold_gain":0.0,"event_name":"WeMeetAgain","player_choice":"Gave Potion","floor":4.0,"gold_loss":0.0,"damage_taken":0.0,"relics_obtained":["Ice Cream"]},{"damage_healed":22.0,"max_hp_gain":0.0,"max_hp_loss":0.0,"gold_gain":0.0,"event_name":"Big Fish","player_choice":"Banana","floor":11.0,"gold_loss":0.0,"damage_taken":0.0},{"damage_healed":0.0,"max_hp_gain":0.0,"max_hp_loss":0.0,"gold_gain":0.0,"event_name":"Cursed Tome","player_choice":"Ignored","floor":28.0,"gold_loss":0.0,"damage_taken":0.0},{"damage_healed":0.0,"max_hp_gain":0.0,"max_hp_loss":33.0,"gold_gain":0.0,"event_name":"Ghosts","player_choice":"Became a Ghost","floor":29.0,"gold_loss":0.0,"damage_taken":0.0,"cards_obtained":["Ghostly","Ghostly","Ghostly"]},{"cards_removed":["Regret"],"damage_healed":0.0,"max_hp_gain":0.0,"max_hp_loss":0.0,"gold_gain":0.0,"event_name":"Purifier","player_choice":"Purged","floor":36.0,"gold_loss":0.0,"damage_taken":0.0},{"damage_healed":0.0,"max_hp_gain":0.0,"max_hp_loss":2.0,"gold_gain":0.0,"event_name":"Winding Halls","player_choice":"Max HP","floor":37.0,"gold_loss":0.0,"damage_taken":0.0},{"damage_healed":0.0,"max_hp_gain":0.0,"max_hp_loss":0.0,"gold_gain":0.0,"event_name":"The Woman in Blue","player_choice":"Bought 1 Potion","floor":39.0,"gold_loss":0.0,"damage_taken":0.0},{"damage_healed":0,"gold_gain":0,"player_choice":"Forge","damage_taken":0,"max_hp_gain":0,"max_hp_loss":0,"event_name":"Accursed Blacksmith","floor":48,"gold_loss":0,"cards_upgraded":["Blur"]}],"is_beta":false,"boss_relics":[{"not_picked":["Ectoplasm","Sozu"],"picked":"Cursed Key"},{"not_picked":["Ring of the Serpent","HoveringKite"],"picked":"Calling Bell"}],"items_purged_floors":[19,47],"is_endless":false,"potions_floor_spawned":[3,6,8,12,13,14,18,21,24,27,30,33,40,45,46],"killed_by":"Donu and Deca","ascension_level":15}}