{"host":"turdyikuxcak11ni","time":1607703485,"event":{"mods":["AchievementEnabler","BaseMod","Colored Map","Minty Spire (QoL Compilation)","Spicy Shops","StSLib","SuperFastMode"],"gold_per_floor":[117,137,137,4,17,17,48,48,48,67,94,114,145,160,160,264,264,276,14,289,302,50,50,50,69,148,166,41,61,93,109,109,109,109],"floor_reached":33,"playtime":1489,"items_purged":["Strike_P","Regret","Strike_P"],"score":328,"play_id":"224abf2e-0bfa-4744-9ead-98d6c935dcd8","local_time":"20201211081805","is_ascension_mode":true,"campfire_choices":[{"data":"EmptyBody","floor":6,"key":"SMITH"},{"data":"Eruption","floor":8,"key":"SMITH"},{"floor":15,"key":"REST"},{"data":"BattleHymn","floor":23,"key":"SMITH"},{"floor":32,"key":"REST"}],"circlet_count":0,"master_deck":["Strike_P","Strike_P","Defend_P","Defend_P","Defend_P","Defend_P","Eruption+1","Vigilance","FollowUp","EmptyBody+1","FollowUp","FollowUp","Halt+1","SandsOfTime","BattleHymn+1","FollowUp","Alpha","FollowUp"],"relics":["PureWater","Oddly Smooth Stone","Pen Nib","Gremlin Horn","Art of War","Cursed Key","Bottled Flame","Omamori","Nloth\u0027s Gift","Mercury Hourglass","Ice Cream"],"acts_visited":["Exordium","TheCity"],"potions_floor_usage":[7,12,16,27,29,30,30,31],"damage_taken":[{"damage":0,"enemies":"2 Louse","floor":1,"turns":2},{"damage":0,"enemies":"Cultist","floor":2,"turns":2},{"damage":0,"enemies":"Jaw Worm","floor":5,"turns":3},{"damage":21,"enemies":"Lagavulin","floor":7,"turns":7},{"damage":0,"enemies":"Gremlin Gang","floor":10,"turns":6},{"damage":18,"enemies":"3 Sentries","floor":11,"turns":10},{"damage":6,"enemies":"Exordium Wildlife","floor":12,"turns":5},{"damage":12,"enemies":"Lagavulin","floor":13,"turns":5},{"damage":0,"enemies":"2 Fungi Beasts","floor":14,"turns":2},{"damage":33,"enemies":"The Guardian","floor":16,"turns":5},{"damage":0,"enemies":"3 Byrds","floor":18,"turns":5},{"damage":2,"enemies":"Spheric Guardian","floor":21,"turns":3},{"damage":0,"enemies":"Cultist and Chosen","floor":25,"turns":4},{"damage":14,"enemies":"Centurion and Healer","floor":27,"turns":7},{"damage":18,"enemies":"Shelled Parasite and Fungi","floor":29,"turns":4},{"damage":41,"enemies":"Gremlin Leader","floor":30,"turns":5},{"damage":0,"enemies":"3 Cultists","floor":31,"turns":4},{"damage":94,"enemies":"Automaton","floor":33,"turns":6}],"seed_played":"1145035651076820226","potions_obtained":[{"floor":2,"key":"DuplicationPotion"},{"floor":7,"key":"Explosive Potion"},{"floor":10,"key":"GamblersBrew"},{"floor":11,"key":"Regen Potion"},{"floor":13,"key":"SkillPotion"},{"floor":25,"key":"Regen Potion"},{"floor":27,"key":"Block Potion"},{"floor":29,"key":"Swift Potion"}],"is_trial":false,"path_per_floor":["M","M","?","$","M","R","E","R","T","M","E","M","E","M","R","B",null,"M","$","?","M","$","R","?","M","T","M","$","M","E","M","R","B"],"character_chosen":"WATCHER","items_purchased":["EmptyBody","Bottled Flame","Omamori"],"campfire_rested":2,"item_purchase_floors":[4,19,22],"current_hp_per_floor":[72,72,72,72,72,72,51,51,51,51,33,41,29,29,50,17,72,72,72,72,70,70,70,70,70,70,70,70,52,11,11,32,0,0],"gold":109,"neow_bonus":"RANDOM_COMMON_RELIC","is_daily":false,"chose_seed":false,"campfire_upgraded":3,"win_rate":0.0,"timestamp":1607703485,"path_taken":["M","M","?","$","M","R","E","R","T","M","E","?","E","?","R","BOSS","M","$","?","M","?","R","?","M","T","?","$","M","E","M","R","BOSS"],"items_purchased_type":["Card","Relic","Relic"],"build_version":"2020-11-30","purchased_purges":3,"victory":false,"max_hp_per_floor":[72,72,72,72,72,72,72,72,72,72,72,72,72,72,72,72,72,72,72,72,72,72,72,72,72,72,72,72,72,72,72,72,72,72],"card_choices":[{"not_picked":["CutThroughFate","Consecrate"],"picked":"FollowUp","floor":1},{"not_picked":["EmptyMind","Protect"],"picked":"Vengeance","floor":2},{"not_picked":["ThirdEye","EmptyBody"],"picked":"FollowUp","floor":5},{"not_picked":["EmptyFist","Adaptation","Protect"],"picked":"SKIP","floor":7},{"not_picked":["BowlingBash","CrushJoints"],"picked":"FollowUp","floor":10},{"not_picked":["ClearTheMind+1","Prostrate+1"],"picked":"Halt+1","floor":11},{"not_picked":["Prostrate+1","Wish+1"],"picked":"SandsOfTime","floor":12},{"not_picked":["WindmillStrike","MentalFortress"],"picked":"BattleHymn","floor":13},{"not_picked":["ThirdEye+1","CrushJoints"],"picked":"FollowUp","floor":14},{"not_picked":["ClearTheMind+1","EmptyFist","CutThroughFate"],"picked":"SKIP","floor":18},{"not_picked":["ClearTheMind+1","Collect+1","PathToVictory+1"],"picked":"SKIP","floor":21},{"not_picked":["ClearTheMind","EmptyBody","Halt"],"picked":"SKIP","floor":25},{"not_picked":["ThirdEye","LikeWater"],"picked":"Alpha","floor":27},{"not_picked":["WreathOfFlame+1","Conclude","WaveOfTheHand+1"],"picked":"SKIP","floor":29},{"not_picked":["Worship","Study","Ragnarok"],"picked":"SKIP","floor":30},{"not_picked":["BowlingBash","Evaluate"],"picked":"FollowUp","floor":31}],"player_experience":205246,"relics_obtained":[{"floor":7,"key":"Pen Nib"},{"floor":9,"key":"Toxic Egg 2"},{"floor":11,"key":"Gremlin Horn"},{"floor":13,"key":"Art of War"},{"floor":26,"key":"Mercury Hourglass"},{"floor":30,"key":"Ice Cream"}],"event_choices":[{"cards_removed":["Vengeance"],"damage_healed":0,"gold_gain":0,"player_choice":"Offered Uncommon","damage_taken":0,"max_hp_gain":0,"max_hp_loss":0,"event_name":"Bonfire Elementals","floor":3,"gold_loss":0},{"damage_healed":0,"gold_gain":275,"player_choice":"Desecrate","damage_taken":0,"max_hp_gain":0,"max_hp_loss":0,"event_name":"Golden Shrine","floor":20,"gold_loss":0,"cards_obtained":["Regret"]},{"damage_healed":0,"gold_gain":0,"player_choice":"Traded Relic","damage_taken":0,"relics_obtained":["Nloth\u0027s Gift"],"max_hp_gain":0,"max_hp_loss":0,"event_name":"N\u0027loth","floor":24,"relics_lost":["Toxic Egg 2"],"gold_loss":0}],"is_beta":false,"boss_relics":[{"not_picked":["Sozu","Philosopher\u0027s Stone"],"picked":"Cursed Key"}],"items_purged_floors":[4,22,28],"is_endless":false,"potions_floor_spawned":[2,7,10,11,13,25,27,29],"killed_by":"Automaton","ascension_level":1}}