{"host":"sqkk9o2m8hbeeiah","time":1607697318,"event":{"mods":["AchievementEnabler","Astrologer","BaseMod","Better Note","Minty Spire (QoL Compilation)","Permanent Neow","Quick Restart","Replay The Spire","Somnambulant","StSLib","The Construct","Trackpad","Waifu the Spire"],"gold_per_floor":[114,114,129,144,319,349,364,379,379,394,394,18,33,33,33,33,33,133,183,198,258,258,273,23,23,38,38,38,63,63,78,93,123,123,223,223,238,238,238,37,37,37,67,82,82,97,112,112,112],"floor_reached":48,"playtime":2855,"items_purged":[],"score":557,"play_id":"caf89691-9cad-4814-beb3-f13781e58da8","local_time":"20201212013518","daily_mods":["Heirloom","Diverse","DeadlyEvents"],"is_ascension_mode":false,"campfire_choices":[{"floor":11,"key":"REST"},{"floor":17,"key":"REST"},{"floor":25,"key":"REST"},{"floor":27,"key":"REST"},{"floor":30,"key":"REST"},{"floor":34,"key":"REST"},{"floor":42,"key":"REST"}],"circlet_count":0,"master_deck":["somnambulantmod: SomnambulantStrike+1","somnambulantmod: SomnambulantStrike","somnambulantmod: SomnambulantStrike","somnambulantmod: SomnambulantStrike","somnambulantmod: SomnambulantStrike+1","somnambulantmod: Defend_Somnambulant+1","somnambulantmod: Defend_Somnambulant","somnambulantmod: Defend_Somnambulant+1","somnambulantmod: Defend_Somnambulant","somnambulantmod: Defend_Somnambulant","somnambulantmod: QuickNap","somnambulantmod: PrimingPunch+1","somnambulantmod: LeechFears+1","construct:ClusterMines","SignatureMove+1","Doubt","somnambulantmod: Blink","Footwork","Replay:Hum","Iron Wave+1","Backstab","construct:Anticipate","Corpse Explosion","astrologer:StarOfRegret","ReplayTheSpireMod:Splinters","Stack+1","Conserve Battery","somnambulantmod: Stimulus","Masterful Stab+1","SashWhip+1","Shockwave","Ball Lightning","Judgement","Run Through+1","Writhe","Consecrate","Worship","Auto Shields+1","Warcry+1","Turbo+1"],"relics":["somnambulantmod: DreamJournal","Calipers","Snack Pack","Ornamental Fan","StoneCalendar","Replay:Bottled Flurry","Tiny House","Replay:Ringing Soul","trackpad:ByrdBGone","StrikeDummy","Nunchaku","Anchor","Busted Crown","Akabeko","trackpad:CultistFigurine","White Beast Statue"],"acts_visited":["Exordium","TheCity","TheBeyond"],"potions_floor_usage":[8,18,20,20,35,43,46,47,48,48],"damage_taken":[{"damage":0,"enemies":"2 Louse","floor":1,"turns":3},{"damage":7,"enemies":"Small Slimes","floor":3,"turns":4},{"damage":11,"enemies":"Jaw Worm","floor":4,"turns":4},{"damage":43,"enemies":"Lagavulin","floor":6,"turns":8},{"damage":5,"enemies":"Looter","floor":7,"turns":3},{"damage":0,"enemies":"3 Louse","floor":8,"turns":2},{"damage":1,"enemies":"Large Slime","floor":10,"turns":7},{"damage":13,"enemies":"Lots of Slimes","floor":13,"turns":5},{"damage":11,"enemies":"Hexaghost","floor":18,"turns":9},{"damage":18,"enemies":"3 Byrds","floor":20,"turns":5},{"damage":31,"enemies":"Spheric Guardian","floor":23,"turns":7},{"damage":7,"enemies":"Chosen and Byrds","floor":26,"turns":4},{"damage":13,"enemies":"Centurion and Healer","floor":31,"turns":7},{"damage":6,"enemies":"Snecko","floor":32,"turns":5},{"damage":14,"enemies":"Replay:Snechameleon","floor":33,"turns":6},{"damage":116,"enemies":"Automaton","floor":35,"turns":13},{"damage":6,"enemies":"3 Shapes","floor":37,"turns":5},{"damage":62,"enemies":"Reptomancer","floor":43,"turns":7},{"damage":21,"enemies":"3 Darklings","floor":44,"turns":3},{"damage":0,"enemies":"Jaw Worm Horde","floor":46,"turns":3},{"damage":47,"enemies":"Transient","floor":47,"turns":5},{"damage":28,"enemies":"Maw","floor":48,"turns":6}],"seed_played":"-551933171069321123","potions_obtained":[{"floor":6,"key":"Toxic Potion"},{"floor":7,"key":"PowerPotion"},{"floor":18,"key":"LiquidBronze"},{"floor":19,"key":"Fruit Juice"},{"floor":20,"key":"FearPotion"},{"floor":21,"key":"Venom Potion"},{"floor":33,"key":"PowerPotion"},{"floor":35,"key":"Regen Potion"},{"floor":43,"key":"Reflective Coating"},{"floor":44,"key":"AttackPotion"},{"floor":46,"key":"Explosive Potion"},{"floor":47,"key":"Strength Potion"}],"is_trial":false,"path_per_floor":["M","?","M","M","?","E","M","M","T","M","R","$","M","PTL","PTL","T","R","B",null,"M","?","?","M","$","R","M","R","T","T","R","M","M","E","R","B",null,"M","?","?","$","?","R","E","M","T","M","M","M"],"character_chosen":"THE_SOMNAMBULANT","items_purchased":["StoneCalendar","Backstab","trackpad:ByrdBGone","Akabeko","Consecrate"],"campfire_rested":7,"item_purchase_floors":[12,12,24,40,40],"current_hp_per_floor":[70,70,63,52,52,9,6,6,6,5,28,28,17,17,17,17,40,37,79,68,71,74,46,46,75,73,100,100,100,102,94,93,82,113,8,116,113,113,122,125,125,127,73,55,55,62,22,0,0],"gold":112,"neow_bonus":"","is_daily":true,"chose_seed":false,"campfire_upgraded":0,"win_rate":0.0,"timestamp":1607697318,"path_taken":["M","?","M","M","?","E","?","M","T","M","R","$","M","PTL","PTL","?","R","BOSS","M","?","?","M","$","R","M","R","T","?","R","?","M","?","R","BOSS","M","?","?","$","?","R","?","M","T","M","M","M"],"items_purchased_type":["Relic","Card","Relic","Relic","Card"],"build_version":"2020-11-30","purchased_purges":0,"victory":false,"max_hp_per_floor":[70,70,70,70,70,70,70,70,70,70,72,72,72,72,72,72,74,74,79,84,87,90,93,93,95,98,100,100,100,102,105,108,111,113,116,116,119,119,122,125,125,127,130,133,133,136,139,139,139],"card_choices":[{"not_picked":["Beam Cell","construct:Analyze"],"picked":"somnambulantmod: LeechFears","floor":1},{"not_picked":["EmptyFist","Concentrate"],"picked":"construct:ClusterMines","floor":3},{"not_picked":["astrologer:TheLovers","construct:ReactiveShield"],"picked":"SignatureMove","floor":4},{"not_picked":["Replay:Cycle","construct:OmegaCannon"],"picked":"somnambulantmod: Blink","floor":6},{"not_picked":["Predator","Quick Slash"],"picked":"Footwork","floor":7},{"not_picked":["WindmillStrike","Stack"],"picked":"Replay:Hum","floor":8},{"not_picked":["Prepared","Thunder Strike"],"picked":"Iron Wave","floor":10},{"not_picked":["FlurryOfBlows","FearNoEvil"],"picked":"construct:Anticipate","floor":13},{"not_picked":["ReplayTheSpireMod:Fabricate Wheel","Buffer"],"picked":"Corpse Explosion","floor":18},{"not_picked":["ForeignInfluence","astrologer:FrozenStar"],"picked":"astrologer:StarOfRegret","floor":19},{"not_picked":["Twin Strike","construct:Reinforce"],"picked":"somnambulantmod: BadIdea","floor":20},{"not_picked":["astrologer:CometStrike","Setup"],"picked":"Stack","floor":21},{"not_picked":["astrologer:Moonlight","PiercingWail"],"picked":"somnambulantmod: Stimulus","floor":23},{"not_picked":["FearNoEvil","Reflex"],"picked":"Masterful Stab+1","floor":26},{"not_picked":["astrologer:SolarFlare","astrologer:SpaceDust+1"],"picked":"SashWhip+1","floor":31},{"not_picked":["Stack","Redo"],"picked":"Shockwave","floor":32},{"not_picked":["FlyingSleeves","somnambulantmod: Damping"],"picked":"Ball Lightning","floor":33},{"not_picked":["Impervious","construct:ShieldBurst"],"picked":"Judgement","floor":35},{"not_picked":[],"picked":"Run Through+1","floor":37},{"not_picked":[],"picked":"Worship","floor":43},{"not_picked":[],"picked":"Auto Shields+1","floor":44},{"not_picked":[],"picked":"Warcry+1","floor":46},{"not_picked":[],"picked":"Turbo+1","floor":47}],"player_experience":782736,"relics_obtained":[{"floor":6,"key":"Snack Pack"},{"floor":9,"key":"Ornamental Fan"},{"floor":16,"key":"Replay:Bottled Flurry"},{"floor":21,"key":"Replay:Ringing Soul"},{"floor":28,"key":"StrikeDummy"},{"floor":29,"key":"Nunchaku"},{"floor":33,"key":"Anchor"},{"floor":43,"key":"trackpad:CultistFigurine"},{"floor":45,"key":"White Beast Statue"}],"event_choices":[{"damage_healed":0,"gold_gain":0,"player_choice":"Grow","damage_taken":0,"max_hp_gain":0,"max_hp_loss":0,"event_name":"Living Wall","floor":2,"gold_loss":0,"cards_upgraded":["somnambulantmod: LeechFears"]},{"damage_healed":0,"gold_gain":175,"player_choice":"AGREE","damage_taken":0,"max_hp_gain":0,"max_hp_loss":0,"event_name":"Liars Game","floor":5,"gold_loss":0,"cards_obtained":["Doubt"]},{"damage_healed":0,"gold_gain":0,"player_choice":"Read","damage_taken":0,"max_hp_gain":0,"max_hp_loss":0,"event_name":"The Library","floor":22,"gold_loss":0,"cards_obtained":["Conserve Battery"]},{"cards_removed":["somnambulantmod: BadIdea"],"damage_healed":0,"gold_gain":0,"player_choice":"Removed Attack","damage_taken":0,"max_hp_gain":0,"max_hp_loss":0,"event_name":"Falling","floor":38,"gold_loss":0},{"damage_healed":30,"gold_gain":0,"player_choice":"Writhe","damage_taken":0,"max_hp_gain":0,"max_hp_loss":0,"event_name":"Winding Halls","floor":39,"gold_loss":0,"cards_obtained":["Writhe"]},{"damage_healed":0,"gold_gain":0,"player_choice":"Ignored","damage_taken":0,"max_hp_gain":0,"max_hp_loss":0,"event_name":"Mysterious Sphere","floor":41,"gold_loss":0}],"is_beta":false,"boss_relics":[{"not_picked":["Kintsugi","Abe\u0027s Treasure"],"picked":"Tiny House"},{"not_picked":["Empty Cage","Replay:Ancient Bell"],"picked":"Busted Crown"}],"items_purged_floors":[],"is_endless":false,"potions_floor_spawned":[6,7,18,20,31,33,35,43,44,46,47],"killed_by":"Maw","ascension_level":0}}