{"host":"kqqjvufdj6ouyvqb","time":1607687998,"event":{"mods":["BaseMod","HololiveMod","LagranYue(拉格朗・月)","Lobotomy","LobotomyExtend","Minty Spire (QoL Compilation)","Prisma Mod","Quick Restart","Replay The Spire","Shop Mod","StSLib","WarShipGirlsR/战舰少女R mod","[IsaacMod]以撒尖塔"],"gold_per_floor":[78,68,80,80,100,100,100,134,158,173,173,206,216,266,266,370,370,370,370],"floor_reached":18,"playtime":1662,"items_purged":[],"score":331,"play_id":"941811e2-1f76-4724-852d-ff73d9672fba","local_time":"20201211195958","is_ascension_mode":true,"campfire_choices":[{"data":"Hololive_HuntDinosaur","floor":7,"key":"SMITH"},{"data":"Hololive_StrengthChampion","floor":15,"key":"SMITH"}],"circlet_count":0,"master_deck":["Hololive_Strike","Hololive_Strike","Hololive_Strike","Hololive_Defend","Hololive_Defend","Hololive_Defend","Hololive_Defend","Hololive_Sequa","Hololive_Rebound+1","LaLuna","Hololive_HuntDinosaur+1","Bloodbath","Hololive_LuckPotion","MeatLantern","Hololive_OpenUp","QueenOfHatred","Hololive_ILoveYou","Pot Of Greed","Pot Of Greed","WallGazer","Scorched","Hololive_FlyingPonyTail","Hololive_StrengthChampion+1","Bomb","Pot Of Greed","BlackSwan","CrumblingArmor","Hololive_MaximGun"],"relics":["Hololive_TheStar","Hololive_OneManArmy","HushsDoor","CogitoBucket","RabbitCall","LetterFromLob","PillsDrop","Heaven_r","Vajra","Grinning Jar","Shuriken","FleshIdol","DeadEye","Pet Ghost","Hololive_Finger"],"acts_visited":["Exordium","TheCity"],"potions_floor_usage":[6],"damage_taken":[{"damage":0,"enemies":"Small Slimes","floor":1,"turns":2},{"damage":0,"enemies":"Jaw Worm","floor":3,"turns":3},{"damage":0,"enemies":"Cultist","floor":5,"turns":3},{"damage":19,"enemies":"Replay:BlueRogue","floor":6,"turns":4},{"damage":1,"enemies":"Replay:BlueRogue","floor":8,"turns":5},{"damage":0,"enemies":"2 Fungi Beasts","floor":10,"turns":2},{"damage":0,"enemies":"Lagavulin","floor":12,"turns":4},{"damage":8,"enemies":"Exordium Thugs","floor":13,"turns":8},{"damage":7,"enemies":"Hiden Room Battle","floor":14,"turns":3},{"damage":0,"enemies":"Slime Boss","floor":16,"turns":5},{"damage":100000008,"enemies":"Chosen","floor":18,"turns":3}],"seed_played":"3208575947666654070","potions_obtained":[{"floor":5,"key":"BlessingOfTheForge"},{"floor":16,"key":"FairyPotion"}],"is_trial":false,"path_per_floor":["M","?","M","?","M","E","R","E","T","M","?","E","M","?","R","B",null,"M"],"character_chosen":"Hololive_HololiveCharacter","items_purchased":[],"campfire_rested":0,"item_purchase_floors":[],"current_hp_per_floor":[35,35,35,35,38,19,19,23,23,29,29,36,28,21,21,24,33,0,0],"gold":370,"neow_bonus":"","is_daily":false,"chose_seed":false,"campfire_upgraded":2,"win_rate":0.0,"timestamp":1607687998,"path_taken":["M","?","?","?","M","E","R","E","T","M","?","E","M","?","R","BOSS","M"],"items_purchased_type":[],"build_version":"2020-11-30","purchased_purges":0,"victory":false,"max_hp_per_floor":[35,35,35,35,38,38,38,41,41,41,41,36,36,36,36,36,36,36,36],"card_choices":[{"not_picked":[],"picked":"SuicideKing","floor":0},{"not_picked":["CherryBlossoms","LongBird"],"picked":"LaLuna","floor":1},{"not_picked":["Hololive_CallYukihanaLamy","Hololive_CallAkiRosenthal","Hololive_CallSakuraMiko"],"picked":"Hololive_HuntDinosaur","floor":1},{"not_picked":["ShyLook","MeatLantern"],"picked":"Bloodbath","floor":3},{"not_picked":["Hololive_HuntDinosaur","Hololive_Psychosis","Hololive_CallCivia"],"picked":"Hololive_LuckPotion","floor":3},{"not_picked":["NakedNest","LongBird"],"picked":"MeatLantern","floor":5},{"not_picked":["Hololive_HuntDinosaur","Hololive_CallShirakamiFubuki","Hololive_Sequa"],"picked":"Hololive_OpenUp","floor":5},{"not_picked":["LittleHelper","CherryBlossoms"],"picked":"QueenOfHatred","floor":8},{"not_picked":["Hololive_LuckPotion","Hololive_Drill","Hololive_CallAmaneKanata"],"picked":"Hololive_ILoveYou","floor":8},{"not_picked":["Laetitia","CherryBlossoms"],"picked":"WallGazer","floor":10},{"not_picked":["Hololive_OvertimeWork","Hololive_CallHoushouMarine","Hololive_Drill"],"picked":"Bomb","floor":10},{"not_picked":["MHz","Variant"],"picked":"Scorched","floor":12},{"not_picked":["Hololive_CallHimemoriLuna","Hololive_CocoNews","Hololive_CallAyundaRisu"],"picked":"Hololive_FlyingPonyTail","floor":12},{"not_picked":["Hololive_CandyCastle","Hololive_RevenueBasedLive","Hololive_CallAyundaRisu"],"picked":"Hololive_StrengthChampion","floor":13},{"not_picked":["Hololive_Psychosis","Hololive_FlyingPonyTail","Hololive_CallAZKi"],"picked":"Bomb","floor":14},{"not_picked":["FairyFestival","MHz"],"picked":"BlackSwan","floor":14},{"not_picked":["SpiderBud","UniverseFragment"],"picked":"CrumblingArmor","floor":16},{"not_picked":["Hololive_DDD","Hololive_HighAtkLowDef","Hololive_AWSL"],"picked":"Hololive_MaximGun","floor":16}],"player_experience":151681,"relics_obtained":[{"floor":1,"key":"LetterFromLob"},{"floor":8,"key":"Vajra"},{"floor":9,"key":"Grinning Jar"},{"floor":12,"key":"Shuriken"},{"floor":14,"key":"DeadEye"},{"floor":14,"key":"Pet Ghost"}],"event_choices":[{"cards_removed":["Hololive_Strike"],"damage_healed":0,"gold_gain":0,"player_choice":"Purged","damage_taken":0,"max_hp_gain":0,"max_hp_loss":0,"event_name":"Purifier","floor":4,"gold_loss":0},{"damage_healed":0,"gold_gain":0,"player_choice":"Upgraded","damage_taken":0,"max_hp_gain":0,"max_hp_loss":0,"event_name":"Upgrade Shrine","floor":11,"gold_loss":0,"cards_upgraded":["Hololive_Rebound"]},{"damage_healed":0,"gold_gain":0,"player_choice":"Fight","damage_taken":0,"max_hp_gain":0,"max_hp_loss":0,"event_name":"HidenRoomEvent","floor":14,"gold_loss":0}],"is_beta":false,"boss_relics":[{"not_picked":["Astrolabe","Replay:Bronze Core"],"picked":"Hololive_Finger"},{"not_picked":[]}],"items_purged_floors":[],"is_endless":false,"potions_floor_spawned":[5,6,16],"killed_by":"Chosen","ascension_level":5}}