{"host":"kw4o7b3ro2ktmmbe","time":1607684681,"event":{"mods":["BaseMod","Minty Spire (QoL Compilation)","StSLib","TheBandit","Treasure Hunter"],"gold_per_floor":[185,196,196,207,220,247,261,261,261,83,83,161,161,173,173,173,173,173],"floor_reached":16,"playtime":1711,"items_purged":[],"score":102,"play_id":"06de9e07-9e78-43f2-99ed-edb786b2acdf","local_time":"20201212000441","is_ascension_mode":false,"campfire_choices":[{"data":"wariomod:Step","floor":8.0,"key":"PURGE"},{"data":"wariomod:GodlyGift","floor":13,"key":"SMITH"},{"data":"wariomod:ImFeelingLucky","floor":15,"key":"SMITH"}],"circlet_count":0,"master_deck":["wariomod:Strike","wariomod:Strike","wariomod:Strike+1","wariomod:Strike","wariomod:Defend","wariomod:Defend","wariomod:Defend","wariomod:Defend","wariomod:Leap","wariomod:ImFeelingLucky+1","wariomod:BigUpgrade","wariomod:SmackSlam","TH:BikiniMail","wariomod:GodlyGift+1","TH:BikiniMail","wariomod:TempestBlasts","TH:ArmorSpikes","wariomod:BodyBlock","wariomod:BodyBlock"],"relics":["Tiny House","Peace Pipe","Meat on the Bone","Prayer Wheel","Akabeko","Bottled Flame"],"acts_visited":["Exordium"],"potions_floor_usage":[16,16,16],"damage_taken":[{"damage":2.0,"enemies":"2 Louse","floor":1.0,"turns":3.0},{"damage":0.0,"enemies":"Cultist","floor":2.0,"turns":4.0},{"damage":2.0,"enemies":"Jaw Worm","floor":4.0,"turns":4.0},{"damage":14.0,"enemies":"3 Louse","floor":5.0,"turns":4.0},{"damage":22.0,"enemies":"3 Sentries","floor":6.0,"turns":5.0},{"damage":4.0,"enemies":"Red Slaver","floor":7.0,"turns":3.0},{"damage":10,"enemies":"Exordium Thugs","floor":14,"turns":3},{"damage":44,"enemies":"The Guardian","floor":16,"turns":8}],"seed_played":"-7971680938266287246","potions_obtained":[{"floor":0.0,"key":"BlessingOfTheForge"},{"floor":1.0,"key":"EssenceOfSteel"},{"floor":6.0,"key":"Explosive Potion"},{"floor":7.0,"key":"LiquidBronze"}],"is_trial":false,"path_per_floor":["M","M","?","M","M","E","M","R","T","$","?","T","R","M","R","B"],"character_chosen":"THE_BANDIT","items_purchased":["Akabeko","wariomod:TempestBlasts"],"campfire_rested":0,"item_purchase_floors":[10,10],"current_hp_per_floor":[83,83,83,81,67,45,53,53,53,53,53,53,53,43,43,0,0,0],"gold":173,"neow_bonus":"BOSS_RELIC","is_daily":false,"chose_seed":false,"campfire_upgraded":2,"win_rate":0.0,"timestamp":1607684681,"path_taken":["M","M","?","M","M","E","M","R","T","?","?","?","R","M","R","BOSS"],"items_purchased_type":["Relic","Card"],"build_version":"2020-11-30","purchased_purges":0,"victory":false,"max_hp_per_floor":[85,85,85,85,85,85,85,85,85,85,85,85,85,85,85,85,85,85],"card_choices":[{"not_picked":["wariomod:Game","wariomod:SilenceBombs"],"picked":"wariomod:ImFeelingLucky","floor":0.0},{"not_picked":["wariomod:ThatsNotAll","wariomod:SmallSprint","wariomod:Game"],"picked":"SKIP","floor":1.0},{"not_picked":["wariomod:SmackSlam","wariomod:CursedSpaces"],"picked":"wariomod:BigUpgrade","floor":2.0},{"not_picked":["wariomod:BoomBoom","wariomod:EmptyMind"],"picked":"wariomod:SmackSlam","floor":4.0},{"not_picked":["wariomod:OctoJump","wariomod:Smackflip","wariomod:ThatsNotAll"],"picked":"SKIP","floor":5.0},{"not_picked":["TH:PixieDust"],"picked":"TH:BikiniMail","floor":6.0},{"not_picked":["wariomod:DoubleDash","wariomod:BoomBoom"],"picked":"wariomod:GodlyGift","floor":6.0},{"not_picked":["wariomod:GreaterGuard","wariomod:DropBash","wariomod:EmptyMind"],"picked":"SKIP","floor":7.0},{"not_picked":["TH:TreasureMap"],"picked":"TH:BikiniMail","floor":9.0},{"not_picked":["TH:CopperCoins"],"picked":"TH:ArmorSpikes","floor":12},{"not_picked":["wariomod:Goblast","wariomod:SimpleShield"],"picked":"wariomod:BodyBlock","floor":14},{"not_picked":["wariomod:BoomBoom","wariomod:AwfulLook"],"picked":"wariomod:BodyBlock","floor":14}],"player_experience":1731382,"relics_obtained":[{"floor":3.0,"key":"Peace Pipe"},{"floor":6.0,"key":"Meat on the Bone"},{"floor":9.0,"key":"Prayer Wheel"},{"floor":12,"key":"Bottled Flame"}],"event_choices":[{"damage_healed":0.0,"max_hp_gain":0.0,"max_hp_loss":0.0,"gold_gain":0.0,"event_name":"Wheel of Change","player_choice":"Relic","floor":3.0,"gold_loss":0.0,"damage_taken":0.0},{"damage_healed":0,"gold_gain":0,"player_choice":"Searched \u00270\u0027 times","damage_taken":0,"max_hp_gain":0,"max_hp_loss":0,"event_name":"Dead Adventurer","floor":11,"gold_loss":0}],"is_beta":false,"boss_relics":[],"items_purged_floors":[],"is_endless":false,"potions_floor_spawned":[1,6,7],"killed_by":"The Guardian","ascension_level":0}}