{"host":"diimjn7l8zzl9nqr","time":1607657323,"event":{"mods":["BaseMod","DeckTracker","Keyboard Shortcuts","Minty Spire (QoL Compilation)","Permanent Neow","Quick Restart","StSLib","SuperFastMode"],"gold_per_floor":[117,135,145,160,178,178,212,137,164,189,189,189,204,214,214,319,319,334,334,346,362,362,362,395,410,434,453,465,478,237,237,237,335,335,353,353,103,120,136,136,136,136,136,155,170,198,198,0,0,0,0],"floor_reached":50,"playtime":2032,"items_purged":["Decay","Writhe"],"score":533,"play_id":"e88c34d5-c0f8-42f8-ad6f-223fe10a50d7","local_time":"20201211122843","is_ascension_mode":true,"campfire_choices":[{"data":"True Grit","floor":6,"key":"SMITH"},{"data":"Body Slam","floor":11,"key":"SMITH"},{"data":"Second Wind","floor":15,"key":"SMITH"},{"data":"Feel No Pain","floor":23,"key":"SMITH"},{"floor":32,"key":"REST"},{"floor":40,"key":"REST"},{"data":"True Grit","floor":42,"key":"SMITH"},{"data":"Immolate","floor":49,"key":"SMITH"}],"circlet_count":0,"master_deck":["Strike_R","Strike_R","Strike_R","Strike_R","Defend_R","Defend_R+1","Defend_R","Bash","Anger","Metallicize","True Grit+1","Clothesline","Sever Soul","Cleave","Second Wind+1","Body Slam+1","Juggernaut","Demon Form","CurseOfTheBell","Shrug It Off+1","Feel No Pain+1","True Grit+1","Burning Pact+1","Reckless Charge","Immolate+1","Necronomicurse","Rage","Wild Strike+1","Fire Breathing+1","Writhe"],"relics":["Burning Blood","Gremlin Horn","Blood Vial","Nunchaku","Lantern","Calling Bell","Juzu Bracelet","Letter Opener","Pocketwatch","CaptainsWheel","StoneCalendar","War Paint","Necronomicon","Black Star","Self Forming Clay","Boot","Orichalcum","Dream Catcher","Red Mask"],"acts_visited":["Exordium","TheCity","TheBeyond"],"potions_floor_usage":[16,18,33,33,50],"damage_taken":[{"damage":6,"enemies":"Jaw Worm","floor":1,"turns":3},{"damage":2,"enemies":"Cultist","floor":2,"turns":5},{"damage":4,"enemies":"2 Louse","floor":3,"turns":3},{"damage":10,"enemies":"Looter","floor":4,"turns":3},{"damage":5,"enemies":"Blue Slaver","floor":5,"turns":4},{"damage":33,"enemies":"Lagavulin","floor":7,"turns":7},{"damage":8,"enemies":"3 Sentries","floor":10,"turns":7},{"damage":1,"enemies":"2 Fungi Beasts","floor":13,"turns":3},{"damage":2,"enemies":"Large Slime","floor":14,"turns":5},{"damage":17,"enemies":"The Guardian","floor":16,"turns":11},{"damage":16,"enemies":"Spheric Guardian","floor":18,"turns":5},{"damage":4,"enemies":"Chosen","floor":20,"turns":5},{"damage":23,"enemies":"Centurion and Healer","floor":21,"turns":9},{"damage":34,"enemies":"Book of Stabbing","floor":24,"turns":7},{"damage":19,"enemies":"Snecko","floor":25,"turns":5},{"damage":4,"enemies":"Cultist and Chosen","floor":27,"turns":7},{"damage":1,"enemies":"Chosen and Byrds","floor":28,"turns":6},{"damage":0,"enemies":"Snecko","floor":29,"turns":5},{"damage":32,"enemies":"Collector","floor":33,"turns":9},{"damage":6,"enemies":"3 Shapes","floor":35,"turns":1},{"damage":40,"enemies":"3 Darklings","floor":38,"turns":6},{"damage":32,"enemies":"Transient","floor":39,"turns":5},{"damage":0,"enemies":"4 Shapes","floor":44,"turns":1},{"damage":21,"enemies":"3 Darklings","floor":45,"turns":3},{"damage":6,"enemies":"Reptomancer","floor":46,"turns":6},{"damage":63,"enemies":"Awakened One","floor":50,"turns":10}],"seed_played":"-8445422116347272787","potions_obtained":[{"floor":3,"key":"LiquidBronze"},{"floor":7,"key":"SkillPotion"},{"floor":14,"key":"BlessingOfTheForge"},{"floor":16,"key":"Block Potion"},{"floor":25,"key":"AttackPotion"},{"floor":27,"key":"BlessingOfTheForge"},{"floor":29,"key":"Block Potion"},{"floor":35,"key":"BlessingOfTheForge"},{"floor":45,"key":"SkillPotion"}],"is_trial":false,"path_per_floor":["M","M","M","M","M","R","E","$","T","E","R","?","M","M","R","B",null,"M","?","M","M","?","R","E","M","T","M","M","M","$","?","R","B",null,"M","?","$","M","M","R","$","R","T","M","M","E","?","?","R","B"],"character_chosen":"IRONCLAD","items_purchased":["Reckless Charge","Immolate","Self Forming Clay"],"campfire_rested":2,"item_purchase_floors":[30,30,37],"current_hp_per_floor":[80,80,80,76,77,77,50,50,50,50,50,50,57,63,63,54,80,70,70,74,59,59,59,33,22,22,26,33,41,41,25,49,25,80,80,70,70,38,14,38,38,38,38,46,33,35,55,55,55,0,0],"gold":0,"neow_bonus":"TRANSFORM_TWO_CARDS","is_daily":false,"chose_seed":false,"campfire_upgraded":6,"win_rate":0.0,"timestamp":1607657323,"path_taken":["M","M","M","M","M","R","E","$","T","E","R","?","?","M","R","BOSS","M","?","M","M","?","R","E","M","T","M","M","M","$","?","R","BOSS","M","?","$","M","M","R","$","R","T","M","M","E","?","?","R","BOSS"],"items_purchased_type":["Card","Card","Relic"],"build_version":"2020-11-30","purchased_purges":2,"victory":false,"max_hp_per_floor":[80,80,80,80,80,80,80,80,80,80,80,80,80,80,80,80,80,80,80,80,80,80,80,80,80,80,80,80,80,80,80,80,80,80,80,80,80,80,80,80,80,80,80,80,80,80,80,80,80,80,80],"card_choices":[{"not_picked":["Pommel Strike","Shrug It Off"],"picked":"True Grit","floor":1},{"not_picked":["Sentinel","Perfected Strike"],"picked":"Clothesline","floor":2},{"not_picked":["Infernal Blade","Havoc"],"picked":"Sever Soul","floor":3},{"not_picked":["True Grit","Wild Strike"],"picked":"Cleave","floor":4},{"not_picked":["Iron Wave","Heavy Blade"],"picked":"Second Wind","floor":5},{"not_picked":["Heavy Blade","Uppercut"],"picked":"Body Slam","floor":7},{"not_picked":["Dual Wield","Reaper"],"picked":"Juggernaut","floor":10},{"not_picked":["Carnage","Metallicize","Pummel"],"picked":"SKIP","floor":13},{"not_picked":["Flex","Havoc","Cleave"],"picked":"SKIP","floor":14},{"not_picked":["Double Tap","Limit Break"],"picked":"Demon Form","floor":16},{"not_picked":["Cleave","Havoc"],"picked":"Shrug It Off","floor":18},{"not_picked":["Sword Boomerang","Pommel Strike"],"picked":"Feel No Pain","floor":20},{"not_picked":["Dark Embrace","Iron Wave","Pommel Strike"],"picked":"SKIP","floor":21},{"not_picked":["Exhume","Wild Strike"],"picked":"True Grit","floor":24},{"not_picked":["Clash","Second Wind","Pommel Strike+1"],"picked":"SKIP","floor":25},{"not_picked":["Carnage","Dropkick+1","Pommel Strike+1"],"picked":"SKIP","floor":27},{"not_picked":["Entrench","Clothesline","Rupture+1"],"picked":"SKIP","floor":28},{"not_picked":["Headbutt","Rupture"],"picked":"Burning Pact+1","floor":29},{"not_picked":["Iron Wave","Headbutt+1"],"picked":"Rage","floor":35},{"not_picked":["Shrug It Off+1","Disarm+1"],"picked":"Wild Strike+1","floor":38},{"not_picked":["Twin Strike","Anger+1","Heavy Blade+1"],"picked":"SKIP","floor":39},{"not_picked":["Havoc","Hemokinesis+1"],"picked":"Fire Breathing+1","floor":44},{"not_picked":["True Grit+1","Thunderclap","Clothesline+1"],"picked":"SKIP","floor":45},{"not_picked":["Pommel Strike+1","Searing Blow+1","Burning Pact+1"],"picked":"SKIP","floor":46}],"player_experience":68580,"relics_obtained":[{"floor":7,"key":"Gremlin Horn"},{"floor":9,"key":"Blood Vial"},{"floor":10,"key":"Nunchaku"},{"floor":17,"key":"Juzu Bracelet"},{"floor":17,"key":"Letter Opener"},{"floor":17,"key":"Pocketwatch"},{"floor":24,"key":"StoneCalendar"},{"floor":26,"key":"War Paint"},{"floor":31,"key":"Necronomicon"},{"floor":43,"key":"Boot"},{"floor":46,"key":"Orichalcum"},{"floor":46,"key":"Dream Catcher"}],"event_choices":[{"damage_healed":0,"gold_gain":0,"player_choice":"Gave Potion","damage_taken":0,"relics_obtained":["Lantern"],"max_hp_gain":0,"max_hp_loss":0,"event_name":"WeMeetAgain","floor":12,"gold_loss":0},{"damage_healed":0,"gold_gain":0,"player_choice":"Ignored","damage_taken":0,"max_hp_gain":0,"max_hp_loss":0,"event_name":"Ghosts","floor":19,"gold_loss":0},{"damage_healed":0,"gold_gain":0,"player_choice":"Opened","damage_taken":0,"relics_obtained":["CaptainsWheel"],"max_hp_gain":0,"max_hp_loss":0,"event_name":"The Mausoleum","floor":22,"gold_loss":0,"cards_obtained":["Writhe"]},{"damage_healed":0,"gold_gain":0,"player_choice":"Obtained Book","damage_taken":16,"max_hp_gain":0,"max_hp_loss":0,"event_name":"Cursed Tome","floor":31,"gold_loss":0},{"damage_healed":0,"gold_gain":0,"player_choice":"Memory 3","damage_taken":10,"max_hp_gain":0,"max_hp_loss":0,"event_name":"SensoryStone","floor":36,"gold_loss":0},{"damage_healed":20,"gold_gain":0,"player_choice":"Writhe","damage_taken":0,"max_hp_gain":0,"max_hp_loss":0,"event_name":"Winding Halls","floor":47,"gold_loss":0,"cards_obtained":["Writhe"]},{"damage_healed":0,"gold_gain":0,"player_choice":"Paid","damage_taken":0,"relics_obtained":["Red Mask"],"max_hp_gain":0,"max_hp_loss":0,"event_name":"Tomb of Lord Red Mask","floor":48,"gold_loss":198}],"is_beta":false,"boss_relics":[{"not_picked":["Pandora\u0027s Box","Empty Cage"],"picked":"Calling Bell"},{"not_picked":["Runic Dome","Runic Pyramid"],"picked":"Black Star"}],"items_purged_floors":[8,30],"is_endless":false,"potions_floor_spawned":[3,7,14,16,25,27,28,29,35,45],"killed_by":"Awakened One","ascension_level":1}}