{"host":"brlhu57vzmgrzvkq","time":1607715477,"event":{"mods":["AchievementEnabler","BaseMod","Colored Map","Hermit","Minty Spire (QoL Compilation)","StSLib","SuperFastMode","The Cursed","The Servant 0.9.4"],"gold_per_floor":[110,130,141,141,156,156,192,192,192,225,73,97,26,0,0,131,131,151,167,167,82,106,106,106],"floor_reached":23,"playtime":496,"items_purged":["Strike_B"],"score":221,"play_id":"33fbcab6-21c1-4c18-9be0-85ed0442425c","local_time":"20201211123757","is_ascension_mode":true,"campfire_choices":[{"data":"Zap","floor":6,"key":"SMITH"},{"floor":8,"key":"REST"},{"floor":15,"key":"REST"}],"circlet_count":0,"master_deck":["Strike_B","Strike_B","Defend_B","Defend_B","Defend_B","Defend_B","Zap+1","Dualcast","Enlightenment","Streamline","BootSequence","Reinforced Body","Ball Lightning","Doom and Gloom","Sweeping Beam","Lockon","Hologram","Creative AI","Undo","Seek","Skim+1","Cold Snap+1"],"relics":["Cracked Core","Golden Idol","Dream Catcher","Blood Vial","Pantograph","Empty Cage","Gremlin Horn"],"acts_visited":["Exordium","TheCity"],"potions_floor_usage":[7,7],"damage_taken":[{"damage":1,"enemies":"2 Louse","floor":1,"turns":2},{"damage":5,"enemies":"Small Slimes","floor":2,"turns":3},{"damage":0,"enemies":"Jaw Worm","floor":3,"turns":3},{"damage":20,"enemies":"Exordium Thugs","floor":5,"turns":5},{"damage":29,"enemies":"Gremlin Nob","floor":7,"turns":4},{"damage":31,"enemies":"Lagavulin","floor":10,"turns":5},{"damage":1,"enemies":"Looter","floor":12,"turns":2},{"damage":35,"enemies":"Slime Boss","floor":16,"turns":7},{"damage":7,"enemies":"3 Byrds","floor":18,"turns":4},{"damage":11,"enemies":"Spheric Guardian","floor":19,"turns":3},{"damage":53,"enemies":"3 Cultists","floor":22,"turns":5},{"damage":12,"enemies":"Gremlin Leader","floor":23,"turns":4}],"seed_played":"7987266675630587407","potions_obtained":[{"floor":1,"key":"ColorlessPotion"},{"floor":2,"key":"DistilledChaos"},{"floor":12,"key":"DuplicationPotion"},{"floor":18,"key":"SteroidPotion"}],"is_trial":false,"path_per_floor":["M","M","M","?","M","R","E","R","T","E","$","M","$","?","R","B",null,"M","M","?","?","M","E"],"character_chosen":"DEFECT","items_purchased":["Lockon","Creative AI"],"campfire_rested":2,"item_purchase_floors":[11,13],"current_hp_per_floor":[74,69,69,69,49,49,20,42,42,13,13,14,14,14,36,28,75,68,59,59,59,8,0,0],"gold":106,"neow_bonus":"RANDOM_COLORLESS","is_daily":false,"chose_seed":false,"campfire_upgraded":1,"win_rate":0.0,"timestamp":1607715477,"path_taken":["M","M","M","?","M","R","E","R","T","E","$","M","$","?","R","BOSS","M","M","?","?","M","E"],"items_purchased_type":["Card","Card"],"build_version":"2020-11-30","purchased_purges":1,"victory":false,"max_hp_per_floor":[75,75,75,75,75,75,75,75,75,75,75,75,75,75,75,75,75,75,75,75,75,75,75,75],"card_choices":[{"not_picked":["Forethought","Deep Breath"],"picked":"Enlightenment","floor":0},{"not_picked":["Aggregate","Steam"],"picked":"Streamline","floor":1},{"not_picked":["Darkness","Steam"],"picked":"BootSequence","floor":2},{"not_picked":["Hologram","Conserve Battery"],"picked":"Reinforced Body","floor":3},{"not_picked":["Redo","Recycle"],"picked":"Ball Lightning","floor":5},{"not_picked":["Turbo","Genetic Algorithm"],"picked":"Doom and Gloom","floor":7},{"not_picked":["Rip and Tear","Reprogram"],"picked":"Sweeping Beam","floor":8},{"not_picked":["Darkness","Gash","Turbo"],"picked":"SKIP","floor":10},{"not_picked":["Redo","Rebound"],"picked":"Hologram","floor":12},{"not_picked":["Gash","Rainbow"],"picked":"Undo","floor":15},{"not_picked":["Core Surge","Reboot"],"picked":"Seek","floor":16},{"not_picked":["Compile Driver","Leap","Steam"],"picked":"SKIP","floor":18},{"not_picked":["Undo","Hologram"],"picked":"Skim+1","floor":19},{"not_picked":["Rebound+1","Hello World+1"],"picked":"Cold Snap+1","floor":22}],"player_experience":58258,"relics_obtained":[{"floor":7,"key":"Dream Catcher"},{"floor":9,"key":"Blood Vial"},{"floor":10,"key":"Pantograph"}],"event_choices":[{"damage_healed":0,"gold_gain":0,"player_choice":"Take Wound","damage_taken":0,"relics_obtained":["Golden Idol"],"max_hp_gain":0,"max_hp_loss":0,"event_name":"Golden Idol","floor":4,"gold_loss":0,"cards_obtained":["Injury"]},{"damage_healed":0,"gold_gain":0,"player_choice":"Left Gold","damage_taken":0,"max_hp_gain":0,"max_hp_loss":0,"event_name":"World of Goop","floor":14,"gold_loss":26},{"damage_healed":0,"gold_gain":0,"player_choice":"Ignored","damage_taken":0,"max_hp_gain":0,"max_hp_loss":0,"event_name":"Ghosts","floor":20,"gold_loss":0},{"damage_healed":0,"gold_gain":0,"player_choice":"Obtained Relic","damage_taken":0,"relics_obtained":["Gremlin Horn"],"max_hp_gain":0,"max_hp_loss":0,"event_name":"Addict","floor":21,"gold_loss":85}],"is_beta":false,"boss_relics":[{"not_picked":["Tiny House","Nuclear Battery"],"picked":"Empty Cage"}],"items_purged_floors":[11],"is_endless":false,"potions_floor_spawned":[1,2,12,18],"killed_by":"Gremlin Leader","ascension_level":2}}