{"host":"hb4vxw74c1uv2sb0","time":1607683731,"event":{"mods":["AchievementEnabler","AlwaysNeverKeys","Aspiration","BaseMod","Better Altar","Better Match","Better Note","Better Sensory Stone","Better Skull","Better Third Choice","BetterRewards","CCEM","Card Forge","Colored Map","Colored Powertips","Conspire","Defuse TimeMaze Blight","Energized Spire","GifTheSpireLib","Googly Eyes","Highlight Path","Infinite Spire","JesterMod","Jorbs\u0027s Wanderer Trilogy","Luminous","Mad Scientist","Marisa????????","Minty Spire (QoL Compilation)","Permanent Neow","Replay The Spire","Shade Mod","Shop Mod","StSLib","The Cursed","The Death Knight","The Forsaken","The Hierophant","The Judge","The Necromancer","The Senshi","The Servant 0.9.4"],"gold_per_floor":[112,130,130,150,150,150,70,81,81,99,99,133,133,145,145,245,245,258,131,131,148,22,57,57,57,81,101,112,112,138,155,155,253,253,264,264,86,97,111,142,160,176,176,196,196,196,207,226,226,226,226,226,71,105,105,105],"floor_reached":55,"playtime":6363,"items_purged":["Strike_MRS","Defend_MRS"],"score":779,"play_id":"10283d62-f774-4566-98b2-94e19038023f","local_time":"20201211024851","is_ascension_mode":true,"campfire_choices":[{"data":"CasketOfStar","floor":6,"key":"SMITH"},{"floor":13,"key":"REST"},{"data":"AsteroidBelt","floor":15,"key":"SMITH"},{"data":"MillisecondPulsars","floor":24,"key":"SMITH"},{"floor":29,"key":"REST"},{"floor":32,"key":"REST"},{"floor":45,"key":"REST"},{"floor":49,"key":"REST"},{"data":"Singularity","floor":52,"key":"SMITH"}],"circlet_count":0,"master_deck":["Strike_MRS","Strike_MRS","Strike_MRS","Defend_MRS","Defend_MRS","Defend_MRS","MasterSpark","UpSweep","CasketOfStar+1","AsteroidBelt+1","PowerUp","Apotheosis+1","SporeBomb","MagicChant","DarkMatter","EscapeVelocity","ShootTheMoon","PulseMagic","MillisecondPulsars+1","AbeCurse","Acceleration","Acceleration","PowerUp","FairyDestructionRay","infinitespire:Gouge","BlazeAway+1","Singularity+1","SuperNova","PulseMagic+1","Singularity+1","FinalSpark+1","DarkMatter","AlicesGift+1","EventHorizon+1"],"relics":["MiniHakkero","Hammer of Thor","Seething Fire","Anvil of the Gods","FossilizedHelix","Spirit Poop","infinitespire:EmpoweringShard","Abe\u0027s Treasure","Thread and Needle","infinitespire:Satchel","CCEMRelics:SpiritsEdge","SacredBark","Anchor","Simple Rune","Medical Kit","ReplayFunnel"],"acts_visited":["Exordium","TheCity","TheBeyond","TheEnding"],"potions_floor_usage":[16,18,27,41,47,48,50,50],"damage_taken":[{"damage":6,"enemies":"Jaw Worm","floor":1,"turns":3},{"damage":0,"enemies":"conspire:RoseBush","floor":2,"turns":3},{"damage":7,"enemies":"2 Louse","floor":4,"turns":3},{"damage":5,"enemies":"Red Slaver","floor":8,"turns":3},{"damage":5,"enemies":"Exordium Wildlife","floor":10,"turns":5},{"damage":0,"enemies":"Gremlin Nob","floor":12,"turns":4},{"damage":2,"enemies":"Looter","floor":14,"turns":3},{"damage":6,"enemies":"Fading Forest","floor":16,"turns":11},{"damage":0,"enemies":"conspire:FuzzyDice","floor":18,"turns":3},{"damage":0,"enemies":"Spheric Guardian","floor":21,"turns":3},{"damage":14,"enemies":"Replay:Snechameleon","floor":23,"turns":5},{"damage":0,"enemies":"Cultist and Chosen","floor":27,"turns":3},{"damage":10,"enemies":"Shelled Parasite and Fungi","floor":28,"turns":5},{"damage":23,"enemies":"Slavers","floor":30,"turns":4},{"damage":0,"enemies":"Sentry and Sphere","floor":31,"turns":3},{"damage":14,"enemies":"Champ","floor":33,"turns":4},{"damage":0,"enemies":"3 Darklings","floor":35,"turns":3},{"damage":5,"enemies":"3 Shapes","floor":38,"turns":3},{"damage":0,"enemies":"Maw","floor":39,"turns":5},{"damage":47,"enemies":"Nemesis","floor":40,"turns":4},{"damage":0,"enemies":"3 Darklings","floor":41,"turns":2},{"damage":0,"enemies":"4 Shapes","floor":42,"turns":3},{"damage":0,"enemies":"Spire Growth","floor":44,"turns":3},{"damage":0,"enemies":"Maw","floor":47,"turns":5},{"damage":0,"enemies":"3 Darklings","floor":48,"turns":3},{"damage":47,"enemies":"Donu and Deca","floor":50,"turns":5},{"damage":64,"enemies":"Shield and Spear","floor":54,"turns":4},{"damage":142,"enemies":"The Heart","floor":55,"turns":5}],"seed_played":"-734508536362924699","potions_obtained":[{"floor":10,"key":"EssenceOfSteel"},{"floor":12,"key":"BottledSpark"},{"floor":14,"key":"PowerPotion"},{"floor":21,"key":"Milkshake"},{"floor":23,"key":"Elixir"},{"floor":27,"key":"Strength Potion"},{"floor":40,"key":"Explosive Potion"},{"floor":44,"key":"DeathKnight:RimePotion"},{"floor":47,"key":"BottledSpark"},{"floor":54,"key":"FairyPotion"}],"is_trial":false,"path_per_floor":["M","M","?","M","?","R","$","M","T","M","?","E","R","M","R_BF","B",null,"M","$","?","M","$","E","R","?","T","M","M","R","E","M","R","B",null,"M","?","$","M","M","E","M","M","T","M","R","?","M","M","R","B",null,"R","$","E","B"],"character_chosen":"MARISA","items_purchased":["MagicChant","Acceleration","PowerUp","Singularity","FinalSpark+1","Medical Kit"],"campfire_rested":5,"item_purchase_floors":[7,19,22,37,37,53],"current_hp_per_floor":[69,69,69,62,62,62,62,57,57,52,52,52,74,72,72,72,75,75,75,75,75,75,61,61,43,43,43,33,55,52,52,74,60,75,75,75,75,70,70,23,23,23,23,23,45,45,45,45,67,20,75,75,75,11,0,0],"gold":105,"neow_bonus":"THREE_RARE_CARDS","is_daily":false,"chose_seed":false,"campfire_upgraded":4,"win_rate":0.0,"timestamp":1607683731,"path_taken":["M","M","?","M","?","R","$","M","T","M","?","E","R","M","R_BF","BOSS","M","$","?","M","$","E","R","?","T","M","M","R","E","M","R","BOSS","M","?","$","M","M","E","M","M","T","M","R","?","M","M","R","BOSS","R","$","E","BOSS"],"items_purchased_type":["Card","Card","Card","Card","Undefined","Relic"],"build_version":"2020-11-30","purchased_purges":2,"victory":false,"max_hp_per_floor":[75,75,75,75,75,75,75,75,75,75,75,75,75,75,75,75,75,75,75,75,75,75,75,75,75,75,75,75,75,75,75,75,75,75,75,75,75,75,75,75,75,75,75,75,75,75,75,75,75,75,75,75,75,75,75,75],"card_choices":[{"not_picked":["AbsoluteMagnitude","ManaRampage"],"picked":"CasketOfStar","floor":0},{"not_picked":["GasGiant","MachineGunSpark"],"picked":"AsteroidBelt","floor":1},{"not_picked":["IllusionStar","RefractionSpark"],"picked":"PowerUp","floor":2},{"not_picked":["GrandCross","PowerUp"],"picked":"SporeBomb","floor":4},{"not_picked":["IllusionStar","DragonMeteor"],"picked":"DarkMatter","floor":8},{"not_picked":["MysteriousBeam","MilkyWay"],"picked":"EscapeVelocity","floor":10},{"not_picked":["GasGiant","DC"],"picked":"ShootTheMoon","floor":12},{"not_picked":["EventHorizon","EnergyRecoil"],"picked":"PulseMagic","floor":14},{"not_picked":["SatelliteIllusion","ManaRampage"],"picked":"MillisecondPulsars","floor":16},{"not_picked":["GrandCross","NonDirectionalLaser","IllusionStar+1"],"picked":"SKIP","floor":18},{"not_picked":["DeepEcoloBomb","EscapeVelocity"],"picked":"Acceleration","floor":21},{"not_picked":["CollectingQuirk","JA"],"picked":"FairyDestructionRay","floor":23},{"not_picked":["infinitespire:NeuralNetwork","infinitespire:Menacing"],"picked":"infinitespire:Gouge","floor":25},{"not_picked":["6A","Acceleration","GalacticHalo"],"picked":"SKIP","floor":27},{"not_picked":["WitchLeyline","Orbital"],"picked":"BlazeAway+1","floor":28},{"not_picked":["GrandCross","ShootingEcho+1","OpenUniverse+1"],"picked":"SKIP","floor":30},{"not_picked":["SuperPerseids+1","ChargeUpSpray+1"],"picked":"Singularity+1","floor":31},{"not_picked":["CollectingQuirk","AbsoluteMagnitude"],"picked":"SuperNova","floor":33},{"not_picked":["AsteroidBelt+1","GravityBeat"],"picked":"PulseMagic+1","floor":35},{"not_picked":["Acceleration+1","StarlightTyphoon","Robbery+1"],"picked":"SKIP","floor":38},{"not_picked":["PulseMagic+1","SporeBomb","AsteroidBelt"],"picked":"SKIP","floor":39},{"not_picked":["DC+1","IllusionStar+1","DarkSpark"],"picked":"SKIP","floor":40},{"not_picked":["SporeBomb","Orbital+1"],"picked":"DarkMatter","floor":41},{"not_picked":["6A+1","PowerUp","MeteoricShower"],"picked":"SKIP","floor":42},{"not_picked":["UnstableBomb+1","AbsoluteMagnitude"],"picked":"AlicesGift+1","floor":44},{"not_picked":["GravityBeat","PowerUp","NonDirectionalLaser"],"picked":"SKIP","floor":47},{"not_picked":["MilkyWay+1","CollectingQuirk"],"picked":"EventHorizon+1","floor":48},{"not_picked":["AsteroidBelt","ChargeUpSpray+1","ShootingEcho+1"],"picked":"SKIP","floor":54}],"player_experience":616332,"relics_obtained":[{"floor":9,"key":"FossilizedHelix"},{"floor":12,"key":"infinitespire:EmpoweringShard"},{"floor":23,"key":"Thread and Needle"},{"floor":26,"key":"infinitespire:Satchel"},{"floor":30,"key":"CCEMRelics:SpiritsEdge"},{"floor":40,"key":"Anchor"},{"floor":43,"key":"Simple Rune"},{"floor":54,"key":"ReplayFunnel"}],"event_choices":[{"damage_healed":69,"gold_gain":0,"player_choice":"Embrace","damage_taken":0,"max_hp_gain":0,"max_hp_loss":75,"event_name":"betterThird:BetterShining","floor":3,"gold_loss":0},{"cards_removed":["Looming Evil"],"damage_healed":0,"gold_gain":0,"player_choice":"Offered Curse","damage_taken":0,"relics_obtained":["Spirit Poop"],"max_hp_gain":0,"max_hp_loss":0,"event_name":"Bonfire Elementals","floor":11,"gold_loss":0},{"damage_healed":0,"gold_gain":0,"player_choice":"Ignored","damage_taken":0,"max_hp_gain":0,"max_hp_loss":0,"event_name":"Ghosts","floor":20,"gold_loss":0},{"damage_healed":0,"gold_gain":0,"player_choice":"Ignored","damage_taken":0,"max_hp_gain":0,"max_hp_loss":0,"event_name":"Tomb of Lord Red Mask","floor":36,"gold_loss":0},{"damage_healed":0,"gold_gain":0,"player_choice":"Leave","damage_taken":0,"max_hp_gain":0,"max_hp_loss":0,"event_name":"conspire:Investor","floor":46,"gold_loss":0}],"is_beta":false,"boss_relics":[{"not_picked":["RampagingMagicTools","Velvet Choker"],"picked":"Abe\u0027s Treasure"},{"not_picked":["Honey Jar","Runic Pyramid"],"picked":"SacredBark"}],"items_purged_floors":[19,22],"is_endless":false,"potions_floor_spawned":[10,12,14,21,23,27,38,40,44,47,54],"killed_by":"The Heart","ascension_level":1}}