{"host":"dojadh45vvs5q3bn","time":1607672740,"event":{"mods":["Abigail Mod","Act Like it!","BaseMod","Colored Powertips","Friendly Minions","Gensokyo","GungeonMod","Minty Spire (QoL Compilation)","Prisma Mod","StSLib","The Alterego","The Animator","The Senshi"],"gold_per_floor":[111,122,138,149,163,192,192,220,220,249,249,278,278,304,304,404,404,414,414,414,19,30,58,75,75,75,103,103,103],"floor_reached":28,"playtime":1680,"items_purged":["PrismaMod:MiyuChristmas"],"score":390,"play_id":"519b92ab-2498-4e83-a57b-303fe4726c70","local_time":"20201211084540","is_ascension_mode":true,"campfire_choices":[{"data":"PrismaMod:MiyuCheapChannelAttack","floor":7,"key":"SMITH"},{"floor":11,"key":"REST"},{"data":"PrismaMod:MiyuCheapChannelAttack","floor":15,"key":"SMITH"},{"data":"PrismaMod:MiyuUncommonDexBuff","floor":25,"key":"SMITH"}],"circlet_count":0,"master_deck":["PrismaMod:MiyuCommonDefend+1","PrismaMod:MiyuCommonDefend+1","PrismaMod:MiyuCommonDefend+1","PrismaMod:MiyuCommonDefend+1","PrismaMod:MiyuCommonDefend+1","PrismaMod:MiyuCommonAttack+1","PrismaMod:MiyuCommonAttack+1","PrismaMod:MiyuCommonAttack+1","PrismaMod:MiyuCommonAttack+1","PrismaMod:MiyuCheapChannelAttack+1","PrismaMod:MiyuCheapChannelDefend","PrismaMod:MiyuEvokeAll","PrismaMod:MiyuCheapDefend2","PrismaMod:MiyuCheapStrBuff","PrismaMod:MiyuUncommonDefend","PrismaMod:MiyuUncommonDefend","PrismaMod:MiyuUncommonStrBuff","PrismaMod:MiyuUberAttack","PrismaMod:MiyuCheapChannelAttack+1","PrismaMod:MiyuCheapChannelWeak","PrismaMod:MiyuUncommonDefend","PrismaMod:MiyuUncommonDexBuff+1","PrismaMod:MiyuEvokeAll","PrismaMod:MiyuEvokeCheapAttack","PrismaMod:MiyuCheapChannelVul","PrismaMod:MiyuCheapDefend2","PrismaMod:MiyuCheapDexBuff","Necronomicurse","PrismaMod:MiyuUncommonStrBuff","PrismaMod:MiyuCheapChannelVul","PrismaMod:MiyuCheapDexBuff","PrismaMod:MiyuOrbIncreasePerm","PrismaMod:MiyuDefendChannelDefend"],"relics":["PrismaMod:PrismaSapphire","Peace Pipe","Pen Nib","Letter Opener","Oddly Smooth Stone","Bottled Flame","HornCleat","Sozu","Necronomicon","Pantograph","Incense Burner","Ice Cream","DemoMod:GlassGuonStoneRelic","Anchor"],"acts_visited":["Exordium","TheCity"],"potions_floor_usage":[5,10,27,27],"damage_taken":[{"damage":0,"enemies":"Cultist","floor":1,"turns":4},{"damage":0,"enemies":"Jaw Worm","floor":2,"turns":5},{"damage":0,"enemies":"Small Slimes","floor":3,"turns":4},{"damage":4,"enemies":"3 Louse","floor":4,"turns":5},{"damage":23,"enemies":"Gremlin Gang","floor":5,"turns":5},{"damage":11,"enemies":"3 Sentries","floor":6,"turns":10},{"damage":11,"enemies":"Lagavulin","floor":8,"turns":11},{"damage":24,"enemies":"Gremlin Nob","floor":10,"turns":5},{"damage":0,"enemies":"Lagavulin","floor":12,"turns":8},{"damage":3,"enemies":"3 Sentries","floor":14,"turns":8},{"damage":0,"enemies":"The Guardian","floor":16,"turns":14},{"damage":0,"enemies":"Chosen","floor":18,"turns":6},{"damage":0,"enemies":"Spheric Guardian","floor":22,"turns":3},{"damage":24,"enemies":"Book of Stabbing","floor":23,"turns":7},{"damage":24,"enemies":"Cultist and Chosen","floor":24,"turns":9},{"damage":19,"enemies":"Slavers","floor":27,"turns":7},{"damage":13,"enemies":"Sentry and Sphere","floor":28,"turns":3}],"seed_played":"1444267899018541934","potions_obtained":[{"floor":3,"key":"FearPotion"},{"floor":4,"key":"PowerPotion"},{"floor":8,"key":"Swift Potion"},{"floor":12,"key":"FearPotion"},{"floor":14,"key":"Swift Potion"}],"is_trial":false,"path_per_floor":["M","M","M","M","M","E","R","E","T","E","R","E","?","E","R","B",null,"M","?","?","$","M","E","M","R","T","E","M"],"character_chosen":"MIYU","items_purchased":["Pantograph","PrismaMod:MiyuUncommonStrBuff"],"campfire_rested":1,"item_purchase_floors":[21,21],"current_hp_per_floor":[75,75,75,71,48,37,37,26,26,2,24,28,28,29,29,33,75,75,59,59,59,63,43,23,23,23,8,0,0],"gold":103,"neow_bonus":"REMOVE_CARD","is_daily":false,"chose_seed":false,"campfire_upgraded":3,"win_rate":0.0,"timestamp":1607672740,"path_taken":["M","M","?","?","M","E","R","E","T","E","R","E","?","E","R","BOSS","M","?","?","$","M","E","M","R","T","E","M"],"items_purchased_type":["Relic","Card"],"build_version":"2020-11-30","purchased_purges":1,"victory":false,"max_hp_per_floor":[75,75,75,75,75,75,75,75,75,75,75,75,75,75,75,75,75,75,75,75,75,75,75,75,75,75,75,75,75],"card_choices":[{"not_picked":["PrismaMod:MiyuEvokeBuffDex","PrismaMod:MiyuDefenseExplosion"],"picked":"PrismaMod:MiyuChristmas","floor":1},{"not_picked":["PrismaMod:MiyuCheapChannelDefend","PrismaMod:MiyuEvokeBuffStr"],"picked":"PrismaMod:MiyuEvokeAll","floor":2},{"not_picked":["PrismaMod:MiyuCarnivalAttack","PrismaMod:MiyuCheapEvoke"],"picked":"PrismaMod:MiyuCheapDefend2","floor":3},{"not_picked":["PrismaMod:MiyuCheapChannelVul","PrismaMod:MiyuMaid"],"picked":"PrismaMod:MiyuCheapStrBuff","floor":4},{"not_picked":["PrismaMod:MiyuUncommonAttack","PrismaMod:MiyuOrbIncreasePerm"],"picked":"PrismaMod:MiyuUncommonDefend","floor":5},{"not_picked":["PrismaMod:MiyuMaid","PrismaMod:MiyuUberDefend"],"picked":"PrismaMod:MiyuUncommonDefend","floor":6},{"not_picked":["PrismaMod:MiyuEvokeCheapAttack","PrismaMod:MiyuCheapStrBuff"],"picked":"PrismaMod:MiyuUncommonStrBuff","floor":8},{"not_picked":["PrismaMod:MiyuUncommonAOEAttack","PrismaMod:MiyuCheapDexBuff"],"picked":"PrismaMod:MiyuUberAttack","floor":10},{"not_picked":["PrismaMod:MiyuCheapStrBuff","PrismaMod:MiyuUncommonAOEAttack"],"picked":"PrismaMod:MiyuCheapChannelAttack","floor":12},{"not_picked":["PrismaMod:MiyuEvokeCheapDefend","PrismaMod:MiyuCheapStrBuff"],"picked":"PrismaMod:MiyuCheapChannelVul","floor":14},{"not_picked":["PrismaMod:MiyuCarnivalDefend","PrismaMod:MiyuUberDefend"],"picked":"PrismaMod:MiyuCheapDefend2","floor":16},{"not_picked":["PrismaMod:MiyuCheapEvoke+1","PrismaMod:MiyuCheapStrBuff"],"picked":"PrismaMod:MiyuCheapDexBuff","floor":18},{"not_picked":["PrismaMod:MiyuChristmas","PrismaMod:MiyuDefenseExplosion"],"picked":"PrismaMod:MiyuCheapChannelVul","floor":22},{"not_picked":["PrismaMod:MiyuUberDefend","PrismaMod:MiyuCommonAOEAttack"],"picked":"PrismaMod:MiyuCheapDexBuff","floor":23},{"not_picked":["PrismaMod:MiyuDefenseExplosion+1","PrismaMod:MiyuMaid"],"picked":"PrismaMod:MiyuOrbIncreasePerm","floor":24},{"not_picked":["PrismaMod:MiyuAttackChannelVul","PrismaMod:MiyuCheapEvoke"],"picked":"PrismaMod:MiyuDefendChannelDefend","floor":27}],"player_experience":433204,"relics_obtained":[{"floor":6,"key":"Peace Pipe"},{"floor":8,"key":"Pen Nib"},{"floor":9,"key":"Letter Opener"},{"floor":10,"key":"Oddly Smooth Stone"},{"floor":12,"key":"Bottled Flame"},{"floor":14,"key":"HornCleat"},{"floor":19,"key":"Necronomicon"},{"floor":23,"key":"Incense Burner"},{"floor":26,"key":"Ice Cream"},{"floor":27,"key":"Anchor"}],"event_choices":[{"damage_healed":0,"gold_gain":0,"player_choice":"Obtained Book","damage_taken":16,"max_hp_gain":0,"max_hp_loss":0,"event_name":"Cursed Tome","floor":19,"gold_loss":0},{"damage_healed":0,"gold_gain":0,"player_choice":"Simplicity","damage_taken":0,"max_hp_gain":0,"max_hp_loss":0,"event_name":"Back to Basics","floor":20,"gold_loss":0,"cards_upgraded":["PrismaMod:MiyuCommonDefend","PrismaMod:MiyuCommonDefend","PrismaMod:MiyuCommonDefend","PrismaMod:MiyuCommonDefend","PrismaMod:MiyuCommonDefend","PrismaMod:MiyuCommonAttack","PrismaMod:MiyuCommonAttack","PrismaMod:MiyuCommonAttack","PrismaMod:MiyuCommonAttack"]}],"is_beta":false,"boss_relics":[{"not_picked":["Runic Dome","Runic Pyramid"],"picked":"Sozu"}],"items_purged_floors":[21],"is_endless":false,"potions_floor_spawned":[3,4,8,12,14,18],"killed_by":"Sentry and Sphere","ascension_level":1}}