{"host":"78hrz0ylpj9lzvi8","time":1607705382,"event":{"mods":["BaseMod","Bestiary","Minty Spire (QoL Compilation)","Quick Restart","Random Character Button","Relic Stats","StSLib"],"gold_per_floor":[361,1,19,38,38,72,72,92,141,158,158,22,22,55,55,130,130,140,63,77,2,14,48,48,78,103,103,113,113,113,113,113,186,186,204,31,31,79,98,126,126,161,241,241,270,270,16,43,43,43,43,43,43,43,76,76,76],"floor_reached":56,"playtime":4014,"items_purged":["Writhe","Strike_P","Defend_P","Defend_P","Defend_P"],"score":2239,"play_id":"2c6439c8-855a-4f6d-acd2-a94414740e8d","local_time":"20201211134942","is_ascension_mode":true,"campfire_choices":[{"data":"Eruption","floor":7.0,"key":"SMITH"},{"data":"SashWhip","floor":13.0,"key":"SMITH"},{"data":"Protect","floor":15.0,"key":"SMITH"},{"data":"Vault","floor":24.0,"key":"SMITH"},{"data":"Protect","floor":27.0,"key":"SMITH"},{"data":"Perseverance","floor":29.0,"key":"SMITH"},{"data":"Vigilance","floor":32.0,"key":"SMITH"},{"floor":41,"key":"REST"},{"data":"Blasphemy","floor":44,"key":"SMITH"},{"floor":46,"key":"REST"},{"floor":49,"key":"RECALL"},{"data":"Fasting2","floor":53,"key":"SMITH"}],"circlet_count":0,"master_deck":["AscendersBane","Strike_P+1","Defend_P","Eruption+1","Vigilance+1","SashWhip+1","Ragnarok+1","CutThroughFate","CrushJoints","CarveReality","Wireheading","Protect+1","Perseverance+1","Vault+1","BowlingBash","Protect+1","Meditate","Evaluate","FearNoEvil","Wireheading+1","Necronomicurse","Blasphemy+1","Fasting2+1","ThirdEye+1","Wish"],"relics":["PureWater","Membership Card","Whetstone","Pantograph","Juzu Bracelet","Akabeko","Tiny Chest","Sozu","Smiling Mask","Turnip","Ancient Tea Set","Necronomicon","Velvet Choker","Lee\u0027s Waffle","Yang","WingedGreaves","Strawberry","Damaru","Toy Ornithopter","Oddly Smooth Stone","Pocketwatch","Bird Faced Urn","Pen Nib"],"acts_visited":["Exordium","TheCity","TheBeyond","TheEnding"],"potions_floor_usage":[],"damage_taken":[{"damage":2.0,"enemies":"Cultist","floor":1.0,"turns":3.0},{"damage":7.0,"enemies":"Jaw Worm","floor":3.0,"turns":3.0},{"damage":0.0,"enemies":"Small Slimes","floor":4.0,"turns":2.0},{"damage":0.0,"enemies":"Gremlin Nob","floor":6.0,"turns":2.0},{"damage":14.0,"enemies":"3 Louse","floor":8.0,"turns":2.0},{"damage":0.0,"enemies":"Large Slime","floor":10.0,"turns":2.0},{"damage":3.0,"enemies":"3 Sentries","floor":14.0,"turns":4.0},{"damage":43.0,"enemies":"Hexaghost","floor":16.0,"turns":11.0},{"damage":16.0,"enemies":"Shell Parasite","floor":18.0,"turns":4.0},{"damage":0.0,"enemies":"2 Thieves","floor":20.0,"turns":1.0},{"damage":0.0,"enemies":"Snecko","floor":22.0,"turns":2.0},{"damage":9.0,"enemies":"Slavers","floor":23.0,"turns":7.0},{"damage":0.0,"enemies":"Book of Stabbing","floor":25.0,"turns":3.0},{"damage":0.0,"enemies":"3 Cultists","floor":28.0,"turns":4.0},{"damage":1.0,"enemies":"Collector","floor":33.0,"turns":6.0},{"damage":19.0,"enemies":"3 Shapes","floor":35.0,"turns":2.0},{"damage":54,"enemies":"2 Orb Walkers","floor":38,"turns":4},{"damage":10,"enemies":"3 Darklings","floor":39,"turns":3},{"damage":8,"enemies":"Nemesis","floor":40,"turns":6},{"damage":0,"enemies":"Giant Head","floor":42,"turns":4},{"damage":32,"enemies":"Reptomancer","floor":45,"turns":4},{"damage":0,"enemies":"Giant Head","floor":48,"turns":2},{"damage":36,"enemies":"Awakened One","floor":50,"turns":12},{"damage":8,"enemies":"Time Eater","floor":51,"turns":3},{"damage":0,"enemies":"Shield and Spear","floor":55,"turns":2},{"damage":89,"enemies":"The Heart","floor":56,"turns":6}],"seed_played":"-1718956342646862625","potions_obtained":[{"floor":4.0,"key":"StancePotion"},{"floor":10.0,"key":"EntropicBrew"}],"is_trial":false,"path_per_floor":["M","$","M","M","?","E","R","M","T","M","?","$","R","E","R","B",null,"M","$","M","$","M","E","R","E","T","R","M","R","?","?","R","B",null,"M","$","T","?","M","E","R","E","T","R","E","R","$","E","R","B","B",null,"R","$","E","B"],"character_chosen":"WATCHER","items_purchased":["Membership Card","Ragnarok","Whetstone","Akabeko","Protect","Fasting2","Lee\u0027s Waffle","Oddly Smooth Stone","Pocketwatch"],"campfire_rested":2,"item_purchase_floors":[2,2,2,12,19,36,36,47,47],"current_hp_per_floor":[59,59,52,52,52,52,52,38,38,38,38,38,38,35,35,17,55,39,39,39,39,39,30,30,30,30,30,30,30,9,9,9,33,59,40,75,75,21,11,10,34,34,34,34,2,26,26,26,26,21,44,73,73,73,75,0,0],"gold":76,"neow_bonus":"TWO_FIFTY_GOLD","is_daily":false,"chose_seed":false,"campfire_upgraded":9,"win_rate":0.0,"timestamp":1607705382,"path_taken":["M","$","M","M","?","E","R","M","T","M","?","$","R","E","R","BOSS","M","?","M","$","M","E","R","E","T","R","M","R","?","?","R","BOSS","M","$","?","?","M","E","R","E","T","R","E","R","$","E","R","BOSS","BOSS","R","$","E","BOSS"],"items_purchased_type":["Relic","Card","Relic","Relic","Card","Card","Relic","Relic","Relic"],"build_version":"2020-11-30","purchased_purges":5,"victory":false,"max_hp_per_floor":[68,68,68,68,68,68,68,68,68,68,68,68,68,68,68,68,68,68,68,68,68,68,68,68,68,68,68,68,68,68,68,68,68,68,68,75,75,75,75,82,82,82,82,82,82,82,82,82,82,82,82,82,82,82,82,82,82],"relic_stats":{"Lee\u0027s Waffle":35,"counters":[26,104],"Yang":[82],"Pen Nib":[0],"Juzu Bracelet":0,"Whetstone":["Ragnarok","Strike_P"],"Smiling Mask":38,"Sozu":8,"Pantograph":107,"Bird Faced Urn":[18],"Tiny Chest":1,"Turnip":[7],"Necronomicon":[15],"obtain_stats":[{"Lee\u0027s Waffle":36,"Velvet Choker":34,"Damaru":42,"Oddly Smooth Stone":47,"Yang":37,"Pen Nib":55,"Juzu Bracelet":9,"Whetstone":2,"Smiling Mask":23,"Ancient Tea Set":26,"Akabeko":12,"Sozu":17,"Pantograph":6,"Strawberry":40,"Bird Faced Urn":48,"Tiny Chest":14,"Turnip":25,"WingedGreaves":38,"Necronomicon":30,"Membership Card":2,"PureWater":0,"Toy Ornithopter":45,"Pocketwatch":47},{"Lee\u0027s Waffle":16,"Velvet Choker":15,"Damaru":20,"Oddly Smooth Stone":21,"Yang":16,"Pen Nib":25,"Juzu Bracelet":5,"Whetstone":1,"Smiling Mask":12,"Ancient Tea Set":13,"Akabeko":6,"Sozu":8,"Pantograph":4,"Strawberry":19,"Bird Faced Urn":22,"Tiny Chest":7,"Turnip":13,"WingedGreaves":17,"Necronomicon":14,"Membership Card":1,"PureWater":0,"Toy Ornithopter":21,"Pocketwatch":21},{"Lee\u0027s Waffle":58,"Velvet Choker":56,"Damaru":75,"Oddly Smooth Stone":79,"Yang":58,"Pen Nib":98,"Juzu Bracelet":12,"Whetstone":3,"Smiling Mask":43,"Ancient Tea Set":46,"Akabeko":14,"Sozu":29,"Pantograph":10,"Strawberry":71,"Bird Faced Urn":81,"Tiny Chest":18,"Turnip":46,"WingedGreaves":62,"Necronomicon":50,"Membership Card":3,"PureWater":0,"Toy Ornithopter":79,"Pocketwatch":79}],"Toy Ornithopter":0,"Pocketwatch":[23]},"card_choices":[{"not_picked":["SandsOfTime","BowlingBash"],"picked":"SashWhip","floor":1.0},{"not_picked":["SignatureMove","Indignation"],"picked":"CutThroughFate","floor":3.0},{"not_picked":["MentalFortress","ThirdEye"],"picked":"CrushJoints","floor":4.0},{"not_picked":["Establishment","Meditate"],"picked":"CarveReality","floor":6.0},{"not_picked":["FollowUp","FlurryOfBlows"],"picked":"Wireheading","floor":8.0},{"not_picked":["JustLucky","PathToVictory"],"picked":"Protect","floor":10.0},{"not_picked":["Pray","FollowUp"],"picked":"Perseverance","floor":14.0},{"not_picked":["Brilliance","Scrawl"],"picked":"Vault","floor":16.0},{"not_picked":["EmptyFist","Collect"],"picked":"BowlingBash","floor":18.0},{"not_picked":["CrushJoints","ThirdEye"],"picked":"Meditate","floor":20.0},{"not_picked":["MentalFortress","JustLucky+1"],"picked":"Evaluate","floor":22.0},{"not_picked":["JustLucky","PathToVictory"],"picked":"FearNoEvil","floor":23.0},{"not_picked":["Pray","CarveReality"],"picked":"Wireheading+1","floor":25.0},{"not_picked":["CutThroughFate","Sanctity","SashWhip"],"picked":"SKIP","floor":28.0},{"not_picked":["Alpha","LessonLearned"],"picked":"Blasphemy","floor":33.0},{"not_picked":["Evaluate","EmptyFist+1","Consecrate"],"picked":"SKIP","floor":35.0},{"not_picked":["CrushJoints","EmptyBody"],"picked":"ThirdEye+1","floor":38},{"not_picked":["Halt","Devotion","JustLucky"],"picked":"SKIP","floor":39},{"not_picked":["CrushJoints","EmptyMind","CutThroughFate"],"picked":"SKIP","floor":40},{"not_picked":["FlyingSleeves","Worship","WreathOfFlame"],"picked":"SKIP","floor":42},{"not_picked":["EmptyFist","Swivel+1","Worship"],"picked":"SKIP","floor":45},{"not_picked":["CrushJoints","ThirdEye","FlyingSleeves"],"picked":"SKIP","floor":48},{"not_picked":["Prostrate","CutThroughFate"],"picked":"Wish","floor":55}],"player_experience":919021,"relics_obtained":[{"floor":6.0,"key":"Pantograph"},{"floor":9.0,"key":"Juzu Bracelet"},{"floor":14.0,"key":"Tiny Chest"},{"floor":23.0,"key":"Smiling Mask"},{"floor":25.0,"key":"Turnip"},{"floor":26.0,"key":"Ancient Tea Set"},{"floor":30.0,"key":"Necronomicon"},{"floor":37.0,"key":"Yang"},{"floor":38,"key":"WingedGreaves"},{"floor":40,"key":"Strawberry"},{"floor":42,"key":"Damaru"},{"floor":45,"key":"Toy Ornithopter"},{"floor":48,"key":"Bird Faced Urn"},{"floor":55,"key":"Pen Nib"}],"event_choices":[{"cards_removed":["Strike_P"],"damage_healed":0.0,"max_hp_gain":0.0,"max_hp_loss":0.0,"gold_gain":0.0,"event_name":"Living Wall","player_choice":"Forget","floor":5.0,"gold_loss":0.0,"damage_taken":0.0},{"cards_removed":["Strike_P"],"damage_healed":0.0,"max_hp_gain":0.0,"max_hp_loss":0.0,"gold_gain":0.0,"event_name":"Purifier","player_choice":"Purged","floor":11.0,"gold_loss":0.0,"damage_taken":0.0},{"damage_healed":0.0,"max_hp_gain":0.0,"max_hp_loss":0.0,"gold_gain":0.0,"event_name":"Cursed Tome","player_choice":"Obtained Book","floor":30.0,"gold_loss":0.0,"damage_taken":21.0},{"damage_healed":0.0,"max_hp_gain":0.0,"max_hp_loss":0.0,"gold_gain":0.0,"event_name":"Vampires","player_choice":"Ignored","floor":31.0,"gold_loss":0.0,"damage_taken":0.0},{"damage_healed":0,"gold_gain":0,"player_choice":"Fight","damage_taken":0,"max_hp_gain":0,"max_hp_loss":0,"event_name":"Mysterious Sphere","floor":38,"gold_loss":0}],"is_beta":false,"boss_relics":[{"not_picked":["Runic Pyramid","Cursed Key"],"picked":"Sozu"},{"not_picked":["Black Star","Pandora\u0027s Box"],"picked":"Velvet Choker"}],"items_purged_floors":[2,12,19,21,36],"is_endless":false,"potions_floor_spawned":[4,10,14,22,23,33,39,40,42,48],"killed_by":"The Heart","ascension_level":20}}