{"host":"6qo42zgaknezulyg","time":1607687861,"event":{"mods":["2.2 Compatiblity","BaseMod","Jorbs\u0027s Wanderer Trilogy","Keyboard Shortcuts","Minty Spire (QoL Compilation)","Permanent Neow","Quick Restart","StSLib","SuperFastMode"],"gold_per_floor":[117,127,202,213,223,223,256,268,268,268,193,211,211,276,276,276,276],"floor_reached":16,"playtime":395,"items_purged":["stsjorbsmod:Strike_Wanderer"],"score":204,"play_id":"e1be3e68-41c8-44de-bbc1-c7b564ba7a2e","local_time":"20201211205741","is_ascension_mode":true,"campfire_choices":[{"floor":6.0,"key":"REST"},{"data":"stsjorbsmod:Fireball","floor":15.0,"key":"SMITH"}],"circlet_count":0,"master_deck":["AscendersBane","stsjorbsmod:ForbiddenGrimoire+1","stsjorbsmod:Strike_Wanderer","stsjorbsmod:Strike_Wanderer","stsjorbsmod:Strike_Wanderer","stsjorbsmod:Defend_Wanderer","stsjorbsmod:Defend_Wanderer","stsjorbsmod:Defend_Wanderer","stsjorbsmod:Defend_Wanderer","stsjorbsmod:FreshAdventure","stsjorbsmod:EyeOfTheStorm","stsjorbsmod:Fireball","stsjorbsmod:Firebolt","stsjorbsmod:WeightOfMemory","stsjorbsmod:TrueStrike","stsjorbsmod:Fireball+1","stsjorbsmod:TinyHut","stsjorbsmod:FindFamiliar","stsjorbsmod:MistyStep","stsjorbsmod:Aid"],"relics":["stsjorbsmod:GrimoireRelic","Letter Opener","Bottled Flame","Bag of Preparation"],"acts_visited":["Exordium"],"potions_floor_usage":[],"damage_taken":[{"damage":0.0,"enemies":"2 Louse","floor":1.0,"turns":2.0},{"damage":12.0,"enemies":"Jaw Worm","floor":2.0,"turns":4.0},{"damage":3.0,"enemies":"Small Slimes","floor":4.0,"turns":2.0},{"damage":19.0,"enemies":"3 Louse","floor":5.0,"turns":3.0},{"damage":8.0,"enemies":"Gremlin Nob","floor":7.0,"turns":3.0},{"damage":10.0,"enemies":"Red Slaver","floor":8.0,"turns":4.0},{"damage":8.0,"enemies":"Blue Slaver","floor":12.0,"turns":2.0},{"damage":0.0,"enemies":"3 Sentries","floor":14.0,"turns":2.0},{"damage":0,"enemies":"Hexaghost","floor":16,"turns":1}],"seed_played":"-6226005048811062643","potions_obtained":[{"floor":5.0,"key":"SkillPotion"},{"floor":8.0,"key":"Weak Potion"},{"floor":14.0,"key":"Swift Potion"}],"is_trial":false,"path_per_floor":["M","M","?","M","M","R","E","M","T","?","$","M","?","?","R","B"],"character_chosen":"WANDERER","items_purchased":[],"campfire_rested":1,"item_purchase_floors":[],"current_hp_per_floor":[58,48,37,34,16,35,27,18,18,11,11,3,3,3,3,3,3],"gold":276,"neow_bonus":"THREE_RARE_CARDS","is_daily":false,"chose_seed":false,"campfire_upgraded":1,"win_rate":0.0,"timestamp":1607687861,"path_taken":["M","M","?","M","M","R","E","M","T","?","$","M","?","?","R","BOSS"],"items_purchased_type":[],"build_version":"2020-11-30","purchased_purges":1,"victory":false,"max_hp_per_floor":[64,64,64,64,64,64,64,64,64,64,64,64,64,64,64,64,64],"card_choices":[{"not_picked":["stsjorbsmod:PurgeMind","stsjorbsmod:SiphonEnergy"],"picked":"stsjorbsmod:Fireball","floor":0.0},{"not_picked":["stsjorbsmod:UnseenServant","stsjorbsmod:ChainLightning"],"picked":"stsjorbsmod:Firebolt","floor":1.0},{"not_picked":["stsjorbsmod:RayOfFrost","stsjorbsmod:Mindworm"],"picked":"stsjorbsmod:WeightOfMemory","floor":2.0},{"not_picked":["stsjorbsmod:Hurt","stsjorbsmod:WeightOfMemory"],"picked":"stsjorbsmod:TrueStrike","floor":4.0},{"not_picked":["stsjorbsmod:BlackTentacles","stsjorbsmod:WeightOfMemory"],"picked":"stsjorbsmod:Fireball","floor":5.0},{"not_picked":["stsjorbsmod:SchoolsOfMagic","stsjorbsmod:MistyStep"],"picked":"stsjorbsmod:TinyHut","floor":7.0},{"not_picked":["stsjorbsmod:ParryingBlow","stsjorbsmod:Channel"],"picked":"stsjorbsmod:FindFamiliar","floor":8.0},{"not_picked":["stsjorbsmod:DoubleCheck","stsjorbsmod:FracturedMind"],"picked":"stsjorbsmod:MistyStep","floor":12.0},{"not_picked":["stsjorbsmod:Materialize","stsjorbsmod:ArcaneWeapon"],"picked":"stsjorbsmod:Aid","floor":14.0}],"player_experience":737029,"relics_obtained":[{"floor":7.0,"key":"Letter Opener"},{"floor":9.0,"key":"Bottled Flame"},{"floor":14.0,"key":"Bag of Preparation"}],"event_choices":[{"damage_healed":0.0,"max_hp_gain":0.0,"max_hp_loss":0.0,"gold_gain":75.0,"event_name":"World of Goop","player_choice":"Gather Gold","floor":3.0,"gold_loss":0.0,"damage_taken":11.0},{"cards_removed":["Doubt"],"damage_healed":0.0,"max_hp_gain":0.0,"max_hp_loss":0.0,"gold_gain":0.0,"event_name":"Golden Wing","player_choice":"Card Removal","floor":10.0,"gold_loss":0.0,"damage_taken":7.0},{"damage_healed":0.0,"max_hp_gain":0.0,"max_hp_loss":0.0,"gold_gain":0.0,"event_name":"Scrap Ooze","player_choice":"Fled","floor":13.0,"gold_loss":0.0,"damage_taken":0.0},{"damage_healed":0.0,"max_hp_gain":0.0,"max_hp_loss":0.0,"gold_gain":0.0,"event_name":"Dead Adventurer","player_choice":"Searched \u00271\u0027 times","floor":14.0,"gold_loss":0.0,"damage_taken":0.0}],"is_beta":false,"boss_relics":[],"items_purged_floors":[11],"is_endless":false,"potions_floor_spawned":[5,8,14],"killed_by":"Hexaghost","ascension_level":20}}