{"host":"f1miojwxaupu79sp","time":1607721417,"event":{"mods":["BaseMod","Better Vampires","Minty Spire (QoL Compilation)","Shop Mod","StSLib"],"gold_per_floor":[115,115,40,59,70,70,83,83,83,116,116,133,145,176,176,279,279,291,291,291,301,301,301,301],"floor_reached":23,"playtime":2446,"items_purged":["Strike_R"],"score":236,"play_id":"1c73a185-83d6-4cc1-9f9b-4b4da675c931","local_time":"20201211161657","is_ascension_mode":true,"campfire_choices":[{"data":"Searing Blow","floor":6,"key":"SMITH"},{"data":"Searing Blow+1","floor":8,"key":"SMITH"},{"data":"Searing Blow+2","floor":11,"key":"SMITH"},{"data":"Searing Blow+3","floor":15,"key":"SMITH"}],"circlet_count":0,"master_deck":["Defend_R","Defend_R","Defend_R","Defend_R","Bash","Discovery","Seeing Red","Searing Blow+4","Shrug It Off","Infernal Blade","Bloodletting","Berserk","Rage","Bite","Bite","Bite","Bite"],"relics":["Burning Blood","Omamori","Paper Frog","SlaversCollar","Nloth\u0027s Gift"],"acts_visited":["Exordium","TheCity"],"potions_floor_usage":[10,16,16,21],"damage_taken":[{"damage":1,"enemies":"Cultist","floor":1,"turns":3},{"damage":0,"enemies":"Small Slimes","floor":4,"turns":3},{"damage":2,"enemies":"2 Louse","floor":5,"turns":3},{"damage":8,"enemies":"Red Slaver","floor":7,"turns":3},{"damage":12,"enemies":"Gremlin Nob","floor":10,"turns":3},{"damage":0,"enemies":"2 Fungi Beasts","floor":12,"turns":2},{"damage":3,"enemies":"3 Louse","floor":13,"turns":3},{"damage":19,"enemies":"3 Sentries","floor":14,"turns":6},{"damage":33,"enemies":"Hexaghost","floor":16,"turns":7},{"damage":17,"enemies":"Shell Parasite","floor":18,"turns":3},{"damage":3,"enemies":"3 Byrds","floor":21,"turns":3},{"damage":75,"enemies":"Gremlin Leader","floor":23,"turns":6}],"seed_played":"6911990282602089624","potions_obtained":[{"floor":7,"key":"SneckoOil"},{"floor":10,"key":"LiquidBronze"},{"floor":12,"key":"FearPotion"},{"floor":13,"key":"Swift Potion"},{"floor":14,"key":"Swift Potion"},{"floor":18,"key":"SpeedPotion"}],"is_trial":false,"path_per_floor":["M","?","$","M","M","R","M","R","T","E","R","M","M","E","R","B",null,"M","?","?","M","?","E"],"character_chosen":"IRONCLAD","items_purchased":[],"campfire_rested":0,"item_purchase_floors":[],"current_hp_per_floor":[80,80,80,80,80,80,78,78,78,72,72,78,80,67,67,40,80,69,60,60,60,60,0,0],"gold":301,"neow_bonus":"RANDOM_COLORLESS","is_daily":false,"chose_seed":false,"campfire_upgraded":4,"win_rate":0.0,"timestamp":1607721417,"path_taken":["M","?","$","M","M","R","M","R","T","E","R","M","M","E","R","BOSS","M","?","?","M","?","E"],"items_purchased_type":[],"build_version":"2020-11-30","purchased_purges":1,"victory":false,"max_hp_per_floor":[80,80,80,80,80,80,80,80,80,80,80,80,80,80,80,80,80,80,60,60,60,60,60,60],"card_choices":[{"not_picked":["Impatience","Mind Blast"],"picked":"Discovery","floor":0},{"not_picked":["Body Slam","True Grit"],"picked":"Seeing Red","floor":1},{"not_picked":["Sword Boomerang","Heavy Blade"],"picked":"Searing Blow","floor":4},{"not_picked":["Dark Embrace","Power Through","Combust"],"picked":"SKIP","floor":5},{"not_picked":["Flex","Heavy Blade"],"picked":"Shrug It Off","floor":7},{"not_picked":["Inflame","Headbutt"],"picked":"Infernal Blade","floor":10},{"not_picked":["Battle Trance","Hemokinesis","True Grit"],"picked":"SKIP","floor":12},{"not_picked":["Cleave","Havoc"],"picked":"Bloodletting","floor":13},{"not_picked":["Clothesline","Perfected Strike","Carnage"],"picked":"SKIP","floor":14},{"not_picked":["Immolate","Barricade"],"picked":"Berserk","floor":16},{"not_picked":["Wild Strike","Iron Wave+1"],"picked":"Rage","floor":18},{"not_picked":["Sword Boomerang","Heavy Blade","Evolve+1"],"picked":"SKIP","floor":21}],"player_experience":376218,"relics_obtained":[{"floor":9,"key":"Omamori"},{"floor":10,"key":"Paper Frog"},{"floor":14,"key":"InkBottle"}],"event_choices":[{"damage_healed":0,"gold_gain":0,"player_choice":"Bought 0 Potions","damage_taken":0,"max_hp_gain":0,"max_hp_loss":0,"event_name":"The Woman in Blue","floor":2,"gold_loss":0},{"damage_healed":0,"gold_gain":0,"player_choice":"Became a vampire","damage_taken":0,"max_hp_gain":0,"max_hp_loss":20,"event_name":"Vampires","floor":19,"gold_loss":0,"cards_obtained":["Bite","Bite","Bite","Bite"]},{"damage_healed":0,"gold_gain":0,"player_choice":"Ignored","damage_taken":0,"max_hp_gain":0,"max_hp_loss":0,"event_name":"Ghosts","floor":20,"gold_loss":0},{"damage_healed":0,"gold_gain":0,"player_choice":"Traded Relic","damage_taken":0,"relics_obtained":["Nloth\u0027s Gift"],"max_hp_gain":0,"max_hp_loss":0,"event_name":"N\u0027loth","floor":22,"relics_lost":["InkBottle"],"gold_loss":0}],"is_beta":false,"boss_relics":[{"not_picked":["Fusion Hammer","Tiny House"],"picked":"SlaversCollar"}],"items_purged_floors":[3],"is_endless":false,"potions_floor_spawned":[7,10,12,13,14,18],"killed_by":"Gremlin Leader","ascension_level":1}}