{"host":"utqe55yv0jihe4d6","time":1607659879,"event":{"mods":["2.2 Compatiblity","AchievementEnabler","BaseMod","Block Reminder","Colored Map","Colored Powertips","Minty Spire (QoL Compilation)","Quick Restart","Rare Cards Sparkle","Relic Stats","SuperFastMode"],"gold_per_floor":[112,112,135,135,135,135,178,40,40,40,73,98,98,122,122,212,212,233,252,268,109,130,130,130,130],"floor_reached":24,"playtime":647,"items_purged":["Strike_B"],"score":412,"play_id":"00e9e5c9-6f0f-477c-abed-8324536802cd","local_time":"20201210231119","is_ascension_mode":true,"campfire_choices":[{"data":"Ball Lightning","floor":6,"key":"SMITH"},{"data":"Compile Driver","floor":10,"key":"SMITH"},{"data":"Doom and Gloom","floor":13,"key":"SMITH"},{"data":"Genetic Algorithm","floor":15,"key":"SMITH"},{"floor":23,"key":"REST"}],"circlet_count":0,"master_deck":["AscendersBane","Strike_B","Strike_B","Strike_B","Defend_B","Defend_B","Defend_B","Defend_B","Zap","Dualcast","Ball Lightning+1","Self Repair","Compile Driver+1","Storm","Doom and Gloom+1","Undo","Genetic Algorithm+1","Fission","Go for the Eyes","Creative AI","Turbo","Heatsinks","Capacitor","Conserve Battery","Chill"],"relics":["Cracked Core","Golden Idol","The Courier","Dream Catcher","Runic Capacitor","Eternal Feather","Pen Nib","Nuclear Battery"],"acts_visited":["Exordium","TheCity"],"potions_floor_usage":[11,16],"damage_taken":[{"damage":4,"enemies":"Jaw Worm","floor":1,"turns":3},{"damage":0,"enemies":"2 Louse","floor":3,"turns":2},{"damage":25,"enemies":"Lagavulin","floor":7,"turns":6},{"damage":31,"enemies":"Gremlin Nob","floor":11,"turns":4},{"damage":4,"enemies":"Small Slimes","floor":12,"turns":3},{"damage":15,"enemies":"Exordium Wildlife","floor":14,"turns":5},{"damage":32,"enemies":"Slime Boss","floor":16,"turns":8},{"damage":32,"enemies":"3 Byrds","floor":18,"turns":5},{"damage":14,"enemies":"Spheric Guardian","floor":19,"turns":4},{"damage":18,"enemies":"Centurion and Healer","floor":20,"turns":8},{"damage":4,"enemies":"3 Cultists","floor":22,"turns":4},{"damage":53,"enemies":"Slavers","floor":24,"turns":3}],"seed_played":"115668474365584927","potions_obtained":[{"floor":1,"key":"FocusPotion"},{"floor":11,"key":"BlessingOfTheForge"},{"floor":12,"key":"SkillPotion"},{"floor":14,"key":"AttackPotion"},{"floor":19,"key":"LiquidBronze"}],"is_trial":false,"path_per_floor":["M","?","M","?","?","R","E","$","T","R","E","M","R","M","R","B",null,"M","M","M","$","M","R","E"],"character_chosen":"DEFECT","items_purchased":["Runic Capacitor","Heatsinks","Capacitor"],"campfire_rested":1,"item_purchase_floors":[8,21,21],"current_hp_per_floor":[60,60,60,65,54,54,36,36,36,45,21,24,33,25,34,9,54,29,22,11,11,14,46,0,0],"gold":130,"neow_bonus":"THREE_CARDS","is_daily":false,"chose_seed":false,"campfire_upgraded":4,"win_rate":0.0,"timestamp":1607659879,"path_taken":["M","?","M","?","?","R","E","?","T","R","E","?","R","M","R","BOSS","M","M","M","$","M","R","E"],"items_purchased_type":["Relic","Card","Card"],"build_version":"2020-11-30","purchased_purges":1,"victory":false,"max_hp_per_floor":[71,64,64,69,69,69,69,69,69,69,69,69,69,69,69,69,69,69,69,69,69,69,69,69,69],"relic_stats":{"Dream Catcher":1,"counters":[12,55],"Golden Idol":64,"Eternal Feather":39,"Pen Nib":[6],"obtain_stats":[{"Dream Catcher":7,"Golden Idol":2,"Eternal Feather":9,"The Courier":5,"Pen Nib":11,"Runic Capacitor":8,"Cracked Core":0,"Nuclear Battery":17},{"Dream Catcher":3,"Golden Idol":1,"Eternal Feather":3,"The Courier":2,"Pen Nib":4,"Runic Capacitor":3,"Cracked Core":0,"Nuclear Battery":7},{"Dream Catcher":11,"Golden Idol":3,"Eternal Feather":11,"The Courier":5,"Pen Nib":15,"Runic Capacitor":11,"Cracked Core":0,"Nuclear Battery":31}]},"card_choices":[{"not_picked":["Steam","Reinforced Body"],"picked":"Ball Lightning","floor":0},{"not_picked":["Stack","Conserve Battery"],"picked":"Self Repair","floor":1},{"not_picked":["Rebound","Streamline"],"picked":"Compile Driver","floor":3},{"not_picked":["Amplify","Reinforced Body"],"picked":"Storm","floor":7},{"not_picked":["Genetic Algorithm","Barrage"],"picked":"Doom and Gloom","floor":11},{"not_picked":["Sweeping Beam","Hologram"],"picked":"Undo","floor":12},{"not_picked":["Auto Shields","Beam Cell"],"picked":"Genetic Algorithm","floor":14},{"not_picked":["Core Surge","Creative AI"],"picked":"Fission","floor":16},{"not_picked":["Leap","Beam Cell"],"picked":"Go for the Eyes","floor":18},{"not_picked":["Cold Snap","Beam Cell"],"picked":"Creative AI","floor":19},{"not_picked":["Hologram","Compile Driver"],"picked":"Turbo","floor":20},{"not_picked":["Static Discharge","Beam Cell"],"picked":"Conserve Battery","floor":22},{"not_picked":["Conserve Battery","Steam"],"picked":"Chill","floor":23}],"player_experience":2735178,"relics_obtained":[{"floor":7,"key":"Dream Catcher"},{"floor":9,"key":"Eternal Feather"},{"floor":11,"key":"Pen Nib"}],"event_choices":[{"damage_healed":0,"gold_gain":0,"player_choice":"Lose Max HP","damage_taken":0,"relics_obtained":["Golden Idol"],"max_hp_gain":0,"max_hp_loss":7,"event_name":"Golden Idol","floor":2,"gold_loss":0},{"damage_healed":0,"gold_gain":0,"player_choice":"Donut","damage_taken":0,"max_hp_gain":5,"max_hp_loss":0,"event_name":"Big Fish","floor":4,"gold_loss":0},{"damage_healed":0,"gold_gain":0,"player_choice":"Success","damage_taken":11,"relics_obtained":["The Courier"],"max_hp_gain":0,"max_hp_loss":0,"event_name":"Scrap Ooze","floor":5,"gold_loss":0}],"is_beta":false,"boss_relics":[{"not_picked":["Calling Bell","Pandora\u0027s Box"],"picked":"Nuclear Battery"}],"items_purged_floors":[21],"is_endless":false,"potions_floor_spawned":[1,11,12,14,19,20],"killed_by":"Slavers","ascension_level":20}}