{"host":"mmqs5ul2bvb60kyc","time":1607662173,"event":{"mods":["BaseMod","Minty Spire (QoL Compilation)","StSLib"],"gold_per_floor":[99,99,17,17,17,17,17,17,17,17,17,17,17,17,17,17,17,17,17,17,17,17,17,17,17,17,17,17,17,17,17,17,17,17,17,17,17,17,17,17,17,17,17,17,17,17,17,17,17,17],"floor_reached":51,"playtime":1903,"items_purged":[],"score":1419,"play_id":"4641636a-27a3-4688-adaa-c8e08b2235fd","local_time":"20201211124933","is_ascension_mode":true,"campfire_choices":[{"data":"Eruption","floor":6.0,"key":"SMITH"},{"data":"Wish","floor":8.0,"key":"SMITH"},{"data":"Tantrum","floor":10.0,"key":"SMITH"},{"data":"Wallop","floor":12.0,"key":"SMITH"},{"data":"SignatureMove","floor":15.0,"key":"SMITH"},{"data":"MasterReality","floor":24.0,"key":"SMITH"},{"data":"Vigilance","floor":32.0,"key":"SMITH"},{"floor":49,"key":"REST"}],"circlet_count":0,"master_deck":["Strike_P+1","Strike_P+1","Strike_P+1","Strike_P+1","Eruption+1","Vigilance+1","FlurryOfBlows+1","Wish+1","BowlingBash+1","Tantrum+1","Wallop+1","SignatureMove+1","MasterReality+1","Wallop+1","DeusExMachina+1","Study+1","CutThroughFate+1","Necronomicurse","Evaluate+1","TalkToTheHand+1","CutThroughFate+1","Finesse","Adaptation+1","Wallop+1","Sanctity+1","Sanctity","Wish","Adaptation","Indignation","Evaluate+1"],"relics":["Ectoplasm","Pantograph","StrikeDummy","Incense Burner","Eternal Feather","Astrolabe","Necronomicon","Letter Opener","Molten Egg 2","Omamori","Pear","Sozu","Whetstone","Strawberry","Question Card","Bag of Preparation"],"acts_visited":["Exordium","TheCity","TheBeyond"],"potions_floor_usage":[48],"damage_taken":[{"damage":14.0,"enemies":"2 Louse","floor":1.0,"turns":3.0},{"damage":0.0,"enemies":"Cultist","floor":2.0,"turns":2.0},{"damage":0.0,"enemies":"Small Slimes","floor":4.0,"turns":3.0},{"damage":4.0,"enemies":"2 Fungi Beasts","floor":5.0,"turns":2.0},{"damage":9.0,"enemies":"3 Sentries","floor":11.0,"turns":4.0},{"damage":1.0,"enemies":"Large Slime","floor":13.0,"turns":3.0},{"damage":0.0,"enemies":"Lagavulin","floor":14.0,"turns":4.0},{"damage":36.0,"enemies":"Hexaghost","floor":16.0,"turns":4.0},{"damage":0.0,"enemies":"Chosen","floor":18.0,"turns":2.0},{"damage":0.0,"enemies":"Slavers","floor":23.0,"turns":3.0},{"damage":3.0,"enemies":"Book of Stabbing","floor":25.0,"turns":3.0},{"damage":0.0,"enemies":"Shell Parasite","floor":28.0,"turns":2.0},{"damage":0.0,"enemies":"Gremlin Leader","floor":30.0,"turns":3.0},{"damage":0.0,"enemies":"Snecko","floor":31.0,"turns":2.0},{"damage":0.0,"enemies":"Automaton","floor":33.0,"turns":3.0},{"damage":0.0,"enemies":"3 Darklings","floor":35.0,"turns":2.0},{"damage":0.0,"enemies":"3 Shapes","floor":37.0,"turns":3.0},{"damage":4.0,"enemies":"Sphere and 2 Shapes","floor":39.0,"turns":3.0},{"damage":22.0,"enemies":"Nemesis","floor":40.0,"turns":5.0},{"damage":0.0,"enemies":"Spire Growth","floor":41.0,"turns":3.0},{"damage":1.0,"enemies":"Giant Head","floor":42.0,"turns":4.0},{"damage":37.0,"enemies":"Nemesis","floor":44.0,"turns":5.0},{"damage":8.0,"enemies":"Maw","floor":45.0,"turns":5.0},{"damage":0.0,"enemies":"Jaw Worm Horde","floor":46.0,"turns":2.0},{"damage":6.0,"enemies":"Writhing Mass","floor":47.0,"turns":5.0},{"damage":0,"enemies":"Reptomancer","floor":48,"turns":2},{"damage":32,"enemies":"Awakened One","floor":50,"turns":7}],"seed_played":"-921846655800375918","potions_obtained":[{"floor":5.0,"key":"Dexterity Potion"},{"floor":11.0,"key":"Block Potion"},{"floor":13.0,"key":"StancePotion"},{"floor":16.0,"key":"BlessingOfTheForge"},{"floor":18.0,"key":"Ancient Potion"},{"floor":28.0,"key":"BottledMiracle"},{"floor":33.0,"key":"EntropicBrew"}],"is_trial":false,"path_per_floor":["M","M","$","M","M","R","?","R","T","R","E","R","M","E","R","B",null,"M","?","$","?","?","E","R","E","T","?","M","?","E","M","R","B",null,"M","?","M","?","M","E","M","E","T","E","M","M","M","E","R","B",null],"character_chosen":"WATCHER","items_purchased":["Wish"],"campfire_rested":1,"item_purchase_floors":[3],"current_hp_per_floor":[51,51,51,51,47,47,47,47,47,47,38,38,37,37,46,35,63,63,47,47,47,47,47,56,53,53,53,53,53,63,63,75,82,82,82,82,82,82,78,56,56,62,62,25,17,17,11,11,55,48],"gold":17,"neow_bonus":"BOSS_RELIC","is_daily":false,"chose_seed":false,"campfire_upgraded":7,"win_rate":0.0,"timestamp":1607662173,"path_taken":["M","M","$","M","M","R","?","R","T","R","E","R","M","E","R","BOSS","M","?","$","?","?","E","R","E","T","?","?","?","E","?","R","BOSS","M","?","M","?","?","E","M","E","T","E","M","M","?","E","R","BOSS"],"items_purchased_type":["Card"],"build_version":"2020-11-30","purchased_purges":0,"victory":true,"max_hp_per_floor":[72,72,72,72,72,72,72,72,72,72,72,72,72,72,72,72,72,72,72,72,72,72,72,72,72,72,72,72,72,82,82,82,82,82,82,82,82,82,82,82,82,89,89,89,89,89,89,89,89,89],"card_choices":[{"not_picked":["Protect","SashWhip"],"picked":"FlurryOfBlows","floor":1.0},{"not_picked":["FlyingSleeves","Collect","Prostrate"],"picked":"SKIP","floor":2.0},{"not_picked":["ForeignInfluence","CrushJoints"],"picked":"BowlingBash","floor":4.0},{"not_picked":["Halt","FearNoEvil"],"picked":"Tantrum","floor":5.0},{"not_picked":["SashWhip","Halt"],"picked":"Wallop","floor":11.0},{"not_picked":["Prostrate","Study"],"picked":"SignatureMove","floor":13.0},{"not_picked":["FlurryOfBlows","SpiritShield","SashWhip"],"picked":"SKIP","floor":14.0},{"not_picked":["Brilliance","Establishment"],"picked":"MasterReality","floor":16.0},{"not_picked":["CrushJoints","Wireheading"],"picked":"CutThroughFate+1","floor":18.0},{"not_picked":["Halt","Wireheading","Perseverance"],"picked":"SKIP","floor":23.0},{"not_picked":["Tantrum+1","DeceiveReality+1"],"picked":"Evaluate+1","floor":25.0},{"not_picked":["EmptyBody","Collect"],"picked":"TalkToTheHand+1","floor":28.0},{"not_picked":["Meditate","Halt","Evaluate"],"picked":"SKIP","floor":30.0},{"not_picked":["FlyingSleeves+1","Weave+1","CrushJoints+1"],"picked":"SKIP","floor":31.0},{"not_picked":["SashWhip+1","Pray"],"picked":"CutThroughFate+1","floor":35.0},{"not_picked":["HandOfGreed+1","Swift Strike+1"],"picked":"Finesse","floor":36.0},{"not_picked":["Worship+1","BowlingBash+1"],"picked":"Adaptation+1","floor":37.0},{"not_picked":["Meditate+1","Wallop+1"],"picked":"Sanctity+1","floor":39.0},{"not_picked":["Evaluate+1","BowlingBash+1"],"picked":"Sanctity","floor":40.0},{"not_picked":["Crescendo","EmptyFist+1","FollowUp+1"],"picked":"SKIP","floor":41.0},{"not_picked":["WreathOfFlame","MentalFortress"],"picked":"Wish","floor":42.0},{"not_picked":["EmptyFist+1","EmptyBody+1"],"picked":"Adaptation","floor":44.0},{"not_picked":["SashWhip+1","EmptyBody+1","Halt+1","FlurryOfBlows+1"],"picked":"SKIP","floor":45.0},{"not_picked":["JustLucky+1","SandsOfTime+1","Judgement"],"picked":"Indignation","floor":46.0},{"not_picked":["FollowUp+1","Study","ClearTheMind"],"picked":"Evaluate+1","floor":47.0},{"not_picked":["PathToVictory+1","Consecrate+1","Prostrate+1","EmptyBody"],"picked":"SKIP","floor":48}],"player_experience":188901,"relics_obtained":[{"floor":9.0,"key":"StrikeDummy"},{"floor":11.0,"key":"Incense Burner"},{"floor":14.0,"key":"Eternal Feather"},{"floor":19.0,"key":"Necronomicon"},{"floor":23.0,"key":"Letter Opener"},{"floor":25.0,"key":"Molten Egg 2"},{"floor":26.0,"key":"Omamori"},{"floor":30.0,"key":"Pear"},{"floor":40.0,"key":"Whetstone"},{"floor":42.0,"key":"Strawberry"},{"floor":44.0,"key":"Question Card"},{"floor":48,"key":"Bag of Preparation"}],"event_choices":[{"damage_healed":0.0,"max_hp_gain":0.0,"max_hp_loss":0.0,"gold_gain":0.0,"event_name":"WeMeetAgain","player_choice":"Gave Potion","floor":7.0,"gold_loss":0.0,"damage_taken":0.0,"relics_obtained":["Pantograph"]},{"damage_healed":0.0,"max_hp_gain":0.0,"max_hp_loss":0.0,"gold_gain":0.0,"event_name":"Cursed Tome","player_choice":"Obtained Book","floor":19.0,"gold_loss":0.0,"damage_taken":16.0},{"damage_healed":0.0,"max_hp_gain":0.0,"max_hp_loss":0.0,"gold_gain":0.0,"event_name":"Back to Basics","player_choice":"Simplicity","floor":21.0,"gold_loss":0.0,"damage_taken":0.0,"cards_upgraded":["Strike_P","Strike_P","Strike_P","Strike_P","Defend_P"]},{"damage_healed":0.0,"max_hp_gain":0.0,"max_hp_loss":0.0,"gold_gain":0.0,"event_name":"Vampires","player_choice":"Ignored","floor":22.0,"gold_loss":0.0,"damage_taken":0.0},{"damage_healed":0.0,"max_hp_gain":0.0,"max_hp_loss":0.0,"gold_gain":0.0,"event_name":"Accursed Blacksmith","player_choice":"Forge","floor":27.0,"gold_loss":0.0,"damage_taken":0.0,"cards_upgraded":["BowlingBash"]},{"cards_removed":["Defend_P"],"damage_healed":0.0,"max_hp_gain":0.0,"max_hp_loss":0.0,"gold_gain":0.0,"event_name":"Bonfire Elementals","player_choice":"Offered Basic","floor":29.0,"gold_loss":0.0,"damage_taken":0.0},{"damage_healed":0.0,"max_hp_gain":0.0,"max_hp_loss":0.0,"gold_gain":0.0,"event_name":"SensoryStone","player_choice":"Memory 1","floor":36.0,"gold_loss":0.0,"damage_taken":0.0},{"damage_healed":0.0,"max_hp_gain":0.0,"max_hp_loss":0.0,"gold_gain":0.0,"event_name":"Duplicator","player_choice":"Copied","floor":38.0,"gold_loss":0.0,"damage_taken":0.0,"cards_obtained":["Wallop"]}],"is_beta":false,"boss_relics":[{"not_picked":["Fusion Hammer","Black Star"],"picked":"Astrolabe"},{"not_picked":["SacredBark","Cursed Key"],"picked":"Sozu"}],"items_purged_floors":[],"is_endless":false,"potions_floor_spawned":[5,11,13,16,18,25,28,33,35,37,40,45,46,48],"ascension_level":8}}