{"host":"qqjv58wfhopf6ysa","time":1607708146,"event":{"mods":["AchievementEnabler","Aspiration","BaseMod","Conspire","Hubris","Infinite Spire","Minty Spire (QoL Compilation)","Quick Restart","Replay The Spire","StSLib","SuperFastMode","vexMod"],"gold_per_floor":[116,116,128,163,174,174,29,29,106,116,131,144,169,182,182,278,278,289,204,217,228,228,256,1,1,24,38,38,38],"floor_reached":28,"playtime":853,"items_purged":["Strike_B","Strike_B"],"score":267,"play_id":"ba1b49d7-8bf2-40d4-be97-57b4fa65fc7b","local_time":"20201212023546","is_ascension_mode":false,"campfire_choices":[{"data":"Dualcast","floor":6,"key":"SMITH"},{"data":"Chill","floor":8,"key":"SMITH"},{"data":"Echo Form","floor":15,"key":"SMITH"}],"circlet_count":0,"master_deck":["Strike_B","Strike_B","Defend_B","Defend_B","Defend_B","Defend_B","Zap+1","Dualcast+1","Coolheaded","Chill+1","BasicCrystalCard+1","Echo Form+1","infinitespire:Collect+1","Mirror Shield+1"],"relics":["Cracked Core","NeowsBlessing","infinitespire:EmpoweringShard","Toxic Egg 2","vexMod:ScavengeHelm","Philosopher\u0027s Stone","infinitespire:CheckeredPen","infinitespire:Satchel","aspiration:TomeofQuesting","conspire:BottledYoYo","Dream Catcher"],"acts_visited":["Exordium","TheCity"],"potions_floor_usage":[],"damage_taken":[{"damage":0,"enemies":"Jaw Worm","floor":1,"turns":1},{"damage":0,"enemies":"Cultist","floor":3,"turns":1},{"damage":0,"enemies":"conspire:MimicChest","floor":4,"turns":1},{"damage":0,"enemies":"2 Louse","floor":5,"turns":2},{"damage":0,"enemies":"2 Fungi Beasts","floor":10,"turns":4},{"damage":0,"enemies":"Large Slime","floor":11,"turns":6},{"damage":0,"enemies":"Exordium Wildlife","floor":12,"turns":4},{"damage":18,"enemies":"Lagavulin","floor":13,"turns":7},{"damage":0,"enemies":"Blue Slaver","floor":14,"turns":3},{"damage":14,"enemies":"Hexaghost","floor":16,"turns":11},{"damage":11,"enemies":"Chosen","floor":18,"turns":4},{"damage":5,"enemies":"3 Byrds","floor":20,"turns":4},{"damage":25,"enemies":"Snecko","floor":21,"turns":6},{"damage":0,"enemies":"conspire:Head Lice","floor":23,"turns":7},{"damage":3,"enemies":"Cultist and Chosen","floor":27,"turns":6},{"damage":14,"enemies":"Replay:Snechameleon","floor":28,"turns":2}],"seed_played":"-1209923021996716028","potions_obtained":[{"floor":10,"key":"Energy Potion"},{"floor":11,"key":"Venom Potion"},{"floor":12,"key":"Weak Potion"},{"floor":13,"key":"FocusPotion"}],"is_trial":false,"path_per_floor":["M","?","M","?","M","R","$","R","T","M","M","M","E","M","R","B",null,"M","?","M","M","?","E","$","T","T","M","E"],"character_chosen":"DEFECT","items_purchased":["Chill","aspiration:TomeofQuesting"],"campfire_rested":0,"item_purchase_floors":[7,24],"current_hp_per_floor":[75,75,75,75,75,75,75,75,75,75,75,75,57,57,57,43,75,64,64,59,34,16,16,16,16,16,13,0,0],"gold":38,"neow_bonus":"THREE_ENEMY_KILL","is_daily":false,"chose_seed":false,"campfire_upgraded":3,"win_rate":0.0,"timestamp":1607708146,"path_taken":["M","?","?","?","M","R","$","R","T","M","M","M","E","M","R","BOSS","M","?","M","M","?","E","$","?","T","M","E"],"items_purchased_type":["Card","Relic"],"build_version":"2020-11-30","purchased_purges":2,"victory":false,"max_hp_per_floor":[75,75,75,75,75,75,75,75,75,75,75,75,75,75,75,75,75,75,75,75,75,75,75,75,75,75,75,75,75],"card_choices":[{"not_picked":["Redo","Cold Snap"],"picked":"Coolheaded","floor":1},{"not_picked":["Barrage","Heatsinks","Time Bomb"],"picked":"SKIP","floor":3},{"not_picked":["Storm","White Noise","Reinforced Body"],"picked":"SKIP","floor":5},{"not_picked":["Rebound","ReplayRNGCard+1","ReplayTheSpireMod:Reroute Power+1"],"picked":"SKIP","floor":10},{"not_picked":["Lockon","Steam+1","Gash"],"picked":"SKIP","floor":11},{"not_picked":["Panic Button+1","Coolheaded+1"],"picked":"BasicCrystalCard+1","floor":12},{"not_picked":["Cold Snap","Heatsinks"],"picked":"Echo Form","floor":13},{"not_picked":["Redo+1","Beam Cell","Melter"],"picked":"SKIP","floor":14},{"not_picked":["Beam Cell","Sweeping Beam","Barrage"],"picked":"SKIP","floor":18},{"not_picked":["Cold Snap","Sweeping Beam+1","Go for the Eyes+1"],"picked":"SKIP","floor":20},{"not_picked":["Storm","Steam Power+1","Force Field+1"],"picked":"SKIP","floor":21},{"not_picked":["infinitespire:SealOfDarkness+","infinitespire:DeathsTouch"],"picked":"infinitespire:Collect","floor":22},{"not_picked":["Coolheaded+1","hubris:SpecializedCircuitry"],"picked":"Mirror Shield+1","floor":23},{"not_picked":["Rebound","Gash","Auto Shields+1"],"picked":"SKIP","floor":27}],"player_experience":310726,"relics_obtained":[{"floor":4,"key":"infinitespire:EmpoweringShard"},{"floor":9,"key":"Toxic Egg 2"},{"floor":13,"key":"vexMod:ScavengeHelm"},{"floor":23,"key":"infinitespire:Satchel"},{"floor":25,"key":"conspire:BottledYoYo"},{"floor":26,"key":"Dream Catcher"}],"event_choices":[{"damage_healed":0,"gold_gain":0,"player_choice":"Upgraded","damage_taken":0,"max_hp_gain":0,"max_hp_loss":0,"event_name":"Upgrade Shrine","floor":2,"gold_loss":0,"cards_upgraded":["Zap"]},{"damage_healed":0,"gold_gain":0,"player_choice":"Obtained Relic","damage_taken":0,"relics_obtained":["infinitespire:CheckeredPen"],"max_hp_gain":0,"max_hp_loss":0,"event_name":"Addict","floor":19,"gold_loss":85}],"is_beta":false,"boss_relics":[{"not_picked":["hubris:GrandSneckoEye","hubris:TerracottaHorce"],"picked":"Philosopher\u0027s Stone"}],"items_purged_floors":[7,24],"is_endless":false,"potions_floor_spawned":[10,11,12,13,14,18,20],"killed_by":"Replay:Snechameleon","ascension_level":0}}