{"host":"ea1gz0s8chhg5p89","time":1607687533,"event":{"mods":["Act Like it!","BaseMod","Gensokyo","Marisa£®ÏF”Í°°ƒß¿Ì…≥£©","Minty Spire (QoL Compilation)","Pale of the Ancients","Remilia£®¿Ÿ√◊¿Ú—«£©","StSLib","The Servant 0.9.4","Youmu£®ªÍ∆«—˝√Œ£©"],"gold_per_floor":[113,113,28,41,60,60,60,91,91,102,117,117,117,128,128,226,226,236,146,159,159,174,174,202,202,228,228,60,0,0,0],"floor_reached":30,"playtime":1334,"items_purged":[],"score":298,"play_id":"af78e616-2552-4aaf-9d6c-7239d9c62ade","local_time":"20201211195213","is_ascension_mode":false,"campfire_choices":[{"data":"TheWorld","floor":6.0,"key":"SMITH"},{"data":"Exchange","floor":12.0,"key":"SMITH"},{"data":"DoubleEdge","floor":15.0,"key":"SMITH"},{"data":"Defy","floor":23,"key":"SMITH"},{"data":"Unruled","floor":25,"key":"SMITH"},{"data":"SpecialFormula","floor":27,"key":"SMITH"}],"circlet_count":0,"master_deck":["Defend_S","KidneyShot","Exchange+1","Initiator","Barrier","TimeWarp","SurpressingFire+1","Defy+1","MoonPhase","TheWorld+1","Unruled+1","Ricochet","ShatteredReality","Read","DoubleEdge+1","MurderousAura+1","BestPractice+1","Comet+1","Revamp+1","FastForward","SpecialFormula+1","Duplication","Purity","Alleviate","KidneyShot","Starlight","Unruled","Advance","MoonPhase+1","ShatteredReality"],"relics":["Uniform","Bird Faced Urn","Frozen Egg 2","Astrolabe","TungstenRod","Nunchaku"],"acts_visited":["Exordium","TheCity"],"potions_floor_usage":[24],"damage_taken":[{"damage":3.0,"enemies":"Small Slimes","floor":1.0,"turns":4.0},{"damage":11.0,"enemies":"Jaw Worm","floor":4.0,"turns":4.0},{"damage":2.0,"enemies":"Cultist","floor":5.0,"turns":4.0},{"damage":22.0,"enemies":"Gremlin Nob","floor":8.0,"turns":4.0},{"damage":7.0,"enemies":"Blue Slaver","floor":10.0,"turns":4.0},{"damage":8.0,"enemies":"Red Slaver","floor":11.0,"turns":3.0},{"damage":0.0,"enemies":"Exordium Thugs","floor":14.0,"turns":5.0},{"damage":0.0,"enemies":"Hexaghost","floor":16.0,"turns":9.0},{"damage":5.0,"enemies":"3 Byrds","floor":18.0,"turns":4.0},{"damage":10.0,"enemies":"Chosen","floor":20.0,"turns":4.0},{"damage":20,"enemies":"Centurion and Healer","floor":22,"turns":5},{"damage":58,"enemies":"Gremlin Leader","floor":24,"turns":7},{"damage":14,"enemies":"Shelled Parasite and Fungi","floor":30,"turns":1}],"seed_played":"7398782701717608943","potions_obtained":[{"floor":4.0,"key":"Weak Potion"},{"floor":8.0,"key":"FearPotion"},{"floor":10.0,"key":"Fire Potion"},{"floor":16.0,"key":"SkillPotion"},{"floor":22,"key":"Swift Potion"}],"is_trial":false,"path_per_floor":["M","?","$","M","M","R","?","E","T","M","M","R","?","M","R","B",null,"M","?","M","?","M","R","E","R","T","R","$","?","M"],"character_chosen":"THE_SERVANT","items_purchased":["Defy","MoonPhase","Advance","MoonPhase+1","ShatteredReality"],"campfire_rested":0,"item_purchase_floors":[3,3,28,28,28],"current_hp_per_floor":[62,62,62,51,49,49,49,27,27,24,18,18,18,22,22,26,65,64,64,59,59,55,55,10,10,10,10,10,10,0,0],"gold":0,"neow_bonus":"TRANSFORM_TWO_CARDS","is_daily":false,"chose_seed":false,"campfire_upgraded":6,"win_rate":0.0,"timestamp":1607687533,"path_taken":["M","?","?","M","M","R","?","E","T","?","M","R","?","?","R","BOSS","M","?","?","?","M","R","E","R","T","R","?","?","M"],"items_purchased_type":["Card","Card","Card","Undefined","Card"],"build_version":"2020-11-30","purchased_purges":0,"victory":false,"max_hp_per_floor":[65,65,65,65,65,65,65,65,65,65,65,65,65,65,65,65,65,65,65,65,65,65,65,65,65,65,65,65,65,65,65],"card_choices":[{"not_picked":["Alleviate","BottledTime"],"picked":"TimeWarp","floor":1.0},{"not_picked":["Potential","FanOfKnives"],"picked":"TheWorld","floor":4.0},{"not_picked":["Spin","Replace"],"picked":"Unruled","floor":5.0},{"not_picked":["SurpressingFire","Initiator"],"picked":"Ricochet","floor":8.0},{"not_picked":["Rearm","Luminosity+1"],"picked":"ShatteredReality","floor":10.0},{"not_picked":["Advance","Alleviate"],"picked":"Read","floor":11.0},{"not_picked":["FastForward","Gouge"],"picked":"DoubleEdge","floor":14.0},{"not_picked":["Initiator","Deny"],"picked":"MurderousAura+1","floor":16.0},{"not_picked":["Unruled","Replace"],"picked":"FastForward","floor":18.0},{"not_picked":["DoubleEdge+1","Deny"],"picked":"SpecialFormula","floor":20.0},{"not_picked":["FastForward","Revamp"],"picked":"Starlight","floor":22},{"not_picked":["Starlight","Barrier+1"],"picked":"Unruled","floor":24}],"player_experience":468010,"relics_obtained":[{"floor":8.0,"key":"Bird Faced Urn"},{"floor":9.0,"key":"Frozen Egg 2"},{"floor":24,"key":"TungstenRod"},{"floor":26,"key":"Nunchaku"}],"event_choices":[{"damage_healed":0.0,"max_hp_gain":0.0,"max_hp_loss":0.0,"gold_gain":0.0,"cards_transformed":["Strike_S"],"event_name":"Living Wall","player_choice":"Change","floor":2.0,"gold_loss":0.0,"damage_taken":0.0,"cards_obtained":["SurpressingFire"]},{"cards_removed":["Writhe"],"damage_healed":0.0,"max_hp_gain":0.0,"max_hp_loss":0.0,"gold_gain":0.0,"event_name":"Purifier","player_choice":"Purged","floor":7.0,"gold_loss":0.0,"damage_taken":0.0},{"damage_healed":0.0,"max_hp_gain":0.0,"max_hp_loss":0.0,"gold_gain":0.0,"event_name":"The Woman in Blue","player_choice":"Bought 0 Potions","floor":13.0,"gold_loss":0.0,"damage_taken":0.0},{"cards_removed":["Defend_S"],"damage_healed":0.0,"max_hp_gain":0.0,"max_hp_loss":0.0,"gold_gain":0.0,"event_name":"Designer","player_choice":"Upgrade and Remove","floor":19.0,"gold_loss":90.0,"damage_taken":0.0,"cards_upgraded":["SurpressingFire"]},{"damage_healed":0,"gold_gain":0,"player_choice":"4 cards matched","damage_taken":0,"max_hp_gain":0,"max_hp_loss":0,"event_name":"Match and Keep!","floor":21,"gold_loss":0,"cards_obtained":["Duplication","Purity","Alleviate","KidneyShot"]},{"damage_healed":0,"gold_gain":0,"player_choice":"Paid Fearfully","damage_taken":0,"max_hp_gain":0,"max_hp_loss":0,"event_name":"Masked Bandits","floor":29,"gold_loss":60}],"is_beta":false,"boss_relics":[{"not_picked":["Coffee Dripper","SacredBark"],"picked":"Astrolabe"}],"items_purged_floors":[],"is_endless":false,"potions_floor_spawned":[4,8,10,16,22],"killed_by":"Shelled Parasite and Fungi","ascension_level":0}}