{"host":"7pe9xwx78c6nlay8","time":1607701145,"event":{"mods":["BaseMod","Minty Spire (QoL Compilation)"],"gold_per_floor":[111,123,123,141,216,233,266,277,345,345,345,345,345],"floor_reached":12,"playtime":360,"items_purged":[],"score":108,"play_id":"3be8aaba-2393-488d-97c7-0ec7c7a431c6","local_time":"20201211233905","is_ascension_mode":true,"campfire_choices":[{"data":"Eruption","floor":10,"key":"SMITH"}],"circlet_count":0,"master_deck":["Strike_P","Strike_P","Strike_P","Strike_P","Defend_P","Defend_P","Defend_P","Eruption+1","Vigilance","ThirdEye","Nirvana","FollowUp","JustLucky","JustLucky","Parasite"],"relics":["PureWater","NeowsBlessing","Gremlin Horn","Shuriken"],"acts_visited":["Exordium"],"potions_floor_usage":[6,7],"damage_taken":[{"damage":0,"enemies":"2 Louse","floor":1,"turns":1},{"damage":0,"enemies":"Cultist","floor":2,"turns":1},{"damage":0,"enemies":"Small Slimes","floor":4,"turns":1},{"damage":0,"enemies":"Blue Slaver","floor":6,"turns":3},{"damage":15,"enemies":"Lagavulin","floor":7,"turns":7},{"damage":5,"enemies":"Gremlin Gang","floor":8,"turns":7},{"damage":47,"enemies":"Gremlin Nob","floor":12,"turns":5}],"seed_played":"6315741013121757575","potions_obtained":[{"floor":4,"key":"Fire Potion"},{"floor":6,"key":"DistilledChaos"}],"is_trial":false,"path_per_floor":["M","M","?","M","?","M","E","M","T","R","?","E"],"character_chosen":"WATCHER","items_purchased":[],"campfire_rested":0,"item_purchase_floors":[],"current_hp_per_floor":[65,65,58,58,47,47,32,27,27,27,45,0,0],"gold":345,"neow_bonus":"THREE_ENEMY_KILL","is_daily":false,"chose_seed":false,"campfire_upgraded":1,"win_rate":0.0,"timestamp":1607701145,"path_taken":["M","M","?","M","?","M","E","M","T","R","?","E"],"items_purchased_type":[],"build_version":"2020-11-30","purchased_purges":0,"victory":false,"max_hp_per_floor":[72,72,72,72,72,72,72,72,72,72,72,72,72],"card_choices":[{"not_picked":["Consecrate","FlurryOfBlows"],"picked":"ThirdEye","floor":1},{"not_picked":["JustLucky","Prostrate"],"picked":"Nirvana","floor":2},{"not_picked":["Consecrate","Vault"],"picked":"FollowUp","floor":4},{"not_picked":["Prostrate","BowlingBash"],"picked":"JustLucky","floor":6},{"not_picked":["ClearTheMind","FollowUp"],"picked":"JustLucky","floor":7},{"not_picked":["FlurryOfBlows","EmptyBody","CrushJoints"],"picked":"SKIP","floor":8}],"player_experience":1500144,"relics_obtained":[{"floor":7,"key":"Gremlin Horn"},{"floor":9,"key":"Shuriken"}],"event_choices":[{"cards_removed":["Defend_P"],"damage_healed":0,"gold_gain":0,"player_choice":"Card Removal","damage_taken":7,"max_hp_gain":0,"max_hp_loss":0,"event_name":"Golden Wing","floor":3,"gold_loss":0},{"damage_healed":0,"gold_gain":75,"player_choice":"Gather Gold","damage_taken":11,"max_hp_gain":0,"max_hp_loss":0,"event_name":"World of Goop","floor":5,"gold_loss":0},{"damage_healed":18,"gold_gain":0,"player_choice":"Healed and dodged fight","damage_taken":0,"max_hp_gain":0,"max_hp_loss":0,"event_name":"Mushrooms","floor":11,"gold_loss":0,"cards_obtained":["Parasite"]}],"is_beta":false,"boss_relics":[],"items_purged_floors":[],"is_endless":false,"potions_floor_spawned":[4,6],"killed_by":"Gremlin Nob","ascension_level":7}}