{"host":"pszcj3piwl6eu8b1","time":1607717927,"event":{"mods":["2.2 Compatiblity","Act Like it!","Aspiration","BaseMod","Better Altar","Better Match","Better Note","Better Sensory Stone","Better Skull","Better Third Choice","Better Vampires","CCEM","CapriCore","Downfall","Elementarium","Energized Spire","Gensokyo","GifTheSpireLib","Hallownest","Hermit","Hubris","Humility","Jorbs\u0027s Wanderer Trilogy","Marisa????????","Marked Mod","Menagerie","Minty Spire (QoL Compilation)","Permanent Neow","Quarter Circle Forward PUNCH!","Quick Restart","RNG Fix","Replay The Spire","Shop Mod","StSLib","Stuff the Spire","The Animator","The Blue Laboratory","The Hayseed","The Immortal","Wandering Minibosses","vexMod"],"gold_per_floor":[131,142,139,139,69,85,85,85,85],"floor_reached":8,"playtime":2533,"items_purged":[],"score":102,"play_id":"8e2aef43-4115-48f3-b57b-306d7d9d0cbf","local_time":"20201211121847","is_ascension_mode":true,"campfire_choices":[{"data":"animator:SuzuneAmano","floor":7,"key":"SMITH"}],"circlet_count":0,"master_deck":["AscendersBane","animator:Strike_MadokaMagica","animator:Defend_MadokaMagica","animator:Strike","animator:Strike","animator:Strike","animator:Defend","animator:Defend","animator:Defend","animator:IrohaTamaki+1","animator:YuiTsuruno","animator:MadokaKaname","animator:Elsword","animator:SuzuneAmano+1"],"relics":["animator:LivingPicture","animator:TheMissingPiece","animator:PurgingStone","Menagerie:Aurumvore","Replay:Bandana"],"acts_visited":["Menagerie:Menagerie"],"potions_floor_usage":[6],"damage_taken":[{"damage":1.0,"enemies":"Menagerie:2_RABBITS","floor":1.0,"turns":4.0},{"damage":1.0,"enemies":"Menagerie:StygianBoar","floor":2.0,"turns":3.0},{"damage":4.0,"enemies":"Menagerie:MonstrousExperiment","floor":3.0,"turns":6.0},{"damage":23,"enemies":"Menagerie:Hydra","floor":6,"turns":4},{"damage":15,"enemies":"Menagerie:VoidReaper","floor":8,"turns":2}],"seed_played":"-5493825714872660466","potions_obtained":[{"floor":2.0,"key":"FearPotion"},{"floor":6,"key":"Ancient Potion"}],"is_trial":false,"path_per_floor":["M","M","M","?","?","E","R","E"],"character_chosen":"THE_ANIMATOR","items_purchased":[],"campfire_rested":0,"item_purchase_floors":[],"current_hp_per_floor":[41,40,36,36,36,14,14,0,0],"gold":85,"neow_bonus":"THREE_RARE_CARDS","is_daily":false,"chose_seed":false,"campfire_upgraded":1,"win_rate":0.0,"timestamp":1607717927,"path_taken":["M","?","M","?","?","E","R","E"],"items_purchased_type":[],"build_version":"2020-11-30","purchased_purges":0,"victory":false,"max_hp_per_floor":[60,60,60,60,60,61,61,61,61],"card_choices":[{"not_picked":["animator:Biyorigo","animator:HigakiRinne"],"picked":"animator:MadokaKaname","floor":0.0},{"not_picked":["animator:Demiurge","animator:Tyuule","animator:Jibril"],"picked":"SKIP","floor":1.0},{"not_picked":["animator:Demiurge","animator:Melzalgald","animator:DwarfShaman"],"picked":"SKIP","floor":2.0},{"not_picked":["animator:Gillette","animator:Evileye"],"picked":"animator:Elsword","floor":3.0},{"not_picked":["animator:YuiTsuruno","animator:OrikoMikuni"],"picked":"animator:SuzuneAmano","floor":6}],"player_experience":1544309,"relics_obtained":[{"floor":6,"key":"Replay:Bandana"}],"event_choices":[{"damage_healed":0.0,"max_hp_gain":0.0,"max_hp_loss":0.0,"gold_gain":0.0,"event_name":"Accursed Blacksmith","player_choice":"Forge","floor":4.0,"gold_loss":0.0,"damage_taken":0.0,"cards_upgraded":["animator:IrohaTamaki"]},{"damage_healed":0.0,"max_hp_gain":0.0,"max_hp_loss":0.0,"gold_gain":0.0,"event_name":"Menagerie:ScentOfGold","player_choice":"Pacify","floor":5.0,"gold_loss":0.0,"damage_taken":0.0,"relics_obtained":["Menagerie:Aurumvore"]}],"is_beta":false,"boss_relics":[],"items_purged_floors":[],"is_endless":false,"potions_floor_spawned":[2,6],"killed_by":"Menagerie:VoidReaper","ascension_level":20}}