{"host":"i2z4n8754xwu57nm","time":1607682360,"event":{"mods":["BaseMod","Minty Spire (QoL Compilation)"],"gold_per_floor":[109,67,106,120,120,120,140,153,153,153,153,153,73,103,103,175,175,188,113,163,163,63,63,59,59,59],"floor_reached":25,"playtime":767,"items_purged":["Tempest","Scrape"],"score":388,"play_id":"56b8967c-f329-4d0f-a31d-7f3570a9d029","local_time":"20201211192600","is_ascension_mode":true,"campfire_choices":[{"data":"Magnetism","floor":6,"key":"SMITH"},{"floor":10,"key":"REST"},{"data":"Coolheaded","floor":12,"key":"SMITH"},{"data":"Capacitor","floor":15,"key":"SMITH"},{"data":"Fusion","floor":23,"key":"SMITH"}],"circlet_count":0,"master_deck":["AscendersBane","Zap","Dualcast","Magnetism+1","Glacier","Coolheaded+1","Defragment+1","Ball Lightning","Melter","Capacitor+1","Skim","Fusion+1","White Noise","Blizzard","Rebound","Sweeping Beam","Chill","Conserve Battery","Coolheaded+1"],"relics":["Cracked Core","Bottled Flame","Oddly Smooth Stone","Pandora\u0027s Box"],"acts_visited":["Exordium","TheCity"],"potions_floor_usage":[8,14],"damage_taken":[{"damage":16.0,"enemies":"Small Slimes","floor":1.0,"turns":5.0},{"damage":0.0,"enemies":"Cultist","floor":3.0,"turns":3.0},{"damage":0.0,"enemies":"2 Louse","floor":4.0,"turns":2.0},{"damage":31,"enemies":"Lots of Slimes","floor":7,"turns":6},{"damage":4,"enemies":"2 Fungi Beasts","floor":8,"turns":3},{"damage":14,"enemies":"3 Sentries","floor":14,"turns":6},{"damage":10,"enemies":"Hexaghost","floor":16,"turns":11},{"damage":0,"enemies":"Spheric Guardian","floor":18,"turns":1},{"damage":16,"enemies":"2 Thieves","floor":24,"turns":4},{"damage":25,"enemies":"Gremlin Leader","floor":25,"turns":2}],"seed_played":"6687702498704307910","potions_obtained":[{"floor":1.0,"key":"ColorlessPotion"},{"floor":7,"key":"AttackPotion"},{"floor":8,"key":"SkillPotion"}],"is_trial":false,"path_per_floor":["M","$","M","M","?","R","M","M","T","R","?","R","$","E","R","B",null,"M","$","?","?","$","R","M","E"],"character_chosen":"DEFECT","items_purchased":["Glacier","Capacitor"],"campfire_rested":1,"item_purchase_floors":[2,13],"current_hp_per_floor":[48,48,48,48,48,48,17,13,13,32,32,32,32,18,18,8,50,50,50,50,33,33,33,17,0,0],"gold":59,"neow_bonus":"RANDOM_COLORLESS_2","is_daily":false,"chose_seed":false,"campfire_upgraded":4,"win_rate":0.0,"timestamp":1607682360,"path_taken":["M","$","M","M","?","R","M","?","T","R","?","R","$","E","R","BOSS","M","?","?","?","$","R","M","E"],"items_purchased_type":["Card","Card"],"build_version":"2020-11-30","purchased_purges":2,"victory":false,"max_hp_per_floor":[64,64,64,64,64,64,64,64,64,64,64,64,64,64,64,64,64,64,64,64,69,69,69,69,69,69],"card_choices":[{"not_picked":["Chrysalis","Violence"],"picked":"Magnetism","floor":0.0},{"not_picked":["Rebound","White Noise","Compile Driver"],"picked":"SKIP","floor":1.0},{"not_picked":["Barrage","Streamline","Hologram"],"picked":"SKIP","floor":3.0},{"not_picked":["Beam Cell","Turbo"],"picked":"Coolheaded","floor":4.0},{"not_picked":["Barrage","Go for the Eyes"],"picked":"Ball Lightning","floor":7},{"not_picked":["Turbo","Coolheaded"],"picked":"Melter","floor":8},{"not_picked":["Force Field","Reprogram"],"picked":"Skim","floor":14},{"not_picked":["Stack","Reprogram"],"picked":"Conserve Battery","floor":18},{"not_picked":["Ball Lightning","Aggregate"],"picked":"Coolheaded+1","floor":24}],"player_experience":924989,"relics_obtained":[{"floor":9,"key":"Bottled Flame"},{"floor":14,"key":"Oddly Smooth Stone"}],"event_choices":[{"damage_healed":0,"gold_gain":0,"player_choice":"1 cards matched","damage_taken":0,"max_hp_gain":0,"max_hp_loss":0,"event_name":"Match and Keep!","floor":5,"gold_loss":0,"cards_obtained":["Defragment"]},{"damage_healed":0,"gold_gain":0,"player_choice":"Upgraded","damage_taken":0,"max_hp_gain":0,"max_hp_loss":0,"event_name":"Upgrade Shrine","floor":11,"gold_loss":0,"cards_upgraded":["Defragment"]},{"damage_healed":0,"gold_gain":50,"player_choice":"Stole From Cult","damage_taken":0,"max_hp_gain":0,"max_hp_loss":0,"event_name":"Nest","floor":20,"gold_loss":0},{"damage_healed":0,"gold_gain":0,"player_choice":"Shed Blood","damage_taken":22,"max_hp_gain":5,"max_hp_loss":0,"event_name":"Forgotten Altar","floor":21,"gold_loss":0}],"is_beta":false,"boss_relics":[{"not_picked":["Runic Dome","Fusion Hammer"],"picked":"Pandora\u0027s Box"}],"items_purged_floors":[19,22],"is_endless":false,"potions_floor_spawned":[1,7,8],"killed_by":"Gremlin Leader","ascension_level":19}}