{"host":"59ckh7bj2z84pzgo","time":1607658608,"event":{"mods":["BaseMod","Better Vampires","Marked Mod","Minty Spire (QoL Compilation)","Replay The Spire","Spicy Shops","StSLib","TestMod","¡¾ÒÅÎï¿¨ÅÆ¡¿REMEMod"],"gold_per_floor":[109,159,173,185,205,231,231,250,250,250,270,285,326,344,344,344,344],"floor_reached":16,"playtime":692,"items_purged":[],"score":232,"play_id":"4f15ec90-1147-4477-9886-976e10a23f5a","local_time":"20201211115008","is_ascension_mode":true,"campfire_choices":[{"data":"Whirlwind","floor":7,"key":"SMITH"},{"data":"ReplayTheSpireMod:Limb From Limb","floor":15,"key":"SMITH"}],"circlet_count":0,"master_deck":["AscendersBane","Strike_R","Strike_R","Strike_R","Strike_R","Strike_R","Defend_R","Defend_R","Defend_R","Defend_R","Bash","Immolate","Shockwave","Battle Trance","Whirlwind+1","ReplayTheSpireMod:Limb From Limb+1","Rage","Amnesia","Regret","Looming Evil","Rupture","Warcry"],"relics":["Burning Blood","REME_ComplimentaryCards","testmod-TestBox","testmod-AssaultLearning","testmod-Alchemist","testmod-Laevatain","Golden Idol","testmod-Brilliant"],"acts_visited":["Exordium"],"potions_floor_usage":[],"damage_taken":[{"damage":7,"enemies":"Jaw Worm","floor":1,"turns":3},{"damage":4,"enemies":"Cultist","floor":3,"turns":4},{"damage":0,"enemies":"Small Slimes","floor":4,"turns":2},{"damage":0,"enemies":"3 Louse","floor":5,"turns":1},{"damage":32,"enemies":"Gremlin Nob","floor":6,"turns":4},{"damage":11,"enemies":"Looter","floor":8,"turns":2},{"damage":7,"enemies":"2 Fungi Beasts","floor":11,"turns":2},{"damage":0,"enemies":"3 Louse","floor":12,"turns":1},{"damage":36,"enemies":"3 Sentries","floor":13,"turns":3},{"damage":0,"enemies":"Gremlin Gang","floor":14,"turns":1},{"damage":188,"enemies":"Fading Forest","floor":16,"turns":7}],"seed_played":"4872521872035560561","potions_obtained":[{"floor":3,"key":"BloodPotion"},{"floor":4,"key":"EssenceOfSteel"},{"floor":8,"key":"SkillPotion"},{"floor":11,"key":"CultistPotion"}],"is_trial":false,"path_per_floor":["M","?","M","M","M","E","R","M","T","?","M","M","E","M","R","B"],"character_chosen":"IRONCLAD","items_purchased":[],"campfire_rested":0,"item_purchase_floors":[],"current_hp_per_floor":[74,74,76,82,82,56,56,51,51,23,38,60,46,52,52,0,0],"gold":344,"neow_bonus":"TEN_PERCENT_HP_BONUS","is_daily":false,"chose_seed":false,"campfire_upgraded":2,"win_rate":0.0,"timestamp":1607658608,"path_taken":["M","?","M","M","M","E","R","?","T","?","M","M","E","M","R","BOSS"],"items_purchased_type":[],"build_version":"2020-11-30","purchased_purges":0,"victory":false,"max_hp_per_floor":[82,82,82,82,82,82,82,82,82,82,82,82,82,82,82,82,82],"card_choices":[{"not_picked":["Headbutt","Carnage"],"picked":"Shockwave","floor":1},{"not_picked":["Heavy Blade","Perfected Strike","Run Through"],"picked":"SKIP","floor":3},{"not_picked":["Burning Pact","Wild Strike"],"picked":"Battle Trance","floor":4},{"not_picked":["Infernal Blade","Anger"],"picked":"Whirlwind","floor":5},{"not_picked":["Sever Soul","Body Slam"],"picked":"ReplayTheSpireMod:Limb From Limb","floor":6},{"not_picked":["Ghostly Armor","Run Through"],"picked":"Rage","floor":8},{"not_picked":["Warcry","Clothesline","Flex"],"picked":"SKIP","floor":11},{"not_picked":["Flex","Whirlwind","Sword Boomerang"],"picked":"SKIP","floor":12},{"not_picked":["ReplayTheSpireMod:Stacked","Rage"],"picked":"Rupture","floor":13},{"not_picked":["Clash","ReplayTheSpireMod:Strike From Hell"],"picked":"Warcry","floor":14}],"player_experience":116527,"relics_obtained":[{"floor":6,"key":"testmod-Alchemist"},{"floor":9,"key":"testmod-Laevatain"},{"floor":13,"key":"testmod-Brilliant"}],"event_choices":[{"damage_healed":0,"gold_gain":50,"player_choice":"Pray","damage_taken":0,"max_hp_gain":0,"max_hp_loss":0,"event_name":"Golden Shrine","floor":2,"gold_loss":0},{"damage_healed":0,"gold_gain":0,"player_choice":"Take Damage","damage_taken":28,"relics_obtained":["Golden Idol"],"max_hp_gain":0,"max_hp_loss":0,"event_name":"Golden Idol","floor":10,"gold_loss":0}],"is_beta":false,"boss_relics":[],"items_purged_floors":[],"is_endless":false,"potions_floor_spawned":[3,4,8,11,14],"killed_by":"Fading Forest","ascension_level":20}}