{"host":"ez767vrydzojtnp0","time":1607707520,"event":{"mods":["Act Like it!","Aspiration","BaseMod","Better Note","BetterRewards","Challenge The Spire","Colored Powertips","Conspire","GifTheSpireLib","Hermit","Hubris","Infinite Spire","Minty Spire (QoL Compilation)","Quick Restart","Rare Cards Sparkle","Relic Stats","Replay The Spire","Shop Mod","Spikes Relics","StSLib","Stuff the Spire","SuperFastMode","everything is the same but u backflip on backflip","slay the spire mod where everything is the same but ironclad has a cowboy hat","vexMod"],"gold_per_floor":[119,119,119,194,214,244,244,254,254,254,272,272,272,272,311,18,18,149,149,135,151,169,169,169,169],"floor_reached":24,"playtime":641,"items_purged":[],"score":229,"play_id":"cec0ed9d-c14d-431f-a9cc-5585ec5d393d","local_time":"20201211152520","is_ascension_mode":false,"campfire_choices":[{"floor":7,"key":"RECALL"},{"data":"conspire:Charge","floor":12,"key":"SMITH"},{"floor":17,"key":"REST"}],"circlet_count":0,"master_deck":["Strike_R","Strike_R","Strike_R","Strike_R","Strike_R","Defend_R","Defend_R","Defend_R","Defend_R","Bash","Searing Blow","ReplayTheSpireMod:Stacked","conspire:ExplosiveBarrier","conspire:Charge+1","Inflame","StuffTheSpire:RockThrow","StuffTheSpire:Incineration","Juggernaut","Iron Wave","hubris:StunningStrike","Pommel Strike"],"relics":["StuffTheSpire:OccultApparatus","NeowsBlessing","vexMod:Dragonfruit","aspiration:FetidBarrel","Golden Idol","hubris:ChampionShield","Vajra","Dream Catcher","vexMod:CursedCompass"],"acts_visited":["Exordium","TheCity"],"potions_floor_usage":[15,24],"damage_taken":[{"damage":0,"enemies":"Small Slimes","floor":1,"turns":1},{"damage":0,"enemies":"2 Louse","floor":5,"turns":1},{"damage":0,"enemies":"3 Sentries","floor":6,"turns":2},{"damage":0,"enemies":"Jaw Worm","floor":8,"turns":5},{"damage":0,"enemies":"Large Slime","floor":11,"turns":6},{"damage":42,"enemies":"Lagavulin","floor":15,"turns":6},{"damage":27,"enemies":"Fading Forest","floor":18,"turns":11},{"damage":29,"enemies":"2 Thieves","floor":20,"turns":4},{"damage":13,"enemies":"Shell Parasite","floor":21,"turns":6},{"damage":15,"enemies":"Shelled Parasite and Fungi","floor":22,"turns":5},{"damage":29,"enemies":"3 Cultists","floor":24,"turns":4}],"seed_played":"5450929544669562276","potions_obtained":[{"floor":6,"key":"ElixirPotion"},{"floor":20,"key":"BlessingOfTheForge"},{"floor":21,"key":"GamblersBrew"}],"is_trial":false,"path_per_floor":["M","?","?","?","M","E","R","M","T","?","M","R","PTL","PTL","E","$","R","B",null,"M","M","M","?","M"],"character_chosen":"IRONCLAD","items_purchased":["Vajra","Dream Catcher"],"campfire_rested":1,"item_purchase_floors":[16,16],"current_hp_per_floor":[80,80,85,74,74,74,74,74,74,74,74,74,74,74,32,32,55,46,79,50,37,22,22,0,0],"gold":169,"neow_bonus":"THREE_ENEMY_KILL","is_daily":false,"chose_seed":false,"campfire_upgraded":1,"win_rate":0.0,"timestamp":1607707520,"path_taken":["M","?","?","?","M","E","R","M","T","?","?","R","PTL","PTL","E","$","R","BOSS","M","M","M","?","M"],"items_purchased_type":["Relic","Relic"],"build_version":"2020-11-30","purchased_purges":0,"victory":false,"max_hp_per_floor":[80,80,85,85,85,85,85,85,85,79,79,79,79,79,79,79,79,79,79,79,79,79,79,79,79],"relic_stats":{"Dream Catcher":1,"counters":[11,51],"Golden Idol":48,"obtain_stats":[{"StuffTheSpire:OccultApparatus":2,"vexMod:Dragonfruit":3,"Dream Catcher":16,"NeowsBlessing":0,"aspiration:FetidBarrel":6,"Golden Idol":10,"Vajra":16,"vexMod:CursedCompass":19,"hubris:ChampionShield":15,"Burning Blood":0},{"StuffTheSpire:OccultApparatus":1,"vexMod:Dragonfruit":1,"Dream Catcher":6,"NeowsBlessing":0,"aspiration:FetidBarrel":3,"Golden Idol":4,"Vajra":6,"vexMod:CursedCompass":7,"hubris:ChampionShield":6,"Burning Blood":0},{"StuffTheSpire:OccultApparatus":1,"vexMod:Dragonfruit":1,"Dream Catcher":21,"NeowsBlessing":0,"aspiration:FetidBarrel":4,"Golden Idol":9,"Vajra":21,"vexMod:CursedCompass":32,"hubris:ChampionShield":21,"Burning Blood":0}]},"card_choices":[{"not_picked":["Whirlwind","Inflame"],"picked":"Searing Blow","floor":1},{"not_picked":["Cleave","Double Tap"],"picked":"ReplayTheSpireMod:Stacked","floor":5},{"not_picked":["ReplayTheSpireMod:Stacked","Run Through"],"picked":"conspire:ExplosiveBarrier","floor":6},{"not_picked":["Sword Boomerang","Rupture"],"picked":"conspire:Charge","floor":8},{"not_picked":["Burning Pact","Havoc"],"picked":"Inflame","floor":11},{"not_picked":["hubris:CleavingFinish","Wild Strike"],"picked":"StuffTheSpire:RockThrow","floor":15},{"not_picked":["Combust","Twin Strike"],"picked":"StuffTheSpire:Incineration","floor":17},{"not_picked":["Berserk","Brutality"],"picked":"Juggernaut","floor":18},{"not_picked":["StuffTheSpire:Slingshot","Replay:Undeath\u0027s Touch"],"picked":"Iron Wave","floor":20},{"not_picked":["Blood for Blood","StuffTheSpire:Pyroclast+1"],"picked":"hubris:StunningStrike","floor":21},{"not_picked":["Wild Strike","Shrug It Off+1"],"picked":"Pommel Strike","floor":22}],"player_experience":366030,"relics_obtained":[{"floor":3,"key":"vexMod:Dragonfruit"},{"floor":6,"key":"aspiration:FetidBarrel"},{"floor":15,"key":"hubris:ChampionShield"}],"event_choices":[{"damage_healed":0,"gold_gain":75,"player_choice":"Gather Gold","damage_taken":11,"max_hp_gain":0,"max_hp_loss":0,"event_name":"World of Goop","floor":4,"gold_loss":0},{"damage_healed":0,"gold_gain":0,"player_choice":"Lose Max HP","damage_taken":0,"relics_obtained":["Golden Idol"],"max_hp_gain":0,"max_hp_loss":6,"event_name":"Golden Idol","floor":10,"gold_loss":0},{"cards_removed":["Iron Wave"],"damage_healed":0,"gold_gain":0,"player_choice":"Give","damage_taken":0,"max_hp_gain":0,"max_hp_loss":0,"event_name":"betterNote:BetterNote","floor":23,"gold_loss":0,"cards_obtained":["Hemogenesis"]}],"is_beta":false,"boss_relics":[{"not_picked":["hubris:CrackedHourglass","infinitespire:Burning Sword"],"picked":"vexMod:CursedCompass"}],"items_purged_floors":[],"is_endless":false,"potions_floor_spawned":[6,20,21],"killed_by":"3 Cultists","ascension_level":0}}