{"host":"acw864156wjp8gcv","time":1607712729,"event":{"mods":["2.2 Compatiblity","AchievementEnabler","Ascension Reborn","Aspiration","BaseMod","Beaked The Cultist","Better Altar","Better Match","Better Note","Better Sensory Stone","Better Silent Start","Better Skull","Better Third Choice","Better Vampires","Challenge The Spire","Colored Map","Colored Powertips","Conspire","Downfall","Energized Spire","Halation","Hubris","Infinite Spire","Ironclad Rager","Jedi Mod","Mimic Mod","Minty Spire (QoL Compilation)","Relic Sorter","Replay The Spire","Shade Mod","Shop Mod","Spicy Shops","Spikes Relics","StSLib","The Construct","The Jungle","UnlockEverythingMod","Wandering Minibosses","everything is the same but u backflip on backflip","vexMod"],"gold_per_floor":[18,18,18,18,43,91,91,113,177,202,202,242,242,291,291,440,440,465,495,495,524,548,591,591,591,591,620,638,668,668,693,693,849,849,944,944,1064,407,455,455,455,509,509,509,568,628,628,694,694,694,694,694,27,75,75],"floor_reached":56,"playtime":2058,"items_purged":["Dodge and Roll","Dodge and Roll","Blade Dance+1","Blade Dance+1"],"score":400,"play_id":"2e20665a-222b-4cd0-908f-101960539d22","local_time":"20201211125209","is_ascension_mode":true,"campfire_choices":[{"data":"Blade Dance","floor":7,"key":"SMITH"},{"data":"infinitespire:Collect","floor":13,"key":"SMITH"},{"data":"Amnesia","floor":15,"key":"SMITH"},{"data":"Pot Of Greed","floor":25,"key":"SMITH"},{"data":"Pot Of Greed","floor":30,"key":"SMITH"},{"data":"After Image","floor":32,"key":"SMITH"},{"data":"Adrenaline","floor":40,"key":"SMITH"},{"data":"jedi:forcepull","floor":44,"key":"SMITH"},{"data":"Poisoned Stab","floor":47,"key":"SMITH"},{"floor":49,"key":"REST"},{"floor":52,"key":"REST"}],"circlet_count":0,"master_deck":["Neutralize+1","infinitespire:Collect+1","Blade Dance+1","Accuracy+1","Cloak And Dagger+1","After Image+1","jedi:pocketpoison+1","Pot Of Greed+1","Pot Of Greed+1","Adrenaline+1","jedi:forcepull+1","Finisher+1","jedi:pocketpoison+1"],"relics":["Ring of the Snake","vexMod:RedPlottingStone","Golden Idol","hubris:KleinBottle","jedi:arcanewood","Happy Flower","aspiration:Lifesprig","halation:VictoryRuler","jedi:rubbersling","halation:PrussianBluePaint","BlackRope","hubris:Backtick","m_ByrdBlood","jedi:kaleidoscope","Grinning Jar","The Courier","hubris:AstralHammer","vexMod:HeadHunter","wanderingMiniBosses:ThiefScarf","halation:Trompette","SlaversCollar","infinitespire:EvilPickle","SpikesRelics:ToyHorsey","Juzu Bracelet","Bag of Preparation","hubris:Zylophone","ReplayTheSpireMod:Ninjato","aspiration:TomeofQuesting","Torii","BrokenLever","ExplosiveVial","Replay:Multitool","Strawberry"],"acts_visited":["Exordium","TheCity","TheBeyond","TheEnding"],"potions_floor_usage":[14,16,55],"damage_taken":[{"damage":0,"enemies":"2 Louse","floor":1,"turns":2},{"damage":0,"enemies":"Jaw Worm","floor":5,"turns":1},{"damage":2,"enemies":"Lagavulin","floor":6,"turns":3},{"damage":0,"enemies":"Cultist","floor":8,"turns":2},{"damage":0,"enemies":"Lots of Slimes","floor":10,"turns":2},{"damage":0,"enemies":"3 Sentries","floor":12,"turns":4},{"damage":0,"enemies":"Replay:BlueRogue","floor":14,"turns":2},{"damage":0,"enemies":"Slime Boss","floor":16,"turns":3},{"damage":0,"enemies":"Spheric Guardian","floor":18,"turns":2},{"damage":0,"enemies":"3 Byrds","floor":19,"turns":2},{"damage":0,"enemies":"Snecko","floor":21,"turns":2},{"damage":0,"enemies":"Cultist and Chosen","floor":22,"turns":2},{"damage":0,"enemies":"Replay:Snechameleon","floor":23,"turns":2},{"damage":0,"enemies":"Centurion and Healer","floor":27,"turns":2},{"damage":0,"enemies":"Snecko","floor":28,"turns":2},{"damage":0,"enemies":"Sentry and Sphere","floor":29,"turns":1},{"damage":0,"enemies":"conspire:HollyBat","floor":31,"turns":4},{"damage":0,"enemies":"Pondfish","floor":33,"turns":2},{"damage":0,"enemies":"Orb Walker","floor":35,"turns":1},{"damage":8,"enemies":"3 Darklings","floor":39,"turns":3},{"damage":18,"enemies":"Transient","floor":42,"turns":3},{"damage":0,"enemies":"4 Shapes","floor":45,"turns":1},{"damage":0,"enemies":"Maw","floor":46,"turns":2},{"damage":0,"enemies":"Spire Growth","floor":48,"turns":1},{"damage":0,"enemies":"Donu and Deca","floor":50,"turns":2},{"damage":0,"enemies":"Shield and Spear","floor":54,"turns":2},{"damage":43,"enemies":"The Heart","floor":55,"turns":5}],"seed_played":"4673226182252801806","potions_obtained":[{"floor":1,"key":"construct:ShiftPotion"},{"floor":5,"key":"GamblersBrew"},{"floor":5,"key":"Poison Potion"},{"floor":12,"key":"LifebloodPotion"},{"floor":18,"key":"Dexterity Potion"},{"floor":22,"key":"Block Potion"},{"floor":28,"key":"infinitespire:BlackPotion"}],"is_trial":false,"path_per_floor":["M","?","$","$","M","E","R","M","T","M","?","E","R","E","R","B",null,"M","M","AVR","M","M","E","?","R","T","M","M","M","R","M","R","B",null,"M","?","?","$","M","R","?","M","T","R","M","M","R","M","R","B",null,"R","$","E","B",null],"character_chosen":"THE_SILENT","items_purchased":["hubris:KleinBottle","Juzu Bracelet","Bag of Preparation","hubris:Zylophone","ReplayTheSpireMod:Ninjato","Torii","BrokenLever","ExplosiveVial","Replay:Multitool"],"campfire_rested":2,"item_purchase_floors":[3,38,38,38,38,53,53,53,53],"current_hp_per_floor":[49,33,9,9,9,7,7,7,7,7,7,7,7,7,7,13,71,71,71,71,71,71,71,71,71,71,71,71,71,71,71,71,75,75,75,75,75,75,75,75,75,66,66,66,75,75,75,75,75,79,79,79,79,86,63],"gold":75,"neow_bonus":"SILENT_ASSASSIN","is_daily":false,"chose_seed":false,"campfire_upgraded":9,"win_rate":0.0,"timestamp":1607712729,"path_taken":["M","?","?","$","?","E","R","M","T","M","?","E","R","E","R","BOSS","M","?","AVR","M","M","E","?","R","T","M","?","M","?","M","R","BOSS","M","?","?","$","M","R","?","M","T","?","M","M","R","M","R","BOSS","R","$","E","BOSS"],"items_purchased_type":["Relic","Relic","Relic","Relic","Relic","Relic","Relic","Relic","Relic"],"build_version":"2020-11-30","purchased_purges":4,"victory":true,"max_hp_per_floor":[67,67,67,67,67,67,67,67,67,67,67,67,67,67,67,71,71,71,71,71,71,71,71,71,71,71,71,71,71,71,71,71,75,75,75,75,75,75,75,75,75,75,75,75,75,75,75,75,75,79,79,79,79,86,90],"card_choices":[{"not_picked":["Poisoned Stab+1","Pace"],"picked":"Bane","floor":1},{"not_picked":["ReplayTheSpireMod:Haul","infinitespire:Punishment"],"picked":"infinitespire:Collect","floor":3},{"not_picked":["Skewer+1","jedi:unstablefumes"],"picked":"Blade Dance","floor":5},{"not_picked":["Deadly Poison","Masterful Stab"],"picked":"Dagger Throw+1","floor":6},{"not_picked":["Flechettes+1","Slice"],"picked":"Accuracy+1","floor":6},{"not_picked":["Flying Knee","Dagger Throw","Deflect"],"picked":"SKIP","floor":8},{"not_picked":["Bane","Deadly Poison"],"picked":"Cloak And Dagger","floor":10},{"not_picked":["ReplayTheSpireMod:Speed Training","Draining Mist","conspire:PoisonWeapons"],"picked":"SKIP","floor":12},{"not_picked":["Replay:Bag of Tricks","Slice","Acrobatics"],"picked":"SKIP","floor":12},{"not_picked":["Leg Sweep+1","Dodge and Roll"],"picked":"Blade Dance","floor":14},{"not_picked":["Reflex","Deadly Poison+1","Concentrate+1"],"picked":"SKIP","floor":14},{"not_picked":["Phantasmal Killer","Tools of the Trade"],"picked":"After Image","floor":16},{"not_picked":["Blade Dance","jedi:collectorvenom"],"picked":"jedi:pocketpoison+1","floor":18},{"not_picked":["Bane","PiercingWail","Hidden Blade"],"picked":"SKIP","floor":19},{"not_picked":["Slice+1","Dagger Spray+1"],"picked":"Blade Dance+1","floor":21},{"not_picked":["ICR:Paralyse","Blade Dance","Setup+1"],"picked":"SKIP","floor":22},{"not_picked":["Tactician+1","Backflip+1","Dagger Throw"],"picked":"SKIP","floor":23},{"not_picked":["Tactician+1","Backflip+1","Dagger Throw"],"picked":"SKIP","floor":23},{"not_picked":["Calculated Gamble","Sucker Punch+1","ReplayTheSpireMod:Shiv Toss"],"picked":"SKIP","floor":27},{"not_picked":["Deadly Poison+1","jedi:acidrain"],"picked":"Draining Mist+1","floor":28},{"not_picked":["Concentrate","Heel Hook","Slice+1"],"picked":"SKIP","floor":29},{"not_picked":["Outmaneuver+1","Cloak And Dagger+1","Deadly Poison+1"],"picked":"SKIP","floor":31},{"not_picked":["Night Terror","Wraith Form v2"],"picked":"Adrenaline","floor":33},{"not_picked":["Flechettes+1","Dodge and Roll+1","Slice+1"],"picked":"SKIP","floor":35},{"not_picked":["Midas Touch","Feint"],"picked":"jedi:forcepull","floor":36},{"not_picked":["Quick Slash","Deflect+1","Backflip+1"],"picked":"SKIP","floor":39},{"not_picked":["Deadly Poison+1","Envenom"],"picked":"Finisher+1","floor":42},{"not_picked":["jedi:acidrain","Concentrate+1","Deadly Poison+1"],"picked":"SKIP","floor":45},{"not_picked":["Sucker Punch+1","Predator+1","Dagger Spray+1"],"picked":"SKIP","floor":46},{"not_picked":["Concentrate+1","Cloak And Dagger+1"],"picked":"jedi:pocketpoison+1","floor":48},{"not_picked":["Doppelganger","Burst","Phantasmal Killer"],"picked":"SKIP","floor":54},{"not_picked":["Pace+1","Predator+1","jedi:collectorvenom"],"picked":"SKIP","floor":54}],"player_experience":93224,"relics_obtained":[{"floor":6,"key":"jedi:arcanewood"},{"floor":9,"key":"Happy Flower"},{"floor":9,"key":"aspiration:Lifesprig"},{"floor":10,"key":"halation:VictoryRuler"},{"floor":12,"key":"jedi:rubbersling"},{"floor":14,"key":"halation:PrussianBluePaint"},{"floor":16,"key":"BlackRope"},{"floor":21,"key":"jedi:kaleidoscope"},{"floor":23,"key":"Grinning Jar"},{"floor":26,"key":"The Courier"},{"floor":26,"key":"hubris:AstralHammer"},{"floor":27,"key":"vexMod:HeadHunter"},{"floor":31,"key":"wanderingMiniBosses:ThiefScarf"},{"floor":33,"key":"halation:Trompette"},{"floor":35,"key":"SpikesRelics:ToyHorsey"},{"floor":43,"key":"vexMod:RedPlottingStone"},{"floor":46,"key":"aspiration:TomeofQuesting"},{"floor":54,"key":"Strawberry"}],"event_choices":[{"damage_healed":0,"gold_gain":0,"player_choice":"Take Damage","damage_taken":16,"relics_obtained":["Golden Idol"],"max_hp_gain":0,"max_hp_loss":0,"event_name":"Golden Idol","floor":2,"gold_loss":0},{"damage_healed":0,"gold_gain":0,"player_choice":"Upgraded","damage_taken":0,"max_hp_gain":0,"max_hp_loss":0,"event_name":"Upgrade Shrine","floor":11,"gold_loss":0,"cards_upgraded":["Cloak And Dagger"]},{"damage_healed":0,"gold_gain":0,"player_choice":"Ignored","damage_taken":0,"max_hp_gain":0,"max_hp_loss":0,"event_name":"betterNote:BetterNote","floor":24,"gold_loss":0,"cards_obtained":["ICR:RageStrike"]},{"damage_healed":0,"gold_gain":3,"player_choice":"1","damage_taken":0,"max_hp_gain":0,"max_hp_loss":0,"event_name":"betterStone:BetterStone","floor":36,"gold_loss":0},{"damage_healed":0,"gold_gain":100,"player_choice":"Pray","damage_taken":0,"max_hp_gain":0,"max_hp_loss":0,"event_name":"Golden Shrine","floor":37,"gold_loss":0},{"damage_healed":0,"gold_gain":0,"player_choice":"Forge","damage_taken":0,"max_hp_gain":0,"max_hp_loss":0,"event_name":"Accursed Blacksmith","floor":41,"gold_loss":0,"cards_upgraded":["Blade Dance"]}],"is_beta":false,"boss_relics":[{"not_picked":["Fusion Hammer","Astrolabe"],"picked":"hubris:Backtick"},{"not_picked":["Tiny House","HoveringKite"],"picked":"SlaversCollar"}],"items_purged_floors":[3,20,53,53],"is_endless":false,"potions_floor_spawned":[5,8,21,22,27,35,39,42],"ascension_level":-20}}