{"host":"Ian","time":1607718624,"event":{"mods":["BaseMod","Bestiary","Block Reminder","Colored Map","Highlight Path","Key Reminder","Minty Spire (QoL Compilation)","Relic Stats"],"gold_per_floor":[110,126,126,144,144,182,194,206,291,319,375,406,418,448,460,565,577,608,640,666,506,526,526,565,588,588,588,513,531,556,589,589,678,678,698,723,134,59,82,121,121,145,192,213,233,268,106,139,139,139,139,139,139,3,39,39,39],"floor_reached":56,"playtime":2700,"items_purged":["Combust"],"score":2161,"play_id":"62db416d-1996-4544-888c-b482054a4c7a","local_time":"20201211203024","is_ascension_mode":true,"campfire_choices":[{"data":"Whirlwind","floor":8.0,"key":"SMITH"},{"floor":15.0,"key":"REST"},{"data":"Demon Form","floor":23.0,"key":"SMITH"},{"data":"Disarm","floor":27.0,"key":"SMITH"},{"floor":32.0,"key":"REST"},{"floor":41.0,"key":"RECALL"},{"data":"Demon Form","floor":49.0,"key":"SMITH"},{"data":"Feel No Pain","floor":53.0,"key":"SMITH"}],"circlet_count":0,"master_deck":["AscendersBane","Bash","Whirlwind+1","Combust+1","Demon Form+1","Disarm+1","Uppercut+1","Pummel","Offering","Shrug It Off","Sword Boomerang","Rupture","Shrug It Off","Heavy Blade","Pommel Strike+1","Armaments+1","Corruption","Offering","Battle Trance","Carnage+1","Reaper+1","Seeing Red","Carnage+1","Dark Embrace","Feel No Pain+1","Reaper+1","Havoc+1","Disarm+1","Burning Pact+1","Carnage+1","Whirlwind+1","Demon Form+1","Power Through+1"],"relics":["Burning Blood","Golden Idol","MawBank","Happy Flower","Pantograph","FossilizedHelix","Snecko Eye","Orrery","Charon\u0027s Ashes","Molten Egg 2","Pen Nib","Pandora\u0027s Box","Toxic Egg 2","Brimstone","Oddly Smooth Stone","Dream Catcher","Bag of Marbles","Calipers","Shuriken"],"acts_visited":["Exordium","TheCity","TheBeyond","TheEnding"],"potions_floor_usage":[56],"damage_taken":[{"damage":13.0,"enemies":"Small Slimes","floor":1.0,"turns":4.0},{"damage":9.0,"enemies":"2 Louse","floor":2.0,"turns":2.0},{"damage":2.0,"enemies":"Cultist","floor":4.0,"turns":4.0},{"damage":42.0,"enemies":"Lagavulin","floor":6.0,"turns":6.0},{"damage":4.0,"enemies":"Looter","floor":10.0,"turns":3.0},{"damage":9.0,"enemies":"Gremlin Nob","floor":11.0,"turns":3.0},{"damage":5.0,"enemies":"Blue Slaver","floor":12.0,"turns":5.0},{"damage":1.0,"enemies":"Exordium Wildlife","floor":14.0,"turns":4.0},{"damage":16.0,"enemies":"The Guardian","floor":16.0,"turns":11.0},{"damage":13.0,"enemies":"Shell Parasite","floor":18.0,"turns":3.0},{"damage":0.0,"enemies":"Chosen","floor":19.0,"turns":3.0},{"damage":14.0,"enemies":"Snake Plant","floor":20.0,"turns":4.0},{"damage":19.0,"enemies":"Centurion and Healer","floor":22.0,"turns":3.0},{"damage":21.0,"enemies":"Slavers","floor":24.0,"turns":4.0},{"damage":0.0,"enemies":"Snecko","floor":25.0,"turns":3.0},{"damage":2.0,"enemies":"Cultist and Chosen","floor":29.0,"turns":3.0},{"damage":22.0,"enemies":"Snake Plant","floor":30.0,"turns":4.0},{"damage":39.0,"enemies":"Book of Stabbing","floor":31.0,"turns":5.0},{"damage":41.0,"enemies":"Collector","floor":33.0,"turns":6.0},{"damage":15.0,"enemies":"3 Darklings","floor":35.0,"turns":3.0},{"damage":0.0,"enemies":"Orb Walker","floor":36.0,"turns":2.0},{"damage":15.0,"enemies":"4 Shapes","floor":39.0,"turns":3.0},{"damage":7.0,"enemies":"Nemesis","floor":40.0,"turns":3.0},{"damage":36.0,"enemies":"Spire Growth","floor":42.0,"turns":3.0},{"damage":35.0,"enemies":"Writhing Mass","floor":44.0,"turns":3.0},{"damage":34.0,"enemies":"4 Shapes","floor":45.0,"turns":4.0},{"damage":7.0,"enemies":"Giant Head","floor":46.0,"turns":4.0},{"damage":1.0,"enemies":"Reptomancer","floor":48.0,"turns":2.0},{"damage":86.0,"enemies":"Awakened One","floor":50.0,"turns":5.0},{"damage":49.0,"enemies":"Donu and Deca","floor":51.0,"turns":5.0},{"damage":39.0,"enemies":"Shield and Spear","floor":55.0,"turns":5.0},{"damage":76,"enemies":"The Heart","floor":56,"turns":3}],"seed_played":"2110121486728470157","potions_obtained":[{"floor":1.0,"key":"LiquidMemories"},{"floor":6.0,"key":"PowerPotion"},{"floor":11.0,"key":"SteroidPotion"},{"floor":25.0,"key":"Strength Potion"},{"floor":30.0,"key":"BloodPotion"},{"floor":35.0,"key":"Regen Potion"},{"floor":36.0,"key":"SkillPotion"},{"floor":55.0,"key":"DuplicationPotion"}],"is_trial":false,"path_per_floor":["M","M","?","M","?","E","?","R","T","M","E","M","?","M","R","B",null,"M","M","M","$","M","R","E","M","T","R","?","M","M","E","R","B",null,"M","M","$","?","M","E","R","M","T","M","M","E","$","E","R","B","B",null,"R","$","E","B"],"character_chosen":"IRONCLAD","items_purchased":["Orrery","Toxic Egg 2","Feel No Pain","Brimstone","Bag of Marbles","Power Through+1","Block Potion"],"campfire_rested":2,"item_purchase_floors":[21,37,37,37,47,54,54],"current_hp_per_floor":[68,65,65,69,69,33,33,33,33,35,32,33,11,16,38,53,69,62,68,60,60,47,47,32,38,38,38,38,42,26,7,29,19,60,65,74,74,74,74,74,74,74,74,65,72,74,74,74,74,72,74,74,74,74,74,0,0],"gold":39,"neow_bonus":"TEN_PERCENT_HP_BONUS","is_daily":false,"chose_seed":false,"campfire_upgraded":5,"win_rate":0.0,"timestamp":1607718624,"path_taken":["M","M","?","M","?","E","?","R","T","M","E","?","?","M","R","BOSS","M","M","M","$","M","R","E","M","T","R","?","M","M","E","R","BOSS","M","M","$","?","M","E","R","M","T","M","M","E","$","E","R","BOSS","BOSS","R","$","E","BOSS"],"items_purchased_type":["Relic","Relic","Card","Relic","Relic","Card","Potion"],"build_version":"2020-12-07","purchased_purges":1,"victory":false,"max_hp_per_floor":[82,82,74,74,74,74,74,74,74,74,74,74,74,74,74,74,74,74,74,74,74,74,74,74,74,74,74,74,74,74,74,74,74,74,74,74,74,74,74,74,74,74,74,74,74,74,74,74,74,74,74,74,74,74,74,74,74],"relic_stats":{"Happy Flower":[36],"counters":[32,125],"Golden Idol":208,"Charon\u0027s Ashes":[636],"Pen Nib":[10],"MawBank":180,"Burning Blood":145,"Dream Catcher":0,"Shuriken":[0],"Pantograph":52,"Snecko Eye":[172,156,169,160],"Pandora\u0027s Box":["Combust","Offering","Battle Trance","Intimidate","Carnage","Reaper","Warcry","Seeing Red"],"obtain_stats":[{"Calipers":48,"Happy Flower":7,"Golden Idol":3,"Oddly Smooth Stone":40,"Charon\u0027s Ashes":24,"Pen Nib":31,"MawBank":6,"Burning Blood":0,"keyreminder:keyreminder":40,"Dream Catcher":46,"Brimstone":37,"Shuriken":55,"Pantograph":9,"Snecko Eye":17,"Orrery":21,"Molten Egg 2":26,"Pandora\u0027s Box":34,"Bag of Marbles":47,"Toxic Egg 2":37,"FossilizedHelix":11},{"Calipers":28,"Happy Flower":4,"Golden Idol":2,"Oddly Smooth Stone":23,"Charon\u0027s Ashes":14,"Pen Nib":18,"MawBank":4,"Burning Blood":0,"keyreminder:keyreminder":23,"Dream Catcher":27,"Brimstone":21,"Shuriken":31,"Pantograph":4,"Snecko Eye":9,"Orrery":12,"Molten Egg 2":15,"Pandora\u0027s Box":19,"Bag of Marbles":27,"Toxic Egg 2":21,"FossilizedHelix":6},{"Calipers":107,"Happy Flower":16,"Golden Idol":6,"Oddly Smooth Stone":91,"Charon\u0027s Ashes":59,"Pen Nib":74,"MawBank":16,"Burning Blood":0,"keyreminder:keyreminder":91,"Dream Catcher":105,"Brimstone":85,"Shuriken":122,"Pantograph":16,"Snecko Eye":42,"Orrery":52,"Molten Egg 2":62,"Pandora\u0027s Box":80,"Bag of Marbles":105,"Toxic Egg 2":85,"FossilizedHelix":22}]},"card_choices":[{"not_picked":["Evolve","Body Slam"],"picked":"Cleave","floor":1.0},{"not_picked":["Rupture","Heavy Blade"],"picked":"Whirlwind","floor":2.0},{"not_picked":["True Grit","Iron Wave"],"picked":"Combust","floor":4.0},{"not_picked":["Body Slam","Armaments"],"picked":"Demon Form","floor":6.0},{"not_picked":["Clothesline","Spot Weakness"],"picked":"Disarm","floor":10.0},{"not_picked":["Second Wind","Headbutt"],"picked":"Uppercut","floor":11.0},{"not_picked":["Whirlwind","Sword Boomerang","Spot Weakness"],"picked":"SKIP","floor":12.0},{"not_picked":["Dual Wield","Dark Embrace"],"picked":"Pummel","floor":14.0},{"not_picked":["Fiend Fire","Demon Form"],"picked":"Offering","floor":16.0},{"not_picked":["Heavy Blade","Thunderclap+1","Wild Strike"],"picked":"SKIP","floor":18.0},{"not_picked":["Hemokinesis","Body Slam"],"picked":"Shrug It Off","floor":19.0},{"not_picked":["Reckless Charge","Exhume"],"picked":"Sword Boomerang","floor":20.0},{"not_picked":["Cleave","Body Slam"],"picked":"Rupture","floor":21.0},{"not_picked":["Pummel","Uppercut"],"picked":"Shrug It Off","floor":21.0},{"not_picked":["Sword Boomerang","Pommel Strike"],"picked":"Heavy Blade","floor":21.0},{"not_picked":["Infernal Blade","Perfected Strike","Sword Boomerang"],"picked":"SKIP","floor":22.0},{"not_picked":["Pommel Strike","Offering","Battle Trance"],"picked":"SKIP","floor":24.0},{"not_picked":["Sword Boomerang","Sever Soul","Whirlwind"],"picked":"SKIP","floor":25.0},{"not_picked":["Ghostly Armor","Searing Blow+1"],"picked":"Pommel Strike+1","floor":29.0},{"not_picked":["Body Slam+1","Whirlwind+1"],"picked":"Armaments+1","floor":30.0},{"not_picked":["True Grit","Cleave+1","Evolve"],"picked":"SKIP","floor":31.0},{"not_picked":["Double Tap","Bludgeon+1"],"picked":"Corruption","floor":33.0},{"not_picked":["Rampage+1","Flex"],"picked":"Carnage+1","floor":35.0},{"not_picked":["Warcry","Shrug It Off"],"picked":"Dark Embrace","floor":36.0},{"not_picked":["Clash+1","Sword Boomerang+1"],"picked":"Disarm+1","floor":39.0},{"not_picked":["Bloodletting+1","Hemokinesis+1"],"picked":"Burning Pact+1","floor":40.0},{"not_picked":["Burning Pact+1","Clothesline+1"],"picked":"Carnage+1","floor":42.0},{"not_picked":["Body Slam+1","Dual Wield+1"],"picked":"Whirlwind+1","floor":44.0},{"not_picked":["Pommel Strike+1","Flex+1","Clash+1"],"picked":"SKIP","floor":45.0},{"not_picked":["Entrench+1","Searing Blow+1"],"picked":"Demon Form","floor":46.0},{"not_picked":["Second Wind+1","Sentinel+1","Whirlwind+1"],"picked":"SKIP","floor":48.0},{"not_picked":["Wild Strike+1","Whirlwind+1","Havoc+1"],"picked":"SKIP","floor":55.0}],"player_experience":2495531,"relics_obtained":[{"floor":6.0,"key":"MawBank"},{"floor":9.0,"key":"Pantograph"},{"floor":11.0,"key":"FossilizedHelix"},{"floor":24.0,"key":"Charon\u0027s Ashes"},{"floor":26.0,"key":"Molten Egg 2"},{"floor":31.0,"key":"Pen Nib"},{"floor":40.0,"key":"Oddly Smooth Stone"},{"floor":46.0,"key":"Dream Catcher"},{"floor":48.0,"key":"Calipers"},{"floor":55.0,"key":"Shuriken"}],"event_choices":[{"damage_healed":0.0,"max_hp_gain":0.0,"max_hp_loss":8.0,"gold_gain":0.0,"event_name":"Golden Idol","player_choice":"Lose Max HP","floor":3.0,"gold_loss":0.0,"damage_taken":0.0,"relics_obtained":["Golden Idol"]},{"damage_healed":0.0,"max_hp_gain":0.0,"max_hp_loss":0.0,"gold_gain":0.0,"event_name":"Living Wall","player_choice":"Grow","floor":5.0,"gold_loss":0.0,"damage_taken":0.0,"cards_upgraded":["Combust"]},{"cards_removed":["Cleave"],"damage_healed":0.0,"max_hp_gain":0.0,"max_hp_loss":0.0,"gold_gain":0.0,"event_name":"WeMeetAgain","player_choice":"Gave Card","floor":7.0,"gold_loss":0.0,"damage_taken":0.0,"relics_obtained":["Happy Flower"]},{"damage_healed":0.0,"max_hp_gain":0.0,"max_hp_loss":0.0,"gold_gain":0.0,"event_name":"Shining Light","player_choice":"Entered Light","floor":13.0,"gold_loss":0.0,"damage_taken":22.0,"cards_upgraded":["Uppercut","Defend_R"]},{"cards_removed":["Strike_R"],"damage_healed":0.0,"max_hp_gain":0.0,"max_hp_loss":0.0,"gold_gain":0.0,"event_name":"Beggar","player_choice":"Gave Gold","floor":28.0,"gold_loss":75.0,"damage_taken":0.0},{"damage_healed":0.0,"max_hp_gain":0.0,"max_hp_loss":0.0,"gold_gain":0.0,"cards_transformed":["Intimidate","Warcry"],"event_name":"Designer","player_choice":"Transformed Cards","floor":38.0,"gold_loss":75.0,"damage_taken":0.0,"cards_obtained":["Reaper","Havoc"]}],"is_beta":true,"boss_relics":[{"not_picked":["Runic Pyramid","Black Star"],"picked":"Snecko Eye"},{"not_picked":["Cursed Key","Runic Cube"],"picked":"Pandora\u0027s Box"}],"items_purged_floors":[37],"is_endless":false,"potions_floor_spawned":[1,6,11,18,22,25,30,35,36,40,44,55],"killed_by":"The Heart","ascension_level":20}}