{"host":"f5n4tidiz2n5sooh","time":1607678710,"event":{"mods":["BaseMod","Colored Map","Minty Spire (QoL Compilation)","Relic Stats","StSLib"],"gold_per_floor":[14,31,49,124,124,124,124],"floor_reached":6,"playtime":189,"items_purged":[],"score":72,"play_id":"8dd2f0a1-4170-427e-8a50-c65c83bc3661","local_time":"20201211032510","is_ascension_mode":true,"campfire_choices":[],"circlet_count":0,"master_deck":["AscendersBane","Strike_G","Strike_G","Strike_G","Strike_G","Strike_G","Defend_G","Defend_G","Defend_G","Defend_G","Defend_G","Survivor","Neutralize","Predator","Dagger Throw","Backflip"],"relics":["Ring of the Snake","Shovel","Pantograph"],"acts_visited":["Exordium"],"potions_floor_usage":[6],"damage_taken":[{"damage":0,"enemies":"Small Slimes","floor":1,"turns":5},{"damage":1,"enemies":"2 Louse","floor":2,"turns":3},{"damage":4,"enemies":"Jaw Worm","floor":3,"turns":3},{"damage":26,"enemies":"Lagavulin","floor":6,"turns":6}],"seed_played":"-3676163716845726231","potions_obtained":[{"floor":3,"key":"SteroidPotion"}],"is_trial":false,"path_per_floor":["M","M","M","?","?","E"],"character_chosen":"THE_SILENT","items_purchased":[],"campfire_rested":0,"item_purchase_floors":[],"current_hp_per_floor":[59,58,54,43,25,0,0],"gold":124,"neow_bonus":"ONE_RARE_RELIC","is_daily":false,"chose_seed":false,"campfire_upgraded":0,"win_rate":0.0,"timestamp":1607678710,"path_taken":["M","M","M","?","?","E"],"items_purchased_type":[],"build_version":"2020-11-30","purchased_purges":0,"victory":false,"max_hp_per_floor":[66,66,66,66,66,66,66],"relic_stats":{"Shovel":0,"counters":[4,17],"Pantograph":0,"obtain_stats":[{"Shovel":0,"Pantograph":5,"Ring of the Snake":0},{"Shovel":0,"Pantograph":3,"Ring of the Snake":0},{"Shovel":0,"Pantograph":11,"Ring of the Snake":0}],"Ring of the Snake":[8]},"card_choices":[{"not_picked":["Slice","Finisher"],"picked":"Predator","floor":1},{"not_picked":["Outmaneuver","Skewer"],"picked":"Dagger Throw","floor":2},{"not_picked":["Acrobatics","Sucker Punch"],"picked":"Backflip","floor":3}],"player_experience":1868645,"relics_obtained":[],"event_choices":[{"damage_healed":0,"gold_gain":75,"player_choice":"Gather Gold","damage_taken":11,"max_hp_gain":0,"max_hp_loss":0,"event_name":"World of Goop","floor":4,"gold_loss":0},{"damage_healed":0,"gold_gain":0,"player_choice":"Success","damage_taken":18,"relics_obtained":["Pantograph"],"max_hp_gain":0,"max_hp_loss":0,"event_name":"Scrap Ooze","floor":5,"gold_loss":0}],"is_beta":false,"boss_relics":[],"items_purged_floors":[],"is_endless":false,"potions_floor_spawned":[3],"killed_by":"Lagavulin","ascension_level":20}}