{"host":"2461dio7vetlq1z3","time":1607688745,"event":{"mods":["AchievementEnabler","BaseMod","Hermit","Lobotomy","Minty Spire (QoL Compilation)","Relic Stats","StSLib","Waifu the Spire"],"gold_per_floor":[114,114,130,130,145,145,145,145],"floor_reached":7,"playtime":330,"items_purged":[],"score":51,"play_id":"f9fed436-2103-4859-8d74-b885cf6a8e91","local_time":"20201211131225","is_ascension_mode":true,"campfire_choices":[{"data":"Perseverance","floor":6,"key":"SMITH"}],"circlet_count":0,"master_deck":["Strike_P","Strike_P","Strike_P","Strike_P","Defend_P","Defend_P","Defend_P","Defend_P","Eruption","Vigilance","Yin","Meditate","Protect","MeatLantern","Perseverance+1"],"relics":["PureWater","CogitoBucket","White Beast Statue"],"acts_visited":["Exordium"],"potions_floor_usage":[],"damage_taken":[{"damage":0,"enemies":"Cultist","floor":1,"turns":2},{"damage":0,"enemies":"Jaw Worm","floor":3,"turns":7},{"damage":0,"enemies":"Small Slimes","floor":5,"turns":2},{"damage":0,"enemies":"Gremlin Nob","floor":7,"turns":1}],"seed_played":"-7580863699814450205","potions_obtained":[{"floor":1,"key":"Swift Potion"},{"floor":5,"key":"AttackPotion"}],"is_trial":false,"path_per_floor":["M","?","M","T","M","R","E"],"character_chosen":"WATCHER","items_purchased":[],"campfire_rested":0,"item_purchase_floors":[],"current_hp_per_floor":[72,77,77,77,77,77,0,0],"gold":145,"neow_bonus":"","is_daily":false,"chose_seed":false,"campfire_upgraded":1,"win_rate":0.0,"timestamp":1607688745,"path_taken":["M","?","M","?","?","R","E"],"items_purchased_type":[],"build_version":"2020-11-30","purchased_purges":0,"victory":false,"max_hp_per_floor":[72,77,77,77,77,77,77,77],"relic_stats":{"counters":[4,12],"obtain_stats":[{"Yang_Lob":3,"CogitoBucket":0,"PureWater":0,"White Beast Statue":4},{"Yang_Lob":2,"CogitoBucket":0,"PureWater":0,"White Beast Statue":2},{"Yang_Lob":9,"CogitoBucket":0,"PureWater":0,"White Beast Statue":9}]},"card_choices":[{"not_picked":["UniverseFragment","DespairKnight"],"picked":"Yin","floor":1},{"not_picked":["SashWhip","ThirdEye"],"picked":"Meditate","floor":1},{"not_picked":["Evaluate","ThirdEye"],"picked":"Protect","floor":3},{"not_picked":["OSAHOGD","BeautyBeast"],"picked":"MeatLantern","floor":5},{"not_picked":["InnerPeace","Halt"],"picked":"Perseverance","floor":5}],"player_experience":619265,"relics_obtained":[{"floor":4,"key":"White Beast Statue"}],"event_choices":[{"damage_healed":0,"gold_gain":0,"player_choice":"Donut","damage_taken":0,"max_hp_gain":5,"max_hp_loss":0,"event_name":"Big Fish","floor":2,"gold_loss":0}],"is_beta":false,"boss_relics":[],"items_purged_floors":[],"is_endless":false,"potions_floor_spawned":[1,5],"killed_by":"Gremlin Nob","ascension_level":5}}