{"host":"0msxzbajcl1c78mb","time":1607657203,"event":{"mods":["AchievementEnabler","BaseMod","Colored Map","Colored Powertips","Highlight Path","Minty Spire (QoL Compilation)","Relic Sorter","Relic Stats","StSLib","The Jungle","everything is the same but u backflip on backflip"],"gold_per_floor":[114,134,146,160,235,263,263,295,295,354,354,354],"floor_reached":11,"playtime":987,"items_purged":[],"score":112,"play_id":"081d997c-7815-44f8-84ed-4b675988d7d7","local_time":"20201210222643","is_ascension_mode":true,"campfire_choices":[],"circlet_count":0,"master_deck":["Survivor","Neutralize","Crippling Poison","Poisoned Stab","Leg Sweep","Heel Hook","Bane+1","Tools of the Trade","Caltrops","Masterful Stab+1","Underhanded Strike","Bouncing Flask","Underhanded Strike","Acrobatics","Bane","Tactician","Well Laid Plans"],"relics":["Pandora\u0027s Box","Centennial Puzzle","MealTicket","Whetstone"],"acts_visited":["Exordium"],"potions_floor_usage":[4],"damage_taken":[{"damage":0,"enemies":"2 Louse","floor":1,"turns":2},{"damage":9,"enemies":"Jaw Worm","floor":2,"turns":2},{"damage":0,"enemies":"Cultist","floor":3,"turns":3},{"damage":3,"enemies":"Lots of Slimes","floor":4,"turns":3},{"damage":11,"enemies":"Lagavulin","floor":6,"turns":5},{"damage":22,"enemies":"3 Sentries","floor":8,"turns":7},{"damage":7,"enemies":"Lagavulin","floor":11,"turns":3}],"seed_played":"2766788307332630787","potions_obtained":[{"floor":1,"key":"DistilledChaos"},{"floor":4,"key":"Weak Potion"},{"floor":6,"key":"LiquidBronze"}],"is_trial":false,"path_per_floor":["M","M","M","M","?","E","?","E","T","?","E"],"character_chosen":"THE_SILENT","items_purchased":[],"campfire_rested":0,"item_purchase_floors":[],"current_hp_per_floor":[63,54,54,51,40,29,29,7,7,7,0,0],"gold":354,"neow_bonus":"BOSS_RELIC","is_daily":false,"chose_seed":false,"campfire_upgraded":0,"win_rate":0.0,"timestamp":1607657203,"path_taken":["M","M","M","M","?","E","?","E","T","?","E"],"items_purchased_type":[],"build_version":"2020-11-30","purchased_purges":0,"victory":false,"max_hp_per_floor":[70,70,70,70,70,70,70,70,70,70,70,70],"relic_stats":{"Centennial Puzzle":[3],"counters":[7,25],"Pandora\u0027s Box":["Crippling Poison","Poisoned Stab","Leg Sweep","Heel Hook","Prepared","Bane","Tools of the Trade","Caltrops","Masterful Stab","Underhanded Strike"],"MealTicket":0,"Whetstone":["Bane","Masterful Stab"],"obtain_stats":[{"Centennial Puzzle":6,"Pandora\u0027s Box":0,"MealTicket":8,"Whetstone":9,"Ring of the Snake":0},{"Centennial Puzzle":5,"Pandora\u0027s Box":0,"MealTicket":6,"Whetstone":6,"Ring of the Snake":0},{"Centennial Puzzle":15,"Pandora\u0027s Box":0,"MealTicket":22,"Whetstone":22,"Ring of the Snake":0}]},"card_choices":[{"not_picked":["Predator","Deflect","Dagger Spray"],"picked":"SKIP","floor":1},{"not_picked":["Underhanded Strike","Burst"],"picked":"Bouncing Flask","floor":2},{"not_picked":["Poisoned Stab","Slice"],"picked":"Underhanded Strike","floor":3},{"not_picked":["Riddle With Holes","Predator"],"picked":"Acrobatics","floor":4},{"not_picked":["Slice","Storm of Steel"],"picked":"Bane","floor":6},{"not_picked":["Sucker Punch","Terror"],"picked":"Well Laid Plans","floor":8}],"player_experience":234576,"relics_obtained":[{"floor":6,"key":"Centennial Puzzle"},{"floor":8,"key":"MealTicket"},{"floor":9,"key":"Whetstone"}],"event_choices":[{"damage_healed":0,"gold_gain":75,"player_choice":"Gather Gold","damage_taken":11,"max_hp_gain":0,"max_hp_loss":0,"event_name":"World of Goop","floor":5,"gold_loss":0},{"damage_healed":0,"gold_gain":0,"cards_transformed":["Prepared"],"player_choice":"Change","damage_taken":0,"max_hp_gain":0,"max_hp_loss":0,"event_name":"Living Wall","floor":7,"gold_loss":0,"cards_obtained":["Tactician"]},{"damage_healed":0,"gold_gain":59,"player_choice":"Gained Gold","damage_taken":0,"max_hp_gain":0,"max_hp_loss":0,"event_name":"Golden Wing","floor":10,"gold_loss":0}],"is_beta":false,"boss_relics":[],"items_purged_floors":[],"is_endless":false,"potions_floor_spawned":[1,4,6],"killed_by":"Lagavulin","ascension_level":7}}