{"host":"7wibw175hth9njsf","time":1607724250,"event":{"mods":["2.2 Compatiblity","Act Like it!","BaseMod","Friendly Minions","GifTheSpireLib","Highlight Path","Minty Spire (QoL Compilation)","Random Character Button","StSLib","The Alterego","The Fake Hero","TheSwordswoman","Waifu the Spire","Åy?ï˚ìÒéü?çÏÅzî™â]éámod"],"gold_per_floor":[110,125,202,202,215,215,243,243,316,316,316,332,332,332],"floor_reached":13,"playtime":6162,"items_purged":[],"score":83,"play_id":"c9f9ae81-2f60-4a9e-865d-3b0a320f4f6a","local_time":"20201211170410","is_ascension_mode":false,"campfire_choices":[{"data":"blazmod:Crosscut","floor":6,"key":"SMITH"},{"floor":11,"key":"REST"}],"circlet_count":0,"master_deck":["blazmod:Strike","blazmod:Strike","blazmod:Strike","blazmod:Defend","blazmod:Defend","blazmod:Defend","blazmod:Defend","blazmod:ButterflyEffect","blazmod:Kyokasuigetsu","blazmod:FleetOfFoot","blazmod:SureOfHand+1","blazmod:Crosscut+1","blazmod:QuickBlade","Parasite","blazmod:Crosscut"],"relics":["blazmod:Venustas","Oddly Smooth Stone","Question Card"],"acts_visited":[],"potions_floor_usage":[7,12],"damage_taken":[{"damage":0,"enemies":"2 Louse","floor":1,"turns":4},{"damage":7,"enemies":"Small Slimes","floor":2,"turns":4},{"damage":3,"enemies":"Jaw Worm","floor":5,"turns":5},{"damage":29,"enemies":"3 Sentries","floor":7,"turns":9},{"damage":0,"enemies":"3 Louse","floor":12,"turns":3},{"damage":29,"enemies":"Lagavulin","floor":13,"turns":7}],"seed_played":"-208038805119670129","potions_obtained":[{"floor":1,"key":"SpeedPotion"},{"floor":7,"key":"DistilledChaos"},{"floor":12,"key":"PowerPotion"}],"is_trial":false,"path_per_floor":["M","M","?","?","M","R","E","?","T","?","R","M","E"],"character_chosen":"THE_SWORDSWOMAN","items_purchased":[],"campfire_rested":1,"item_purchase_floors":[],"current_hp_per_floor":[44,37,37,34,31,31,2,13,13,13,26,26,0,0],"gold":332,"neow_bonus":"TEN_PERCENT_HP_BONUS","is_daily":false,"chose_seed":false,"campfire_upgraded":1,"win_rate":0.0,"timestamp":1607724250,"path_taken":["M","M","?","?","M","R","E","?","T","?","R","M","E"],"items_purchased_type":[],"build_version":"2020-11-30","purchased_purges":0,"victory":false,"max_hp_per_floor":[44,44,44,44,44,44,44,44,44,44,44,44,44,44],"card_choices":[{"not_picked":["blazmod:MindsEye","blazmod:Valiance"],"picked":"blazmod:FleetOfFoot","floor":1},{"not_picked":["blazmod:Valiance","blazmod:RevolvingPhoenix"],"picked":"blazmod:SureOfHand","floor":2},{"not_picked":["blazmod:BoulderFlash","blazmod:FleetOfFoot"],"picked":"blazmod:Crosscut","floor":5},{"not_picked":["blazmod:FlashRock","blazmod:SidewaySolace"],"picked":"blazmod:QuickBlade","floor":7},{"not_picked":["blazmod:SidewaySolace","blazmod:SecondSight","blazmod:FlashRock"],"picked":"blazmod:Crosscut","floor":12}],"player_experience":173787,"relics_obtained":[{"floor":7,"key":"Oddly Smooth Stone"},{"floor":9,"key":"Question Card"}],"event_choices":[{"damage_healed":0,"gold_gain":77,"player_choice":"Gained Gold","damage_taken":0,"max_hp_gain":0,"max_hp_loss":0,"event_name":"Golden Wing","floor":3,"gold_loss":0},{"damage_healed":11,"gold_gain":0,"player_choice":"Healed and dodged fight","damage_taken":0,"max_hp_gain":0,"max_hp_loss":0,"event_name":"Mushrooms","floor":8,"gold_loss":0,"cards_obtained":["Parasite"]},{"damage_healed":0,"gold_gain":0,"player_choice":"Ignored","damage_taken":0,"max_hp_gain":0,"max_hp_loss":0,"event_name":"Liars Game","floor":10,"gold_loss":0}],"is_beta":false,"boss_relics":[],"items_purged_floors":[],"is_endless":false,"potions_floor_spawned":[1,7,12],"killed_by":"Lagavulin","ascension_level":0}}