{"host":"7gewg82ormp6yt4e","time":1607688139,"event":{"mods":["BaseMod","Block Reminder","Colored Map","Colored Powertips","DeckTracker","Highlight Path","Minty Spire (QoL Compilation)","Relic Stats","StSLib"],"gold_per_floor":[99,99,99,99,15,15,15,15,15,15,15,15,15,15,15,15,15,15,15,15,15,15],"floor_reached":21,"playtime":943,"items_purged":[],"score":394,"play_id":"b600c760-e234-4357-8237-fd08c82637a7","local_time":"20201211210219","is_ascension_mode":true,"campfire_choices":[{"floor":7,"key":"REST"},{"floor":10,"key":"REST"},{"data":"Bouncing Flask","floor":12,"key":"SMITH"},{"floor":15,"key":"REST"}],"circlet_count":0,"master_deck":["AscendersBane","Strike_G","Strike_G","Strike_G","Strike_G","Defend_G","Defend_G","Defend_G","Defend_G","Defend_G","Survivor","Neutralize","Underhanded Strike","Poisoned Stab","Bouncing Flask+1","Crippling Poison","Deadly Poison","Well Laid Plans","Adrenaline","Eviscerate"],"relics":["Ectoplasm","WingedGreaves","Toy Ornithopter","Pear","Smiling Mask","Snecko Eye"],"acts_visited":["Exordium","TheCity"],"potions_floor_usage":[6,8,16,16],"damage_taken":[{"damage":7,"enemies":"Small Slimes","floor":1,"turns":5},{"damage":6,"enemies":"2 Louse","floor":2,"turns":2},{"damage":4,"enemies":"Jaw Worm","floor":4,"turns":4},{"damage":27,"enemies":"Lagavulin","floor":6,"turns":5},{"damage":31,"enemies":"3 Sentries","floor":8,"turns":10},{"damage":3,"enemies":"Blue Slaver","floor":11,"turns":4},{"damage":4,"enemies":"2 Fungi Beasts","floor":13,"turns":4},{"damage":31,"enemies":"Gremlin Nob","floor":14,"turns":4},{"damage":28,"enemies":"The Guardian","floor":16,"turns":8},{"damage":18,"enemies":"Chosen","floor":18,"turns":4},{"damage":43,"enemies":"Shell Parasite","floor":21,"turns":4}],"seed_played":"-6550766950853580523","potions_obtained":[{"floor":4,"key":"PowerPotion"},{"floor":6,"key":"Regen Potion"},{"floor":13,"key":"Strength Potion"},{"floor":14,"key":"Regen Potion"}],"is_trial":false,"path_per_floor":["M","M","?","M","$","E","R","E","T","R","M","R","M","E","R","B",null,"M","?","?","M"],"character_chosen":"THE_SILENT","items_purchased":["Crippling Poison"],"campfire_rested":3,"item_purchase_floors":[5],"current_hp_per_floor":[52,46,39,35,35,8,27,11,21,43,40,40,36,5,27,24,63,45,23,23,0,0],"gold":15,"neow_bonus":"BOSS_RELIC","is_daily":false,"chose_seed":false,"campfire_upgraded":1,"win_rate":0.0,"timestamp":1607688139,"path_taken":["M","M","?","M","$","E","R","E","T","R","M","R","M","E","R","BOSS","M","?","?","M"],"items_purchased_type":["Card"],"build_version":"2020-11-30","purchased_purges":0,"victory":false,"max_hp_per_floor":[66,66,66,66,66,66,66,66,76,76,76,76,76,76,76,76,76,76,81,81,81,81],"relic_stats":{"counters":[11,54],"Snecko Eye":[17,10,12,14],"Ectoplasm":387,"Smiling Mask":0,"obtain_stats":[{"Pear":9,"Snecko Eye":17,"Ectoplasm":0,"WingedGreaves":6,"Smiling Mask":14,"Toy Ornithopter":8,"Ring of the Snake":0},{"Pear":5,"Snecko Eye":9,"Ectoplasm":0,"WingedGreaves":4,"Smiling Mask":8,"Toy Ornithopter":5,"Ring of the Snake":0},{"Pear":26,"Snecko Eye":46,"Ectoplasm":0,"WingedGreaves":16,"Smiling Mask":38,"Toy Ornithopter":26,"Ring of the Snake":0}],"Toy Ornithopter":10},"card_choices":[{"not_picked":["Outmaneuver","Expertise"],"picked":"Underhanded Strike","floor":1},{"not_picked":["Bane","Acrobatics"],"picked":"Poisoned Stab","floor":2},{"not_picked":["Quick Slash","Blade Dance"],"picked":"Bouncing Flask","floor":4},{"not_picked":["Flying Knee","Blade Dance","Flechettes"],"picked":"SKIP","floor":6},{"not_picked":["Dodge and Roll","Flechettes","Choke"],"picked":"SKIP","floor":8},{"not_picked":["Dodge and Roll","A Thousand Cuts"],"picked":"Deadly Poison","floor":11},{"not_picked":["Sucker Punch","Flechettes"],"picked":"Well Laid Plans","floor":13},{"not_picked":["Outmaneuver","Deflect","Masterful Stab"],"picked":"SKIP","floor":14},{"not_picked":["Grand Finale","Glass Knife"],"picked":"Adrenaline","floor":16},{"not_picked":["Tactician","PiercingWail"],"picked":"Eviscerate","floor":18}],"player_experience":2307389,"relics_obtained":[{"floor":6,"key":"WingedGreaves"},{"floor":8,"key":"Toy Ornithopter"},{"floor":9,"key":"Pear"},{"floor":14,"key":"Smiling Mask"}],"event_choices":[{"cards_removed":["Strike_G"],"damage_healed":0,"gold_gain":0,"player_choice":"Card Removal","damage_taken":7,"max_hp_gain":0,"max_hp_loss":0,"event_name":"Golden Wing","floor":3,"gold_loss":0},{"damage_healed":0,"gold_gain":0,"player_choice":"Shed Blood","damage_taken":27,"max_hp_gain":5,"max_hp_loss":0,"event_name":"Forgotten Altar","floor":19,"gold_loss":0},{"damage_healed":0,"gold_gain":50,"player_choice":"Stole From Cult","damage_taken":0,"max_hp_gain":0,"max_hp_loss":0,"event_name":"Nest","floor":20,"gold_loss":0}],"is_beta":false,"boss_relics":[{"not_picked":["Runic Pyramid","SacredBark"],"picked":"Snecko Eye"}],"items_purged_floors":[],"is_endless":false,"potions_floor_spawned":[4,6,13,14],"killed_by":"Shell Parasite","ascension_level":20}}