{"host":"a3gl5es7j3fsfxu2","time":1607683578,"event":{"mods":["A Magickal Journey","AchievementEnabler","BaseMod","Better Third Choice","BetterRewards","Conspire","Custom Start","DeckTracker","Dio Mod","Gold Saver","GungeonMod","Halation","Hermit","Hubris","Infinite Spire","Jedi Mod","Jorbs\u0027s Wanderer Trilogy","Minty Spire (QoL Compilation)","Permanent Neow","Potionbrewer","Quick Restart","Relic Filter","Relic Sorter","Remove Card Discount Mod","Replay The Spire","Robot Space Explorer","Spicy Shops","StSLib","The Animator","The Bladedancer","The Dragon Tamer","The Exalted","The Poker Player","The Problem Sleuth","vexMod"],"gold_per_floor":[114,132,132,164,177,202,202,215,215,215,54,54,80,80,80,184,184,211,38,57,57,57],"floor_reached":21,"playtime":1992,"items_purged":["DemoMod:Strike_Huntress","DemoMod:Strike_Huntress","DemoMod:Strike_Huntress","DemoMod:Defend_Huntress"],"score":189,"play_id":"aa4fbeeb-0c79-41b4-bab3-447c7b4d0026","local_time":"20201211114618","is_ascension_mode":false,"campfire_choices":[{"data":"DemoMod:FinishedGun","floor":7,"key":"SMITH"},{"floor":12,"key":"REST"},{"floor":15,"key":"REST"}],"circlet_count":0,"master_deck":["DemoMod:Defend_Huntress","DemoMod:Defend_Huntress","DemoMod:Defend_Huntress","DemoMod:Roll+1","DemoMod:ManualReload","DemoMod:RustySidearm","DemoMod:CrossBow","DemoMod:MachoBrace","DemoMod:HuntsMan","DemoMod:AbyssalTentacle","DemoMod:FinishedGun+1","DemoMod:HardPowerCard","DemoMod:SkilledReload","infinitespire:FutureSight","DemoMod:TripleGun","DemoMod:GunslingerForm","DemoMod:Unity","DemoMod:BlankBullets+1","DemoMod:MachoBrace","DemoMod:ShadowBullets+1","Normality","DemoMod:PotionOfGunFriendShip"],"relics":["DemoMod:Dog","DemoMod:AgedBell","Bromod:ArcaneConsequence","Eternal Feather","Golden Egg","Philosopher\u0027s Stone","DemoMod:SerJunkan","DemoMod:GlassGuonStoneRelic"],"acts_visited":["Exordium","TheCity"],"potions_floor_usage":[0,5,6,16,16,21],"damage_taken":[{"damage":3,"enemies":"Jaw Worm","floor":1,"turns":3},{"damage":0,"enemies":"Cultist","floor":2,"turns":4},{"damage":0,"enemies":"Small Slimes","floor":4,"turns":3},{"damage":0,"enemies":"Gremlin Gang","floor":5,"turns":5},{"damage":19,"enemies":"Gremlin Nob","floor":6,"turns":4},{"damage":8,"enemies":"Large Slime","floor":8,"turns":2},{"damage":27,"enemies":"3 Sentries","floor":13,"turns":8},{"damage":11,"enemies":"Hexaghost","floor":16,"turns":9},{"damage":30,"enemies":"2 Thieves","floor":18,"turns":3},{"damage":27,"enemies":"conspire:FuzzyDice","floor":20,"turns":5},{"damage":15,"enemies":"Snake Plant","floor":21,"turns":4}],"seed_played":"6289710594911396499","potions_obtained":[{"floor":0,"key":"SkillPotion"},{"floor":0,"key":"DistilledChaos"},{"floor":0,"key":"potionbrewer:BlacksmithPotion"},{"floor":2,"key":"Explosive Potion"},{"floor":4,"key":"Fire Potion"},{"floor":5,"key":"DemoMod:LeadSkinPotion"},{"floor":8,"key":"SteroidPotion"},{"floor":14,"key":"Dexterity Potion"},{"floor":18,"key":"potionbrewer:FreezingPotion"},{"floor":20,"key":"SkillPotion"}],"is_trial":false,"path_per_floor":["M","M","?","M","M","E","R","M","T","?","$","R","E","?","R","B",null,"M","$","M","M"],"character_chosen":"HUNTRESS","items_purchased":["DemoMod:TripleGun","DemoMod:AgedBell","DemoMod:GunslingerForm","DemoMod:ShadowBullets","DemoMod:SerJunkan"],"campfire_rested":2,"item_purchase_floors":[11,11,11,19,19],"current_hp_per_floor":[67,67,67,67,67,48,48,40,40,23,23,53,26,26,56,45,70,40,40,13,0,0],"gold":57,"neow_bonus":"THREE_SMALL_POTIONS","is_daily":false,"chose_seed":false,"campfire_upgraded":1,"win_rate":0.0,"timestamp":1607683578,"path_taken":["M","M","?","?","M","E","R","M","T","?","$","R","E","?","R","BOSS","M","$","M","M"],"items_purchased_type":["Card","Relic","Card","Card","Relic"],"build_version":"2020-11-30","purchased_purges":4,"victory":false,"max_hp_per_floor":[70,70,70,70,70,70,70,70,70,70,70,70,70,70,70,70,70,70,70,70,70,70],"card_choices":[{"not_picked":["DemoMod:BoxingGlove","DemoMod:FastSwitch"],"picked":"DemoMod:MachoBrace","floor":1},{"not_picked":["DemoMod:AC15","DemoMod:Ejector"],"picked":"DemoMod:HuntsMan","floor":2},{"not_picked":["DemoMod:JK47","DemoMod:ConditionalReflex"],"picked":"DemoMod:AbyssalTentacle","floor":4},{"not_picked":["DemoMod:SniperShot","DemoMod:AC15"],"picked":"DemoMod:FinishedGun","floor":5},{"not_picked":["DemoMod:Camera","DemoMod:AWP"],"picked":"DemoMod:HardPowerCard","floor":6},{"not_picked":["DemoMod:MegaHand","DemoMod:GunstockTap"],"picked":"DemoMod:SkilledReload","floor":8},{"not_picked":["ReplayTheSpireMod:??????????????????????","infinitespire:FinalStrike"],"picked":"infinitespire:FutureSight","floor":10},{"not_picked":["DemoMod:BoxingGlove","DemoMod:ThirdPartyController"],"picked":"DemoMod:Unity","floor":13},{"not_picked":["DemoMod:BalloonGun","DemoMod:ThirdPartyController"],"picked":"DemoMod:BlankBullets","floor":16},{"not_picked":["DemoMod:FastSwitch","DemoMod:BoxingGlove+1"],"picked":"DemoMod:MachoBrace","floor":18},{"not_picked":["DemoMod:SAA","DemoMod:Purify"],"picked":"DemoMod:PotionOfGunFriendShip","floor":20}],"player_experience":358310,"relics_obtained":[{"floor":6,"key":"Bromod:ArcaneConsequence"},{"floor":9,"key":"Eternal Feather"},{"floor":13,"key":"Golden Egg"}],"event_choices":[{"damage_healed":0,"gold_gain":0,"player_choice":"Ignored","damage_taken":0,"max_hp_gain":0,"max_hp_loss":0,"event_name":"NoteForYourself","floor":3,"gold_loss":0},{"damage_healed":0,"gold_gain":0,"player_choice":"Got Potions","damage_taken":0,"max_hp_gain":0,"max_hp_loss":0,"event_name":"Lab","floor":14,"gold_loss":0}],"is_beta":false,"boss_relics":[{"not_picked":["hubris:RunicObelisk","halation:LoveArrow"],"picked":"Philosopher\u0027s Stone"}],"items_purged_floors":[11,11,11,11],"is_endless":false,"potions_floor_spawned":[2,4,5,8,18,20],"killed_by":"Snake Plant","ascension_level":0}}