{"host":"kyy1kus4tsuq869y","time":1607729530,"event":{"mods":["BaseMod","Downfall","GifTheSpireLib","HololiveMod","Hubris","Jorbs\u0027s Wanderer Trilogy","Marisa£®ÏF”Í°°ƒß¿Ì…≥£©","Minty Spire (QoL Compilation)","Quick Restart","READ ME - Guardian Mod","READ ME - Snecko Mod","Reimu£®≤©¿ˆ¡È√Œ£©","Remilia£®¿Ÿ√◊¿Ú—«£©","Replay The Spire","StSLib","Td1madao Mod","The Administrix","The Animator","The Bug Knight","The Construct","The Cursed","The Hierophant","The Runesmith","The Senshi","The Servant 0.9.4","Youmu£®ªÍ∆«—˝√Œ£©"],"gold_per_floor":[115,115,40,57,57,57,57,57,57,92,104,104,104,123,123,123,123],"floor_reached":16,"playtime":231,"items_purged":[],"score":240,"play_id":"de587671-8eba-421f-a358-5c0a413d9243","local_time":"20201212073210","is_ascension_mode":true,"campfire_choices":[{"data":"Dark Embrace","floor":6,"key":"SMITH"},{"data":"Flame Barrier","floor":8,"key":"SMITH"},{"floor":13,"key":"RECALL"}],"circlet_count":0,"master_deck":["AscendersBane","Strike_R","Strike_R","Strike_R","Strike_R","Strike_R","Defend_R","Defend_R","Defend_R","Defend_R","Bash","Dark Embrace+1","Flame Barrier+1","ReplayTheSpireMod:Stacked+1","Sword Boomerang"],"relics":["Burning Blood","NeowsBlessing","hubris:Towel","Kunai","Bronze Scales","Oddly Smooth Stone","hubris:Icosahedron"],"acts_visited":["Exordium"],"potions_floor_usage":[14,16],"damage_taken":[{"damage":0,"enemies":"Cultist","floor":1,"turns":1},{"damage":0,"enemies":"Small Slimes","floor":4,"turns":1},{"damage":0,"enemies":"Lagavulin","floor":10,"turns":1},{"damage":12,"enemies":"Jaw Worm","floor":11,"turns":4},{"damage":25,"enemies":"Gremlin Gang","floor":14,"turns":4},{"damage":53,"enemies":"Hexaghost","floor":16,"turns":9}],"seed_played":"3879424485931525217","potions_obtained":[{"floor":1,"key":"DuplicationPotion"},{"floor":14,"key":"ElixirPotion"}],"is_trial":false,"path_per_floor":["M","?","$","M","$","R","?","R","T","E","M","?","R","M","R","B"],"character_chosen":"IRONCLAD","items_purchased":["Dark Embrace"],"campfire_rested":0,"item_purchase_floors":[3],"current_hp_per_floor":[74,74,74,75,75,75,75,75,75,75,69,69,69,50,50,0,0],"gold":123,"neow_bonus":"THREE_ENEMY_KILL","is_daily":false,"chose_seed":false,"campfire_upgraded":2,"win_rate":0.0,"timestamp":1607729530,"path_taken":["M","?","$","M","$","R","?","R","T","E","M","?","R","M","R","BOSS"],"items_purchased_type":["Card"],"build_version":"2020-11-30","purchased_purges":0,"victory":false,"max_hp_per_floor":[75,75,75,75,75,75,75,75,75,75,75,75,75,75,75,75,75],"card_choices":[{"not_picked":["Dropkick","Pommel Strike","Abandon"],"picked":"SKIP","floor":1},{"not_picked":["Iron Wave","Clothesline"],"picked":"Flame Barrier","floor":4},{"not_picked":["Life Link","Iron Wave","Thunderclap"],"picked":"SKIP","floor":10},{"not_picked":["Headbutt","Perfected Strike"],"picked":"ReplayTheSpireMod:Stacked","floor":11},{"not_picked":["hubris:ReadiedAction","Body Slam"],"picked":"Sword Boomerang","floor":14}],"player_experience":448363,"relics_obtained":[{"floor":9,"key":"Bronze Scales"},{"floor":10,"key":"Oddly Smooth Stone"}],"event_choices":[{"damage_healed":0,"gold_gain":0,"player_choice":"Searched \u00271\u0027 times","damage_taken":0,"relics_obtained":["Kunai"],"max_hp_gain":0,"max_hp_loss":0,"event_name":"Dead Adventurer","floor":7,"gold_loss":0},{"damage_healed":0,"gold_gain":0,"player_choice":"Grow","damage_taken":0,"max_hp_gain":0,"max_hp_loss":0,"event_name":"Living Wall","floor":12,"gold_loss":0,"cards_upgraded":["ReplayTheSpireMod:Stacked"]}],"is_beta":false,"boss_relics":[],"items_purged_floors":[],"is_endless":false,"potions_floor_spawned":[1,14],"killed_by":"Hexaghost","ascension_level":19}}