{"host":"yvb207ks1sg3cxef","time":1607724498,"event":{"mods":["BaseMod","Bestiary","Colored Powertips","Minty Spire (QoL Compilation)","Permanent Neow","Quick Restart","Relic Stats"],"gold_per_floor":[114,114,129,129,144,144,159,159,159,174,189,219,45,75,75,175,175,190,105,105,120,20,50,65,80,80,80,95,110,140,170,170,270,270,285,285,285,10,25,25,55,55,55,85,85,100,130,145,145,145],"floor_reached":51,"playtime":3178,"items_purged":["Strike_P","Strike_P","Strike_P"],"score":957,"play_id":"8741347d-4d76-48e9-8240-2c2f150168ff","local_time":"20201212033818","daily_mods":["Heirloom","Green Cards","DeadlyEvents"],"is_ascension_mode":false,"campfire_choices":[{"data":"Eruption","floor":6.0,"key":"SMITH"},{"data":"SashWhip","floor":8.0,"key":"SMITH"},{"data":"ClearTheMind","floor":15.0,"key":"SMITH"},{"data":"RitualDagger","floor":27.0,"key":"SMITH"},{"floor":32,"key":"REST"},{"data":"Malaise","floor":40,"key":"SMITH"},{"data":"Phantasmal Killer","floor":42,"key":"SMITH"},{"data":"Protect","floor":45,"key":"SMITH"},{"data":"Terror","floor":49,"key":"SMITH"}],"circlet_count":0,"master_deck":["Strike_P","Defend_P","Defend_P","Defend_P","Defend_P","Eruption+1","Vigilance","SashWhip+1","EmptyFist","Dash","Protect+1","Adaptation+1","Tantrum+1","ClearTheMind+1","Study+1","Consecrate+1","Protect","Malaise+1","RitualDagger+1","FlurryOfBlows","Establishment+1","FlurryOfBlows+1","Predator","PiercingWail+1","Study+1","Terror+1","Phantasmal Killer+1","DeusExMachina"],"relics":["PureWater","Mango","Matryoshka","Mummified Hand","Frozen Egg 2","Bag of Marbles","Orichalcum","Black Star","Singing Bowl","Thread and Needle","Lizard Tail","Ornamental Fan","TeardropLocket","MealTicket","Akabeko","Dream Catcher","Anchor","Busted Crown","Happy Flower","Shuriken","Whetstone","Bottled Flame","Smiling Mask","Lantern","Pen Nib","Bottled Lightning"],"acts_visited":["Exordium","TheCity","TheBeyond"],"potions_floor_usage":[33],"damage_taken":[{"damage":0.0,"enemies":"2 Louse","floor":1.0,"turns":2.0},{"damage":2.0,"enemies":"Small Slimes","floor":3.0,"turns":4.0},{"damage":3.0,"enemies":"Jaw Worm","floor":5.0,"turns":2.0},{"damage":5.0,"enemies":"Looter","floor":7.0,"turns":2.0},{"damage":0.0,"enemies":"3 Louse","floor":10.0,"turns":3.0},{"damage":0.0,"enemies":"Large Slime","floor":11.0,"turns":3.0},{"damage":8.0,"enemies":"Lagavulin","floor":12.0,"turns":3.0},{"damage":1.0,"enemies":"3 Sentries","floor":14.0,"turns":3.0},{"damage":9.0,"enemies":"The Guardian","floor":16.0,"turns":12.0},{"damage":35.0,"enemies":"3 Byrds","floor":18.0,"turns":4.0},{"damage":0.0,"enemies":"Chosen","floor":21.0,"turns":6.0},{"damage":7.0,"enemies":"Book of Stabbing","floor":23.0,"turns":6.0},{"damage":15.0,"enemies":"Sentry and Sphere","floor":24.0,"turns":11.0},{"damage":0.0,"enemies":"Centurion and Healer","floor":25.0,"turns":6.0},{"damage":0.0,"enemies":"Shelled Parasite and Fungi","floor":28.0,"turns":2.0},{"damage":1.0,"enemies":"Cultist and Chosen","floor":29.0,"turns":4.0},{"damage":1.0,"enemies":"Gremlin Leader","floor":30.0,"turns":7.0},{"damage":8.0,"enemies":"Book of Stabbing","floor":31.0,"turns":9.0},{"damage":93,"enemies":"Automaton","floor":33,"turns":13},{"damage":17,"enemies":"Orb Walker","floor":35,"turns":8},{"damage":9,"enemies":"3 Darklings","floor":39,"turns":4},{"damage":0,"enemies":"Giant Head","floor":41,"turns":6},{"damage":0,"enemies":"Nemesis","floor":44,"turns":11},{"damage":1,"enemies":"Sphere and 2 Shapes","floor":46,"turns":4},{"damage":0,"enemies":"Giant Head","floor":47,"turns":7},{"damage":0,"enemies":"Maw","floor":48,"turns":5},{"damage":30,"enemies":"Awakened One","floor":50,"turns":10}],"seed_played":"-551933171069321123","potions_obtained":[{"floor":7.0,"key":"Regen Potion"},{"floor":12.0,"key":"Fire Potion"},{"floor":14.0,"key":"Energy Potion"},{"floor":16.0,"key":"Ancient Potion"},{"floor":23.0,"key":"Explosive Potion"},{"floor":24.0,"key":"Energy Potion"},{"floor":28.0,"key":"Explosive Potion"},{"floor":31,"key":"Regen Potion"},{"floor":33,"key":"DistilledChaos"},{"floor":35,"key":"Fire Potion"},{"floor":39,"key":"Strength Potion"},{"floor":41,"key":"Ancient Potion"}],"is_trial":false,"path_per_floor":["M","?","M","?","M","R","M","R","T","M","M","E","$","E","R","B",null,"M","?","?","M","$","E","M","M","T","R","M","M","E","E","R","B",null,"M","?","?","$","M","R","E","R","T","E","R","M","E","M","R","B",null],"character_chosen":"WATCHER","items_purchased":["Study+1","Consecrate","Happy Flower"],"campfire_rested":1,"item_purchase_floors":[13,13,38],"current_hp_per_floor":[86,83,81,81,78,78,73,73,73,73,73,74,74,73,73,64,86,51,51,45,45,45,38,25,25,25,25,25,24,23,15,43,11,90,75,75,75,87,80,80,82,82,82,84,84,85,85,87,87,57],"gold":145,"neow_bonus":"","is_daily":true,"chose_seed":false,"campfire_upgraded":8,"win_rate":0.0,"timestamp":1607724498,"path_taken":["M","?","M","?","M","R","M","R","T","M","M","E","$","E","R","BOSS","M","?","?","M","$","E","M","?","T","R","M","M","E","?","R","BOSS","M","?","?","$","?","R","E","R","T","E","R","M","?","M","R","BOSS"],"items_purchased_type":["Card","Card","Relic"],"build_version":"2020-11-30","purchased_purges":3,"victory":true,"max_hp_per_floor":[86,86,86,86,86,86,86,86,86,86,86,86,86,86,86,86,86,86,86,86,86,86,86,88,88,88,88,88,88,88,88,90,90,90,92,87,87,87,89,89,91,91,91,93,93,95,95,97,97,97],"relic_stats":{"Singing Bowl":16,"Happy Flower":[15],"counters":[27,157],"Pen Nib":[4],"Whetstone":["Tantrum","Consecrate"],"Orichalcum":[108],"Smiling Mask":0,"Lizard Tail":45,"Dream Catcher":1,"Busted Crown":14,"Mummified Hand":[73],"Ornamental Fan":[180],"Shuriken":[19],"MealTicket":12,"Black Star":6,"obtain_stats":[{"Lantern":44,"Singing Bowl":19,"Mango":0,"TeardropLocket":26,"Whetstone":41,"Smiling Mask":44,"Lizard Tail":23,"Dream Catcher":31,"Matryoshka":2,"Mummified Hand":9,"MealTicket":30,"Happy Flower":38,"Thread and Needle":23,"Pen Nib":47,"Frozen Egg 2":9,"Orichalcum":14,"Akabeko":30,"Anchor":31,"Bottled Flame":43,"Busted Crown":34,"Ornamental Fan":26,"Shuriken":41,"Bag of Marbles":12,"Black Star":17,"Bottled Lightning":47,"PureWater":0},{"Lantern":23,"Singing Bowl":10,"Mango":0,"TeardropLocket":14,"Whetstone":22,"Smiling Mask":23,"Lizard Tail":12,"Dream Catcher":18,"Matryoshka":1,"Mummified Hand":4,"MealTicket":17,"Happy Flower":20,"Thread and Needle":12,"Pen Nib":25,"Frozen Egg 2":4,"Orichalcum":8,"Akabeko":17,"Anchor":18,"Bottled Flame":22,"Busted Crown":19,"Ornamental Fan":14,"Shuriken":22,"Bag of Marbles":7,"Black Star":9,"Bottled Lightning":25,"PureWater":0},{"Lantern":131,"Singing Bowl":38,"Mango":0,"TeardropLocket":67,"Whetstone":120,"Smiling Mask":131,"Lizard Tail":50,"Dream Catcher":89,"Matryoshka":2,"Mummified Hand":10,"MealTicket":80,"Happy Flower":110,"Thread and Needle":50,"Pen Nib":142,"Frozen Egg 2":10,"Orichalcum":22,"Akabeko":80,"Anchor":89,"Bottled Flame":120,"Busted Crown":102,"Ornamental Fan":67,"Shuriken":120,"Bag of Marbles":19,"Black Star":34,"Bottled Lightning":142,"PureWater":0}]},"card_choices":[{"not_picked":["Prostrate","Blade Dance"],"picked":"SashWhip","floor":1.0},{"not_picked":["Outmaneuver","Collect"],"picked":"EmptyFist","floor":3.0},{"not_picked":["ReachHeaven","Adaptation"],"picked":"Dash","floor":5.0},{"not_picked":["Sucker Punch","WreathOfFlame"],"picked":"Protect","floor":7.0},{"not_picked":["Crippling Poison","BowlingBash"],"picked":"Adaptation+1","floor":10.0},{"not_picked":["DeceiveReality","EmptyBody"],"picked":"Tantrum","floor":11.0},{"not_picked":["Concentrate","EmptyFist"],"picked":"ClearTheMind","floor":12.0},{"not_picked":["Dodge and Roll","Conclude"],"picked":"Protect","floor":14.0},{"not_picked":["Tools of the Trade+1","Wish"],"picked":"Malaise","floor":16.0},{"not_picked":["Deadly Poison","SashWhip+1"],"picked":"Dodge and Roll+1","floor":18.0},{"not_picked":["Crescendo","SandsOfTime"],"picked":"FlurryOfBlows","floor":21.0},{"not_picked":["Acrobatics","EmptyFist"],"picked":"Establishment+1","floor":23.0},{"not_picked":["WindmillStrike","Deadly Poison","Cloak And Dagger"],"picked":"Singing Bowl","floor":24.0},{"not_picked":["Wireheading+1","Worship"],"picked":"FlurryOfBlows+1","floor":25.0},{"not_picked":["Crescendo+1","Halt"],"picked":"Predator","floor":28.0},{"not_picked":["EmptyBody","Underhanded Strike"],"picked":"PiercingWail+1","floor":29.0},{"not_picked":["BowlingBash","Riddle With Holes+1"],"picked":"Study+1","floor":30.0},{"not_picked":["Quick Slash+1","Adaptation+1"],"picked":"Terror","floor":31},{"not_picked":["Consecrate","Dodge and Roll","EmptyBody+1"],"picked":"Singing Bowl","floor":32},{"not_picked":["Night Terror","Wish"],"picked":"Phantasmal Killer","floor":33},{"not_picked":["CrushJoints+1"],"picked":"Singing Bowl","floor":35},{"not_picked":["Bane+1"],"picked":"Singing Bowl","floor":39},{"not_picked":["Protect+1"],"picked":"Singing Bowl","floor":41},{"not_picked":["Outmaneuver+1"],"picked":"Singing Bowl","floor":44},{"not_picked":["Acrobatics"],"picked":"Singing Bowl","floor":46},{"not_picked":[],"picked":"DeusExMachina","floor":47},{"not_picked":["Quick Slash"],"picked":"Singing Bowl","floor":48}],"player_experience":165764,"relics_obtained":[{"floor":9.0,"key":"Mummified Hand"},{"floor":9.0,"key":"Frozen Egg 2"},{"floor":12.0,"key":"Bag of Marbles"},{"floor":14.0,"key":"Orichalcum"},{"floor":23.0,"key":"Thread and Needle"},{"floor":23.0,"key":"Lizard Tail"},{"floor":26.0,"key":"Ornamental Fan"},{"floor":26.0,"key":"TeardropLocket"},{"floor":30.0,"key":"MealTicket"},{"floor":30.0,"key":"Akabeko"},{"floor":31,"key":"Dream Catcher"},{"floor":31,"key":"Anchor"},{"floor":41,"key":"Shuriken"},{"floor":41,"key":"Whetstone"},{"floor":43,"key":"Bottled Flame"},{"floor":44,"key":"Smiling Mask"},{"floor":44,"key":"Lantern"},{"floor":47,"key":"Pen Nib"},{"floor":47,"key":"Bottled Lightning"}],"event_choices":[{"damage_healed":0.0,"max_hp_gain":0.0,"max_hp_loss":0.0,"gold_gain":0.0,"event_name":"Scrap Ooze","player_choice":"Success","floor":2.0,"gold_loss":0.0,"damage_taken":3.0,"relics_obtained":["Matryoshka"]},{"damage_healed":0.0,"max_hp_gain":0.0,"max_hp_loss":0.0,"gold_gain":0.0,"event_name":"Liars Game","player_choice":"Ignored","floor":4.0,"gold_loss":0.0,"damage_taken":0.0},{"damage_healed":0.0,"max_hp_gain":0.0,"max_hp_loss":0.0,"gold_gain":0.0,"event_name":"Addict","player_choice":"Obtained Relic","floor":19.0,"gold_loss":85.0,"damage_taken":0.0,"relics_obtained":["Singing Bowl"]},{"damage_healed":0.0,"max_hp_gain":0.0,"max_hp_loss":0.0,"gold_gain":0.0,"event_name":"Nest","player_choice":"Joined the Cult","floor":20.0,"gold_loss":0.0,"damage_taken":6.0,"cards_obtained":["RitualDagger"]},{"damage_healed":0,"gold_gain":0,"player_choice":"Max HP","damage_taken":0,"max_hp_gain":0,"max_hp_loss":5,"event_name":"Winding Halls","floor":36,"gold_loss":0},{"cards_removed":["Dodge and Roll"],"damage_healed":0,"gold_gain":0,"player_choice":"Removed Skill","damage_taken":0,"max_hp_gain":0,"max_hp_loss":0,"event_name":"Falling","floor":37,"gold_loss":0}],"is_beta":false,"boss_relics":[{"not_picked":["Empty Cage","Calling Bell"],"picked":"Black Star"},{"not_picked":["Snecko Eye","Sozu"],"picked":"Busted Crown"}],"items_purged_floors":[13,22,38],"is_endless":false,"potions_floor_spawned":[7,12,14,16,23,24,28,31,33,35,39,41],"ascension_level":0}}