{"host":"d1za9dvx43o9v494","time":1607701325,"event":{"mods":["2.2 Compatiblity","BaseMod","Better-Laid Plans","Colored Map","Downfall","Emptier Cage","Minty Spire (QoL Compilation)","Permanent Neow","StSLib"],"gold_per_floor":[99,111,137,62,47,65,88,121,46,72,72,83,93,3,23,123,123,48,60,85,85,85,165,165,265,265,293,308,408,420,432,448,544,544,544,579,629,678,678,678,678,678,678,706,723,723,149,167,185,185,185,220,66,66,66],"floor_reached":56,"playtime":4248,"items_purged":["champ:Strike","champ:Strike"],"score":1779,"play_id":"682a79a0-37d4-4041-9f94-1ae28b8b56ec","local_time":"20201211184205","is_ascension_mode":true,"campfire_choices":[{"floor":1,"key":"RECALL"},{"data":"champ:Execute","floor":4,"key":"SMITH"},{"data":"champ:AdrenalArmor","floor":9,"key":"SMITH"},{"data":"champ:Defend","floor":18,"key":"SMITH"},{"data":"champ:Defend","floor":22,"key":"SMITH"},{"data":"champ:Defend","floor":26,"key":"SMITH"},{"data":"champ:CheapShot","floor":35,"key":"SMITH"},{"data":"expansioncontent:FaceSlap","floor":40,"key":"SMITH"},{"floor":54,"key":"DIG"}],"circlet_count":0,"master_deck":["champ:Strike+1","champ:Defend+1","champ:Defend+1","champ:Defend+1","champ:Execute+1","champ:Taunt+1","champ:DeathBlow+1","champ:AdrenalArmor+1","champ:Encircle+1","champ:FaceSlap+1","champ:Devastate+1","champ:RageSigil+1","champ:LastStand+1","champ:EnragedBash","champ:CalledShot","champ:CheapShot+1","expansioncontent:FaceSlap+1","expansioncontent:FaceSlap+1","champ:DeathBlow+1","champ:RisingSlash+1","champ:Taunt+1","champ:SteelEdge"],"relics":["champ:ChampionCrown","champ:Barbells","Potion Belt","downfall:HeartBlessingRed","downfall:GremlinWheel","champ:SpectersHand","downfall:HeartBlessingBlue","champ:DefensiveTrainingManual","Happy Flower","Busted Crown","downfall:HeartBlessingGreen","PreservedInsect","Bag of Preparation","Ancient Tea Set","Pantograph","Toy Ornithopter","Philosopher\u0027s Stone","Juzu Bracelet","Singing Bowl","Gambling Chip","StoneCalendar","Bottled Lightning","Shovel","Kunai","Guardian:GemstoneGun","Guardian:PocketSentry","DollysMirror","Gremlin Horn"],"acts_visited":["Exordium","TheCity","TheBeyond","TheEnding"],"potions_floor_usage":[32,33],"damage_taken":[{"damage":9,"enemies":"Cultist","floor":2,"turns":4},{"damage":57,"enemies":"Gremlin Nob","floor":3,"turns":4},{"damage":65,"enemies":"downfall:FleeingMerchant","floor":5,"turns":4},{"damage":25,"enemies":"Small Slimes","floor":6,"turns":1},{"damage":58,"enemies":"3 Sentries","floor":8,"turns":3},{"damage":53,"enemies":"Lagavulin","floor":10,"turns":3},{"damage":25,"enemies":"2 Louse","floor":12,"turns":1},{"damage":30,"enemies":"Exordium Wildlife","floor":13,"turns":2},{"damage":60,"enemies":"downfall:FleeingMerchant","floor":14,"turns":4},{"damage":25,"enemies":"Gremlin Gang","floor":15,"turns":1},{"damage":74,"enemies":"downfall:Watcher","floor":16,"turns":5},{"damage":36,"enemies":"Shell Parasite","floor":19,"turns":3},{"damage":50,"enemies":"Gremlin Leader","floor":20,"turns":3},{"damage":2,"enemies":"downfall:FleeingMerchant","floor":23,"turns":1},{"damage":47,"enemies":"Slavers","floor":27,"turns":2},{"damage":51,"enemies":"3 Byrds","floor":28,"turns":3},{"damage":49,"enemies":"downfall:LadyInBlue","floor":29,"turns":3},{"damage":47,"enemies":"Snake Plant","floor":30,"turns":2},{"damage":25,"enemies":"Cultist and Chosen","floor":31,"turns":2},{"damage":42,"enemies":"Sentry and Sphere","floor":32,"turns":3},{"damage":92,"enemies":"downfall:Ironclad","floor":33,"turns":4},{"damage":56,"enemies":"Nemesis","floor":36,"turns":3},{"damage":94,"enemies":"Mind Bloom Boss Battle","floor":37,"turns":5},{"damage":76,"enemies":"2 Orb Walkers","floor":38,"turns":3},{"damage":113,"enemies":"Giant Head","floor":44,"turns":4},{"damage":45,"enemies":"3 Shapes","floor":45,"turns":1},{"damage":72,"enemies":"3 Darklings","floor":48,"turns":2},{"damage":54,"enemies":"4 Shapes","floor":49,"turns":1},{"damage":90,"enemies":"downfall:Defect","floor":50,"turns":3},{"damage":70,"enemies":"downfall:CharBossMerchant","floor":52,"turns":3},{"damage":270,"enemies":"downfall:NeowBoss","floor":55,"turns":11}],"seed_played":"-2439280531948025186","potions_obtained":[{"floor":3,"key":"Ancient Potion"},{"floor":10,"key":"FairyPotion"},{"floor":15,"key":"BlessingOfTheForge"},{"floor":16,"key":"Weak Potion"},{"floor":27,"key":"Ancient Potion"},{"floor":29,"key":"ColorlessPotion"},{"floor":30,"key":"DistilledChaos"},{"floor":33,"key":"Swift Potion"},{"floor":36,"key":"LiquidMemories"}],"is_trial":false,"path_per_floor":["R","M","E","R","$","M","T","E","R","E","?","M","M","$","M","B",null,"R","M","E","?","R","$","T","?","R","E","M","?","M","M","M","B",null,"R","E","?","?","?","R","T","?","?","E","M","?","$","M","M","B",null,"E","$","R","B",null],"character_chosen":"THE_CHAMP","items_purchased":["Bag of Preparation","champ:DeathBlow","Kunai","Guardian:GemstoneGun","champ:SteelEdge"],"campfire_rested":0,"item_purchase_floors":[23,47,47,47,53],"current_hp_per_floor":[90,86,74,74,69,69,69,65,75,67,67,67,64,54,54,39,100,100,98,98,98,98,98,98,98,98,98,98,98,98,98,100,96,100,100,77,101,95,87,87,87,87,87,75,77,77,77,79,77,95,114,116,116,116,116],"gold":66,"neow_bonus":"UPGRADE_CARD","is_daily":false,"chose_seed":false,"campfire_upgraded":7,"win_rate":0.0,"timestamp":1607701325,"path_taken":["R","M","E","R","?","M","T","E","R","E","?","M","?","$","M","BOSS","R","M","E","?","R","$","T","?","R","E","?","?","M","M","M","BOSS","R","E","?","?","?","R","T","?","?","E","M","?","?","M","M","BOSS","E","$","R","BOSS"],"items_purchased_type":["Relic","Card","Relic","Relic","Card"],"build_version":"2020-11-30","purchased_purges":2,"victory":true,"max_hp_per_floor":[90,90,90,90,90,90,90,90,100,100,100,100,100,100,100,100,100,100,100,100,100,100,100,100,100,100,100,100,100,100,100,100,100,100,100,102,104,106,108,108,108,108,108,110,112,112,112,114,114,114,114,116,116,116,116],"card_choices":[{"not_picked":["champ:ShieldWall","champ:Control"],"picked":"champ:DeathBlow","floor":2},{"not_picked":["champ:PerfectedStrike","champ:FanOfKnives","champ:Backstep"],"picked":"SKIP","floor":3},{"not_picked":["champ:ShieldWall","champ:Control"],"picked":"champ:AdrenalArmor","floor":5},{"not_picked":["champ:StanceDance","champ:SwordSigil","champ:FlashCut"],"picked":"SKIP","floor":6},{"not_picked":["champ:GladiatorStyle","champ:RageSigil"],"picked":"champ:Encircle","floor":8},{"not_picked":["champ:DancingMaster","champ:PreciseThrust","champ:BladeFlurry"],"picked":"SKIP","floor":10},{"not_picked":["champ:BerserkersShout","champ:ShieldSigil"],"picked":"champ:FaceSlap","floor":12},{"not_picked":["champ:Haymaker","champ:BladeFlurry","champ:SwordSigil"],"picked":"SKIP","floor":13},{"not_picked":["champ:BerserkerStyle","champ:Duel","champ:EnchantShield"],"picked":"SKIP","floor":14},{"not_picked":["champ:RageSigil","champ:Haymaker","champ:BerserkerStyle"],"picked":"SKIP","floor":15},{"not_picked":["champ:CheapShot","champ:ShieldSlam"],"picked":"champ:Devastate","floor":16},{"not_picked":[],"picked":"champ:RageSigil","floor":19},{"not_picked":["champ:Control"],"picked":"SKIP","floor":20},{"not_picked":[],"picked":"champ:LastStand","floor":23},{"not_picked":["champ:Duel"],"picked":"SKIP","floor":27},{"not_picked":["champ:BringItOn"],"picked":"SKIP","floor":28},{"not_picked":[],"picked":"champ:EnragedBash","floor":30},{"not_picked":["champ:BerserkersShout"],"picked":"SKIP","floor":31},{"not_picked":[],"picked":"champ:CalledShot","floor":32},{"not_picked":[],"picked":"champ:CheapShot","floor":33},{"not_picked":["champ:BringItOn+1"],"picked":"Singing Bowl","floor":36},{"not_picked":["champ:DefensiveStyle"],"picked":"Singing Bowl","floor":37},{"not_picked":["champ:DefensiveStyle"],"picked":"Singing Bowl","floor":38},{"not_picked":[],"picked":"expansioncontent:FaceSlap","floor":39},{"not_picked":[],"picked":"expansioncontent:FaceSlap","floor":39},{"not_picked":["expansioncontent:SuperHexaguard"],"picked":"Singing Bowl","floor":39},{"not_picked":["champ:BerserkersShout"],"picked":"Singing Bowl","floor":44},{"not_picked":["champ:SwordSigil+1"],"picked":"Singing Bowl","floor":45},{"not_picked":["champ:PerfectedStrike+1"],"picked":"Singing Bowl","floor":48},{"not_picked":[],"picked":"champ:RisingSlash+1","floor":49},{"not_picked":["champ:GladiatorsShout"],"picked":"Singing Bowl","floor":52}],"player_experience":557304,"relics_obtained":[{"floor":3,"key":"Potion Belt"},{"floor":8,"key":"champ:SpectersHand"},{"floor":9,"key":"champ:DefensiveTrainingManual"},{"floor":10,"key":"Happy Flower"},{"floor":20,"key":"PreservedInsect"},{"floor":24,"key":"Ancient Tea Set"},{"floor":27,"key":"Pantograph"},{"floor":29,"key":"Toy Ornithopter"},{"floor":36,"key":"Singing Bowl"},{"floor":37,"key":"Gambling Chip"},{"floor":38,"key":"StoneCalendar"},{"floor":41,"key":"Bottled Lightning"},{"floor":44,"key":"Shovel"},{"floor":52,"key":"Guardian:PocketSentry"},{"floor":52,"key":"DollysMirror"},{"floor":54,"key":"Gremlin Horn"}],"event_choices":[{"damage_healed":0,"gold_gain":0,"player_choice":"Relic","damage_taken":0,"max_hp_gain":0,"max_hp_loss":0,"event_name":"Wheel of Change","floor":9,"gold_loss":0},{"damage_healed":0,"gold_gain":0,"player_choice":"Ignored","damage_taken":0,"max_hp_gain":0,"max_hp_loss":0,"event_name":"NoteForYourself","floor":11,"gold_loss":0},{"damage_healed":0,"gold_gain":0,"player_choice":"Ignored","damage_taken":0,"max_hp_gain":0,"max_hp_loss":0,"event_name":"Ghosts","floor":21,"gold_loss":0},{"damage_healed":0,"gold_gain":0,"player_choice":"Fight","damage_taken":0,"max_hp_gain":0,"max_hp_loss":0,"event_name":"Mysterious Sphere","floor":38,"gold_loss":0},{"cards_removed":["champ:Defend"],"damage_healed":0,"gold_gain":0,"player_choice":"Removed Skill","damage_taken":0,"max_hp_gain":0,"max_hp_loss":0,"event_name":"Falling","floor":42,"gold_loss":0},{"cards_removed":["champ:Strike"],"damage_healed":0,"gold_gain":0,"player_choice":"Purged","damage_taken":0,"max_hp_gain":0,"max_hp_loss":0,"event_name":"Purifier","floor":46,"gold_loss":0}],"is_beta":false,"boss_relics":[{"not_picked":["Runic Dome","Velvet Choker"],"picked":"Busted Crown"},{"not_picked":["Tiny House","Pandora\u0027s Box"],"picked":"Philosopher\u0027s Stone"}],"items_purged_floors":[14,23],"is_endless":false,"potions_floor_spawned":[3,10,15,16,27,30,31,33,36,44],"ascension_level":1}}