{"host":"f55lpzc7830gmx23","time":1607688324,"event":{"mods":["BaseMod","Better Note","Downfall","Hermit","Minty Spire (QoL Compilation)","StSLib","The Blackbeard","The Cursed","The Necromancer"],"gold_per_floor":[214,134,147,147,147,177,177,191,191,266,277,297,323,343,343,443,443,453,453,463,55,73,100,129,141,176,207,234,234,234],"floor_reached":28,"playtime":1548,"items_purged":[],"score":305,"play_id":"cca7d2ef-09c0-4b66-b062-43295475829b","local_time":"20201211130524","is_ascension_mode":true,"campfire_choices":[{"floor":15,"key":"REST"},{"data":"blackbeard:FinalBarrage","floor":25,"key":"SMITH"}],"circlet_count":0,"master_deck":["blackbeard:BlackbeardStrike","blackbeard:BlackbeardStrike","blackbeard:BlackbeardStrike+1","blackbeard:BlackbeardStrike","blackbeard:IntimidatingStrike","blackbeard:BlackbeardDefend","blackbeard:BlackbeardDefend","blackbeard:BlackbeardDefend","blackbeard:BlackbeardDefend","blackbeard:Cutlass+1","blackbeard:CloakAndCannonball","blackbeard:CatONineTails","blackbeard:WeaponProficiency+1","blackbeard:CatONineTails","blackbeard:Shrapnel","blackbeard:WiseDefense","blackbeard:PowderKeg","blackbeard:RemoveScurvy","blackbeard:Sword","blackbeard:FinalBarrage+1","blackbeard:Sword","blackbeard:PowderKeg","blackbeard:Dagger","blackbeard:ArmorUp","blackbeard:Scrap","blackbeard:Bandana+1"],"relics":["blackbeard:LoadTheCannons","Matryoshka","Bag of Marbles","Ornamental Fan","Girya","Black Star","blackbeard:PowderCan","Lee\u0027s Waffle","MawBank","Art of War","Anchor","Tiny Chest"],"acts_visited":["Exordium","TheCity"],"potions_floor_usage":[6,8,13,13,18,23,24],"damage_taken":[{"damage":1,"enemies":"Cultist","floor":1,"turns":4},{"damage":0,"enemies":"2 Louse","floor":3,"turns":1},{"damage":23,"enemies":"Gremlin Nob","floor":6,"turns":4},{"damage":2,"enemies":"Small Slimes","floor":8,"turns":2},{"damage":6,"enemies":"3 Louse","floor":11,"turns":2},{"damage":0,"enemies":"Red Slaver","floor":12,"turns":1},{"damage":1,"enemies":"Lagavulin","floor":13,"turns":5},{"damage":0,"enemies":"2 Fungi Beasts","floor":14,"turns":2},{"damage":42,"enemies":"Hexaghost","floor":16,"turns":9},{"damage":17,"enemies":"Spheric Guardian","floor":18,"turns":4},{"damage":8,"enemies":"3 Byrds","floor":20,"turns":3},{"damage":32,"enemies":"Snake Plant","floor":22,"turns":3},{"damage":0,"enemies":"Gremlin Leader","floor":23,"turns":6},{"damage":0,"enemies":"3 Cultists","floor":24,"turns":3},{"damage":22,"enemies":"Centurion and Healer","floor":27,"turns":4},{"damage":42,"enemies":"Book of Stabbing","floor":28,"turns":4}],"seed_played":"1513722353745234704","potions_obtained":[{"floor":3,"key":"PowerPotion"},{"floor":6,"key":"Swift Potion"},{"floor":8,"key":"CultistPotion"},{"floor":11,"key":"Slimebound:ThreeZeroPotion"},{"floor":16,"key":"Block Potion"},{"floor":18,"key":"SteroidPotion"},{"floor":23,"key":"ColorlessPotion"}],"is_trial":false,"path_per_floor":["M","$","M","?","?","E","?","M","T","?","M","M","E","M","R","B",null,"M","?","M","$","M","E","M","R","T","M","E"],"character_chosen":"BLACKBEARD_CLASS","items_purchased":["blackbeard:CatONineTails","blackbeard:PowderCan","Lee\u0027s Waffle"],"campfire_rested":1,"item_purchase_floors":[2,21,21],"current_hp_per_floor":[74,74,74,74,74,51,36,34,34,23,17,17,16,21,43,1,75,58,58,50,82,50,50,50,50,50,33,0,0,0],"gold":234,"neow_bonus":"HUNDRED_GOLD","is_daily":false,"chose_seed":false,"campfire_upgraded":1,"win_rate":0.0,"timestamp":1607688324,"path_taken":["M","$","?","?","?","E","?","M","T","?","M","M","E","M","R","BOSS","M","?","M","$","M","E","M","R","T","M","E"],"items_purchased_type":["Card","Relic","Relic"],"build_version":"2020-11-30","purchased_purges":0,"victory":false,"max_hp_per_floor":[75,75,75,75,75,75,75,75,75,75,75,75,75,75,75,75,75,75,75,75,82,82,82,82,82,82,82,82,82,82],"card_choices":[{"not_picked":["blackbeard:DeadlyArsenal","blackbeard:WiseDefense"],"picked":"blackbeard:CloakAndCannonball","floor":1},{"not_picked":["blackbeard:DoubleCannonball","blackbeard:WiseDefense"],"picked":"blackbeard:WeaponProficiency","floor":3},{"not_picked":["blackbeard:Eyepatch","blackbeard:VengefulSpirit"],"picked":"blackbeard:CatONineTails","floor":6},{"not_picked":["blackbeard:GoldenDefense","blackbeard:VengefulSpirit"],"picked":"blackbeard:Shrapnel","floor":8},{"not_picked":["blackbeard:Fencing","blackbeard:DeadlyArsenal"],"picked":"blackbeard:WiseDefense","floor":11},{"not_picked":["blackbeard:BountyHunter","blackbeard:TacticalRetreat"],"picked":"blackbeard:PowderKeg","floor":12},{"not_picked":["blackbeard:GoldenStrike","blackbeard:FieryDefense"],"picked":"blackbeard:RemoveScurvy","floor":13},{"not_picked":["blackbeard:WeaponProficiency","blackbeard:Provisioning"],"picked":"blackbeard:Sword","floor":14},{"not_picked":["blackbeard:MegaUpgrade","blackbeard:PirateStrength"],"picked":"blackbeard:FinalBarrage","floor":16},{"not_picked":["blackbeard:PirateEarring","blackbeard:Fencing"],"picked":"blackbeard:Sword","floor":18},{"not_picked":["blackbeard:BeatUp","blackbeard:Recklessness"],"picked":"blackbeard:PowderKeg","floor":20},{"not_picked":["blackbeard:Sword","blackbeard:PiratesWill+1"],"picked":"blackbeard:Dagger","floor":22},{"not_picked":["blackbeard:Toast","blackbeard:Lifeboat"],"picked":"blackbeard:ArmorUp","floor":23},{"not_picked":["blackbeard:CannonballSupply","blackbeard:FieryDefense+1"],"picked":"blackbeard:Scrap","floor":24},{"not_picked":["blackbeard:JollyRoger","blackbeard:TacticalRetreat"],"picked":"blackbeard:Bandana+1","floor":27}],"player_experience":368985,"relics_obtained":[{"floor":6,"key":"Matryoshka"},{"floor":9,"key":"Bag of Marbles"},{"floor":9,"key":"Ornamental Fan"},{"floor":13,"key":"Girya"},{"floor":23,"key":"MawBank"},{"floor":23,"key":"Art of War"},{"floor":26,"key":"Anchor"},{"floor":26,"key":"Tiny Chest"}],"event_choices":[{"damage_healed":0,"gold_gain":0,"player_choice":"Leave","damage_taken":0,"max_hp_gain":0,"max_hp_loss":0,"event_name":"The Cleric","floor":4,"gold_loss":0},{"damage_healed":0,"gold_gain":0,"player_choice":"Grow","damage_taken":0,"max_hp_gain":0,"max_hp_loss":0,"event_name":"Living Wall","floor":5,"gold_loss":0,"cards_upgraded":["blackbeard:WeaponProficiency"]},{"damage_healed":0,"gold_gain":0,"player_choice":"Entered Light","damage_taken":15,"max_hp_gain":0,"max_hp_loss":0,"event_name":"Shining Light","floor":7,"gold_loss":0,"cards_upgraded":["blackbeard:Cutlass","blackbeard:BlackbeardStrike"]},{"damage_healed":0,"gold_gain":75,"player_choice":"Gather Gold","damage_taken":11,"max_hp_gain":0,"max_hp_loss":0,"event_name":"World of Goop","floor":10,"gold_loss":0},{"cards_removed":["blackbeard:BlackbeardStrike"],"damage_healed":0,"gold_gain":0,"player_choice":"Give","damage_taken":0,"max_hp_gain":0,"max_hp_loss":0,"event_name":"betterNote:BetterNote","floor":19,"gold_loss":0,"cards_obtained":["hermit:Defend_Hermit"]}],"is_beta":false,"boss_relics":[{"not_picked":["SlaversCollar","Sozu"],"picked":"Black Star"}],"items_purged_floors":[],"is_endless":false,"potions_floor_spawned":[3,6,8,11,16,18,23],"killed_by":"Book of Stabbing","ascension_level":2}}