{"host":"q3i87yx2dgqr54co","time":1607659045,"event":{"mods":["BaseMod","Block Reminder","Colored Map","Colored Powertips","DeckTracker","Highlight Path","Minty Spire (QoL Compilation)","Permanent Neow","Quick Restart","Relic Sorter","Relic Stats"],"gold_per_floor":[110,110,123,138,157,157,175,206,232,232,244,244,258,279,279,382,382,397,6,21,0,0,0,0,0,27,27,27],"floor_reached":27,"playtime":1596,"items_purged":["Defend_R"],"score":263,"play_id":"a6f10cc1-c2b6-4bf1-9135-14d3197c6d02","local_time":"20201210225725","is_ascension_mode":false,"campfire_choices":[{"data":"Demon Form","floor":6.0,"key":"SMITH"},{"floor":10.0,"key":"RECALL"},{"data":"Armaments","floor":15.0,"key":"SMITH"},{"floor":23,"key":"REST"},{"floor":25,"key":"REST"}],"circlet_count":0,"master_deck":["Strike_R","Strike_R","Strike_R","Strike_R","Strike_R","Defend_R","Defend_R","Defend_R","Bash","Anger","Clash","Metallicize","Demon Form+1","Blood for Blood","Iron Wave","Armaments+1","Barricade","Spot Weakness","Anger","Metallicize","RitualDagger"],"relics":["Burning Blood","Vajra","Letter Opener","Strawberry","Smiling Mask","Odd Mushroom","Black Star","Mango","Dream Catcher"],"acts_visited":["Exordium","TheCity"],"potions_floor_usage":[27],"damage_taken":[{"damage":5.0,"enemies":"Small Slimes","floor":1.0,"turns":4.0},{"damage":0.0,"enemies":"2 Louse","floor":3.0,"turns":2.0},{"damage":6.0,"enemies":"Jaw Worm","floor":4.0,"turns":2.0},{"damage":2.0,"enemies":"Exordium Wildlife","floor":5.0,"turns":3.0},{"damage":5.0,"enemies":"Large Slime","floor":7.0,"turns":7.0},{"damage":15.0,"enemies":"Lagavulin","floor":8.0,"turns":5.0},{"damage":2.0,"enemies":"Blue Slaver","floor":11.0,"turns":4.0},{"damage":10.0,"enemies":"Red Slaver","floor":13.0,"turns":2.0},{"damage":16.0,"enemies":"The Mushroom Lair","floor":14.0,"turns":4.0},{"damage":31.0,"enemies":"Slime Boss","floor":16.0,"turns":8.0},{"damage":32.0,"enemies":"2 Thieves","floor":18.0,"turns":4.0},{"damage":43.0,"enemies":"3 Byrds","floor":20.0,"turns":6.0},{"damage":91,"enemies":"Gremlin Leader","floor":27,"turns":6}],"seed_played":"-760468408562113271","potions_obtained":[{"floor":4.0,"key":"SpeedPotion"},{"floor":5.0,"key":"Dexterity Potion"},{"floor":13.0,"key":"Explosive Potion"}],"is_trial":false,"path_per_floor":["M","?","M","M","M","R","M","E","T","R","M","?","M","?","R","B",null,"M","$","M","?","?","R","?","R","T","E"],"character_chosen":"IRONCLAD","items_purchased":["Mango","Anger"],"campfire_rested":2,"item_purchase_floors":[19,19],"current_hp_per_floor":[80,85,85,85,85,85,85,76,83,83,87,84,80,70,70,45,92,66,80,43,43,37,68,46,79,79,0,0],"gold":27,"neow_bonus":"RANDOM_COMMON_RELIC","is_daily":false,"chose_seed":false,"campfire_upgraded":2,"win_rate":0.0,"timestamp":1607659045,"path_taken":["M","?","M","M","M","R","M","E","T","R","M","?","M","?","R","BOSS","M","$","M","?","?","R","?","R","T","E"],"items_purchased_type":["Relic","Card"],"build_version":"2020-11-30","purchased_purges":1,"victory":false,"max_hp_per_floor":[80,85,85,85,85,85,85,85,92,92,92,92,92,92,92,92,92,92,106,106,106,106,106,111,111,111,111,111],"relic_stats":{"Dream Catcher":0,"counters":[13,57],"Black Star":0,"Letter Opener":[10],"Smiling Mask":25,"obtain_stats":[{"Dream Catcher":26,"Strawberry":9,"Vajra":0,"Mango":19,"Black Star":17,"Letter Opener":8,"Odd Mushroom":14,"Smiling Mask":12,"Burning Blood":0},{"Dream Catcher":12,"Strawberry":6,"Vajra":0,"Mango":11,"Black Star":10,"Letter Opener":6,"Odd Mushroom":9,"Smiling Mask":7,"Burning Blood":0},{"Dream Catcher":51,"Strawberry":23,"Vajra":0,"Mango":45,"Black Star":41,"Letter Opener":23,"Odd Mushroom":33,"Smiling Mask":27,"Burning Blood":0}],"Burning Blood":60},"card_choices":[{"not_picked":["Headbutt","Warcry"],"picked":"Anger","floor":1.0},{"not_picked":["Shrug It Off","Disarm"],"picked":"Clash","floor":3.0},{"not_picked":["Thunderclap","Flex"],"picked":"Metallicize","floor":4.0},{"not_picked":["Ghostly Armor","Sword Boomerang"],"picked":"Demon Form","floor":5.0},{"not_picked":["Body Slam","Sword Boomerang"],"picked":"Blood for Blood","floor":7.0},{"not_picked":["Headbutt","Disarm"],"picked":"Iron Wave","floor":8.0},{"not_picked":["Wild Strike","Rupture","Dark Embrace"],"picked":"SKIP","floor":11.0},{"not_picked":["Intimidate","True Grit","Power Through"],"picked":"SKIP","floor":13.0},{"not_picked":["Ghostly Armor","Shrug It Off"],"picked":"Armaments","floor":14.0},{"not_picked":["Immolate","Double Tap"],"picked":"Barricade","floor":16.0},{"not_picked":["Iron Wave+1","Twin Strike"],"picked":"Spot Weakness","floor":18.0},{"not_picked":["Hemokinesis","Seeing Red"],"picked":"Metallicize","floor":20.0}],"player_experience":85823,"relics_obtained":[{"floor":8.0,"key":"Letter Opener"},{"floor":9.0,"key":"Strawberry"},{"floor":14.0,"key":"Odd Mushroom"},{"floor":26,"key":"Dream Catcher"}],"event_choices":[{"damage_healed":0.0,"max_hp_gain":5.0,"max_hp_loss":0.0,"gold_gain":0.0,"event_name":"Big Fish","player_choice":"Donut","floor":2.0,"gold_loss":0.0,"damage_taken":0.0},{"damage_healed":0.0,"max_hp_gain":0.0,"max_hp_loss":0.0,"gold_gain":0.0,"event_name":"Scrap Ooze","player_choice":"Success","floor":12.0,"gold_loss":0.0,"damage_taken":3.0,"relics_obtained":["Smiling Mask"]},{"damage_healed":0.0,"max_hp_gain":0.0,"max_hp_loss":0.0,"gold_gain":0.0,"event_name":"Mushrooms","player_choice":"Fought Mushrooms","floor":14.0,"gold_loss":0.0,"damage_taken":0.0},{"damage_healed":0,"gold_gain":0,"player_choice":"Paid Fearfully","damage_taken":0,"max_hp_gain":0,"max_hp_loss":0,"event_name":"Masked Bandits","floor":21,"gold_loss":21},{"damage_healed":0,"gold_gain":0,"player_choice":"Joined the Cult","damage_taken":6,"max_hp_gain":0,"max_hp_loss":0,"event_name":"Nest","floor":22,"gold_loss":0,"cards_obtained":["RitualDagger"]},{"damage_healed":0,"gold_gain":0,"player_choice":"Shed Blood","damage_taken":27,"max_hp_gain":5,"max_hp_loss":0,"event_name":"Forgotten Altar","floor":24,"gold_loss":0}],"is_beta":false,"boss_relics":[{"not_picked":["Tiny House","Calling Bell"],"picked":"Black Star"}],"items_purged_floors":[19],"is_endless":false,"potions_floor_spawned":[4,5,13],"killed_by":"Gremlin Leader","ascension_level":0}}