{"host":"p7j7o00jacnw7qzt","time":1607710562,"event":{"mods":["BaseMod","Colored Map","Colored Powertips","DeckTracker","Highlight Path","Minty Spire (QoL Compilation)","Relic Stats"],"gold_per_floor":[362,362,167,182,193,193,193,204,204,104,104,124,49,62,62,62,62],"floor_reached":16,"playtime":779,"items_purged":["Strike_R","Strike_R"],"score":184,"play_id":"f5e19615-4272-44e3-a350-941830027664","local_time":"20201211131602","is_ascension_mode":true,"campfire_choices":[{"data":"Armaments","floor":6.0,"key":"SMITH"},{"data":"Body Slam","floor":11.0,"key":"SMITH"},{"data":"Spot Weakness","floor":15.0,"key":"SMITH"}],"circlet_count":0,"master_deck":["AscendersBane","Strike_R","Strike_R","Defend_R","Defend_R","Defend_R","Defend_R","Bash","Armaments+1","Burning Pact+1","Feel No Pain","Body Slam+1","Evolve","Battle Trance","Spot Weakness+1"],"relics":["Burning Blood"],"acts_visited":["Exordium"],"potions_floor_usage":[16],"damage_taken":[{"damage":19.0,"enemies":"Small Slimes","floor":1.0,"turns":3.0},{"damage":12.0,"enemies":"Cultist","floor":4.0,"turns":4.0},{"damage":1.0,"enemies":"2 Louse","floor":5.0,"turns":4.0},{"damage":10.0,"enemies":"Red Slaver","floor":8.0,"turns":3.0},{"damage":10.0,"enemies":"3 Louse","floor":12.0,"turns":5.0},{"damage":25.0,"enemies":"Lots of Slimes","floor":14.0,"turns":5.0},{"damage":7,"enemies":"Hexaghost","floor":16,"turns":9}],"seed_played":"501902929682301860","potions_obtained":[{"floor":4.0,"key":"Fruit Juice"},{"floor":5.0,"key":"Swift Potion"}],"is_trial":false,"path_per_floor":["M","?","$","M","M","R","?","M","T","$","R","M","$","M","R","B"],"character_chosen":"IRONCLAD","items_purchased":["Burning Pact","Feel No Pain","Spot Weakness"],"campfire_rested":0,"item_purchase_floors":[3,3,13],"current_hp_per_floor":[37,37,37,31,36,36,36,32,32,32,32,28,28,9,9,7,7],"gold":62,"neow_bonus":"TWO_FIFTY_GOLD","is_daily":false,"chose_seed":false,"campfire_upgraded":3,"win_rate":0.0,"timestamp":1607710562,"path_taken":["M","?","$","M","?","R","?","M","T","$","R","?","?","M","R","BOSS"],"items_purchased_type":["Card","Card","Card"],"build_version":"2020-11-30","purchased_purges":2,"victory":false,"max_hp_per_floor":[75,75,75,75,75,75,75,75,75,75,75,75,75,75,75,80,80],"relic_stats":{"counters":[7,33],"obtain_stats":[{"Burning Blood":0},{"Burning Blood":0},{"Burning Blood":0}],"Burning Blood":36},"card_choices":[{"not_picked":["Anger","Clothesline"],"picked":"Armaments","floor":1.0},{"not_picked":["Battle Trance","Clash"],"picked":"Body Slam","floor":4.0},{"not_picked":["Blood for Blood","Armaments"],"picked":"Evolve","floor":5.0},{"not_picked":["Armaments","Reaper"],"picked":"Battle Trance","floor":8.0},{"not_picked":["Sword Boomerang","Havoc","Thunderclap"],"picked":"SKIP","floor":12.0},{"not_picked":["Sword Boomerang","Havoc","Thunderclap"],"picked":"SKIP","floor":12.0},{"not_picked":["Havoc","Warcry","Reckless Charge"],"picked":"SKIP","floor":14.0}],"player_experience":774216,"relics_obtained":[],"event_choices":[{"cards_removed":["Strike_R"],"damage_healed":0.0,"max_hp_gain":0.0,"max_hp_loss":0.0,"gold_gain":0.0,"event_name":"Purifier","player_choice":"Purged","floor":2.0,"gold_loss":0.0,"damage_taken":0.0},{"damage_healed":0.0,"max_hp_gain":0.0,"max_hp_loss":0.0,"gold_gain":0.0,"event_name":"Upgrade Shrine","player_choice":"Upgraded","floor":7.0,"gold_loss":0.0,"damage_taken":0.0,"cards_upgraded":["Burning Pact"]}],"is_beta":false,"boss_relics":[],"items_purged_floors":[3,10],"is_endless":false,"potions_floor_spawned":[4,5],"killed_by":"Hexaghost","ascension_level":20}}