{"host":"j61pjxqytd94o6ng","time":1607667260,"event":{"mods":["BaseMod","Colored Map","Colored Powertips","Minty Spire (QoL Compilation)","StSLib"],"gold_per_floor":[117,117,117,117,137,166,241,276,276,276,290,300,325,342,342,342,342],"floor_reached":16,"playtime":1080,"items_purged":[],"score":198,"play_id":"ae473a5f-1304-48df-abca-dc8e947e8727","local_time":"20201210231420","is_ascension_mode":true,"campfire_choices":[{"data":"Riddle With Holes","floor":10.0,"key":"SMITH"},{"data":"Blade Dance","floor":15,"key":"SMITH"}],"circlet_count":0,"master_deck":["AscendersBane","Strike_G","Strike_G","Strike_G","Strike_G","Defend_G","Defend_G","Defend_G+1","Defend_G+1","Defend_G","Survivor","Neutralize","Riddle With Holes+1","Poisoned Stab","After Image+1","PiercingWail","Blade Dance+1","Footwork+1"],"relics":["SlaversCollar","Frozen Egg 2","Mango","Bottled Flame","Eternal Feather","Gremlin Horn"],"acts_visited":["Exordium"],"potions_floor_usage":[13],"damage_taken":[{"damage":0.0,"enemies":"Small Slimes","floor":1.0,"turns":6.0},{"damage":0.0,"enemies":"2 Louse","floor":5.0,"turns":3.0},{"damage":9.0,"enemies":"Lagavulin","floor":6.0,"turns":5.0},{"damage":15.0,"enemies":"3 Sentries","floor":8.0,"turns":11.0},{"damage":7.0,"enemies":"Jaw Worm","floor":11.0,"turns":3.0},{"damage":0.0,"enemies":"Blue Slaver","floor":12.0,"turns":4.0},{"damage":11,"enemies":"Gremlin Nob","floor":13,"turns":5},{"damage":0,"enemies":"Exordium Wildlife","floor":14,"turns":4},{"damage":23,"enemies":"Hexaghost","floor":16,"turns":9}],"seed_played":"-7798269087095144022","potions_obtained":[{"floor":5.0,"key":"CultistPotion"},{"floor":6.0,"key":"CunningPotion"},{"floor":8.0,"key":"DistilledChaos"}],"is_trial":false,"path_per_floor":["M","?","?","T","M","E","?","E","T","R","M","M","E","M","R","B"],"character_chosen":"THE_SILENT","items_purchased":[],"campfire_rested":0,"item_purchase_floors":[],"current_hp_per_floor":[63,56,42,42,42,47,36,21,21,30,23,23,12,12,21,0,0],"gold":342,"neow_bonus":"BOSS_RELIC","is_daily":false,"chose_seed":false,"campfire_upgraded":2,"win_rate":0.0,"timestamp":1607667260,"path_taken":["M","?","?","?","?","E","?","E","T","R","M","M","E","M","R","BOSS"],"items_purchased_type":[],"build_version":"2020-11-30","purchased_purges":0,"victory":false,"max_hp_per_floor":[70,70,70,70,70,84,84,84,84,84,84,84,84,84,84,84,84],"card_choices":[{"not_picked":["Dodge and Roll","Sucker Punch"],"picked":"Riddle With Holes","floor":1.0},{"not_picked":["Dagger Spray","PiercingWail"],"picked":"Poisoned Stab","floor":5.0},{"not_picked":["Dagger Throw","Prepared"],"picked":"After Image+1","floor":6.0},{"not_picked":["Concentrate","Dagger Spray","Bane"],"picked":"SKIP","floor":8.0},{"not_picked":["Choke","Underhanded Strike"],"picked":"PiercingWail","floor":11.0},{"not_picked":["Heel Hook","Dagger Throw","Dagger Spray"],"picked":"SKIP","floor":12.0},{"not_picked":["Dagger Throw","Quick Slash"],"picked":"Blade Dance","floor":13},{"not_picked":["Well Laid Plans+1","Infinite Blades+1"],"picked":"Footwork+1","floor":14}],"player_experience":436468,"relics_obtained":[{"floor":4.0,"key":"Frozen Egg 2"},{"floor":6.0,"key":"Mango"},{"floor":8.0,"key":"Bottled Flame"},{"floor":9.0,"key":"Eternal Feather"},{"floor":13,"key":"Gremlin Horn"}],"event_choices":[{"cards_removed":["Strike_G"],"damage_healed":0.0,"max_hp_gain":0.0,"max_hp_loss":0.0,"gold_gain":0.0,"event_name":"Golden Wing","player_choice":"Card Removal","floor":2.0,"gold_loss":0.0,"damage_taken":7.0},{"damage_healed":0.0,"max_hp_gain":0.0,"max_hp_loss":0.0,"gold_gain":0.0,"event_name":"Shining Light","player_choice":"Entered Light","floor":3.0,"gold_loss":0.0,"damage_taken":14.0,"cards_upgraded":["Defend_G","Defend_G"]},{"damage_healed":0.0,"max_hp_gain":0.0,"max_hp_loss":0.0,"gold_gain":75.0,"event_name":"World of Goop","player_choice":"Gather Gold","floor":7.0,"gold_loss":0.0,"damage_taken":11.0}],"is_beta":false,"boss_relics":[],"items_purged_floors":[],"is_endless":false,"potions_floor_spawned":[5,6,8],"killed_by":"Hexaghost","ascension_level":13}}