{"host":"v52ntiwll8g9892u","time":1607695851,"event":{"mods":["Aspiration","BaseMod","Marisa£®ÏF”Í°°ƒß¿Ì…≥£©","Minty Spire (QoL Compilation)","StSLib","The Bug Knight"],"gold_per_floor":[119,194,214,214,43,72,90,90,90],"floor_reached":8,"playtime":237,"items_purged":[],"score":112,"play_id":"e6ea919b-dc66-449e-b3f6-4ee09e6d5a93","local_time":"20201211221051","is_ascension_mode":true,"campfire_choices":[],"circlet_count":0,"master_deck":["AscendersBane","Strike_P","Strike_P","Strike_P","Strike_P","Defend_P","Defend_P","Defend_P","Defend_P","Eruption+1","Vigilance","LessonLearned","Adaptation"],"relics":["aspiration:RitualDagger","OrangePellets","HollowMod:StagPassRelic"],"acts_visited":["Exordium"],"potions_floor_usage":[],"damage_taken":[{"damage":25.0,"enemies":"Jaw Worm","floor":1.0,"turns":6.0},{"damage":15.0,"enemies":"2 Louse","floor":3.0,"turns":4.0},{"damage":94,"enemies":"Lagavulin","floor":6,"turns":9},{"damage":6,"enemies":"Small Slimes","floor":7,"turns":2},{"damage":8,"enemies":"3 Sentries","floor":8,"turns":1}],"seed_played":"-7461406674630724215","potions_obtained":[{"floor":6,"key":"EssenceOfSteel"},{"floor":7,"key":"Energy Potion"}],"is_trial":false,"path_per_floor":["M","?","M","?","$","E","M","E"],"character_chosen":"WATCHER","items_purchased":["OrangePellets"],"campfire_rested":0,"item_purchase_floors":[5],"current_hp_per_floor":[36,25,10,10,10,6,4,0,0],"gold":90,"neow_bonus":"BOSS_RELIC","is_daily":false,"chose_seed":false,"campfire_upgraded":0,"win_rate":0.0,"timestamp":1607695851,"path_taken":["M","?","M","?","?","E","M","E"],"items_purchased_type":["Relic"],"build_version":"2020-11-30","purchased_purges":0,"victory":false,"max_hp_per_floor":[68,68,68,68,68,68,68,68,68],"card_choices":[{"not_picked":["FlurryOfBlows","Protect","Crescendo"],"picked":"SKIP","floor":1.0},{"not_picked":["Prostrate","DeceiveReality"],"picked":"LessonLearned","floor":3.0},{"not_picked":["CutThroughFate","Wireheading"],"picked":"Adaptation","floor":6},{"not_picked":["Consecrate","SashWhip","CutThroughFate"],"picked":"SKIP","floor":7}],"player_experience":1238457,"relics_obtained":[{"floor":6,"key":"HollowMod:StagPassRelic"}],"event_choices":[{"damage_healed":0.0,"max_hp_gain":0.0,"max_hp_loss":0.0,"gold_gain":75.0,"event_name":"World of Goop","player_choice":"Gather Gold","floor":2.0,"gold_loss":0.0,"damage_taken":11.0},{"damage_healed":0.0,"max_hp_gain":0.0,"max_hp_loss":0.0,"gold_gain":0.0,"event_name":"Living Wall","player_choice":"Grow","floor":4.0,"gold_loss":0.0,"damage_taken":0.0,"cards_upgraded":["Eruption"]}],"is_beta":false,"boss_relics":[],"items_purged_floors":[],"is_endless":false,"potions_floor_spawned":[6,7],"killed_by":"3 Sentries","ascension_level":20}}