{"host":"Crutt","time":1607665135,"event":{"mods":["Aspiration","BaseMod","Downfall","Googly Eyes","Minty Spire (QoL Compilation)","Spicy Shops","StSLib"],"gold_per_floor":[99,549,567,567,567,578,578,24,55,55,55,55,55,74,90,186,186,111,21,37,37,48,48,48,48,58,58,58],"floor_reached":27,"playtime":1277,"items_purged":["Pain","Shame"],"score":364,"play_id":"2bb07584-b978-4457-82e0-851cb8735a98","local_time":"20201210233855","is_ascension_mode":true,"campfire_choices":[{"data":"sneckomod:SerpentMind","floor":1,"key":"SMITH"},{"data":"sneckomod:WideSting","floor":10,"key":"SMITH"},{"floor":18,"key":"RECALL"},{"data":"sneckomod:DangerNoodle","floor":23,"key":"SMITH"},{"floor":25,"key":"REST"}],"circlet_count":0,"master_deck":["sneckomod:Strike","sneckomod:Strike","sneckomod:Strike","sneckomod:Defend","sneckomod:Defend","sneckomod:Defend","sneckomod:TailWhip","sneckomod:SnekBite","sneckomod:Unknown","sneckomod:Unknown","sneckomod:SerpentMind+1","Slimebound:Icky","Slimebound:Icky","Slimebound:Icky","sneckomod:UnknownCommonAttack","Injury","sneckomod:UnknownDexterity+1","sneckomod:UnknownClassRED+1","sneckomod:WideSting+1","sneckomod:Unknown2Cost+1","sneckomod:UnknownVulnerable+1","sneckomod:UnknownWeak+1","sneckomod:QuickMove+1","sneckomod:UnknownEthereal+1","sneckomod:DangerNoodle+1","sneckomod:UnknownWeak+1","sneckomod:UnknownColorless+1","sneckomod:DiceBlock+1","sneckomod:CheapStock","sneckomod:SoulCleanse+1","sneckomod:Unknown1Cost+1","sneckomod:UnknownVulnerable+1"],"relics":["sneckomod:SneckoSoul","Toxic Egg 2","WarpedTongs","aspiration:SeaSaltIceCream","downfall:HeartsMalice","Incense Burner","aspiration:RandomNobGenerator","downfall:HeartBlessingBlue","downfall:RedIOU","Lantern"],"acts_visited":["Exordium","TheCity"],"potions_floor_usage":[14,14,16,16,16,27],"damage_taken":[{"damage":4,"enemies":"2 Louse","floor":3,"turns":2},{"damage":14,"enemies":"Cultist","floor":6,"turns":3},{"damage":0,"enemies":"downfall:FleeingMerchant","floor":8,"turns":4},{"damage":0,"enemies":"3 Sentries","floor":9,"turns":1},{"damage":0,"enemies":"Jaw Worm","floor":11,"turns":1},{"damage":0,"enemies":"Red Slaver","floor":12,"turns":1},{"damage":11,"enemies":"Lots of Slimes","floor":14,"turns":4},{"damage":1,"enemies":"2 Fungi Beasts","floor":15,"turns":3},{"damage":24,"enemies":"downfall:Silent","floor":16,"turns":6},{"damage":1,"enemies":"downfall:FleeingMerchant","floor":19,"turns":4},{"damage":54,"enemies":"Spheric Guardian","floor":20,"turns":5},{"damage":9,"enemies":"3 Byrds","floor":22,"turns":6},{"damage":3,"enemies":"Snecko","floor":26,"turns":4},{"damage":71,"enemies":"Slavers","floor":27,"turns":3}],"seed_played":"2286124695511083343","potions_obtained":[{"floor":14,"key":"Fire Potion"},{"floor":15,"key":"Block Potion"},{"floor":26,"key":"sneckomod:DiceRollPotion"}],"is_trial":false,"path_per_floor":["R","?","M","?","?","M","T","$","E","R","M","M","T","M","M","B",null,"R","$","M","?","M","R","T","R","M","E"],"character_chosen":"THE_SNECKO","items_purchased":["aspiration:SeaSaltIceCream","sneckomod:WideSting","sneckomod:Unknown2Cost+1","sneckomod:UnknownVulnerable+1","EntropicBrew","sneckomod:CheapStock"],"campfire_rested":1,"item_purchase_floors":[8,8,8,8,8,19],"current_hp_per_floor":[81,81,78,78,78,65,65,68,69,69,69,70,70,59,59,40,84,94,93,39,39,31,31,31,64,62,0,0],"gold":58,"neow_bonus":"ONE_RANDOM_RARE_CARD","is_daily":false,"chose_seed":false,"campfire_upgraded":3,"win_rate":0.0,"timestamp":1607665135,"path_taken":["R","?","M","?","?","?","T","?","E","R","M","M","?","?","M","BOSS","R","?","?","?","M","R","T","R","M","E"],"items_purchased_type":["Relic","Card","Undefined","Undefined","Potion","Card"],"build_version":"2020-12-07","purchased_purges":2,"victory":false,"max_hp_per_floor":[90,90,91,91,91,92,92,95,96,96,96,97,97,97,98,99,99,109,109,109,109,110,110,110,110,111,111,111],"card_choices":[{"not_picked":["sneckomod:RainOfDice","sneckomod:SoulDraw"],"picked":"sneckomod:UnknownCommonAttack","floor":3},{"not_picked":["sneckomod:WideSting","sneckomod:DiceBlock+1"],"picked":"sneckomod:UnknownDexterity+1","floor":6},{"not_picked":["sneckomod:SoulRoll+1","sneckomod:DefensiveFlair+1"],"picked":"sneckomod:UnknownClassRED+1","floor":8},{"not_picked":["sneckomod:UnknownVulnerable+1","sneckomod:UnknownCommonAttack"],"picked":"sneckomod:UnknownWeak+1","floor":9},{"not_picked":["sneckomod:WideSting","sneckomod:DiceCrush"],"picked":"sneckomod:QuickMove+1","floor":11},{"not_picked":["sneckomod:Unknown1Cost+1","sneckomod:SoulRoll+1"],"picked":"sneckomod:UnknownEthereal+1","floor":12},{"not_picked":["sneckomod:UnknownVulnerable+1","sneckomod:CheapStock"],"picked":"sneckomod:DangerNoodle","floor":14},{"not_picked":["sneckomod:UnknownVulnerable+1","sneckomod:WideSting"],"picked":"sneckomod:UnknownWeak+1","floor":15},{"not_picked":["sneckomod:Unknown3Cost+1","sneckomod:DangerNoodle"],"picked":"sneckomod:UnknownColorless+1","floor":16},{"not_picked":["sneckomod:RainOfDice","sneckomod:SoulRoll+1"],"picked":"sneckomod:DiceBlock+1","floor":19},{"not_picked":["sneckomod:UnknownClassPURPLE+1","sneckomod:RainOfDice"],"picked":"sneckomod:SoulCleanse+1","floor":20},{"not_picked":["sneckomod:RainOfDice+1","sneckomod:WideSting"],"picked":"sneckomod:Unknown1Cost+1","floor":22},{"not_picked":["sneckomod:DiceCrush","sneckomod:UnknownCommonAttack"],"picked":"sneckomod:UnknownVulnerable+1","floor":26}],"player_experience":3051122,"relics_obtained":[{"floor":9,"key":"Kunai"},{"floor":13,"key":"Incense Burner"},{"floor":24,"key":"Lantern"}],"event_choices":[{"damage_healed":0,"gold_gain":0,"player_choice":"Rummage","damage_taken":0,"relics_obtained":["WarpedTongs"],"max_hp_gain":0,"max_hp_loss":0,"event_name":"Accursed Blacksmith","floor":5,"gold_loss":0,"cards_obtained":["Pain"]}],"is_beta":true,"boss_relics":[{"not_picked":["Runic Pyramid","aspiration:RitualDagger"],"picked":"aspiration:RandomNobGenerator"}],"items_purged_floors":[8,8],"is_endless":false,"potions_floor_spawned":[14,15,26],"killed_by":"Slavers","ascension_level":9}}