{"host":"92108ef2q9tm8rod","time":1607727133,"event":{"mods":["BaseMod","Defuse TimeMaze Blight","Minty Spire (QoL Compilation)","StSLib","The Jungle"],"gold_per_floor":[118,133,149,164,175,175,188,188,188,213,213,213,213,248,248,350,350,364,378,303,303,318,318,345,345,371,384,384,414,414,430,430,528,578,578,578],"floor_reached":35,"playtime":2245,"items_purged":["Dodge and Roll"],"score":532,"play_id":"3030940a-c860-470d-b32f-35d6a14a8ab4","local_time":"20201211225213","daily_mods":["SealedDeck","Purple Cards","Heirloom","Flight"],"is_ascension_mode":false,"campfire_choices":[{"data":"Setup","floor":6,"key":"SMITH"},{"floor":8,"key":"DIG"},{"data":"PathToVictory","floor":11,"key":"SMITH"},{"floor":12,"key":"DIG"},{"floor":13,"key":"DIG"},{"data":"Bouncing Flask","floor":15,"key":"SMITH"},{"floor":23,"key":"DIG"},{"data":"Backflip","floor":28,"key":"SMITH"},{"data":"Deadly Poison","floor":30,"key":"SMITH"},{"floor":32,"key":"DIG"}],"circlet_count":0,"master_deck":["ThirdEye","FollowUp","Evaluate","Bane+1","Bouncing Flask+1","Deadly Poison+1","Setup+1","PathToVictory+1","Backflip+1"],"relics":["Ring of the Snake","Shovel","FossilizedHelix","Ancient Tea Set","Snake Skull","Letter Opener","Tingsha","Bag of Marbles","Empty Cage","InkBottle","Kunai","Bag of Preparation","Art of War","Tiny House"],"acts_visited":["Exordium","Exordium","TheBeyond"],"potions_floor_usage":[14,14,16,33],"damage_taken":[{"damage":0,"enemies":"2 Louse","floor":1,"turns":2},{"damage":0,"enemies":"Jaw Worm","floor":2,"turns":3},{"damage":0,"enemies":"Cultist","floor":3,"turns":3},{"damage":0,"enemies":"Looter","floor":4,"turns":4},{"damage":11,"enemies":"Large Slime","floor":5,"turns":6},{"damage":0,"enemies":"Exordium Wildlife","floor":7,"turns":2},{"damage":0,"enemies":"Gremlin Nob","floor":10,"turns":4},{"damage":0,"enemies":"Lagavulin","floor":14,"turns":3},{"damage":0,"enemies":"Slime Boss","floor":16,"turns":8},{"damage":5,"enemies":"theJungle:5_Spyders","floor":18,"turns":7},{"damage":5,"enemies":"theJungle:Flameango_and_Byrd","floor":19,"turns":4},{"damage":0,"enemies":"theJungle:2_Snecko_Cultists","floor":22,"turns":3},{"damage":13,"enemies":"theJungle:Cassacara","floor":24,"turns":4},{"damage":0,"enemies":"theJungle:SlimyTreeVines","floor":27,"turns":3},{"damage":0,"enemies":"theJungle:2_Phrogs","floor":29,"turns":5},{"damage":0,"enemies":"theJungle:Lyon","floor":31,"turns":2},{"damage":14,"enemies":"theJungle:TotemBoss","floor":33,"turns":8},{"damage":0,"enemies":"Orb Walker","floor":35,"turns":1}],"seed_played":"-5594309087959808349","potions_obtained":[{"floor":3,"key":"Fire Potion"},{"floor":5,"key":"FairyPotion"},{"floor":10,"key":"Energy Potion"},{"floor":14,"key":"CultistPotion"},{"floor":16,"key":"GhostInAJar"},{"floor":22,"key":"Ancient Potion"},{"floor":29,"key":"Ancient Potion"},{"floor":34,"key":"Fire Potion"}],"is_trial":true,"path_per_floor":["M","M","M","M","M","R","M","R","T","E","R","R","R","E","R","B",null,"M","M","$","?","M","R","E","$","T","M","R","E","R","M","R","B",null,"M"],"character_chosen":"THE_SILENT","items_purchased":[],"campfire_rested":0,"item_purchase_floors":[],"current_hp_per_floor":[70,70,70,70,59,59,59,59,59,59,59,59,59,59,59,59,70,65,60,60,60,60,60,47,47,47,50,50,50,50,50,50,36,75,75,75],"gold":578,"neow_bonus":"","is_daily":false,"chose_seed":false,"campfire_upgraded":5,"win_rate":0.0,"timestamp":1607727133,"path_taken":["M","M","M","M","M","R","M","R","T","E","R","R","R","E","R","BOSS","M","M","$","?","M","R","E","$","T","M","R","E","R","M","R","BOSS","M"],"items_purchased_type":[],"build_version":"2020-11-30","purchased_purges":1,"victory":false,"max_hp_per_floor":[70,70,70,70,70,70,70,70,70,70,70,70,70,70,70,70,70,70,70,70,70,70,70,70,70,70,70,70,70,70,70,70,70,75,75,75],"card_choices":[{"not_picked":["Slice","Prostrate"],"picked":"PathToVictory","floor":1},{"not_picked":["Sucker Punch","PiercingWail","BattleHymn"],"picked":"SKIP","floor":2},{"not_picked":["ThirdEye","Nirvana","Fasting2"],"picked":"SKIP","floor":3},{"not_picked":["Deadly Poison","Slice","Dagger Throw"],"picked":"SKIP","floor":4},{"not_picked":["Ragnarok","Heel Hook"],"picked":"Backflip","floor":5},{"not_picked":["ReachHeaven","MentalFortress","Blade Dance"],"picked":"SKIP","floor":7},{"not_picked":["Adaptation","Quick Slash","Finisher"],"picked":"SKIP","floor":10},{"not_picked":["EmptyFist","Prostrate","Dodge and Roll"],"picked":"SKIP","floor":14},{"not_picked":["Dagger Throw","Consecrate","Eviscerate"],"picked":"SKIP","floor":18},{"not_picked":["SandsOfTime+1","Quick Slash","Sucker Punch"],"picked":"SKIP","floor":19},{"not_picked":["BowlingBash","SignatureMove","Pray"],"picked":"SKIP","floor":22},{"not_picked":["Prostrate","Meditate","FlyingSleeves"],"picked":"SKIP","floor":24},{"not_picked":["Distraction","ForeignInfluence","InnerPeace"],"picked":"SKIP","floor":27},{"not_picked":["Blade Dance","MasterReality","FollowUp"],"picked":"SKIP","floor":29},{"not_picked":["Consecrate","Sanctity","Dodge and Roll"],"picked":"SKIP","floor":31}],"player_experience":3142558,"relics_obtained":[{"floor":8,"key":"FossilizedHelix"},{"floor":9,"key":"Ancient Tea Set"},{"floor":10,"key":"Snake Skull"},{"floor":12,"key":"Letter Opener"},{"floor":13,"key":"Tingsha"},{"floor":14,"key":"Bag of Marbles"},{"floor":23,"key":"InkBottle"},{"floor":24,"key":"Kunai"},{"floor":26,"key":"Bag of Preparation"},{"floor":32,"key":"Art of War"}],"event_choices":[],"is_beta":false,"boss_relics":[{"not_picked":["Astrolabe","Philosopher\u0027s Stone"],"picked":"Empty Cage"},{"not_picked":["Snecko Eye","Runic Pyramid"],"picked":"Tiny House"}],"items_purged_floors":[20],"is_endless":false,"potions_floor_spawned":[3,5,10,14,16,22,29],"killed_by":"Orb Walker","ascension_level":0}}