{"host":"f3zi5bw4of71qj4o","time":1607683687,"event":{"mods":["BaseMod","DeckTracker","Highlight Path","Minty Spire (QoL Compilation)","Relic Stats","StSLib","SuperFastMode"],"gold_per_floor":[209,33,33,108,128,128,141,174,174,174,189,217,217,217,217,288,288,300,318,16,16,16,46,46,46,127,127,77,102,128,154,154,154,154],"floor_reached":33,"playtime":2036,"items_purged":["Strike_R","Defend_R"],"score":754,"play_id":"bfd97ea0-18e7-4734-8cc2-77b013af1457","local_time":"20201211114807","is_ascension_mode":true,"campfire_choices":[{"data":"Dramatic Entrance","floor":6,"key":"SMITH"},{"data":"Inflame","floor":10,"key":"SMITH"},{"data":"Armaments","floor":13,"key":"SMITH"},{"data":"Disarm","floor":15,"key":"SMITH"},{"floor":25,"key":"RECALL"},{"floor":27,"key":"REST"},{"floor":32,"key":"REST"}],"circlet_count":0,"master_deck":["AscendersBane","Strike_R","Strike_R","Strike_R","Strike_R","Defend_R","Defend_R","Defend_R","Bash","Thunderclap","Dramatic Entrance+1","Metallicize","Cleave","Disarm+1","Inflame+1","Armaments+1","Feed","Bludgeon","True Grit+1","Ghostly","Ghostly","Ghostly","Writhe","Whirlwind+1","Feed"],"relics":["Burning Blood","Darkstone Periapt","Lantern","Boot","Fusion Hammer","Sling","WingedGreaves","Smiling Mask","Matryoshka","Mummified Hand","Regal Pillow","Orichalcum","InkBottle","Bag of Preparation"],"acts_visited":["Exordium","TheCity"],"potions_floor_usage":[8,16,29,31,33,33],"damage_taken":[{"damage":11,"enemies":"Jaw Worm","floor":1,"turns":5},{"damage":4,"enemies":"2 Louse","floor":5,"turns":2},{"damage":0,"enemies":"Cultist","floor":7,"turns":2},{"damage":25,"enemies":"3 Sentries","floor":8,"turns":8},{"damage":4,"enemies":"Looter","floor":11,"turns":2},{"damage":27,"enemies":"Lagavulin","floor":12,"turns":7},{"damage":20,"enemies":"The Guardian","floor":16,"turns":13},{"damage":33,"enemies":"2 Thieves","floor":18,"turns":4},{"damage":3,"enemies":"3 Byrds","floor":19,"turns":4},{"damage":36,"enemies":"Slavers","floor":23,"turns":6},{"damage":12,"enemies":"Book of Stabbing","floor":29,"turns":4},{"damage":0,"enemies":"Slavers","floor":30,"turns":4},{"damage":0,"enemies":"Gremlin Leader","floor":31,"turns":5},{"damage":72,"enemies":"Champ","floor":33,"turns":14}],"seed_played":"7309463665623443941","potions_obtained":[{"floor":1,"key":"Strength Potion"},{"floor":5,"key":"ElixirPotion"},{"floor":8,"key":"FearPotion"},{"floor":23,"key":"SkillPotion"},{"floor":29,"key":"EssenceOfSteel"},{"floor":30,"key":"SkillPotion"},{"floor":31,"key":"HeartOfIron"}],"is_trial":false,"path_per_floor":["M","$","?","?","M","R","M","E","T","R","M","E","R","?","R","B",null,"M","M","$","?","?","E","T","R","T","R","$","E","E","E","R","B"],"character_chosen":"IRONCLAD","items_purchased":["Dramatic Entrance","Metallicize","Sling","Fire Potion"],"campfire_rested":2,"item_purchase_floors":[2,2,20,20],"current_hp_per_floor":[63,63,68,57,59,59,65,46,46,46,48,27,27,27,27,17,67,40,47,47,44,50,23,23,23,23,53,53,47,53,56,56,0,0],"gold":154,"neow_bonus":"HUNDRED_GOLD","is_daily":false,"chose_seed":false,"campfire_upgraded":4,"win_rate":0.0,"timestamp":1607683687,"path_taken":["M","$","?","?","?","R","M","E","T","R","M","E","R","?","R","BOSS","M","M","$","?","?","E","?","R","T","R","$","E","E","E","R","BOSS"],"items_purchased_type":["Card","Card","Relic","Potion"],"build_version":"2020-11-30","purchased_purges":2,"victory":false,"max_hp_per_floor":[75,75,80,80,80,80,80,80,80,80,80,80,80,80,80,84,84,84,88,88,44,50,53,53,53,53,53,53,53,53,56,56,56,56],"relic_stats":{"Darkstone Periapt":6,"Regal Pillow":15,"counters":[14,80],"Mummified Hand":[6],"Bag of Preparation":[2],"Orichalcum":[72],"Boot":[21],"Smiling Mask":50,"obtain_stats":[{"Darkstone Periapt":8,"Lantern":9,"Regal Pillow":26,"Bag of Preparation":31,"Orichalcum":29,"Boot":12,"Sling":20,"Smiling Mask":23,"Burning Blood":0,"Matryoshka":24,"Mummified Hand":26,"Fusion Hammer":17,"WingedGreaves":22,"InkBottle":30},{"Darkstone Periapt":4,"Lantern":4,"Regal Pillow":10,"Bag of Preparation":13,"Orichalcum":11,"Boot":6,"Sling":9,"Smiling Mask":10,"Burning Blood":0,"Matryoshka":10,"Mummified Hand":10,"Fusion Hammer":7,"WingedGreaves":9,"InkBottle":12},{"Darkstone Periapt":17,"Lantern":17,"Regal Pillow":53,"Bag of Preparation":66,"Orichalcum":57,"Boot":26,"Sling":47,"Smiling Mask":53,"Burning Blood":0,"Matryoshka":53,"Mummified Hand":53,"Fusion Hammer":39,"WingedGreaves":47,"InkBottle":61}],"Burning Blood":72,"InkBottle":[5]},"card_choices":[{"not_picked":["Sentinel","Iron Wave"],"picked":"Thunderclap","floor":1},{"not_picked":["Body Slam","Warcry"],"picked":"Cleave","floor":5},{"not_picked":["Warcry","Bloodletting"],"picked":"Disarm","floor":7},{"not_picked":["Clash","Disarm"],"picked":"Inflame","floor":8},{"not_picked":["Evolve","Cleave"],"picked":"Armaments","floor":11},{"not_picked":["True Grit","Clothesline"],"picked":"Feed","floor":12},{"not_picked":["Brutality","Demon Form"],"picked":"Bludgeon","floor":16},{"not_picked":["Infernal Blade","Body Slam+1","Twin Strike"],"picked":"SKIP","floor":18},{"not_picked":["Pommel Strike","Heavy Blade"],"picked":"True Grit+1","floor":19},{"not_picked":["Heavy Blade","Fire Breathing"],"picked":"Whirlwind+1","floor":23},{"not_picked":["True Grit+1","Immolate"],"picked":"Feed","floor":29},{"not_picked":["Pommel Strike","Seeing Red","Intimidate"],"picked":"SKIP","floor":30},{"not_picked":["True Grit","Ghostly Armor","Cleave"],"picked":"SKIP","floor":31}],"player_experience":2525927,"relics_obtained":[{"floor":8,"key":"Darkstone Periapt"},{"floor":9,"key":"Lantern"},{"floor":12,"key":"Boot"},{"floor":23,"key":"Smiling Mask"},{"floor":24,"key":"Matryoshka"},{"floor":26,"key":"Mummified Hand"},{"floor":26,"key":"Regal Pillow"},{"floor":29,"key":"Orichalcum"},{"floor":30,"key":"InkBottle"},{"floor":31,"key":"Bag of Preparation"}],"event_choices":[{"damage_healed":0,"gold_gain":0,"player_choice":"Donut","damage_taken":0,"max_hp_gain":5,"max_hp_loss":0,"event_name":"Big Fish","floor":3,"gold_loss":0},{"damage_healed":0,"gold_gain":75,"player_choice":"Gather Gold","damage_taken":11,"max_hp_gain":0,"max_hp_loss":0,"event_name":"World of Goop","floor":4,"gold_loss":0},{"damage_healed":0,"gold_gain":0,"player_choice":"0 cards matched","damage_taken":0,"max_hp_gain":0,"max_hp_loss":0,"event_name":"Match and Keep!","floor":14,"gold_loss":0,"cards_obtained":[]},{"damage_healed":0,"gold_gain":0,"player_choice":"Became a Ghost","damage_taken":0,"max_hp_gain":0,"max_hp_loss":44,"event_name":"Ghosts","floor":21,"gold_loss":0,"cards_obtained":["Ghostly","Ghostly","Ghostly"]},{"damage_healed":0,"gold_gain":0,"player_choice":"Opened","damage_taken":0,"relics_obtained":["WingedGreaves"],"max_hp_gain":0,"max_hp_loss":0,"event_name":"The Mausoleum","floor":22,"gold_loss":0,"cards_obtained":["Writhe"]}],"is_beta":false,"boss_relics":[{"not_picked":["Empty Cage","Pandora\u0027s Box"],"picked":"Fusion Hammer"}],"items_purged_floors":[20,28],"is_endless":false,"potions_floor_spawned":[1,5,8,23,29,30,31],"killed_by":"Champ","ascension_level":20}}