{"host":"q3i87yx2dgqr54co","time":1607645754,"event":{"mods":["BaseMod","Block Reminder","Colored Map","Colored Powertips","DeckTracker","Highlight Path","Minty Spire (QoL Compilation)","Permanent Neow","Quick Restart","Relic Sorter","Relic Stats"],"gold_per_floor":[111,130,143,153,153,153,153],"floor_reached":6,"playtime":633,"items_purged":[],"score":38,"play_id":"7668b36f-4615-4d17-bde5-bbb9173a0062","local_time":"20201210191554","is_ascension_mode":false,"campfire_choices":[],"circlet_count":0,"master_deck":["Strike_P","Strike_P","Strike_P","Strike_P","Defend_P","Defend_P","Defend_P","Defend_P","Eruption","Vigilance","Worship","Weave","Prostrate","FlurryOfBlows","DevaForm+1"],"relics":["PureWater"],"acts_visited":["Exordium"],"potions_floor_usage":[4,6],"damage_taken":[{"damage":0,"enemies":"Cultist","floor":1,"turns":4},{"damage":4,"enemies":"Jaw Worm","floor":2,"turns":5},{"damage":6,"enemies":"Small Slimes","floor":3,"turns":4},{"damage":0,"enemies":"3 Louse","floor":4,"turns":4},{"damage":50,"enemies":"Gremlin Nob","floor":6,"turns":5}],"seed_played":"1173395312277047885","potions_obtained":[{"floor":1,"key":"Block Potion"},{"floor":4,"key":"SneckoOil"}],"is_trial":false,"path_per_floor":["M","M","M","M","?","E"],"character_chosen":"WATCHER","items_purchased":[],"campfire_rested":0,"item_purchase_floors":[],"current_hp_per_floor":[72,68,62,62,62,12,12],"gold":153,"neow_bonus":"THREE_CARDS","is_daily":false,"chose_seed":false,"campfire_upgraded":0,"win_rate":0.0,"timestamp":1607645754,"path_taken":["M","M","M","M","?","E"],"items_purchased_type":[],"build_version":"2020-11-30","purchased_purges":0,"victory":false,"max_hp_per_floor":[72,72,72,72,72,72,72],"relic_stats":{"counters":[5,22],"obtain_stats":[{"PureWater":0},{"PureWater":0},{"PureWater":0}]},"card_choices":[{"not_picked":["FollowUp","JustLucky"],"picked":"Worship","floor":0},{"not_picked":["ThirdEye","BowlingBash"],"picked":"Weave","floor":1},{"not_picked":["Consecrate","FearNoEvil"],"picked":"Prostrate","floor":2},{"not_picked":["CutThroughFate","FlyingSleeves"],"picked":"FlurryOfBlows","floor":3},{"not_picked":["Halt","LikeWater"],"picked":"DevaForm","floor":4}],"player_experience":81041,"relics_obtained":[],"event_choices":[{"damage_healed":0,"gold_gain":0,"player_choice":"Grow","damage_taken":0,"max_hp_gain":0,"max_hp_loss":0,"event_name":"Living Wall","floor":5,"gold_loss":0,"cards_upgraded":["DevaForm"]}],"is_beta":false,"boss_relics":[],"items_purged_floors":[],"is_endless":false,"potions_floor_spawned":[1,4],"killed_by":"Gremlin Nob","ascension_level":0}}