{"host":"ih7ofq2zpufcoifs","time":1607693180,"event":{"mods":["BaseMod","Colored Map","Minty Spire (QoL Compilation)"],"gold_per_floor":[215,215,230,11,11,40,40,40,89,136,165,177,199,243,255,372,384,416,353,378,489,513,525,132,165,165,265,291,317,317,328,328,427,427,439,452,452,467,481,481,507,507,582,598,513,543,543,558,558,558,558,558,43,70,70],"floor_reached":56,"playtime":3718,"items_purged":["Strike_G","Strike_G"],"score":1923,"play_id":"0e40df8f-7038-4933-a12c-c7ab818b1109","local_time":"20201211232620","is_ascension_mode":true,"campfire_choices":[{"data":"Crippling Poison","floor":8.0,"key":"SMITH"},{"floor":12.0,"key":"REST"},{"data":"Neutralize","floor":15.0,"key":"SMITH"},{"floor":23.0,"key":"REST"},{"floor":30.0,"key":"RECALL"},{"data":"Deflect","floor":32.0,"key":"SMITH"},{"data":"Well Laid Plans","floor":42.0,"key":"SMITH"},{"data":"Well Laid Plans","floor":47.0,"key":"SMITH"},{"data":"Survivor","floor":49.0,"key":"SMITH"},{"data":"Backstab","floor":52.0,"key":"SMITH"}],"circlet_count":0,"master_deck":["AscendersBane","Strike_G","Strike_G","Strike_G","Defend_G","Defend_G","Defend_G","Defend_G","Survivor+1","Neutralize+1","Crippling Poison+1","Deflect+1","Catalyst+1","Acrobatics+1","Dodge and Roll+1","Corpse Explosion+1","Quick Slash+1","Backflip+1","Backstab+1","Catalyst+1","Dodge and Roll+1","Night Terror+1","Escape Plan+1","PiercingWail+1","Deadly Poison+1","Well Laid Plans+1","Well Laid Plans+1","PiercingWail+1","Dodge and Roll+1","PiercingWail+1","Noxious Fumes","Secret Technique+1","Acrobatics+1"],"relics":["Ring of the Snake","OrangePellets","StrikeDummy","Bag of Preparation","Bronze Scales","MawBank","Toxic Egg 2","InkBottle","Runic Dome","Meat on the Bone","Bag of Marbles","Pantograph","CaptainsWheel","Eternal Feather","Smiling Mask","Ninja Scroll","SlaversCollar","Pear","Vajra","Blood Vial","Frozen Eye","Anchor"],"acts_visited":["Exordium","TheCity","TheBeyond","TheEnding"],"potions_floor_usage":[55,55],"damage_taken":[{"damage":7.0,"enemies":"Jaw Worm","floor":1.0,"turns":7.0},{"damage":1.0,"enemies":"Cultist","floor":3.0,"turns":4.0},{"damage":22.0,"enemies":"3 Sentries","floor":6.0,"turns":11.0},{"damage":17.0,"enemies":"Gremlin Nob","floor":10.0,"turns":4.0},{"damage":0.0,"enemies":"2 Louse","floor":11.0,"turns":2.0},{"damage":7.0,"enemies":"Blue Slaver","floor":13.0,"turns":3.0},{"damage":5.0,"enemies":"Lagavulin","floor":14.0,"turns":5.0},{"damage":0.0,"enemies":"The Guardian","floor":16.0,"turns":9.0},{"damage":7.0,"enemies":"Spheric Guardian","floor":18.0,"turns":6.0},{"damage":0.0,"enemies":"Chosen","floor":20.0,"turns":3.0},{"damage":14.0,"enemies":"Snake Plant","floor":22.0,"turns":4.0},{"damage":9.0,"enemies":"Gremlin Leader","floor":25.0,"turns":3.0},{"damage":6.0,"enemies":"Colosseum Slavers","floor":27.0,"turns":2.0},{"damage":0.0,"enemies":"Colosseum Nobs","floor":27.0,"turns":1.0},{"damage":9.0,"enemies":"Slavers","floor":29.0,"turns":3.0},{"damage":1.0,"enemies":"Snecko","floor":31.0,"turns":3.0},{"damage":44.0,"enemies":"Automaton","floor":33.0,"turns":7.0},{"damage":0.0,"enemies":"Orb Walker","floor":35.0,"turns":3.0},{"damage":0.0,"enemies":"3 Shapes","floor":36.0,"turns":3.0},{"damage":9.0,"enemies":"Jaw Worm Horde","floor":38.0,"turns":1.0},{"damage":9.0,"enemies":"3 Darklings","floor":39.0,"turns":1.0},{"damage":0.0,"enemies":"Reptomancer","floor":41.0,"turns":3.0},{"damage":0.0,"enemies":"Maw","floor":44.0,"turns":4.0},{"damage":28.0,"enemies":"Nemesis","floor":46.0,"turns":5.0},{"damage":0.0,"enemies":"4 Shapes","floor":48.0,"turns":3.0},{"damage":29.0,"enemies":"Time Eater","floor":50.0,"turns":4.0},{"damage":0.0,"enemies":"Shield and Spear","floor":54.0,"turns":4.0},{"damage":29,"enemies":"The Heart","floor":55,"turns":6}],"seed_played":"-1528309744082118897","potions_obtained":[{"floor":3.0,"key":"Weak Potion"},{"floor":10.0,"key":"LiquidMemories"},{"floor":25.0,"key":"Energy Potion"},{"floor":29.0,"key":"AttackPotion"},{"floor":31.0,"key":"DistilledChaos"},{"floor":33.0,"key":"Weak Potion"},{"floor":35.0,"key":"Energy Potion"},{"floor":39.0,"key":"Ancient Potion"}],"is_trial":false,"path_per_floor":["M","?","M","$","T","E","T","R","T","E","M","R","M","E","R","B",null,"M","?","M","?","M","R","$","E","T","?","T","E","R","M","R","B",null,"M","M","?","M","M","?","E","R","T","M","?","E","R","M","R","B",null,"R","$","E","B",null],"character_chosen":"THE_SILENT","items_purchased":["OrangePellets","DuplicationPotion","Catalyst+1","Meat on the Bone","PiercingWail+1","Frozen Eye","Noxious Fumes","Secret Technique+1"],"campfire_rested":2,"item_purchase_floors":[4,4,24,24,53,53,53,53],"current_hp_per_floor":[56,56,55,55,55,33,33,33,33,16,16,37,30,25,25,25,59,52,52,52,52,38,59,59,50,50,44,44,47,59,58,70,38,62,62,62,62,53,44,44,54,69,69,69,69,41,59,61,79,51,73,80,80,80,51],"gold":70,"neow_bonus":"HUNDRED_GOLD","is_daily":false,"chose_seed":false,"campfire_upgraded":7,"win_rate":0.0,"timestamp":1607693180,"path_taken":["M","?","?","$","?","E","?","R","T","E","M","R","?","E","R","BOSS","M","?","M","?","M","R","$","E","T","?","?","E","R","?","R","BOSS","M","M","?","M","M","?","E","R","T","?","?","E","R","M","R","BOSS","R","$","E","BOSS"],"items_purchased_type":["Relic","Potion","Undefined","Relic","Undefined","Relic","Card","Undefined"],"build_version":"2020-11-30","purchased_purges":2,"victory":true,"max_hp_per_floor":[70,70,70,70,70,70,70,70,70,70,70,70,70,70,70,70,70,70,70,70,70,70,70,70,70,70,70,70,70,70,70,70,70,70,70,70,70,70,70,70,80,80,80,80,80,80,80,80,80,80,80,80,80,80,80],"card_choices":[{"not_picked":["Sucker Punch","PiercingWail"],"picked":"Riddle With Holes","floor":1.0},{"not_picked":["Backflip","Riddle With Holes"],"picked":"Crippling Poison","floor":3.0},{"not_picked":["Heel Hook","Underhanded Strike"],"picked":"Deflect","floor":6.0},{"not_picked":["All Out Attack","Dash","Poisoned Stab"],"picked":"SKIP","floor":10.0},{"not_picked":["Finisher","Dagger Throw"],"picked":"Catalyst+1","floor":11.0},{"not_picked":["Outmaneuver+1","Caltrops"],"picked":"Acrobatics+1","floor":13.0},{"not_picked":["Storm of Steel+1","Acrobatics+1"],"picked":"Dodge and Roll+1","floor":14.0},{"not_picked":["Tools of the Trade","Envenom"],"picked":"Corpse Explosion+1","floor":16.0},{"not_picked":["Prepared+1","Bane+1"],"picked":"Quick Slash+1","floor":18.0},{"not_picked":["Flying Knee","Deadly Poison+1"],"picked":"Backflip+1","floor":20.0},{"not_picked":["Infinite Blades","Reflex+1"],"picked":"Backstab","floor":22.0},{"not_picked":["Flying Knee+1","Terror+1","Die Die Die"],"picked":"SKIP","floor":25.0},{"not_picked":["Underhanded Strike","Predator"],"picked":"Dodge and Roll+1","floor":27.0},{"not_picked":["Skewer","All Out Attack"],"picked":"Night Terror+1","floor":29.0},{"not_picked":["Underhanded Strike","Tactician+1"],"picked":"Escape Plan+1","floor":31.0},{"not_picked":["Venomology+1","Grand Finale"],"picked":"After Image","floor":33.0},{"not_picked":["Flechettes+1","Underhanded Strike","Accuracy"],"picked":"SKIP","floor":35.0},{"not_picked":["Flechettes+1","Underhanded Strike","Accuracy"],"picked":"SKIP","floor":35.0},{"not_picked":["Dagger Spray","Bane"],"picked":"PiercingWail+1","floor":36.0},{"not_picked":["Underhanded Strike","Backflip+1"],"picked":"Deadly Poison+1","floor":38.0},{"not_picked":["Prepared+1","Blade Dance+1"],"picked":"Well Laid Plans","floor":39.0},{"not_picked":["Skewer","Dagger Spray"],"picked":"PiercingWail+1","floor":41.0},{"not_picked":["A Thousand Cuts","Concentrate+1"],"picked":"Dodge and Roll+1","floor":44.0},{"not_picked":["Dagger Spray+1","Tactician+1","Poisoned Stab+1"],"picked":"SKIP","floor":46.0},{"not_picked":["Slice+1","Flechettes+1","Poisoned Stab+1"],"picked":"SKIP","floor":48.0},{"not_picked":["Prepared+1","Dash+1"],"picked":"Acrobatics+1","floor":54.0}],"player_experience":278152,"relics_obtained":[{"floor":5.0,"key":"StrikeDummy"},{"floor":6.0,"key":"Bag of Preparation"},{"floor":7.0,"key":"Bronze Scales"},{"floor":9.0,"key":"MawBank"},{"floor":10.0,"key":"Toxic Egg 2"},{"floor":14.0,"key":"InkBottle"},{"floor":25.0,"key":"Bag of Marbles"},{"floor":26.0,"key":"Pantograph"},{"floor":27.0,"key":"CaptainsWheel"},{"floor":27.0,"key":"Eternal Feather"},{"floor":28.0,"key":"Smiling Mask"},{"floor":29.0,"key":"Ninja Scroll"},{"floor":41.0,"key":"Pear"},{"floor":46.0,"key":"Blood Vial"},{"floor":54.0,"key":"Anchor"}],"event_choices":[{"cards_removed":["Defend_G"],"damage_healed":0.0,"max_hp_gain":0.0,"max_hp_loss":0.0,"gold_gain":0.0,"event_name":"Bonfire Elementals","player_choice":"Offered Basic","floor":2.0,"gold_loss":0.0,"damage_taken":0.0},{"cards_removed":["Riddle With Holes"],"damage_healed":0.0,"max_hp_gain":0.0,"max_hp_loss":0.0,"gold_gain":0.0,"event_name":"Beggar","player_choice":"Gave Gold","floor":19.0,"gold_loss":75.0,"damage_taken":0.0},{"damage_healed":0.0,"max_hp_gain":0.0,"max_hp_loss":0.0,"gold_gain":99.0,"event_name":"Nest","player_choice":"Stole From Cult","floor":21.0,"gold_loss":0.0,"damage_taken":0.0},{"damage_healed":0.0,"max_hp_gain":0.0,"max_hp_loss":0.0,"gold_gain":0.0,"event_name":"Colosseum","player_choice":"Fight","floor":27.0,"gold_loss":0.0,"damage_taken":0.0},{"damage_healed":0.0,"max_hp_gain":0.0,"max_hp_loss":0.0,"gold_gain":0.0,"event_name":"Colosseum","player_choice":"Fought Nobs","floor":27.0,"gold_loss":0.0,"damage_taken":0.0},{"cards_removed":["After Image"],"damage_healed":0.0,"max_hp_gain":0.0,"max_hp_loss":0.0,"gold_gain":0.0,"event_name":"Falling","player_choice":"Removed Power","floor":37.0,"gold_loss":0.0,"damage_taken":0.0},{"damage_healed":0.0,"max_hp_gain":0.0,"max_hp_loss":0.0,"gold_gain":0.0,"event_name":"Match and Keep!","player_choice":"1 cards matched","floor":40.0,"gold_loss":0.0,"damage_taken":0.0,"cards_obtained":["Well Laid Plans"]},{"damage_healed":0.0,"max_hp_gain":0.0,"max_hp_loss":0.0,"gold_gain":0.0,"event_name":"WeMeetAgain","player_choice":"Paid Gold","floor":45.0,"gold_loss":85.0,"damage_taken":0.0,"relics_obtained":["Vajra"]}],"is_beta":false,"boss_relics":[{"not_picked":["Empty Cage","Runic Pyramid"],"picked":"Runic Dome"},{"not_picked":["Snecko Eye","Tiny House"],"picked":"SlaversCollar"}],"items_purged_floors":[24,53],"is_endless":false,"potions_floor_spawned":[3,10,14,25,27,29,31,33,35,39,46,48],"ascension_level":11}}