{"host":"og6lam4kt3nibbw0","time":1607712759,"event":{"mods":["AchievementEnabler","BaseMod","Colored Map","DeckTracker","Highlight Path","Keyboard Shortcuts","Minty Spire (QoL Compilation)","Permanent Neow","Quick Restart","StSLib","SuperFastMode"],"gold_per_floor":[116,116,136,186,200,200,213,213,240,253,280,293,293,303,303,303,303],"floor_reached":16,"playtime":834,"items_purged":[],"score":258,"play_id":"6a92aaa2-592c-477e-8dbe-d88a48cefcaf","local_time":"20201212035239","is_ascension_mode":true,"campfire_choices":[{"data":"Defragment","floor":6.0,"key":"SMITH"},{"data":"Static Discharge","floor":13.0,"key":"SMITH"},{"data":"Redo","floor":15.0,"key":"SMITH"}],"circlet_count":0,"master_deck":["AscendersBane","Strike_B","Strike_B","Defend_B","Defend_B","Defend_B","Defend_B","Zap","Dualcast","Defragment+1","Glacier","Undo","Redo+1","Coolheaded","Hologram","Chill","Static Discharge+1","Darkness"],"relics":["Cracked Core","Gambling Chip","Incense Burner"],"acts_visited":["Exordium"],"potions_floor_usage":[],"damage_taken":[{"damage":2.0,"enemies":"Jaw Worm","floor":1.0,"turns":8.0},{"damage":5.0,"enemies":"Cultist","floor":3.0,"turns":5.0},{"damage":1.0,"enemies":"Small Slimes","floor":5.0,"turns":5.0},{"damage":7.0,"enemies":"3 Louse","floor":7.0,"turns":6.0},{"damage":1.0,"enemies":"Red Slaver","floor":10.0,"turns":9.0},{"damage":0.0,"enemies":"Lagavulin","floor":11.0,"turns":11.0},{"damage":0.0,"enemies":"Looter","floor":12.0,"turns":5.0},{"damage":0.0,"enemies":"Exordium Thugs","floor":14.0,"turns":7.0},{"damage":31,"enemies":"Slime Boss","floor":16,"turns":9}],"seed_played":"4787363633927164258","potions_obtained":[{"floor":3.0,"key":"Energy Potion"},{"floor":5.0,"key":"Strength Potion"},{"floor":12.0,"key":"PotionOfCapacity"}],"is_trial":false,"path_per_floor":["M","?","M","?","M","R","M","T","T","M","E","M","R","M","R","B"],"character_chosen":"DEFECT","items_purchased":[],"campfire_rested":0,"item_purchase_floors":[],"current_hp_per_floor":[44,44,39,39,38,38,31,31,31,30,30,30,30,30,30,0,0],"gold":303,"neow_bonus":"TRANSFORM_TWO_CARDS","is_daily":false,"chose_seed":false,"campfire_upgraded":3,"win_rate":0.0,"timestamp":1607712759,"path_taken":["M","?","M","?","?","R","M","?","T","M","E","M","R","M","R","BOSS"],"items_purchased_type":[],"build_version":"2020-11-30","purchased_purges":0,"victory":false,"max_hp_per_floor":[71,71,71,71,71,71,71,71,71,71,71,71,71,71,71,71,71],"card_choices":[{"not_picked":["Go for the Eyes","Rebound","Gash"],"picked":"SKIP","floor":1.0},{"not_picked":["Streamline","Hello World"],"picked":"Undo","floor":3.0},{"not_picked":["Ball Lightning","Reprogram"],"picked":"Redo","floor":5.0},{"not_picked":["Steam","Ball Lightning"],"picked":"Coolheaded","floor":7.0},{"not_picked":["Go for the Eyes","Gash"],"picked":"Hologram","floor":10.0},{"not_picked":["Rainbow","Coolheaded"],"picked":"Chill","floor":11.0},{"not_picked":["Redo","Steam Power"],"picked":"Static Discharge","floor":12.0},{"not_picked":["Force Field","Aggregate"],"picked":"Darkness","floor":14.0}],"player_experience":547319,"relics_obtained":[{"floor":8.0,"key":"Gambling Chip"},{"floor":11.0,"key":"Incense Burner"}],"event_choices":[{"damage_healed":0.0,"max_hp_gain":0.0,"max_hp_loss":0.0,"gold_gain":0.0,"event_name":"Liars Game","player_choice":"Ignored","floor":2.0,"gold_loss":0.0,"damage_taken":0.0},{"damage_healed":0.0,"max_hp_gain":0.0,"max_hp_loss":0.0,"gold_gain":50.0,"event_name":"Golden Shrine","player_choice":"Pray","floor":4.0,"gold_loss":0.0,"damage_taken":0.0}],"is_beta":false,"boss_relics":[],"items_purged_floors":[],"is_endless":false,"potions_floor_spawned":[3,5,11,12],"killed_by":"Slime Boss","ascension_level":20}}