{"host":"1bqbj1s4pyvm9utn","time":1607653852,"event":{"mods":["AchievementEnabler","Aspiration","Bard","BaseMod","Beaked The Cultist","Better Altar","Better Match","Better Note","Better Sensory Stone","Better Skull","Better Third Choice","BetterRewards","CCEM","Clawfect","Colored Map","Conspire","Downfall","GifTheSpireLib","Halation","Hermit","Highlight Path","Hubris","Humility","Infinite Spire","Jedi Mod","Jorbs\u0027s Wanderer Trilogy","Mad Scientist","Marisa????????","Mimic Mod","Minty Spire (QoL Compilation)","Permanent Neow","Replay The Spire","Shade Mod","Shop Mod","Spicy Shops","StSLib","Stuff the Spire","The Bug Knight","The Construct","The Cursed","The Disciple","The Gatherer","The Hierophant","The Jungle","The Mystic","The Necromancer","The Runesmith","The Servant 0.9.4","The Spell Scribe","The Witch","Unceasing Turn Reminder","everything is the same but u backflip on backflip","slay the spire mod where everything is the same but ironclad has a cowboy hat","vexMod"],"gold_per_floor":[116,135,135,151,162,194,194,174,174],"floor_reached":8,"playtime":856,"items_purged":[],"score":61,"play_id":"59263b37-22b8-47bc-a1a1-6b01e31a469c","local_time":"20201210183052","is_ascension_mode":true,"campfire_choices":[{"floor":7,"key":"REST"}],"circlet_count":0,"master_deck":["Strike_G","Strike_G","Strike_G","Strike_G","Strike_G","Defend_G","Defend_G","Defend_G","Defend_G","Defend_G","Survivor","Neutralize","Atom Bomb","ReplayTheSpireMod:Shiv Toss","Infinite Blades","Hidden Blade","Cloak And Dagger","jedi:collectorvenom"],"relics":["Ring of the Snake","CultistMask","aspiration:HiddenCompartment"],"acts_visited":["Exordium"],"potions_floor_usage":[6,6,8],"damage_taken":[{"damage":1,"enemies":"Cultist","floor":1,"turns":5},{"damage":9,"enemies":"Jaw Worm","floor":2,"turns":7},{"damage":2,"enemies":"Small Slimes","floor":4,"turns":4},{"damage":4,"enemies":"Exordium Wildlife","floor":5,"turns":4},{"damage":47,"enemies":"3 Sentries","floor":6,"turns":10},{"damage":17,"enemies":"Gremlin Nob","floor":8,"turns":4}],"seed_played":"6488001280959815604","potions_obtained":[{"floor":1,"key":"Milkshake"},{"floor":5,"key":"Block Potion"},{"floor":6,"key":"GhostInAJar"}],"is_trial":false,"path_per_floor":["M","M","?","M","M","E","R","E"],"character_chosen":"THE_SILENT","items_purchased":[],"campfire_rested":1,"item_purchase_floors":[],"current_hp_per_floor":[69,60,60,58,54,7,28,11,11],"gold":174,"neow_bonus":"ONE_RANDOM_RARE_CARD","is_daily":false,"chose_seed":false,"campfire_upgraded":0,"win_rate":0.0,"timestamp":1607653852,"path_taken":["M","?","?","M","M","E","R","E"],"items_purchased_type":[],"build_version":"2020-11-30","purchased_purges":0,"victory":false,"max_hp_per_floor":[70,70,70,70,70,70,70,70,70],"card_choices":[{"not_picked":["PiercingWail","Blur"],"picked":"ReplayTheSpireMod:Shiv Toss","floor":1},{"not_picked":["Accuracy","Prepared"],"picked":"Infinite Blades","floor":2},{"not_picked":["Masterful Stab","Flying Knee"],"picked":"Hidden Blade","floor":4},{"not_picked":["ReplayTheSpireMod:Tripwire","StuffTheSpire:BumpUp"],"picked":"Cloak And Dagger","floor":5},{"not_picked":["Draining Mist","Poisoned Stab"],"picked":"jedi:collectorvenom","floor":6}],"player_experience":768228,"relics_obtained":[{"floor":6,"key":"aspiration:HiddenCompartment"}],"event_choices":[{"damage_healed":0,"gold_gain":0,"player_choice":"Trade","damage_taken":0,"relics_obtained":["CultistMask"],"max_hp_gain":0,"max_hp_loss":0,"event_name":"FaceTrader","floor":3,"gold_loss":0}],"is_beta":false,"boss_relics":[],"items_purged_floors":[],"is_endless":false,"potions_floor_spawned":[1,5,6],"killed_by":"Gremlin Nob","ascension_level":1}}