{"host":"2se5dq1do2gp0x9k","time":1607661659,"event":{"mods":["AchievementEnabler","BaseMod","Block Reminder","Colored Map","Colored Powertips","Minty Spire (QoL Compilation)","Relic Stats","StSLib","SuperFastMode"],"gold_per_floor":[116,116,131,147,163,197,197,227,227,227,238,238,238,176,176,251,251,262,275,39,39,39,39],"floor_reached":22,"playtime":730,"items_purged":["Strike_B"],"score":388,"play_id":"fba27347-956c-4294-9511-36f925640718","local_time":"20201210204059","is_ascension_mode":true,"campfire_choices":[{"data":"Consume","floor":7.0,"key":"SMITH"},{"floor":10.0,"key":"REST"},{"data":"Coolheaded","floor":12.0,"key":"SMITH"},{"floor":15.0,"key":"REST"}],"circlet_count":0,"master_deck":["AscendersBane","Strike_B","Strike_B","Defend_B","Defend_B","Defend_B","Defend_B","Zap","Dualcast","Cold Snap","Compile Driver","Ball Lightning","Consume+1","Echo Form","Coolheaded+1","Creative AI","Conserve Battery"],"relics":["Cracked Core","NeowsBlessing","Pantograph","Lantern","Meat on the Bone","Potion Belt","Inserter","OrangePellets","Enchiridion"],"acts_visited":["Exordium","TheCity"],"potions_floor_usage":[22],"damage_taken":[{"damage":0.0,"enemies":"Small Slimes","floor":1.0,"turns":1.0},{"damage":0.0,"enemies":"Cultist","floor":3.0,"turns":1.0},{"damage":0.0,"enemies":"2 Louse","floor":4.0,"turns":1.0},{"damage":10.0,"enemies":"Exordium Wildlife","floor":5.0,"turns":4.0},{"damage":21.0,"enemies":"Lagavulin","floor":6.0,"turns":7.0},{"damage":28.0,"enemies":"3 Sentries","floor":8.0,"turns":7.0},{"damage":20.0,"enemies":"Large Slime","floor":11.0,"turns":6.0},{"damage":25.0,"enemies":"Slime Boss","floor":16.0,"turns":11.0},{"damage":18.0,"enemies":"Shell Parasite","floor":18.0,"turns":6.0},{"damage":19.0,"enemies":"2 Thieves","floor":19.0,"turns":5.0},{"damage":26,"enemies":"Shelled Parasite and Fungi","floor":22,"turns":2}],"seed_played":"-5765319017542451735","potions_obtained":[{"floor":3.0,"key":"SpeedPotion"},{"floor":6.0,"key":"PotionOfCapacity"},{"floor":8.0,"key":"DistilledChaos"},{"floor":18.0,"key":"Dexterity Potion"}],"is_trial":false,"path_per_floor":["M","?","M","M","M","E","R","E","T","R","M","R","T","?","R","B",null,"M","M","$","?","M"],"character_chosen":"DEFECT","items_purchased":["OrangePellets"],"campfire_rested":2,"item_purchase_floors":[20],"current_hp_per_floor":[64,64,64,64,54,33,33,5,5,26,18,18,18,18,39,39,63,45,38,38,17,0,0],"gold":39,"neow_bonus":"THREE_ENEMY_KILL","is_daily":false,"chose_seed":false,"campfire_upgraded":2,"win_rate":0.0,"timestamp":1607661659,"path_taken":["M","?","M","M","?","E","R","E","T","R","M","R","?","?","R","BOSS","M","M","$","?","M"],"items_purchased_type":["Relic"],"build_version":"2020-11-30","purchased_purges":1,"victory":false,"max_hp_per_floor":[71,71,71,71,71,71,71,71,71,71,71,71,71,71,71,71,71,71,71,71,71,71,71],"relic_stats":{"OrangePellets":[0],"Inserter":[6],"counters":[11,51],"Pantograph":25,"obtain_stats":[{"Potion Belt":13,"OrangePellets":20,"Lantern":8,"Inserter":17,"NeowsBlessing":0,"Pantograph":6,"Enchiridion":21,"Cracked Core":0,"Meat on the Bone":9},{"Potion Belt":7,"OrangePellets":10,"Lantern":6,"Inserter":8,"NeowsBlessing":0,"Pantograph":5,"Enchiridion":10,"Cracked Core":0,"Meat on the Bone":6},{"Potion Belt":27,"OrangePellets":49,"Lantern":21,"Inserter":38,"NeowsBlessing":0,"Pantograph":14,"Enchiridion":49,"Cracked Core":0,"Meat on the Bone":21}],"Meat on the Bone":24},"card_choices":[{"not_picked":["Sweeping Beam","Go for the Eyes"],"picked":"Cold Snap","floor":1.0},{"not_picked":["Redo","Hologram"],"picked":"Compile Driver","floor":3.0},{"not_picked":["Stack","Aggregate"],"picked":"Ball Lightning","floor":4.0},{"not_picked":["Lockon","Compile Driver"],"picked":"Consume","floor":5.0},{"not_picked":["Genetic Algorithm","Redo"],"picked":"Echo Form","floor":6.0},{"not_picked":["Darkness","Undo"],"picked":"Coolheaded","floor":8.0},{"not_picked":["Steam Power","Gash","Heatsinks"],"picked":"SKIP","floor":11.0},{"not_picked":["Fission","Echo Form"],"picked":"Creative AI","floor":16.0},{"not_picked":["Rebound+1","Ball Lightning"],"picked":"Conserve Battery","floor":18.0},{"not_picked":["Go for the Eyes","Scrape","Rebound"],"picked":"SKIP","floor":19.0}],"player_experience":3595420,"relics_obtained":[{"floor":6.0,"key":"Pantograph"},{"floor":8.0,"key":"Lantern"},{"floor":9.0,"key":"Meat on the Bone"},{"floor":13.0,"key":"Potion Belt"},{"floor":21.0,"key":"Enchiridion"}],"event_choices":[{"cards_removed":["Strike_B"],"damage_healed":0.0,"max_hp_gain":0.0,"max_hp_loss":0.0,"gold_gain":0.0,"event_name":"Purifier","player_choice":"Purged","floor":2.0,"gold_loss":0.0,"damage_taken":0.0},{"damage_healed":0.0,"max_hp_gain":0.0,"max_hp_loss":0.0,"gold_gain":0.0,"event_name":"World of Goop","player_choice":"Left Gold","floor":14.0,"gold_loss":62.0,"damage_taken":0.0},{"damage_healed":0.0,"max_hp_gain":0.0,"max_hp_loss":0.0,"gold_gain":0.0,"event_name":"Cursed Tome","player_choice":"Obtained Book","floor":21.0,"gold_loss":0.0,"damage_taken":21.0}],"is_beta":false,"boss_relics":[{"not_picked":["Pandora\u0027s Box","Astrolabe"],"picked":"Inserter"}],"items_purged_floors":[20],"is_endless":false,"potions_floor_spawned":[3,6,8,18],"killed_by":"Shelled Parasite and Fungi","ascension_level":20}}