{"host":"tzya3289ktexk32d","time":1607710532,"event":{"mods":["BaseMod","Better Third Choice","Colored Map","Defuse TimeMaze Blight","Minty Spire (QoL Compilation)","Quick Restart","Rare Cards Sparkle","Relic Stats","StSLib","UnlockEverythingMod"],"gold_per_floor":[115,115,115,115,125,156,166,179,179,191,208,50,0,0,0,77,77,96,111,127,127,52,52,102,137,137,154,29,40,50,64,64,137,137,147,10,10,20,20,49,66,66,66,66,66,66],"floor_reached":45,"playtime":2089,"items_purged":["Defend_G"],"score":984,"play_id":"d39e7960-4f26-4e0e-beab-3c5eb8cf2439","local_time":"20201211131532","is_ascension_mode":true,"campfire_choices":[{"floor":15.0,"key":"REST"},{"floor":23.0,"key":"REST"},{"floor":32.0,"key":"REST"},{"floor":42.0,"key":"REST"},{"data":"Dash","floor":44.0,"key":"SMITH"}],"circlet_count":0,"master_deck":["AscendersBane","Strike_G","Strike_G","Strike_G","Defend_G","Defend_G","Defend_G","Defend_G","Survivor","Neutralize","Accuracy","Predator","Poisoned Stab","Blade Dance","PiercingWail","Dash+1","Blade Dance","Adrenaline","Deadly Poison","Tools of the Trade+1","PiercingWail","Wraith Form v2+1","Bane","Accuracy+1","Well Laid Plans+1","Unload","Backflip","Bullet Time","Corpse Explosion","Calculated Gamble","Cloak And Dagger","Noxious Fumes+1","Flash of Steel","Trip"],"relics":["Ring of the Snake","NeowsBlessing","Question Card","Anchor","Turnip","Frozen Egg 2","Orrery","Pear","Sozu","Darkstone Periapt","Vajra","Philosopher\u0027s Stone","Bottled Lightning","Bottled Flame"],"acts_visited":["Exordium","TheCity","TheBeyond"],"potions_floor_usage":[],"damage_taken":[{"damage":0.0,"enemies":"Small Slimes","floor":1.0,"turns":1.0},{"damage":0.0,"enemies":"Jaw Worm","floor":5.0,"turns":1.0},{"damage":0.0,"enemies":"Gremlin Nob","floor":6.0,"turns":1.0},{"damage":8.0,"enemies":"Cultist","floor":7.0,"turns":4.0},{"damage":0.0,"enemies":"Red Slaver","floor":8.0,"turns":3.0},{"damage":9.0,"enemies":"Exordium Thugs","floor":10.0,"turns":5.0},{"damage":0.0,"enemies":"Looter","floor":11.0,"turns":3.0},{"damage":18.0,"enemies":"Hexaghost","floor":16.0,"turns":9.0},{"damage":13.0,"enemies":"Spheric Guardian","floor":18.0,"turns":6.0},{"damage":4.0,"enemies":"Shell Parasite","floor":19.0,"turns":5.0},{"damage":13.0,"enemies":"Shelled Parasite and Fungi","floor":20.0,"turns":6.0},{"damage":28.0,"enemies":"Gremlin Leader","floor":25.0,"turns":7.0},{"damage":6.0,"enemies":"Cultist and Chosen","floor":27.0,"turns":4.0},{"damage":13.0,"enemies":"Snake Plant","floor":29.0,"turns":3.0},{"damage":2.0,"enemies":"Centurion and Healer","floor":30.0,"turns":6.0},{"damage":7.0,"enemies":"3 Cultists","floor":31.0,"turns":6.0},{"damage":20.0,"enemies":"Collector","floor":33.0,"turns":9.0},{"damage":4.0,"enemies":"3 Shapes","floor":35.0,"turns":4.0},{"damage":0.0,"enemies":"Orb Walker","floor":38.0,"turns":2.0},{"damage":16.0,"enemies":"Nemesis","floor":40.0,"turns":7.0},{"damage":6.0,"enemies":"4 Shapes","floor":41.0,"turns":4.0},{"damage":96,"enemies":"Giant Head","floor":45,"turns":6}],"seed_played":"2598971168610861274","potions_obtained":[{"floor":1.0,"key":"Explosive Potion"},{"floor":10.0,"key":"BlessingOfTheForge"}],"is_trial":false,"path_per_floor":["M","?","?","T","M","E","M","M","T","M","M","$","$","T","R","B",null,"M","M","M","?","?","R","?","E","T","M","$","M","M","M","R","B",null,"M","$","?","M","?","E","M","R","T","R","E"],"character_chosen":"THE_SILENT","items_purchased":["Orrery","PiercingWail","Backflip","Cloak And Dagger","Noxious Fumes+1"],"campfire_rested":4,"item_purchase_floors":[12,13,28,36,36],"current_hp_per_floor":[59,59,33,33,33,33,25,25,25,16,16,16,16,26,48,30,65,52,48,35,35,35,57,57,29,29,23,23,10,8,1,23,3,58,54,54,49,49,49,33,27,49,49,49,0,0],"gold":66,"neow_bonus":"THREE_ENEMY_KILL","is_daily":false,"chose_seed":false,"campfire_upgraded":1,"win_rate":0.0,"timestamp":1607710532,"path_taken":["M","?","?","?","M","E","M","M","T","?","M","?","$","?","R","BOSS","M","M","M","?","?","R","?","E","T","M","$","M","?","M","R","BOSS","M","$","?","M","?","E","M","R","T","R","E"],"items_purchased_type":["Relic","Card","Card","Card","Card"],"build_version":"2020-11-30","purchased_purges":1,"victory":false,"max_hp_per_floor":[66,66,66,66,66,66,66,66,66,66,66,66,66,76,76,76,76,76,76,76,76,76,76,76,76,76,76,76,76,76,76,76,76,76,76,76,76,76,76,76,76,76,76,76,76,76],"relic_stats":{"Sozu":6,"Darkstone Periapt":0,"counters":[22,102],"Turnip":[17],"Question Card":27,"obtain_stats":[{"Darkstone Periapt":25,"Pear":14,"NeowsBlessing":0,"Vajra":26,"Frozen Egg 2":9,"Question Card":3,"Sozu":17,"Anchor":4,"Bottled Flame":43,"Orrery":12,"Philosopher\u0027s Stone":34,"Turnip":6,"Bottled Lightning":40,"Ring of the Snake":0},{"Darkstone Periapt":12,"Pear":7,"NeowsBlessing":0,"Vajra":12,"Frozen Egg 2":5,"Question Card":1,"Sozu":8,"Anchor":1,"Bottled Flame":21,"Orrery":7,"Philosopher\u0027s Stone":17,"Turnip":3,"Bottled Lightning":20,"Ring of the Snake":0},{"Darkstone Periapt":51,"Pear":18,"NeowsBlessing":0,"Vajra":51,"Frozen Egg 2":10,"Question Card":1,"Sozu":27,"Anchor":1,"Bottled Flame":96,"Orrery":18,"Philosopher\u0027s Stone":79,"Turnip":3,"Bottled Lightning":92,"Ring of the Snake":0}],"Ring of the Snake":[44]},"card_choices":[{"not_picked":["Endless Agony","Prepared","Underhanded Strike"],"picked":"SKIP","floor":1.0},{"not_picked":["Noxious Fumes","Deflect","Bane"],"picked":"Predator","floor":5.0},{"not_picked":["Expertise","Skewer","Deadly Poison"],"picked":"Poisoned Stab","floor":6.0},{"not_picked":["Glass Knife","Infinite Blades","Outmaneuver"],"picked":"Blade Dance","floor":7.0},{"not_picked":["Terror","Quick Slash","Dagger Throw"],"picked":"PiercingWail","floor":8.0},{"not_picked":["Deadly Poison","Sucker Punch","Acrobatics"],"picked":"Dash","floor":10.0},{"not_picked":["Calculated Gamble","Sucker Punch","Leg Sweep"],"picked":"Blade Dance","floor":11.0},{"not_picked":["Acrobatics","Sucker Punch","Tactician"],"picked":"Venomology","floor":12.0},{"not_picked":["PiercingWail","Sucker Punch","Deflect"],"picked":"Adrenaline","floor":12.0},{"not_picked":["Deflect","Poisoned Stab","Sucker Punch"],"picked":"Deadly Poison","floor":12.0},{"not_picked":["Deadly Poison","Setup","Flying Knee"],"picked":"Tools of the Trade+1","floor":12.0},{"not_picked":["Bullet Time","Storm of Steel","Tools of the Trade+1"],"picked":"Wraith Form v2+1","floor":16.0},{"not_picked":["Deflect","Poisoned Stab","All Out Attack"],"picked":"Bane","floor":18.0},{"not_picked":["Slice","Finisher","Calculated Gamble"],"picked":"Accuracy+1","floor":19.0},{"not_picked":["Masterful Stab+1","Deflect","Dagger Spray+1"],"picked":"Well Laid Plans+1","floor":20.0},{"not_picked":["Riddle With Holes","Deflect","Poisoned Stab","Venomology"],"picked":"SKIP","floor":25.0},{"not_picked":["Poisoned Stab","Prepared+1","Acrobatics","Deadly Poison"],"picked":"SKIP","floor":27.0},{"not_picked":["Dodge and Roll","PiercingWail","Poisoned Stab","Outmaneuver"],"picked":"SKIP","floor":29.0},{"not_picked":["Deflect","Outmaneuver","Flying Knee","Sucker Punch"],"picked":"SKIP","floor":30.0},{"not_picked":["Backstab","Quick Slash","Acrobatics"],"picked":"Bullet Time","floor":31.0},{"not_picked":["Glass Knife","Grand Finale","Phantasmal Killer"],"picked":"Corpse Explosion","floor":33.0},{"not_picked":["Slice","Dagger Spray+1","Riddle With Holes"],"picked":"Calculated Gamble","floor":35.0},{"not_picked":["Transmutation","Thinking Ahead","Discovery"],"picked":"Flash of Steel","floor":37.0},{"not_picked":["Mind Blast","Finesse","Bandage Up"],"picked":"Trip","floor":37.0},{"not_picked":["Outmaneuver","Bane","PiercingWail","Dagger Throw"],"picked":"SKIP","floor":38.0},{"not_picked":["Outmaneuver","Bane","PiercingWail","Dagger Throw"],"picked":"SKIP","floor":38.0},{"not_picked":["Predator","Slice","Poisoned Stab","PiercingWail+1"],"picked":"SKIP","floor":40.0},{"not_picked":["Predator","Slice","Poisoned Stab","PiercingWail+1"],"picked":"SKIP","floor":40.0},{"not_picked":["PiercingWail+1","Deflect","Die Die Die","Poisoned Stab"],"picked":"SKIP","floor":41.0}],"player_experience":52253,"relics_obtained":[{"floor":4.0,"key":"Anchor"},{"floor":6.0,"key":"Turnip"},{"floor":9.0,"key":"Frozen Egg 2"},{"floor":14.0,"key":"Pear"},{"floor":25.0,"key":"Darkstone Periapt"},{"floor":26.0,"key":"Vajra"},{"floor":40.0,"key":"Bottled Lightning"},{"floor":43.0,"key":"Bottled Flame"}],"event_choices":[{"damage_healed":0.0,"max_hp_gain":0.0,"max_hp_loss":0.0,"gold_gain":0.0,"cards_transformed":["Strike_G"],"event_name":"Living Wall","player_choice":"Change","floor":2.0,"gold_loss":0.0,"damage_taken":0.0,"cards_obtained":["Accuracy"]},{"damage_healed":0.0,"max_hp_gain":0.0,"max_hp_loss":0.0,"gold_gain":0.0,"event_name":"betterThird:BetterScrap","player_choice":"Relic ","floor":3.0,"gold_loss":0.0,"damage_taken":26.0,"cards_obtained":["DeusExMachina"]},{"damage_healed":0.0,"max_hp_gain":0.0,"max_hp_loss":0.0,"gold_gain":0.0,"cards_transformed":["Strike_G","Venomology"],"event_name":"Drug Dealer","player_choice":"Became Test Subject","floor":21.0,"gold_loss":0.0,"damage_taken":0.0,"cards_obtained":["Unload","Grand Finale"]},{"cards_removed":["Grand Finale"],"damage_healed":0.0,"max_hp_gain":0.0,"max_hp_loss":0.0,"gold_gain":0.0,"event_name":"Beggar","player_choice":"Gave Gold","floor":22.0,"gold_loss":75.0,"damage_taken":0.0},{"damage_healed":0.0,"max_hp_gain":0.0,"max_hp_loss":0.0,"gold_gain":50.0,"event_name":"betterThird:BetterNest","player_choice":"Steal","floor":24.0,"gold_loss":0.0,"damage_taken":0.0},{"damage_healed":0.0,"max_hp_gain":0.0,"max_hp_loss":0.0,"gold_gain":0.0,"event_name":"SensoryStone","player_choice":"Memory 2","floor":37.0,"gold_loss":0.0,"damage_taken":5.0},{"damage_healed":0.0,"max_hp_gain":0.0,"max_hp_loss":0.0,"gold_gain":0.0,"event_name":"WeMeetAgain","player_choice":"Ignored","floor":39.0,"gold_loss":0.0,"damage_taken":0.0}],"is_beta":false,"boss_relics":[{"not_picked":["Coffee Dripper","Runic Dome"],"picked":"Sozu"},{"not_picked":["Black Star","Calling Bell"],"picked":"Philosopher\u0027s Stone"}],"items_purged_floors":[28],"is_endless":false,"potions_floor_spawned":[1,10,11,20,25,31,33,38],"killed_by":"Giant Head","ascension_level":20}}