{"host":"dvpvhz1t6etneyb3","time":1607721961,"event":{"mods":["AchievementEnabler","BaseMod","Colored Map","Highlight Path","Minty Spire (QoL Compilation)","Permanent Neow","Quick Restart"],"gold_per_floor":[123,154,185,197,223,235,279,305,317,329,355,367,411,93,93,170,170,185,185,185,100,111,111,138,138,138,138,170,44,54,69,69,146,146,159,0,0,14,33,33,66,83,134,134,154,164,194,194,194,194,194],"floor_reached":52,"playtime":5014,"items_purged":["Strike_B"],"score":2149,"play_id":"163341d5-b455-4c6a-a1c6-b88224f56ee5","local_time":"20201211162601","is_ascension_mode":true,"campfire_choices":[{"data":"Static Discharge","floor":6.0,"key":"SMITH"},{"floor":10.0,"key":"REST"},{"data":"Seek","floor":12.0,"key":"SMITH"},{"data":"Hologram","floor":15.0,"key":"SMITH"},{"data":"Consume","floor":23.0,"key":"SMITH"},{"data":"Ghostly","floor":25.0,"key":"SMITH"},{"data":"Recycle","floor":32.0,"key":"SMITH"},{"data":"Seek","floor":40.0,"key":"SMITH"},{"data":"Ghostly","floor":44.0,"key":"SMITH"},{"data":"Ghostly","floor":49.0,"key":"SMITH"}],"circlet_count":0,"master_deck":["AscendersBane","Strike_B","Defend_B","Defend_B+1","Defend_B","Zap","Dualcast","Gash","Cold Snap","Static Discharge+1","Seek+1","Ball Lightning","Amplify+1","Reinforced Body","Hologram+1","Creative AI+1","Self Repair+1","Ghostly+1","Ghostly+1","Ghostly+1","Echo Form+1","Compile Driver","Consume+1","Machine Learning+1","RitualDagger","Static Discharge+1","Turbo","Recycle+1","Seek+1","Coolheaded+1","Buffer+1","Cold Snap","Turbo+1","Buffer+1","Glacier","Mayhem+1"],"relics":["Cracked Core","MawBank","Torii","Bronze Scales","Frozen Egg 2","Mummified Hand","War Paint","Inserter","Orichalcum","Ice Cream","The Courier","Emotion Chip","Runic Capacitor","Sozu","Red Mask","Blood Vial","Smiling Mask","Centennial Puzzle"],"acts_visited":["Exordium","TheCity","TheBeyond"],"potions_floor_usage":[],"damage_taken":[{"damage":1.0,"enemies":"Cultist","floor":1.0,"turns":3.0},{"damage":1.0,"enemies":"Small Slimes","floor":2.0,"turns":2.0},{"damage":5.0,"enemies":"Jaw Worm","floor":3.0,"turns":2.0},{"damage":10.0,"enemies":"Large Slime","floor":5.0,"turns":5.0},{"damage":4.0,"enemies":"3 Sentries","floor":7.0,"turns":6.0},{"damage":21.0,"enemies":"Blue Slaver","floor":8.0,"turns":2.0},{"damage":2.0,"enemies":"3 Louse","floor":11.0,"turns":3.0},{"damage":17.0,"enemies":"Lagavulin","floor":13.0,"turns":5.0},{"damage":5.0,"enemies":"The Guardian","floor":16.0,"turns":5.0},{"damage":3.0,"enemies":"Shell Parasite","floor":18.0,"turns":4.0},{"damage":12.0,"enemies":"Spheric Guardian","floor":22.0,"turns":6.0},{"damage":0.0,"enemies":"Slavers","floor":24.0,"turns":5.0},{"damage":16.0,"enemies":"Book of Stabbing","floor":28.0,"turns":5.0},{"damage":1.0,"enemies":"Centurion and Healer","floor":30.0,"turns":6.0},{"damage":22.0,"enemies":"Cultist and Chosen","floor":31.0,"turns":4.0},{"damage":0.0,"enemies":"Collector","floor":33.0,"turns":10.0},{"damage":3.0,"enemies":"3 Shapes","floor":35.0,"turns":4.0},{"damage":0.0,"enemies":"3 Darklings","floor":38.0,"turns":4.0},{"damage":0.0,"enemies":"Transient","floor":39.0,"turns":6.0},{"damage":1.0,"enemies":"Reptomancer","floor":41.0,"turns":7.0},{"damage":0.0,"enemies":"Maw","floor":42.0,"turns":7.0},{"damage":1.0,"enemies":"4 Shapes","floor":45.0,"turns":5.0},{"damage":0.0,"enemies":"3 Darklings","floor":46.0,"turns":7.0},{"damage":0.0,"enemies":"Giant Head","floor":47.0,"turns":7.0},{"damage":13.0,"enemies":"Awakened One","floor":50.0,"turns":14.0},{"damage":0,"enemies":"Donu and Deca","floor":51,"turns":9}],"seed_played":"-7167949399680886708","potions_obtained":[{"floor":1.0,"key":"Fire Potion"},{"floor":3.0,"key":"EssenceOfSteel"},{"floor":8.0,"key":"GamblersBrew"},{"floor":11.0,"key":"Dexterity Potion"},{"floor":13.0,"key":"DuplicationPotion"},{"floor":16.0,"key":"ColorlessPotion"},{"floor":18.0,"key":"Ancient Potion"},{"floor":24.0,"key":"Regen Potion"},{"floor":28.0,"key":"DistilledChaos"},{"floor":33.0,"key":"SkillPotion"}],"is_trial":false,"path_per_floor":["M","M","M","?","M","R","E","M","T","R","M","R","E","$","R","B",null,"M","?","?","?","M","R","E","R","T","?","E","$","M","M","R","B",null,"M","?","?","M","M","R","E","M","T","R","M","M","E","?","R","B","B",null],"character_chosen":"DEFECT","items_purchased":["War Paint","Reinforced Body","Hologram","Runic Capacitor"],"campfire_rested":1,"item_purchase_floors":[14,14,14,29],"current_hp_per_floor":[63,62,57,57,47,47,43,22,22,43,41,41,24,24,24,19,58,55,35,35,35,35,35,35,35,35,29,33,33,35,23,23,33,35,35,35,35,35,35,35,35,35,35,35,35,35,35,35,35,35,35],"gold":194,"neow_bonus":"RANDOM_COMMON_RELIC","is_daily":false,"chose_seed":false,"campfire_upgraded":9,"win_rate":0.0,"timestamp":1607721961,"path_taken":["M","?","?","?","M","R","E","M","T","R","M","R","E","?","R","BOSS","M","?","?","?","M","R","E","R","T","?","E","?","M","?","R","BOSS","M","?","?","M","M","R","E","M","T","R","M","M","E","?","R","BOSS","BOSS"],"items_purchased_type":["Relic","Card","Card","Relic"],"build_version":"2020-11-30","purchased_purges":1,"victory":true,"max_hp_per_floor":[71,71,71,71,71,71,71,71,71,71,71,71,71,71,71,71,71,71,35,35,35,35,35,35,35,35,35,35,35,35,35,35,35,35,35,35,35,35,35,35,35,35,35,35,35,35,35,35,35,35,35],"card_choices":[{"not_picked":["Barrage","Streamline"],"picked":"Gash","floor":1.0},{"not_picked":["Rip and Tear","Beam Cell"],"picked":"Cold Snap","floor":2.0},{"not_picked":["Double Energy","Compile Driver"],"picked":"Static Discharge","floor":3.0},{"not_picked":["Gash","Streamline"],"picked":"Seek","floor":5.0},{"not_picked":["White Noise","Hyperbeam","Double Energy"],"picked":"SKIP","floor":7.0},{"not_picked":["Undo","Leap"],"picked":"Ball Lightning","floor":8.0},{"not_picked":["Blizzard","Stack","Gash"],"picked":"SKIP","floor":11.0},{"not_picked":["Hologram","Beam Cell"],"picked":"Amplify","floor":13.0},{"not_picked":["Hyperbeam","Rainbow"],"picked":"Creative AI+1","floor":16.0},{"not_picked":["Streamline","Stack+1"],"picked":"Self Repair+1","floor":18.0},{"not_picked":["Steam","Rebound"],"picked":"Consume","floor":22.0},{"not_picked":["Compile Driver","Sunder"],"picked":"Machine Learning+1","floor":24.0},{"not_picked":["Tempest","Doom and Gloom"],"picked":"Static Discharge+1","floor":28.0},{"not_picked":["Skim","Conserve Battery"],"picked":"Turbo","floor":30.0},{"not_picked":["Hello World+1","Hologram"],"picked":"Recycle","floor":31.0},{"not_picked":["Multi-Cast","Meteor Strike"],"picked":"Seek","floor":33.0},{"not_picked":["Steam","Stack"],"picked":"Coolheaded+1","floor":35.0},{"not_picked":["Auto Shields","Rebound"],"picked":"Buffer+1","floor":38.0},{"not_picked":["Storm+1","Ball Lightning"],"picked":"Cold Snap","floor":39.0},{"not_picked":["Cold Snap","Aggregate"],"picked":"Turbo+1","floor":41.0},{"not_picked":["Hologram","Stack"],"picked":"Buffer+1","floor":42.0},{"not_picked":["Leap","Turbo+1","Go for the Eyes+1"],"picked":"SKIP","floor":45.0},{"not_picked":["Cold Snap","Sunder","Stack"],"picked":"SKIP","floor":46.0},{"not_picked":["Auto Shields","Multi-Cast"],"picked":"Glacier","floor":47.0},{"not_picked":["Chrysalis","Forethought"],"picked":"Mayhem+1","floor":48.0}],"player_experience":1828010,"relics_obtained":[{"floor":7.0,"key":"Bronze Scales"},{"floor":9.0,"key":"Frozen Egg 2"},{"floor":13.0,"key":"Mummified Hand"},{"floor":24.0,"key":"Ice Cream"},{"floor":26.0,"key":"The Courier"},{"floor":28.0,"key":"Emotion Chip"},{"floor":41.0,"key":"Blood Vial"},{"floor":43.0,"key":"Smiling Mask"},{"floor":47.0,"key":"Centennial Puzzle"}],"event_choices":[{"damage_healed":0.0,"max_hp_gain":0.0,"max_hp_loss":0.0,"gold_gain":0.0,"event_name":"WeMeetAgain","player_choice":"Gave Potion","floor":4.0,"gold_loss":0.0,"damage_taken":0.0,"relics_obtained":["Torii"]},{"damage_healed":0.0,"max_hp_gain":0.0,"max_hp_loss":36.0,"gold_gain":0.0,"event_name":"Ghosts","player_choice":"Became a Ghost","floor":19.0,"gold_loss":0.0,"damage_taken":0.0,"cards_obtained":["Ghostly","Ghostly","Ghostly"]},{"damage_healed":0.0,"max_hp_gain":0.0,"max_hp_loss":0.0,"gold_gain":0.0,"cards_transformed":["Strike_B","Strike_B"],"event_name":"Drug Dealer","player_choice":"Became Test Subject","floor":20.0,"gold_loss":0.0,"damage_taken":0.0,"cards_obtained":["Echo Form","Compile Driver"]},{"damage_healed":0.0,"max_hp_gain":0.0,"max_hp_loss":0.0,"gold_gain":0.0,"event_name":"Addict","player_choice":"Obtained Relic","floor":21.0,"gold_loss":85.0,"damage_taken":0.0,"relics_obtained":["Orichalcum"]},{"damage_healed":0.0,"max_hp_gain":0.0,"max_hp_loss":0.0,"gold_gain":0.0,"event_name":"Nest","player_choice":"Joined the Cult","floor":27.0,"gold_loss":0.0,"damage_taken":6.0,"cards_obtained":["RitualDagger"]},{"damage_healed":0.0,"max_hp_gain":0.0,"max_hp_loss":0.0,"gold_gain":0.0,"event_name":"Tomb of Lord Red Mask","player_choice":"Paid","floor":36.0,"gold_loss":159.0,"damage_taken":0.0,"relics_obtained":["Red Mask"]},{"cards_removed":["Defend_B"],"damage_healed":0.0,"max_hp_gain":0.0,"max_hp_loss":0.0,"gold_gain":0.0,"event_name":"Falling","player_choice":"Removed Skill","floor":37.0,"gold_loss":0.0,"damage_taken":0.0},{"damage_healed":0.0,"max_hp_gain":0.0,"max_hp_loss":0.0,"gold_gain":0.0,"event_name":"SensoryStone","player_choice":"Memory 1","floor":48.0,"gold_loss":0.0,"damage_taken":0.0}],"is_beta":false,"boss_relics":[{"not_picked":["Tiny House","SacredBark"],"picked":"Inserter"},{"not_picked":["Black Star","Cursed Key"],"picked":"Sozu"}],"items_purged_floors":[14],"is_endless":false,"potions_floor_spawned":[1,3,8,11,13,16,18,24,28,33,35,46,47],"ascension_level":20}}