{"host":"u2dm6glrpyjr66v9","time":1607676376,"event":{"mods":["AchievementEnabler","BaseMod","CapriCore","Colored Map","Colored Powertips","DeckTracker","Friendly Minions","Minty Spire (QoL Compilation)","Quick Restart","StSLib","SuperFastMode","The Immortal"],"gold_per_floor":[115,115,142,152,152,152,215,230,230,249,271,271,271,286,286,390,390,406,406,421,432,49,83,83,101,155,174,185,67,67,98,98,98,98],"floor_reached":33,"playtime":825,"items_purged":[],"score":277,"play_id":"1c04c0bb-b860-4843-aac9-6831458d2755","local_time":"20201211174616","is_ascension_mode":false,"campfire_choices":[{"data":"Bouncing Flask","floor":6,"key":"SMITH"},{"data":"Poisoned Stab","floor":13,"key":"SMITH"},{"data":"Bane","floor":15,"key":"SMITH"},{"data":"Noxious Fumes","floor":24,"key":"SMITH"},{"floor":32,"key":"RECALL"}],"circlet_count":0,"master_deck":["Strike_G+1","Strike_G+1","Strike_G+1","Defend_G+1","Defend_G+1","Defend_G+1","Defend_G+1","Survivor+1","Neutralize","Bouncing Flask+1","Poisoned Stab+1","Bane+1","Deadly Poison","Corpse Explosion","Dodge and Roll+1","Flying Knee+1","Backflip+1","Deflect+1","Deadly Poison+1","Catalyst","Bouncing Flask+1","Noxious Fumes+1","Backstab","Envenom","Bane"],"relics":["Ring of the Snake","NeowsBlessing","PreservedInsect","The Courier","Anchor","Odd Mushroom","Pantograph","Astrolabe","Lantern","Toxic Egg 2","Bag of Marbles","Lee\u0027s Waffle","White Beast Statue"],"acts_visited":["Exordium","TheCity"],"potions_floor_usage":[23,33,33],"damage_taken":[{"damage":0,"enemies":"2 Louse","floor":1,"turns":1},{"damage":0,"enemies":"Jaw Worm","floor":4,"turns":1},{"damage":0,"enemies":"Gremlin Nob","floor":7,"turns":1},{"damage":0,"enemies":"Cultist","floor":8,"turns":3},{"damage":0,"enemies":"2 Fungi Beasts","floor":10,"turns":3},{"damage":21,"enemies":"The Mushroom Lair","floor":11,"turns":4},{"damage":0,"enemies":"3 Louse","floor":14,"turns":2},{"damage":32,"enemies":"The Guardian","floor":16,"turns":7},{"damage":0,"enemies":"Chosen","floor":18,"turns":4},{"damage":4,"enemies":"2 Thieves","floor":20,"turns":4},{"damage":10,"enemies":"Centurion and Healer","floor":21,"turns":5},{"damage":15,"enemies":"Book of Stabbing","floor":23,"turns":4},{"damage":30,"enemies":"Shelled Parasite and Fungi","floor":25,"turns":4},{"damage":0,"enemies":"Chosen and Byrds","floor":27,"turns":5},{"damage":1,"enemies":"Cultist and Chosen","floor":28,"turns":6},{"damage":2,"enemies":"Slavers","floor":31,"turns":3},{"damage":84,"enemies":"Automaton","floor":33,"turns":6}],"seed_played":"-8695504303081649944","potions_obtained":[{"floor":1,"key":"FearPotion"},{"floor":7,"key":"Swift Potion"},{"floor":10,"key":"CunningPotion"},{"floor":21,"key":"Poison Potion"},{"floor":28,"key":"SmokeBomb"}],"is_trial":false,"path_per_floor":["M","?","T","M","?","R","?","M","T","M","?","T","R","M","R","B",null,"M","?","M","M","$","E","R","M","T","M","M","$","?","E","R","B"],"character_chosen":"THE_SILENT","items_purchased":["Lantern","Toxic Egg 2","Bouncing Flask+1","Lee\u0027s Waffle"],"campfire_rested":0,"item_purchase_floors":[22,22,22,29],"current_hp_per_floor":[70,56,56,56,56,56,56,56,56,56,35,35,35,35,35,28,70,70,70,66,56,56,41,41,11,11,11,10,77,77,75,75,0,0],"gold":98,"neow_bonus":"THREE_ENEMY_KILL","is_daily":false,"chose_seed":false,"campfire_upgraded":4,"win_rate":0.0,"timestamp":1607676376,"path_taken":["M","?","?","?","?","R","?","M","T","M","?","?","R","?","R","BOSS","M","?","M","?","?","E","R","M","T","M","?","$","?","E","R","BOSS"],"items_purchased_type":["Relic","Relic","Undefined","Relic"],"build_version":"2020-11-30","purchased_purges":0,"victory":false,"max_hp_per_floor":[70,70,70,70,70,70,70,70,70,70,70,70,70,70,70,70,70,70,70,70,70,70,70,70,70,70,70,70,77,77,77,77,77,77],"card_choices":[{"not_picked":["Riddle With Holes","Quick Slash"],"picked":"Bouncing Flask","floor":1},{"not_picked":["Cloak And Dagger","Dodge and Roll"],"picked":"Poisoned Stab","floor":4},{"not_picked":["Eviscerate","Setup"],"picked":"Bane","floor":8},{"not_picked":["Acrobatics","PiercingWail"],"picked":"Deadly Poison","floor":10},{"not_picked":["Distraction","Underhanded Strike","Tactician"],"picked":"SKIP","floor":14},{"not_picked":["Venomology","Storm of Steel"],"picked":"Corpse Explosion","floor":16},{"not_picked":["Well Laid Plans","Flying Knee"],"picked":"Deflect+1","floor":18},{"not_picked":["Bane","PiercingWail"],"picked":"Deadly Poison+1","floor":20},{"not_picked":["Blade Dance","Predator"],"picked":"Catalyst","floor":21},{"not_picked":["Flying Knee","Glass Knife"],"picked":"Noxious Fumes","floor":23},{"not_picked":["Prepared+1","Cloak And Dagger+1"],"picked":"Backstab","floor":25},{"not_picked":["Blade Dance+1","Slice"],"picked":"Envenom","floor":27},{"not_picked":["Sucker Punch","Dagger Throw+1"],"picked":"Bane","floor":28},{"not_picked":["Finisher","Concentrate+1","PiercingWail+1"],"picked":"SKIP","floor":31}],"player_experience":45601,"relics_obtained":[{"floor":3,"key":"PreservedInsect"},{"floor":7,"key":"The Courier"},{"floor":9,"key":"Anchor"},{"floor":11,"key":"Odd Mushroom"},{"floor":12,"key":"Pantograph"},{"floor":23,"key":"Bag of Marbles"},{"floor":31,"key":"White Beast Statue"}],"event_choices":[{"damage_healed":0,"gold_gain":0,"player_choice":"Entered Light","damage_taken":14,"max_hp_gain":0,"max_hp_loss":0,"event_name":"Shining Light","floor":2,"gold_loss":0,"cards_upgraded":["Defend_G","Survivor"]},{"damage_healed":0,"gold_gain":0,"player_choice":"Ignored","damage_taken":0,"max_hp_gain":0,"max_hp_loss":0,"event_name":"Golden Wing","floor":5,"gold_loss":0},{"damage_healed":0,"gold_gain":30,"player_choice":"Searched \u00273\u0027 times","damage_taken":0,"max_hp_gain":0,"max_hp_loss":0,"event_name":"Dead Adventurer","floor":7,"gold_loss":0},{"damage_healed":0,"gold_gain":0,"player_choice":"Fought Mushrooms","damage_taken":0,"max_hp_gain":0,"max_hp_loss":0,"event_name":"Mushrooms","floor":11,"gold_loss":0},{"damage_healed":0,"gold_gain":0,"player_choice":"Ignored","damage_taken":0,"max_hp_gain":0,"max_hp_loss":0,"event_name":"Purifier","floor":19,"gold_loss":0},{"damage_healed":0,"gold_gain":0,"player_choice":"Simplicity","damage_taken":0,"max_hp_gain":0,"max_hp_loss":0,"event_name":"Back to Basics","floor":30,"gold_loss":0,"cards_upgraded":["Strike_G","Strike_G","Strike_G","Defend_G","Defend_G","Defend_G"]}],"is_beta":false,"boss_relics":[{"not_picked":["Snecko Eye","Sozu"],"picked":"Astrolabe"}],"items_purged_floors":[],"is_endless":false,"potions_floor_spawned":[1,7,10,18,21,28],"killed_by":"Automaton","ascension_level":0}}