{"host":"qqjv58wfhopf6ysa","time":1607705220,"event":{"mods":["AchievementEnabler","Ascension Reborn","Aspiration","BaseMod","Colored Powertips","Conspire","Highlight Path","Hubris","Infinite Spire","Keyboard Shortcuts","Minty Spire (QoL Compilation)","Quick Restart","Rare Cards Sparkle","Replay The Spire","StSLib","SuperFastMode","vexMod","¡¼?Úª?ø«¡½REMEMod"],"gold_per_floor":[118,118,43,43,58,58,58,58,58,71,87,87,146,160,160,256,256,267,267,286,304,50,75,75,94,120,120,132,132,132,144,144,243,243,253,1,12,25,25,25,41,52,52,80,80,99,74,123,123,123],"floor_reached":51,"playtime":873,"items_purged":["Strike_B","Defend_B"],"score":989,"play_id":"a6bc79e4-3948-4990-b474-eb8765a06c7b","local_time":"20201212014700","is_ascension_mode":false,"campfire_choices":[{"data":"REME_AllRoundStrike","floor":6,"key":"SMITH"},{"data":"Zap","floor":15,"key":"SMITH"},{"floor":27,"key":"REST"},{"data":"Beam Cell","floor":29,"key":"SMITH"},{"floor":32,"key":"DIG"},{"data":"infinitespire:TheBestDefense","floor":40,"key":"SMITH"},{"data":"Madness","floor":49,"key":"SMITH"}],"circlet_count":0,"master_deck":["Strike_B","Strike_B","Defend_B","Zap+1","REME_AllRoundStrike+1","Compile Driver","REME_AllRoundStrike+1","Beam Cell+1","infinitespire:TheBestDefense+1","Echo Form","Madness","Madness+1"],"relics":["Cracked Core","REME_ComplimentaryCards","aspiration:Nostalgia","Iron Core","Ancient Tea Set","hubris:SlimyHat","hubris:Backtick","Shuriken","DollysMirror","aspiration:Stabinomicon","Bronze Scales","hubris:EvacipatedBox","hubris:KleinBottle","infinitespire:Magic Flask","Coffee Dripper","Onion Ring","Vajra","aspiration:HummingbirdHeart","Bag of Marbles","Gambling Chip","infinitespire:EvilPickle"],"acts_visited":["Exordium","TheCity","TheBeyond"],"potions_floor_usage":[],"damage_taken":[{"damage":0,"enemies":"conspire:RoseBush","floor":1,"turns":3},{"damage":11,"enemies":"Jaw Worm","floor":5,"turns":2},{"damage":0,"enemies":"Small Slimes","floor":10,"turns":1},{"damage":0,"enemies":"Looter","floor":11,"turns":1},{"damage":9,"enemies":"3 Sentries","floor":13,"turns":3},{"damage":0,"enemies":"2 Fungi Beasts","floor":14,"turns":1},{"damage":36,"enemies":"Hexaghost","floor":16,"turns":4},{"damage":0,"enemies":"Spheric Guardian","floor":18,"turns":1},{"damage":10,"enemies":"Shell Parasite","floor":20,"turns":2},{"damage":0,"enemies":"Sentry and Sphere","floor":21,"turns":2},{"damage":30,"enemies":"Book of Stabbing","floor":23,"turns":3},{"damage":0,"enemies":"Snake Plant","floor":25,"turns":1},{"damage":0,"enemies":"Snecko","floor":28,"turns":1},{"damage":0,"enemies":"conspire:HollyBat","floor":31,"turns":4},{"damage":7,"enemies":"Pondfish","floor":33,"turns":3},{"damage":0,"enemies":"Orb Walker","floor":35,"turns":1},{"damage":0,"enemies":"3 Shapes","floor":37,"turns":1},{"damage":0,"enemies":"Sphere and 2 Shapes","floor":38,"turns":2},{"damage":0,"enemies":"3 Darklings","floor":41,"turns":1},{"damage":0,"enemies":"Spire Growth","floor":42,"turns":1},{"damage":0,"enemies":"Nightmare","floor":44,"turns":2},{"damage":0,"enemies":"Jaw Worm Horde","floor":46,"turns":1},{"damage":0,"enemies":"2 Orb Walkers","floor":48,"turns":1},{"damage":0,"enemies":"Time Eater","floor":50,"turns":1}],"seed_played":"5837126410988427493","potions_obtained":[{"floor":1,"key":"Elixir"},{"floor":5,"key":"EssenceOfDarkness"},{"floor":13,"key":"Reflective Coating"},{"floor":18,"key":"Strength Potion"},{"floor":20,"key":"Energy Potion"},{"floor":33,"key":"Adrenaline Potion"}],"is_trial":false,"path_per_floor":["M","?","$","?","M","R","?","?","T","M","M","?","?","M","R","B",null,"M","?","M","M","$","E","?","M","T","R","M","R","$","M","R","B",null,"M","$","M","M","?","R","M","M","T","NM","$","M","?","?","R","B",null],"character_chosen":"DEFECT","items_purchased":["DollysMirror","hubris:EvacipatedBox","hubris:KleinBottle","Onion Ring"],"campfire_rested":1,"item_purchase_floors":[22,30,30,36],"current_hp_per_floor":[75,75,75,75,64,64,64,69,69,69,69,62,53,53,53,17,80,80,80,70,70,70,40,40,40,40,64,64,64,26,26,26,19,80,80,80,80,80,70,70,70,70,70,70,70,70,70,70,70,70],"gold":123,"neow_bonus":"NOSTALGIA","is_daily":false,"chose_seed":false,"campfire_upgraded":5,"win_rate":0.0,"timestamp":1607705220,"path_taken":["M","?","$","?","M","R","?","?","T","M","M","?","?","M","R","BOSS","M","?","M","?","$","E","?","?","T","R","M","R","?","?","R","BOSS","M","$","M","M","?","R","M","M","T","NM","$","M","?","?","R","BOSS"],"items_purchased_type":["Relic","Relic","Relic","Relic"],"build_version":"2020-11-30","purchased_purges":2,"victory":true,"max_hp_per_floor":[75,75,75,75,75,75,75,80,80,80,80,80,80,80,80,80,80,80,80,80,80,80,80,80,80,80,80,80,80,80,80,80,80,80,80,80,80,80,80,80,80,80,80,80,80,80,80,80,80,80],"card_choices":[{"not_picked":["Iron Wave","REME_Whirling","Coolheaded"],"picked":"SKIP","floor":1},{"not_picked":["Leap","Redo","ReplayTheSpireMod:Reroute Power"],"picked":"SKIP","floor":5},{"not_picked":["Beam Cell","Barrage","Heatsinks"],"picked":"SKIP","floor":10},{"not_picked":["Ball Lightning","ReplayReversal","Rip and Tear"],"picked":"SKIP","floor":11},{"not_picked":["Anger","WeaponsOverheat","Skim"],"picked":"SKIP","floor":14},{"not_picked":["Redo+1","conspire:Rain","Hologram+1"],"picked":"SKIP","floor":18},{"not_picked":["ReplaySolidLightProjector","BasicCrystalCard","ReplayTheSpireMod:Calculation Training"],"picked":"SKIP","floor":20},{"not_picked":["Rip and Tear+1","Leap","Fission"],"picked":"SKIP","floor":21},{"not_picked":["Compile Driver","Sweeping Beam+1","Reprogram+1"],"picked":"SKIP","floor":23},{"not_picked":["ReplayGash+1","Turbo"],"picked":"Beam Cell","floor":25},{"not_picked":["Stack","Beam Cell+1","BasicCrystalCard+1"],"picked":"SKIP","floor":28},{"not_picked":["ReplayTheSpireMod:Black Plague","infinitespire:Starlight"],"picked":"infinitespire:TheBestDefense","floor":30},{"not_picked":["Time Bomb","Go for the Eyes","conspire:Rain"],"picked":"SKIP","floor":31},{"not_picked":["Rainbow","Electrodynamics"],"picked":"Echo Form","floor":33},{"not_picked":["BasicCrystalCard","Auto Shields+1","Conserve Battery"],"picked":"SKIP","floor":35},{"not_picked":["Force Field+1","Rip and Tear","Sweeping Beam+1"],"picked":"SKIP","floor":37},{"not_picked":["Panic Button+1","hubris:PowerSurge+1","Rebound"],"picked":"SKIP","floor":38},{"not_picked":["Stack","Turbo+1","Beam Cell"],"picked":"SKIP","floor":41},{"not_picked":["Panic Button+1","Recycle","Turbo+1"],"picked":"SKIP","floor":42},{"not_picked":["Loop","Beam Cell","Streamline+1"],"picked":"SKIP","floor":44},{"not_picked":["Time Bomb+1","hubris:Ukulele+1","Redo"],"picked":"SKIP","floor":46}],"player_experience":309853,"relics_obtained":[{"floor":9,"key":"Ancient Tea Set"},{"floor":13,"key":"hubris:SlimyHat"},{"floor":23,"key":"aspiration:Stabinomicon"},{"floor":26,"key":"Bronze Scales"},{"floor":32,"key":"infinitespire:Magic Flask"},{"floor":43,"key":"Vajra"},{"floor":44,"key":"aspiration:HummingbirdHeart"},{"floor":48,"key":"Gambling Chip"}],"event_choices":[{"damage_healed":0,"gold_gain":0,"player_choice":"Donut","damage_taken":0,"max_hp_gain":5,"max_hp_loss":0,"event_name":"Big Fish","floor":8,"gold_loss":0},{"cards_removed":["Defend_B"],"damage_healed":0,"gold_gain":0,"player_choice":"Card Removal","damage_taken":7,"max_hp_gain":0,"max_hp_loss":0,"event_name":"Golden Wing","floor":12,"gold_loss":0},{"damage_healed":0,"gold_gain":0,"player_choice":"Searched \u00271\u0027 times","damage_taken":0,"max_hp_gain":0,"max_hp_loss":0,"event_name":"Dead Adventurer","floor":13,"gold_loss":0},{"damage_healed":0,"gold_gain":0,"cards_transformed":["Strike_B"],"player_choice":"Transformed","damage_taken":0,"max_hp_gain":0,"max_hp_loss":0,"event_name":"Transmorgrifier","floor":19,"gold_loss":0,"cards_obtained":["Compile Driver"]},{"cards_removed":["Defend_B"],"damage_healed":0,"gold_gain":0,"player_choice":"Purged","damage_taken":0,"max_hp_gain":0,"max_hp_loss":0,"event_name":"Purifier","floor":24,"gold_loss":0},{"damage_healed":0,"gold_gain":0,"player_choice":"Embrace Madness","damage_taken":10,"max_hp_gain":0,"max_hp_loss":0,"event_name":"Winding Halls","floor":39,"gold_loss":0,"cards_obtained":["Madness","Madness"]},{"damage_healed":0,"gold_gain":0,"player_choice":"Fight","damage_taken":0,"max_hp_gain":0,"max_hp_loss":0,"event_name":"Mysterious Sphere","floor":48,"gold_loss":0}],"is_beta":false,"boss_relics":[{"not_picked":["vexMod:FluxCapacitor","Inserter"],"picked":"hubris:Backtick"},{"not_picked":["Abe\u0027s Treasure","Pandora\u0027s Box","vexMod:DeviousBotling"],"picked":"Coffee Dripper"}],"items_purged_floors":[3,22],"is_endless":true,"potions_floor_spawned":[1,5,13,18,20,21,33,37,38,42],"ascension_level":0}}