{"host":"qrt7o4dq2qslzw13","time":1607699878,"event":{"mods":["AchievementEnabler","BaseMod","Colored Map","Colored Powertips","Minty Spire (QoL Compilation)","Quick Restart","Rare Cards Sparkle","StSLib","SuperFastMode"],"gold_per_floor":[113,113,113,133,146,146,161,187,187,187,15,26,26,26,26,26,26],"floor_reached":16,"playtime":371,"items_purged":[],"score":190,"play_id":"423020a8-31d5-4bc2-bac4-9ffbed5e5477","local_time":"20201211101758","is_ascension_mode":true,"campfire_choices":[{"data":"Warcry","floor":6.0,"key":"SMITH"},{"floor":10.0,"key":"REST"},{"data":"Armaments","floor":15.0,"key":"SMITH"}],"circlet_count":0,"master_deck":["AscendersBane","Strike_R","Strike_R","Strike_R","Strike_R","Strike_R","Defend_R+1","Defend_R","Defend_R+1","Defend_R","Bash","Rupture+1","Regret","Anger","Warcry+1","Combust","Armaments+1","Bludgeon"],"relics":["Burning Blood","NeowsBlessing","Regal Pillow","Magic Flower","Eternal Feather","War Paint"],"acts_visited":["Exordium"],"potions_floor_usage":[],"damage_taken":[{"damage":0.0,"enemies":"Jaw Worm","floor":1.0,"turns":1.0},{"damage":0.0,"enemies":"Small Slimes","floor":4.0,"turns":1.0},{"damage":0.0,"enemies":"Cultist","floor":5.0,"turns":1.0},{"damage":41.0,"enemies":"Lots of Slimes","floor":7.0,"turns":6.0},{"damage":36.0,"enemies":"3 Sentries","floor":8.0,"turns":6.0},{"damage":22.0,"enemies":"Exordium Thugs","floor":12.0,"turns":4.0},{"damage":52,"enemies":"Hexaghost","floor":16,"turns":8}],"seed_played":"-2495946592318628429","potions_obtained":[{"floor":7.0,"key":"SteroidPotion"},{"floor":8.0,"key":"Energy Potion"}],"is_trial":false,"path_per_floor":["M","?","?","M","M","R","M","E","T","R","$","M","?","$","R","B"],"character_chosen":"IRONCLAD","items_purchased":["War Paint"],"campfire_rested":1,"item_purchase_floors":[11],"current_hp_per_floor":[74,74,74,75,75,75,40,10,10,56,56,43,43,43,52,0,0],"gold":26,"neow_bonus":"THREE_ENEMY_KILL","is_daily":false,"chose_seed":false,"campfire_upgraded":2,"win_rate":0.0,"timestamp":1607699878,"path_taken":["M","?","?","M","?","R","?","E","T","R","?","M","?","$","R","BOSS"],"items_purchased_type":["Relic"],"build_version":"2020-11-30","purchased_purges":0,"victory":false,"max_hp_per_floor":[75,75,75,75,75,75,75,75,75,75,75,75,75,75,75,75,75],"card_choices":[{"not_picked":["Heavy Blade","Flex"],"picked":"Rupture","floor":1.0},{"not_picked":["Sword Boomerang","Body Slam"],"picked":"Anger","floor":4.0},{"not_picked":["Pommel Strike","Twin Strike"],"picked":"Warcry","floor":5.0},{"not_picked":["Twin Strike","Shockwave"],"picked":"Combust","floor":7.0},{"not_picked":["Carnage","Headbutt"],"picked":"Armaments","floor":8.0},{"not_picked":["Havoc","Shockwave"],"picked":"Bludgeon","floor":12.0}],"player_experience":440266,"relics_obtained":[{"floor":8.0,"key":"Magic Flower"},{"floor":9.0,"key":"Eternal Feather"}],"event_choices":[{"damage_healed":0.0,"max_hp_gain":0.0,"max_hp_loss":0.0,"gold_gain":0.0,"event_name":"Big Fish","player_choice":"Box","floor":2.0,"gold_loss":0.0,"damage_taken":0.0,"relics_obtained":["Regal Pillow"],"cards_obtained":["Regret"]},{"damage_healed":0.0,"max_hp_gain":0.0,"max_hp_loss":0.0,"gold_gain":0.0,"event_name":"Fountain of Cleansing","player_choice":"Ignored","floor":3.0,"gold_loss":0.0,"damage_taken":0.0},{"damage_healed":0.0,"max_hp_gain":0.0,"max_hp_loss":0.0,"gold_gain":0.0,"event_name":"Living Wall","player_choice":"Grow","floor":13.0,"gold_loss":0.0,"damage_taken":0.0,"cards_upgraded":["Rupture"]}],"is_beta":false,"boss_relics":[],"items_purged_floors":[],"is_endless":false,"potions_floor_spawned":[7,8],"killed_by":"Hexaghost","ascension_level":18}}