{"host":"q9718omregw4er46","time":1607720349,"event":{"mods":["BaseMod","Bestiary","Colored Powertips","Highlight Path","Minty Spire (QoL Compilation)","Quick Restart","Relic Stats"],"gold_per_floor":[117,117,42,58,71,106,106,122,204,217,243,254,264,295,295,367,367,402,445,460,460,526,526,538,573,573,659,731,778,795,175,175,309,309,321,95,174,249,249,249,264,353,353,388,388,101,101,180,180,240,240,240,36,70,70,70],"floor_reached":55,"playtime":5368,"items_purged":["Shame","BattleHymn+1","Strike_P+1"],"score":1631,"play_id":"94ece71d-d538-4cf6-a1b7-097250e3f4db","local_time":"20201212015909","is_ascension_mode":true,"campfire_choices":[{"data":"Strike_P","floor":7.0,"key":"PURGE"},{"data":"TalkToTheHand","floor":15.0,"key":"SMITH"},{"floor":23.0,"key":"REST"},{"floor":32.0,"key":"REST"},{"data":"Strike_P+1","floor":40.0,"key":"PURGE"},{"data":"Pain","floor":45.0,"key":"PURGE"},{"floor":47.0,"key":"RECALL"},{"floor":49.0,"key":"REST"},{"data":"Strike_P+1","floor":52.0,"key":"PURGE"}],"circlet_count":0,"master_deck":["AscendersBane","Defend_P+1","Defend_P+1","Defend_P+1","Defend_P+1","Eruption+1","Vigilance+1","LessonLearned","Conclude+1","TalkToTheHand+1","DevaForm","Meditate+1","FlurryOfBlows+1","WheelKick+1","Wish+1","Wireheading+1","MentalFortress+1","CutThroughFate+1","Omniscience+1","Wireheading+1","TalkToTheHand+1","Meditate+1","LikeWater","InnerPeace+1","CutThroughFate+1","Scrawl+1","EmptyMind+1","Adaptation+1","EmptyMind+1","Worship+1","MentalFortress"],"relics":["PureWater","Peace Pipe","Toy Ornithopter","Gremlin Horn","Mummified Hand","Cursed Key","PreservedInsect","Mercury Hourglass","Regal Pillow","Kunai","VioletLotus","StoneCalendar","Calipers","Shuriken","War Paint"],"acts_visited":["Exordium","TheCity","TheBeyond","TheEnding"],"potions_floor_usage":[55],"damage_taken":[{"damage":1.0,"enemies":"2 Louse","floor":1.0,"turns":4.0},{"damage":3.0,"enemies":"Cultist","floor":4.0,"turns":4.0},{"damage":7.0,"enemies":"Jaw Worm","floor":5.0,"turns":3.0},{"damage":0.0,"enemies":"Gremlin Nob","floor":6.0,"turns":2.0},{"damage":0.0,"enemies":"2 Fungi Beasts","floor":8.0,"turns":5.0},{"damage":6.0,"enemies":"Looter","floor":10.0,"turns":5.0},{"damage":0.0,"enemies":"Lagavulin","floor":11.0,"turns":4.0},{"damage":3.0,"enemies":"Blue Slaver","floor":12.0,"turns":4.0},{"damage":16.0,"enemies":"3 Louse","floor":13.0,"turns":4.0},{"damage":4.0,"enemies":"3 Sentries","floor":14.0,"turns":4.0},{"damage":0.0,"enemies":"Hexaghost","floor":16.0,"turns":6.0},{"damage":9.0,"enemies":"2 Thieves","floor":18.0,"turns":5.0},{"damage":28.0,"enemies":"Shell Parasite","floor":19.0,"turns":8.0},{"damage":14.0,"enemies":"Snake Plant","floor":20.0,"turns":3.0},{"damage":4.0,"enemies":"Centurion and Healer","floor":22.0,"turns":9.0},{"damage":2.0,"enemies":"Sentry and Sphere","floor":24.0,"turns":4.0},{"damage":7.0,"enemies":"Gremlin Leader","floor":25.0,"turns":4.0},{"damage":6.0,"enemies":"Slavers","floor":27.0,"turns":5.0},{"damage":13.0,"enemies":"Cultist and Chosen","floor":28.0,"turns":5.0},{"damage":0.0,"enemies":"3 Cultists","floor":29.0,"turns":4.0},{"damage":2.0,"enemies":"Sentry and Sphere","floor":30.0,"turns":4.0},{"damage":22.0,"enemies":"Collector","floor":33.0,"turns":7.0},{"damage":17.0,"enemies":"Orb Walker","floor":35.0,"turns":4.0},{"damage":16.0,"enemies":"3 Darklings","floor":37.0,"turns":5.0},{"damage":0.0,"enemies":"Sphere and 2 Shapes","floor":38.0,"turns":4.0},{"damage":0.0,"enemies":"Maw","floor":41.0,"turns":6.0},{"damage":7.0,"enemies":"Nemesis","floor":42.0,"turns":7.0},{"damage":4.0,"enemies":"Reptomancer","floor":44.0,"turns":2.0},{"damage":6.0,"enemies":"Writhing Mass","floor":48.0,"turns":6.0},{"damage":40.0,"enemies":"Time Eater","floor":50.0,"turns":8.0},{"damage":44.0,"enemies":"Shield and Spear","floor":54.0,"turns":6.0},{"damage":17,"enemies":"The Heart","floor":55,"turns":3}],"seed_played":"4752834694403283909","potions_obtained":[{"floor":5.0,"key":"SteroidPotion"},{"floor":10.0,"key":"Dexterity Potion"},{"floor":13.0,"key":"LiquidBronze"},{"floor":18.0,"key":"StancePotion"},{"floor":22.0,"key":"BlessingOfTheForge"},{"floor":24.0,"key":"BlessingOfTheForge"},{"floor":25.0,"key":"DistilledChaos"},{"floor":27.0,"key":"Ancient Potion"},{"floor":28.0,"key":"LiquidBronze"},{"floor":35.0,"key":"EssenceOfSteel"},{"floor":38.0,"key":"SkillPotion"},{"floor":42.0,"key":"LiquidMemories"}],"is_trial":false,"path_per_floor":["M","?","$","M","M","E","R","M","T","M","E","M","M","E","R","B",null,"M","M","M","?","M","R","M","E","T","E","M","M","M","$","R","B",null,"M","$","M","M","?","R","M","E","T","E","R","$","R","M","R","B",null,"R","$","E","B"],"character_chosen":"WATCHER","items_purchased":["BattleHymn","Ambrosia","LikeWater","Kunai","InnerPeace","CutThroughFate","EmptyMind","Adaptation","Shuriken","MentalFortress"],"campfire_rested":3,"item_purchase_floors":[3,31,31,31,31,31,36,36,46,53],"current_hp_per_floor":[60,60,60,57,50,50,50,50,50,44,44,41,25,21,21,21,56,47,19,10,10,11,31,29,22,22,26,13,13,16,16,51,34,60,43,43,32,32,32,32,37,30,30,26,26,26,26,25,60,20,56,56,56,12,0,0],"gold":70,"neow_bonus":"ONE_RANDOM_RARE_CARD","is_daily":false,"chose_seed":false,"campfire_upgraded":1,"win_rate":0.0,"timestamp":1607720349,"path_taken":["M","?","$","M","M","E","R","M","T","M","E","M","M","E","R","BOSS","BOSS","M","M","M","?","?","R","M","E","T","E","M","M","?","$","R","BOSS","M","$","?","M","?","R","M","E","T","E","R","?","R","M","R","BOSS","R","$","E","BOSS"],"items_purchased_type":["Card","Potion","Card","Relic","Card","Card","Card","Card","Relic","Card"],"build_version":"2020-11-30","purchased_purges":3,"victory":false,"max_hp_per_floor":[68,68,68,68,68,68,68,68,68,68,68,68,68,68,68,68,68,68,68,68,68,68,68,68,68,68,68,68,68,68,68,68,68,68,68,68,68,68,68,68,68,68,68,68,68,68,68,68,68,68,68,68,68,68,68,68],"relic_stats":{"Regal Pillow":30,"Gremlin Horn":[24,24],"counters":[32,154],"StoneCalendar":[52],"PreservedInsect":230,"War Paint":["InnerPeace"],"Cursed Key":2,"Mercury Hourglass":[303],"Peace Pipe":5,"Mummified Hand":[129],"Shuriken":[20],"VioletLotus":[42],"Kunai":[53],"obtain_stats":[{"Regal Pillow":27,"Calipers":44,"Gremlin Horn":9,"StoneCalendar":42,"PreservedInsect":25,"War Paint":54,"Cursed Key":17,"Mercury Hourglass":26,"Peace Pipe":2,"Mummified Hand":14,"Shuriken":46,"VioletLotus":34,"Kunai":31,"PureWater":0,"Toy Ornithopter":6},{"Regal Pillow":18,"Calipers":28,"Gremlin Horn":5,"StoneCalendar":27,"PreservedInsect":17,"War Paint":31,"Cursed Key":11,"Mercury Hourglass":17,"Peace Pipe":1,"Mummified Hand":10,"Shuriken":28,"VioletLotus":22,"Kunai":21,"PureWater":0,"Toy Ornithopter":4},{"Regal Pillow":83,"Calipers":131,"Gremlin Horn":18,"StoneCalendar":129,"PreservedInsect":78,"War Paint":151,"Cursed Key":45,"Mercury Hourglass":78,"Peace Pipe":4,"Mummified Hand":39,"Shuriken":131,"VioletLotus":103,"Kunai":96,"PureWater":0,"Toy Ornithopter":13}],"Toy Ornithopter":50},"card_choices":[{"not_picked":["JustLucky","Nirvana"],"picked":"SashWhip","floor":1.0},{"not_picked":["SashWhip","BattleHymn"],"picked":"Conclude","floor":4.0},{"not_picked":["ThirdEye","ClearTheMind"],"picked":"TalkToTheHand","floor":5.0},{"not_picked":["EmptyFist","Prostrate"],"picked":"DevaForm","floor":6.0},{"not_picked":["FollowUp","Weave","DeceiveReality"],"picked":"SKIP","floor":8.0},{"not_picked":["JustLucky","ClearTheMind"],"picked":"Meditate","floor":10.0},{"not_picked":["SignatureMove","MasterReality","Worship"],"picked":"SKIP","floor":11.0},{"not_picked":["ForeignInfluence","Perseverance"],"picked":"FlurryOfBlows","floor":12.0},{"not_picked":["ThirdEye","Study"],"picked":"WheelKick","floor":13.0},{"not_picked":["FlyingSleeves","Pray","ClearTheMind"],"picked":"SKIP","floor":14.0},{"not_picked":["DeusExMachina","ConjureBlade"],"picked":"Wish","floor":16.0},{"not_picked":["FlyingSleeves","BowlingBash+1"],"picked":"Wireheading","floor":18.0},{"not_picked":["FollowUp","BowlingBash"],"picked":"MentalFortress","floor":19.0},{"not_picked":["ReachHeaven","Pray"],"picked":"CutThroughFate+1","floor":20.0},{"not_picked":["BattleHymn","SashWhip","CrushJoints"],"picked":"SKIP","floor":22.0},{"not_picked":["FlurryOfBlows","Consecrate"],"picked":"Wireheading+1","floor":24.0},{"not_picked":["CrushJoints","Crescendo","Indignation"],"picked":"SKIP","floor":25.0},{"not_picked":["CrushJoints","Crescendo","Indignation"],"picked":"SKIP","floor":25.0},{"not_picked":["DeceiveReality","Collect+1","Crescendo"],"picked":"SKIP","floor":27.0},{"not_picked":["WreathOfFlame+1","Blasphemy","SignatureMove"],"picked":"SKIP","floor":28.0},{"not_picked":["SandsOfTime","Halt+1"],"picked":"TalkToTheHand","floor":29.0},{"not_picked":["DeceiveReality","Pray+1"],"picked":"Meditate","floor":30.0},{"not_picked":["Devotion","Alpha"],"picked":"Scrawl","floor":33.0},{"not_picked":["WindmillStrike","FearNoEvil","FlurryOfBlows"],"picked":"SKIP","floor":35.0},{"not_picked":["Halt+1","CrushJoints","PathToVictory"],"picked":"SKIP","floor":37.0},{"not_picked":["Protect+1","CutThroughFate+1"],"picked":"EmptyMind","floor":38.0},{"not_picked":["Consecrate+1","PathToVictory+1","BattleHymn"],"picked":"SKIP","floor":41.0},{"not_picked":["Evaluate+1","Devotion","Vengeance"],"picked":"SKIP","floor":42.0},{"not_picked":["FlurryOfBlows","Protect","BowlingBash+1"],"picked":"SKIP","floor":44.0},{"not_picked":["DeceiveReality","CutThroughFate+1"],"picked":"Worship+1","floor":48.0},{"not_picked":["FlurryOfBlows","Halt","ThirdEye"],"picked":"SKIP","floor":54.0}],"player_experience":989745,"relics_obtained":[{"floor":6.0,"key":"Toy Ornithopter"},{"floor":9.0,"key":"Gremlin Horn"},{"floor":14.0,"key":"Mummified Hand"},{"floor":25.0,"key":"PreservedInsect"},{"floor":26.0,"key":"Mercury Hourglass"},{"floor":27.0,"key":"Regal Pillow"},{"floor":42.0,"key":"StoneCalendar"},{"floor":44.0,"key":"Calipers"},{"floor":54.0,"key":"War Paint"}],"event_choices":[{"cards_removed":["SashWhip"],"damage_healed":0.0,"max_hp_gain":0.0,"max_hp_loss":0.0,"gold_gain":0.0,"event_name":"WeMeetAgain","player_choice":"Gave Card","floor":2.0,"gold_loss":0.0,"damage_taken":0.0,"relics_obtained":["Peace Pipe"]},{"damage_healed":0.0,"max_hp_gain":0.0,"max_hp_loss":0.0,"gold_gain":0.0,"event_name":"Match and Keep!","player_choice":"1 cards matched","floor":21.0,"gold_loss":0.0,"damage_taken":0.0,"cards_obtained":["Omniscience"]},{"damage_healed":0.0,"max_hp_gain":0.0,"max_hp_loss":0.0,"gold_gain":0.0,"event_name":"The Moai Head","player_choice":"Ignored","floor":39.0,"gold_loss":0.0,"damage_taken":0.0}],"is_beta":false,"boss_relics":[{"not_picked":["SlaversCollar","Runic Pyramid"],"picked":"Cursed Key"},{"not_picked":["Velvet Choker","Astrolabe"],"picked":"VioletLotus"}],"items_purged_floors":[31,36,53],"is_endless":false,"potions_floor_spawned":[5,10,13,14,16,18,22,24,25,27,28,35,38,42],"killed_by":"The Heart","ascension_level":18}}