{"host":"g4jqqbmo30rq7cal","time":1607690804,"event":{"mods":["BaseMod","Better Match","BetterRewards","Conspire","DeckTracker","Hermit","Minty Spire (QoL Compilation)","Rare Cards Sparkle","Shop Mod","StSLib","The Bug Knight","The Cursed","The Mystic","[IsaacMod]????"],"gold_per_floor":[118,128,140,140,140,151,163,194,241,268,294,294,312,322,322,424,424,441,458,383,418,26,26,44,44,44,44,44,63,86,100,100,195,195,215,225,276,276,291,291,291,291],"floor_reached":41,"playtime":1827,"items_purged":["Regret"],"score":455,"play_id":"019664a1-60c3-413f-9767-89c7b47b1337","local_time":"20201211174644","is_ascension_mode":false,"campfire_choices":[{"data":"Vigilance","floor":15,"key":"SMITH"},{"floor":23,"key":"RECALL"},{"data":"Devotion","floor":28,"key":"SMITH"},{"floor":32,"key":"REST"},{"floor":40,"key":"REST"}],"circlet_count":0,"master_deck":["Defend_P","Defend_P","Defend_P","Defend_P","Eruption","Vigilance+1","Devotion+1","SandsOfTime","Tantrum","FollowUp","EmptyBody","Conclude","EmptyBody+1","Alpha","WindmillStrike","LessonLearned","FearNoEvil","ReachHeaven+1","Perseverance+1","LikeWater+1","Brilliance","Bite","Bite","Bite","Bite","Bite+1","MentalFortress+1","TalkToTheHand","MasterReality","FearNoEvil+1","Meditate+1","conspire:Banana","Parasite","ThirdEye+1"],"relics":["PureWater","HushsDoor","YumHeart","DeathBook","Letter Opener","Meat on the Bone","Shuriken","Akabeko","VioletLotus","Red Mask","conspire:DecoderRing","MerchantsRug"],"acts_visited":["Exordium","TheCity","TheBeyond"],"potions_floor_usage":[8,8,16,16,18,21,33],"damage_taken":[{"damage":4,"enemies":"Cultist","floor":1,"turns":5},{"damage":0,"enemies":"2 Louse","floor":2,"turns":3},{"damage":0,"enemies":"Jaw Worm","floor":3,"turns":2},{"damage":7,"enemies":"Exordium Thugs","floor":6,"turns":4},{"damage":19,"enemies":"3 Louse","floor":7,"turns":3},{"damage":4,"enemies":"Lagavulin","floor":8,"turns":3},{"damage":6,"enemies":"conspire:MimicChest","floor":10,"turns":3},{"damage":29,"enemies":"Gremlin Nob","floor":11,"turns":4},{"damage":5,"enemies":"Looter","floor":13,"turns":3},{"damage":0,"enemies":"Exordium Thugs","floor":14,"turns":1},{"damage":50,"enemies":"The Guardian","floor":16,"turns":6},{"damage":0,"enemies":"3 Byrds","floor":18,"turns":2},{"damage":42,"enemies":"2 Thieves","floor":19,"turns":5},{"damage":12,"enemies":"Masked Bandits","floor":21,"turns":4},{"damage":17,"enemies":"Cultist and Chosen","floor":24,"turns":6},{"damage":16,"enemies":"Centurion and Healer","floor":29,"turns":6},{"damage":0,"enemies":"Snake Plant","floor":31,"turns":2},{"damage":34,"enemies":"conspire:MysteriousRune","floor":33,"turns":8},{"damage":0,"enemies":"Orb Walker","floor":35,"turns":4},{"damage":67,"enemies":"3 Darklings","floor":36,"turns":9},{"damage":31,"enemies":"Writhing Mass","floor":39,"turns":7},{"damage":43,"enemies":"Jaw Worm Horde","floor":41,"turns":3}],"seed_played":"-6647064038922350366","potions_obtained":[{"floor":2,"key":"Fire Potion"},{"floor":7,"key":"Fire Potion"},{"floor":11,"key":"Explosive Potion"},{"floor":14,"key":"BottledMiracle"},{"floor":16,"key":"ColorlessPotion"},{"floor":19,"key":"AttackPotion"},{"floor":24,"key":"Ambrosia"},{"floor":29,"key":"FairyPotion"},{"floor":31,"key":"Fire Potion"}],"is_trial":false,"path_per_floor":["M","M","M","?","T","M","M","E","T","?","E","?","M","M","R","B",null,"M","M","?","?","$","R","M","$","T","?","R","M","T","M","R","B",null,"M","M","$","?","M","R","M"],"character_chosen":"WATCHER","items_purchased":["conspire:DecoderRing","MerchantsRug","conspire:Banana"],"campfire_rested":2,"item_purchase_floors":[22,22,37],"current_hp_per_floor":[61,61,61,61,61,54,60,56,56,50,33,33,40,40,40,27,65,65,35,35,35,35,60,43,43,43,43,43,29,29,31,44,26,45,45,19,19,19,20,33,0,0],"gold":291,"neow_bonus":"THREE_RARE_CARDS","is_daily":false,"chose_seed":false,"campfire_upgraded":2,"win_rate":0.0,"timestamp":1607690804,"path_taken":["M","M","M","?","?","M","?","E","T","?","E","?","?","M","R","BOSS","M","M","?","?","?","R","M","$","T","?","R","M","?","?","R","BOSS","M","M","$","?","?","R","M"],"items_purchased_type":["Relic","Relic","Card"],"build_version":"2020-11-30","purchased_purges":1,"victory":false,"max_hp_per_floor":[65,65,65,65,65,65,65,65,65,65,65,65,65,65,65,65,65,65,65,65,65,65,65,65,65,65,45,45,45,45,45,45,45,45,45,45,45,45,46,46,47,47],"card_choices":[{"not_picked":["Establishment","DevaForm"],"picked":"Devotion","floor":0},{"not_picked":["Conclude","FlyingSleeves"],"picked":"SandsOfTime","floor":1},{"not_picked":["LikeWater","FlurryOfBlows"],"picked":"Tantrum","floor":2},{"not_picked":["FlyingSleeves","PathToVictory"],"picked":"FollowUp","floor":3},{"not_picked":["Establishment","Vengeance"],"picked":"Bomb","floor":6},{"not_picked":["SashWhip","Halt"],"picked":"EmptyBody","floor":7},{"not_picked":["ThirdEye","WaveOfTheHand"],"picked":"Conclude","floor":8},{"not_picked":["WheelKick","DeceiveReality"],"picked":"EmptyBody","floor":10},{"not_picked":["Wireheading","DeceiveReality"],"picked":"Alpha","floor":11},{"not_picked":["JustLucky","Protect"],"picked":"Bomb","floor":13},{"not_picked":["EmptyMind","Consecrate"],"picked":"WindmillStrike","floor":14},{"not_picked":["DevaForm","SpiritShield"],"picked":"LessonLearned","floor":16},{"not_picked":["DeceiveReality","Consecrate","InnerPeace"],"picked":"SKIP","floor":18},{"not_picked":["FollowUp","WheelKick"],"picked":"FearNoEvil","floor":19},{"not_picked":["WheelKick+1","Swivel+1"],"picked":"ReachHeaven+1","floor":20},{"not_picked":["SignatureMove+1","WreathOfFlame+1"],"picked":"Perseverance+1","floor":20},{"not_picked":["EmptyMind+1","Pray+1"],"picked":"LikeWater+1","floor":20},{"not_picked":["CrushJoints","PathToVictory"],"picked":"Brilliance","floor":21},{"not_picked":["DeceiveReality","SashWhip","PathToVictory"],"picked":"SKIP","floor":24},{"not_picked":["WaveOfTheHand","Crescendo"],"picked":"MentalFortress+1","floor":29},{"not_picked":["EmptyFist","EmptyMind"],"picked":"TalkToTheHand","floor":31},{"not_picked":["DeusExMachina","Omniscience"],"picked":"MasterReality","floor":33},{"not_picked":["Consecrate+1","FlyingSleeves"],"picked":"FearNoEvil+1","floor":35},{"not_picked":["EmptyFist","JustLucky+1"],"picked":"Meditate+1","floor":36},{"not_picked":["ForeignInfluence+1","FollowUp+1"],"picked":"ThirdEye+1","floor":39}],"player_experience":292149,"relics_obtained":[{"floor":5,"key":"Letter Opener"},{"floor":8,"key":"Meat on the Bone"},{"floor":10,"key":"Shuriken"},{"floor":11,"key":"Akabeko"},{"floor":21,"key":"Red Mask"},{"floor":26,"key":"BookOfRevelations"},{"floor":30,"key":"conspire:TopHat"}],"event_choices":[{"damage_healed":0,"gold_gain":0,"player_choice":"Box","damage_taken":0,"relics_obtained":["DeathBook"],"max_hp_gain":0,"max_hp_loss":0,"event_name":"Big Fish","floor":4,"gold_loss":0,"cards_obtained":["Regret"]},{"damage_healed":0,"gold_gain":0,"player_choice":"Disagree","damage_taken":0,"max_hp_gain":0,"max_hp_loss":0,"event_name":"conspire:LoneGhost","floor":12,"gold_loss":0},{"damage_healed":0,"gold_gain":0,"player_choice":"3","damage_taken":0,"max_hp_gain":0,"max_hp_loss":0,"event_name":"betterMatch:BetterMatch","floor":20,"gold_loss":0,"cards_obtained":["betterMatch:UncommonCard"]},{"damage_healed":0,"gold_gain":0,"player_choice":"Fought Bandits","damage_taken":0,"max_hp_gain":0,"max_hp_loss":0,"event_name":"Masked Bandits","floor":21,"gold_loss":0},{"damage_healed":0,"gold_gain":0,"player_choice":"Became a vampire","damage_taken":0,"max_hp_gain":0,"max_hp_loss":20,"event_name":"Vampires","floor":27,"gold_loss":0,"cards_obtained":["Bite","Bite","Bite","Bite","Bite"]}],"is_beta":false,"boss_relics":[{"not_picked":["conspire:RunicOctahedron","conspire:RoyalGoblet"],"picked":"VioletLotus"},{"not_picked":[]},{"not_picked":["Velvet Choker","SlaversCollar"],"picked":"conspire:SpecialSausage"},{"not_picked":[]}],"items_purged_floors":[37],"is_endless":false,"potions_floor_spawned":[2,7,11,14,16,19,24,29,31],"killed_by":"Jaw Worm Horde","ascension_level":0}}