{"host":"htqwg582tjjtn9p7","time":1607708771,"event":{"mods":["2.2 Compatiblity","AchievementEnabler","Act Like it!","Aspiration","BaseMod","Better Third Choice","Colored Map","Conspire","Curses Come First","Displayed Cursed Tome","Energized Spire","Force Act Four","GifTheSpireLib","Hermit","Highlight Path","JesterMod","Mad Scientist","Minty Spire (QoL Compilation)","Pale of the Ancients","Permanent Neow","Random Character Button","Relic Stats","Replay The Spire","Robot Space Explorer","Somnambulant","Spicy Shops","Spikes Relics","StSLib","Stuff the Spire","The Blue Laboratory","The Disciple","The Dragon Tamer","The Forsaken","The Gatherer","The Judge","The Jungle","The Runesmith","The Servant 0.9.4"],"gold_per_floor":[110,110,110,2,21,21,46,46,97,97,120,146,165,182,182,255,255,266,266,266],"floor_reached":19,"playtime":662,"items_purged":[],"score":306,"play_id":"a6060af2-9ea2-44aa-ba84-2eae9099d20e","local_time":"20201211184611","is_ascension_mode":true,"campfire_choices":[{"data":"Bash","floor":6,"key":"SMITH"},{"data":"Clothesline","floor":8,"key":"SMITH"},{"floor":10,"key":"REST"},{"floor":15,"key":"REST"}],"circlet_count":0,"master_deck":["AscendersBane","Strike_R","Strike_R","Strike_R","Strike_R","Defend_R","Defend_R","Defend_R+1","Defend_R","Bash+1","Ghostly Armor","Ghostly Armor","Clothesline+1","Barricade","StuffTheSpire:Slingshot","conspire:Purge","ReplayReversal"],"relics":["StuffTheSpire:Kangaroo","Red Skull","aspiration:ChemicalBlood","Blue Doll","ReplayTheSpireMod:Shallot","Snecko Eye"],"acts_visited":["Exordium","TheCity"],"potions_floor_usage":[13,16,16,16,18],"damage_taken":[{"damage":8,"enemies":"conspire:RoseBush","floor":1,"turns":7},{"damage":0,"enemies":"2 Louse","floor":5,"turns":5},{"damage":26,"enemies":"Replay:BlueRogue","floor":7,"turns":10},{"damage":32,"enemies":"Lagavulin","floor":12,"turns":7},{"damage":8,"enemies":"Jaw Worm","floor":13,"turns":4},{"damage":0,"enemies":"Blue Slaver","floor":14,"turns":2},{"damage":29,"enemies":"Slime Boss","floor":16,"turns":12},{"damage":36,"enemies":"conspire:FuzzyDice","floor":18,"turns":7},{"damage":0,"enemies":"3 Byrds","floor":19,"turns":2}],"seed_played":"-9048597017601507073","potions_obtained":[{"floor":1,"key":"Fire Potion"},{"floor":13,"key":"Fire Potion"},{"floor":16,"key":"Elixir"},{"floor":18,"key":"Dexterity Potion"}],"is_trial":false,"path_per_floor":["M","?","?","$","M","R","E","R","T","R","T","E","M","M","R","B",null,"M","M"],"character_chosen":"IRONCLAD","items_purchased":["Ghostly Armor"],"campfire_rested":2,"item_purchase_floors":[4],"current_hp_per_floor":[60,60,60,60,60,60,34,34,34,56,56,24,16,16,38,9,59,23,23,23],"gold":266,"neow_bonus":"BOSS_RELIC","is_daily":false,"chose_seed":false,"campfire_upgraded":2,"win_rate":0.0,"timestamp":1607708771,"path_taken":["M","?","?","?","M","R","E","R","T","R","?","E","?","M","R","BOSS","M","M"],"items_purchased_type":["Card"],"build_version":"2020-11-30","purchased_purges":0,"victory":false,"max_hp_per_floor":[75,75,75,75,75,75,75,75,75,75,75,75,75,75,75,75,75,75,75,75],"relic_stats":{"counters":[9,56],"Snecko Eye":[2,3,4,5],"obtain_stats":[{"ReplayTheSpireMod:Shallot":12,"Snecko Eye":17,"Blue Doll":11,"StuffTheSpire:Kangaroo":0,"Burning Blood":0,"Red Skull":7,"aspiration:ChemicalBlood":9},{"ReplayTheSpireMod:Shallot":4,"Snecko Eye":7,"Blue Doll":3,"StuffTheSpire:Kangaroo":0,"Burning Blood":0,"Red Skull":3,"aspiration:ChemicalBlood":3},{"ReplayTheSpireMod:Shallot":29,"Snecko Eye":47,"Blue Doll":22,"StuffTheSpire:Kangaroo":0,"Burning Blood":0,"Red Skull":22,"aspiration:ChemicalBlood":22}]},"card_choices":[{"not_picked":["Flame Barrier","Reckless Charge"],"picked":"Ghostly Armor","floor":1},{"not_picked":["Thunderclap","Warcry","Shrug It Off"],"picked":"SKIP","floor":5},{"not_picked":["ReplayTheSpireMod:LeadingStrike","StuffTheSpire:Pyroclast"],"picked":"Clothesline","floor":7},{"not_picked":["Body Slam","Sentinel"],"picked":"Barricade","floor":12},{"not_picked":["Clothesline","Dual Wield"],"picked":"StuffTheSpire:Slingshot","floor":13},{"not_picked":["ReplayTheSpireMod:Corrosion Curse","Immolate","StuffTheSpire:Incineration"],"picked":"SKIP","floor":14},{"not_picked":["Exhume","Hemogenesis"],"picked":"conspire:Purge","floor":16},{"not_picked":["StuffTheSpire:Incineration","ReplayReversal","Rupture+1"],"picked":"SKIP","floor":18},{"not_picked":["StuffTheSpire:Incineration","Rupture+1"],"picked":"ReplayReversal","floor":18}],"player_experience":1651058,"relics_obtained":[{"floor":7,"key":"Red Skull"},{"floor":9,"key":"aspiration:ChemicalBlood"},{"floor":11,"key":"Blue Doll"},{"floor":12,"key":"ReplayTheSpireMod:Shallot"}],"event_choices":[{"damage_healed":0,"gold_gain":0,"player_choice":"Ignored","damage_taken":0,"max_hp_gain":0,"max_hp_loss":0,"event_name":"Golden Idol","floor":2,"gold_loss":0}],"is_beta":false,"boss_relics":[{"not_picked":["Velvet Choker","Honey Jar"],"picked":"Snecko Eye"}],"items_purged_floors":[],"is_endless":false,"potions_floor_spawned":[1,13,16],"killed_by":"3 Byrds","ascension_level":15}}