{"host":"cuc3wnex0wexwxxi","time":1607650102,"event":{"mods":["BaseMod","BetterRewards","Colored Powertips","Minty Spire (QoL Compilation)","Relic Stats","StSLib"],"gold_per_floor":[110,127,127,29,29,29,59,78,155,230,256,266,266,281,281,380,380,393,393,412,412,327,327,354,19,19,35,50,65,65,65,65,170,170,183,183,201,249,182,182,182],"floor_reached":40,"playtime":1500,"items_purged":["Writhe"],"score":687,"play_id":"74863f69-c32f-4fab-8cfc-83de33be44b0","local_time":"20201210202822","is_ascension_mode":true,"campfire_choices":[{"data":"Bash","floor":6,"key":"SMITH"},{"data":"Inflame","floor":13,"key":"SMITH"},{"floor":15,"key":"REST"},{"floor":23,"key":"REST"},{"floor":32,"key":"REST"}],"circlet_count":0,"master_deck":["AscendersBane","Strike_R","Strike_R","Strike_R","Strike_R","Defend_R","Defend_R","Defend_R","Defend_R+1","Bash+1","Twin Strike","Anger+1","Swift Strike+1","Sword Boomerang","Inflame+1","Rage","Double Tap","Feed","Shrug It Off","True Grit+1","Limit Break","Flex","Injury","Inflame","Armaments+1","Sword Boomerang+1","Feed","Heavy Blade+1","Regret"],"relics":["Burning Blood","NeowsBlessing","Tiny Chest","The Courier","Bottled Flame","Cursed Key","Nilry\u0027s Codex","Sundial","Juzu Bracelet","Red Skull","Lizard Tail","Gremlin Horn","SlaversCollar","Lantern","Meat on the Bone"],"acts_visited":["Exordium","TheCity","TheBeyond"],"potions_floor_usage":[11,14,14,16,27,28,31,33,40,40],"damage_taken":[{"damage":0,"enemies":"Jaw Worm","floor":1,"turns":1},{"damage":1,"enemies":"Small Slimes","floor":2,"turns":2},{"damage":0,"enemies":"Gremlin Nob","floor":7,"turns":1},{"damage":1,"enemies":"2 Louse","floor":8,"turns":3},{"damage":20,"enemies":"3 Sentries","floor":11,"turns":5},{"damage":18,"enemies":"Lots of Slimes","floor":12,"turns":4},{"damage":0,"enemies":"Large Slime","floor":14,"turns":4},{"damage":55,"enemies":"The Guardian","floor":16,"turns":8},{"damage":19,"enemies":"3 Byrds","floor":18,"turns":5},{"damage":6,"enemies":"Spheric Guardian","floor":20,"turns":3},{"damage":45,"enemies":"Gremlin Leader","floor":24,"turns":7},{"damage":15,"enemies":"3 Cultists","floor":27,"turns":4},{"damage":22,"enemies":"Snecko","floor":28,"turns":4},{"damage":28,"enemies":"Snake Plant","floor":29,"turns":3},{"damage":9,"enemies":"Shelled Parasite and Fungi","floor":31,"turns":2},{"damage":26,"enemies":"Collector","floor":33,"turns":6},{"damage":17,"enemies":"Orb Walker","floor":35,"turns":3},{"damage":14,"enemies":"3 Darklings","floor":37,"turns":4},{"damage":88,"enemies":"Giant Head","floor":40,"turns":6}],"seed_played":"1747697577174700853","potions_obtained":[{"floor":1,"key":"LiquidMemories"},{"floor":7,"key":"SteroidPotion"},{"floor":12,"key":"BlessingOfTheForge"},{"floor":14,"key":"LiquidMemories"},{"floor":24,"key":"BlessingOfTheForge"},{"floor":27,"key":"GamblersBrew"},{"floor":30,"key":"BloodPotion"},{"floor":30,"key":"SmokeBomb"},{"floor":30,"key":"SneckoOil"},{"floor":35,"key":"Dexterity Potion"},{"floor":37,"key":"AttackPotion"}],"is_trial":false,"path_per_floor":["M","M","?","$","?","R","E","M","T","?","E","M","R","M","R","B",null,"M","?","M","T","?","R","E","$","T","M","M","M","?","M","R","B",null,"M","?","M","T","?","E"],"character_chosen":"IRONCLAD","items_purchased":["Swift Strike","Lizard Tail","Flex"],"campfire_rested":3,"item_purchase_floors":[4,25,25],"current_hp_per_floor":[78,80,64,64,64,64,70,75,75,67,53,41,41,47,71,22,66,56,40,43,43,43,68,29,29,29,23,7,33,33,33,60,40,79,71,71,63,63,63,0,0],"gold":182,"neow_bonus":"THREE_ENEMY_KILL","is_daily":false,"chose_seed":false,"campfire_upgraded":2,"win_rate":0.0,"timestamp":1607650102,"path_taken":["M","M","?","$","?","R","E","M","T","?","E","?","R","M","R","BOSS","M","?","M","?","?","R","E","$","T","M","M","M","?","M","R","BOSS","M","?","M","?","?","E"],"items_purchased_type":["Card","Relic","Card"],"build_version":"2020-11-30","purchased_purges":1,"victory":false,"max_hp_per_floor":[80,80,80,80,80,80,80,80,80,80,80,80,80,80,80,80,80,83,83,86,86,86,86,86,86,86,89,89,89,89,92,92,92,92,95,95,95,95,95,95,95],"relic_stats":{"Lizard Tail":44,"Gremlin Horn":[7,7],"counters":[19,75],"Sundial":[0],"Tiny Chest":2,"Juzu Bracelet":0,"Cursed Key":3,"obtain_stats":[{"Lantern":38,"NeowsBlessing":0,"Gremlin Horn":26,"Nilry\u0027s Codex":19,"The Courier":9,"Juzu Bracelet":22,"Cursed Key":17,"Burning Blood":0,"SlaversCollar":34,"Bottled Flame":11,"Lizard Tail":25,"Sundial":21,"Tiny Chest":7,"Red Skull":24,"Meat on the Bone":39},{"Lantern":18,"NeowsBlessing":0,"Gremlin Horn":11,"Nilry\u0027s Codex":9,"The Courier":4,"Juzu Bracelet":10,"Cursed Key":8,"Burning Blood":0,"SlaversCollar":16,"Bottled Flame":5,"Lizard Tail":11,"Sundial":10,"Tiny Chest":3,"Red Skull":11,"Meat on the Bone":18},{"Lantern":69,"NeowsBlessing":0,"Gremlin Horn":43,"Nilry\u0027s Codex":33,"The Courier":7,"Juzu Bracelet":36,"Cursed Key":28,"Burning Blood":0,"SlaversCollar":62,"Bottled Flame":12,"Lizard Tail":43,"Sundial":36,"Tiny Chest":4,"Red Skull":43,"Meat on the Bone":69}],"Burning Blood":105,"Meat on the Bone":0},"card_choices":[{"not_picked":["Metallicize","Flex"],"picked":"Twin Strike","floor":1},{"not_picked":["Pommel Strike","Headbutt"],"picked":"Anger","floor":2},{"not_picked":["Cleave","Shrug It Off"],"picked":"Sword Boomerang","floor":7},{"not_picked":["Pommel Strike","Perfected Strike"],"picked":"Inflame","floor":8},{"not_picked":["Reckless Charge","Second Wind"],"picked":"Rage","floor":11},{"not_picked":["Clothesline","Second Wind"],"picked":"Double Tap","floor":12},{"not_picked":["Feel No Pain","Flame Barrier","True Grit"],"picked":"SKIP","floor":14},{"not_picked":["Barricade","Bludgeon"],"picked":"Feed","floor":16},{"not_picked":["Infernal Blade","Fire Breathing"],"picked":"Shrug It Off","floor":18},{"not_picked":["Havoc","Headbutt"],"picked":"True Grit+1","floor":20},{"not_picked":["Armaments","Barricade"],"picked":"Limit Break","floor":24},{"not_picked":["Carnage+1","Shockwave"],"picked":"Inflame","floor":27},{"not_picked":["Seeing Red","Heavy Blade"],"picked":"Armaments+1","floor":28},{"not_picked":["Flex","Wild Strike+1"],"picked":"Sword Boomerang+1","floor":29},{"not_picked":["Corruption","Fiend Fire"],"picked":"Feed","floor":33},{"not_picked":["Pommel Strike+1","Clothesline+1"],"picked":"Heavy Blade+1","floor":35},{"not_picked":["Clash","Fire Breathing","Perfected Strike"],"picked":"SKIP","floor":37}],"player_experience":574640,"relics_obtained":[{"floor":7,"key":"Tiny Chest"},{"floor":9,"key":"The Courier"},{"floor":11,"key":"Bottled Flame"},{"floor":19,"key":"Nilry\u0027s Codex"},{"floor":21,"key":"Sundial"},{"floor":24,"key":"Red Skull"},{"floor":26,"key":"Gremlin Horn"},{"floor":38,"key":"Lantern"}],"event_choices":[{"damage_healed":0,"gold_gain":0,"player_choice":"Entered Light","damage_taken":16,"max_hp_gain":0,"max_hp_loss":0,"event_name":"Shining Light","floor":3,"gold_loss":0,"cards_upgraded":["Defend_R","Anger"]},{"damage_healed":0,"gold_gain":0,"player_choice":"Grow","damage_taken":0,"max_hp_gain":0,"max_hp_loss":0,"event_name":"Living Wall","floor":5,"gold_loss":0,"cards_upgraded":["Swift Strike"]},{"damage_healed":0,"gold_gain":75,"player_choice":"Touch","damage_taken":8,"max_hp_gain":0,"max_hp_loss":0,"event_name":"FaceTrader","floor":10,"gold_loss":0},{"damage_healed":0,"gold_gain":0,"player_choice":"Obtained Book","damage_taken":16,"max_hp_gain":0,"max_hp_loss":0,"event_name":"Cursed Tome","floor":19,"gold_loss":0},{"damage_healed":0,"gold_gain":0,"player_choice":"Obtained Relic","damage_taken":0,"relics_obtained":["Juzu Bracelet"],"max_hp_gain":0,"max_hp_loss":0,"event_name":"Addict","floor":22,"gold_loss":85},{"damage_healed":0,"gold_gain":0,"player_choice":"Got Potions","damage_taken":0,"max_hp_gain":0,"max_hp_loss":0,"event_name":"Lab","floor":30,"gold_loss":0},{"cards_removed":["Strike_R"],"damage_healed":0,"gold_gain":0,"player_choice":"Removed Attack","damage_taken":0,"max_hp_gain":0,"max_hp_loss":0,"event_name":"Falling","floor":36,"gold_loss":0},{"damage_healed":0,"gold_gain":0,"player_choice":"Paid Gold","damage_taken":0,"relics_obtained":["Meat on the Bone"],"max_hp_gain":0,"max_hp_loss":0,"event_name":"WeMeetAgain","floor":39,"gold_loss":67}],"is_beta":false,"boss_relics":[{"not_picked":["Astrolabe","Pandora\u0027s Box"],"picked":"Cursed Key"},{"not_picked":["Coffee Dripper","Busted Crown"],"picked":"SlaversCollar"}],"items_purged_floors":[25],"is_endless":false,"potions_floor_spawned":[1,7,12,14,24,27,31,35,37],"killed_by":"Giant Head","ascension_level":10}}