{"host":"1bqbj1s4pyvm9utn","time":1607654909,"event":{"mods":["AchievementEnabler","Aspiration","Bard","BaseMod","Beaked The Cultist","Better Altar","Better Match","Better Note","Better Sensory Stone","Better Skull","Better Third Choice","BetterRewards","CCEM","Clawfect","Colored Map","Conspire","Downfall","GifTheSpireLib","Halation","Hermit","Highlight Path","Hubris","Humility","Infinite Spire","Jedi Mod","Jorbs\u0027s Wanderer Trilogy","Mad Scientist","Marisa????????","Mimic Mod","Minty Spire (QoL Compilation)","Permanent Neow","Replay The Spire","Shade Mod","Shop Mod","Spicy Shops","StSLib","Stuff the Spire","The Bug Knight","The Construct","The Cursed","The Disciple","The Gatherer","The Hierophant","The Jungle","The Mystic","The Necromancer","The Runesmith","The Servant 0.9.4","The Spell Scribe","The Witch","Unceasing Turn Reminder","everything is the same but u backflip on backflip","slay the spire mod where everything is the same but ironclad has a cowboy hat","vexMod"],"gold_per_floor":[110,125,100,275,275,314,348,348,419,449,449,475,511,50,50,58,58],"floor_reached":16,"playtime":1041,"items_purged":["Doubt"],"score":107,"play_id":"4bdbc67e-b939-4f4a-81fc-2e56b3dc50e7","local_time":"20201210184829","is_ascension_mode":true,"campfire_choices":[{"floor":8,"key":"REST"},{"floor":15,"key":"REST"}],"circlet_count":0,"master_deck":["Strike_G","Strike_G","Strike_G","Strike_G","Strike_G","Defend_G","Defend_G","Defend_G","Defend_G","Defend_G","Survivor","Neutralize","ReplayTheSpireMod:Tripwire","infinitespire:Neurotoxin","Dagger Spray","StuffTheSpire:MirrorStance","Outmaneuver","ReplayTheSpireMod:Speed Training"],"relics":["Ring of the Snake","aspiration:Nostalgia","MadScienceMod:FuelTank","Replay:Kaleidoscope","Replay:Bandana","StuffTheSpire:Mouthbags","CCEMRelics:DerglesHeadphones","aspiration:ChemicalBlood","Question Card","jedi:HeartOfTheCards"],"acts_visited":["Exordium"],"potions_floor_usage":[6,16,16,16,16,16,16],"damage_taken":[{"damage":7,"enemies":"Jaw Worm","floor":1,"turns":5},{"damage":5,"enemies":"Small Slimes","floor":2,"turns":5},{"damage":22,"enemies":"Lagavulin","floor":6,"turns":6},{"damage":0,"enemies":"Cultist","floor":7,"turns":3},{"damage":11,"enemies":"Red Slaver","floor":10,"turns":4},{"damage":7,"enemies":"Exordium Thugs","floor":12,"turns":4},{"damage":0,"enemies":"Lots of Slimes","floor":13,"turns":1},{"damage":60,"enemies":"The Guardian","floor":16,"turns":9}],"seed_played":"7473878517722963600","potions_obtained":[{"floor":1,"key":"BlessingOfTheForge"},{"floor":2,"key":"Death Potion"},{"floor":12,"key":"sneckomod:MuddlingPotion"},{"floor":13,"key":"Weak Potion"}],"is_trial":false,"path_per_floor":["M","M","?","?","?","E","M","R","T","M","?","M","M","$","R_BF","B"],"character_chosen":"THE_SILENT","items_purchased":["Question Card","jedi:HeartOfTheCards"],"campfire_rested":2,"item_purchase_floors":[14,14],"current_hp_per_floor":[63,58,58,58,58,36,36,57,57,46,46,39,39,39,60,0,0],"gold":58,"neow_bonus":"NOSTALGIA","is_daily":false,"chose_seed":false,"campfire_upgraded":0,"win_rate":0.0,"timestamp":1607654909,"path_taken":["M","M","?","?","?","E","M","R","T","M","?","?","M","$","R_BF","BOSS"],"items_purchased_type":["Relic","Relic"],"build_version":"2020-11-30","purchased_purges":1,"victory":false,"max_hp_per_floor":[70,70,70,70,70,70,70,70,70,70,70,70,70,70,70,70,70],"card_choices":[{"not_picked":["Prepared","Backflip"],"picked":"ReplayTheSpireMod:Tripwire","floor":1},{"not_picked":["Riddle With Holes","Deflect"],"picked":"Dagger Spray","floor":2},{"not_picked":["StuffTheSpire:Python","Hidden Blade"],"picked":"infinitespire:Neurotoxin","floor":6},{"not_picked":["Bane","ReplayTheSpireMod:The Works"],"picked":"StuffTheSpire:MirrorStance","floor":7},{"not_picked":["jedi:pocketpoison","Dagger Throw"],"picked":"StuffTheSpire:MirrorStance","floor":10},{"not_picked":["Acrobatics","Toxin Wave"],"picked":"Outmaneuver","floor":12},{"not_picked":["Sucker Punch","Bane"],"picked":"ReplayTheSpireMod:Speed Training","floor":13}],"player_experience":769084,"relics_obtained":[{"floor":5,"key":"Replay:Bandana"},{"floor":6,"key":"StuffTheSpire:Mouthbags"},{"floor":9,"key":"CCEMRelics:DerglesHeadphones"}],"event_choices":[{"damage_healed":0,"gold_gain":175,"player_choice":"AGREE","damage_taken":100,"max_hp_gain":0,"max_hp_loss":0,"event_name":"betterThird:BetterSerpent","floor":4,"gold_loss":0},{"cards_removed":["StuffTheSpire:MirrorStance"],"damage_healed":0,"gold_gain":0,"player_choice":"Gave Card","damage_taken":0,"relics_obtained":["aspiration:ChemicalBlood"],"max_hp_gain":0,"max_hp_loss":0,"event_name":"WeMeetAgain","floor":11,"gold_loss":0}],"is_beta":false,"boss_relics":[],"items_purged_floors":[14],"is_endless":false,"potions_floor_spawned":[1,2,12,13],"killed_by":"The Guardian","ascension_level":1}}