{"host":"vh33hu3wddwn6yt6","time":1607715372,"event":{"mods":["AchievementEnabler","Act Like it!","Aspiration","BaseMod","Better Altar","Better Match","Better Note","Better Sensory Stone","Better Skull","Better Third Choice","BetterRewards","Hubris","Infinite Spire","Minty Spire (QoL Compilation)","Permanent Neow","Replay The Spire","Shop Mod","Spicy Shops","StSLib","SuperFastMode","The Necromancer","The Poker Player","The Servant 0.9.4"],"gold_per_floor":[219,234,251,251,18,44,61,92,116,149,165,165,180,206,206,304,304,323,333,433,446,463,496,496,522,548,580,580,580,580,580,598,598,598,697,697,711,711,726,726,726,751,751,779,802,802,516,543,553,553,553,650,650,668,509,524,540,566,574,599,599,599,599,599,599,599,682,682,693,698,451,451,461,479,479,508,587,613,667,679,702,724,724,892,892,943,943,980,654,654,654,752,764,799,932,944,1041,1053,1065,1187,1199,1224,1236,1248,1354,1366,1378,1426,1069,1069,1069,736,799,799,843,843,1043,1043,1055,1055,1055,793,873,935,935,1020,1020,1068,1068,1137,1236,1236,1236,1501,1501,1627,1627,1653,1653,1798,1798,1881,2071,2071,2226,2226,1949,1849,1876,1876,1953,1953],"floor_reached":154,"playtime":3722,"items_purged":["Strike_W","Regret","hubris:Sloth","Regret","Strike_W","Doubt","Doubt"],"score":4256,"play_id":"09129008-c1dc-45f1-9e7a-1bd24c7ecb5a","local_time":"20201211203612","is_ascension_mode":true,"campfire_choices":[{"data":"Negative_Energy_Arrows","floor":15,"key":"SMITH"},{"floor":28,"key":"RECALL"},{"data":"Grasp_Heart","floor":34,"key":"SMITH"},{"data":"Negative_Energy_Javelin","floor":43,"key":"SMITH"},{"floor":46,"key":"REST"},{"data":"Life_Tap","floor":51,"key":"SMITH"},{"data":"Negative_Energy_Javelin","floor":63,"key":"SMITH"},{"data":"Delirium","floor":68,"key":"PURGE"},{"data":"Summon_Death_Knight","floor":77,"key":"SMITH"},{"data":"infinitespire:UltimateForm","floor":93,"key":"SMITH"},{"floor":102,"key":"REST"},{"floor":110,"key":"REST"},{"floor":117,"key":"REST"},{"floor":119,"key":"REST"},{"floor":132,"key":"REST"},{"floor":136,"key":"REST"},{"floor":144,"key":"REST"},{"floor":153,"key":"REST"}],"circlet_count":0,"master_deck":["Defend_W","Defend_W","Negative_Energy_Arrows+1","Summon_Death_Knight+1","Negative_Energy_Javelin+1","Grasp_Heart+1","Life_Tap+1","Negative_Energy_Arrows+1","Blood_Curse+1","Summon_Death_Knight+1","infinitespire:UltimateForm+1","Summon_Undead+1","Static Discharge+1","hubris:Compulsion","hubris:DuctTapeCard+12","Life_Tap+1"],"relics":["Vampire_Amulet","hubris:Zylophone","FossilizedHelix","Bag of Marbles","Tiny Chest","Potion Belt","PreservedInsect","Ginger","Busted Crown","Replay:Wanted Poster","WingedGreaves","Oddly Smooth Stone","infinitespire:Lucky Rock","hubris:Teleporter","hubris:DeckOfHolding","hubris:TerracottaHorce","Sling","aspiration:StickyExplosives_weak","infinitespire:Satchel","Molten Egg 2","Strawberry","DollysMirror","Orichalcum","Simple Rune","Regal Pillow","Matryoshka","Durian","ClockworkSouvenir","MerchantsRug","infinitespire:PuzzleCube","Akabeko","aspiration:ArtOfWarUpgrade","MealTicket","aspiration:ChemicalBlood","SacredBark","Counterbalance","hubris:ScarierMask","infinitespire:EmpoweringShard","Ancient Tea Set","Sundial","Question Card","ReplayTheSpireMod:TigerMarble","Blue Doll","Replay:Bandana","hubris:Backtick","Ice Cream","Membership Card","aspiration:ChemicalBlood","infinitespire:Beetle Shell","MawBank","Juzu Bracelet","Replay:Rubber Ducky","Blood Vial","aspiration:FetidBarrel","SlaversCollar","Gambling Chip","infinitespire:ShieldingShard","Vajra","hubris:OldNail","War Paint","Gremlin Food","Turnip","hubris:ToyBattleship","hubris:DisguiseKit","BargainBundle","Garlic","Replay:WaspNest","ReplayFunnel","aspiration:DSix","Bag of Preparation","FaceOfCleric","Gremlin Horn","Omamori","Blue Candle","hubris:DuctTape","ReplayTheSpireMod:Lightbulb","Frozen Egg 2","CaptainsWheel","Whetstone","infinitespire:Golems Mask","infinitespire:EvilPickle","Painkiller Herb","Mango","Replay:Baseball","Pocketwatch","Art of War","hubris:SlimyHat","hubris:Towel","hubris:EmptyBottle","aspiration:Nostalgia","Replay:M_StaffOfTheSnake","Replay:Ringing Soul","Nunchaku"],"acts_visited":["Exordium","TheCity","TheBeyond","Exordium","TheCity","TheBeyond","Exordium","TheCity","TheBeyond"],"potions_floor_usage":[3,6,8,8,16,35,35,35,39,52,52,86,103,103,103,120,121,154,154,154,154,154,154,154,154],"damage_taken":[{"damage":2,"enemies":"Small Slimes","floor":1,"turns":3},{"damage":1,"enemies":"Cultist","floor":2,"turns":3},{"damage":0,"enemies":"2 Louse","floor":3,"turns":1},{"damage":13,"enemies":"Lagavulin","floor":6,"turns":8},{"damage":0,"enemies":"Exordium Thugs","floor":7,"turns":4},{"damage":0,"enemies":"3 Sentries","floor":8,"turns":8},{"damage":23,"enemies":"Lagavulin","floor":10,"turns":7},{"damage":0,"enemies":"Exordium Wildlife","floor":11,"turns":3},{"damage":1,"enemies":"Red Slaver","floor":13,"turns":3},{"damage":0,"enemies":"Replay:BlueRogue","floor":14,"turns":5},{"damage":0,"enemies":"Fading Forest","floor":16,"turns":11},{"damage":0,"enemies":"2 Thieves","floor":18,"turns":4},{"damage":0,"enemies":"Spheric Guardian","floor":19,"turns":3},{"damage":14,"enemies":"Snake Plant","floor":21,"turns":3},{"damage":0,"enemies":"Snecko","floor":22,"turns":3},{"damage":0,"enemies":"Gremlin Leader","floor":23,"turns":4},{"damage":0,"enemies":"Book of Stabbing","floor":25,"turns":3},{"damage":0,"enemies":"Replay:Snechameleon","floor":27,"turns":3},{"damage":0,"enemies":"Shelled Parasite and Fungi","floor":32,"turns":4},{"damage":45,"enemies":"Automaton","floor":35,"turns":8},{"damage":0,"enemies":"Orb Walker","floor":37,"turns":3},{"damage":11,"enemies":"3 Darklings","floor":39,"turns":3},{"damage":0,"enemies":"R_Hoarder","floor":42,"turns":4},{"damage":8,"enemies":"Nightmare","floor":44,"turns":6},{"damage":0,"enemies":"R_Hoarder","floor":48,"turns":4},{"damage":0,"enemies":"Jaw Worm Horde","floor":49,"turns":3},{"damage":36,"enemies":"Replay:Hell Engine","floor":52,"turns":6},{"damage":0,"enemies":"Jaw Worm","floor":54,"turns":1},{"damage":0,"enemies":"Small Slimes","floor":57,"turns":2},{"damage":0,"enemies":"Cultist","floor":58,"turns":2},{"damage":8,"enemies":"3 Sentries","floor":59,"turns":3},{"damage":0,"enemies":"Exordium Wildlife","floor":61,"turns":2},{"damage":8,"enemies":"The Guardian","floor":69,"turns":5},{"damage":2,"enemies":"Chosen","floor":71,"turns":2},{"damage":0,"enemies":"Shell Parasite","floor":72,"turns":3},{"damage":0,"enemies":"Cultist and Chosen","floor":75,"turns":2},{"damage":0,"enemies":"Book of Stabbing","floor":76,"turns":2},{"damage":0,"enemies":"Slavers","floor":78,"turns":2},{"damage":8,"enemies":"Book of Stabbing","floor":80,"turns":2},{"damage":0,"enemies":"Centurion and Healer","floor":82,"turns":1},{"damage":0,"enemies":"Slavers","floor":84,"turns":2},{"damage":8,"enemies":"Champ","floor":86,"turns":6},{"damage":0,"enemies":"3 Darklings","floor":88,"turns":3},{"damage":18,"enemies":"Orb Walker","floor":90,"turns":2},{"damage":0,"enemies":"Reptomancer","floor":94,"turns":2},{"damage":0,"enemies":"Nightmare","floor":97,"turns":4},{"damage":59,"enemies":"Reptomancer","floor":100,"turns":3},{"damage":1,"enemies":"hubris:GrandSnecko","floor":103,"turns":7},{"damage":0,"enemies":"Small Slimes","floor":105,"turns":1},{"damage":0,"enemies":"3 Sentries","floor":111,"turns":2},{"damage":0,"enemies":"Lagavulin","floor":116,"turns":2},{"damage":0,"enemies":"3 Sentries","floor":118,"turns":1},{"damage":0,"enemies":"Hexaghost","floor":120,"turns":4},{"damage":0,"enemies":"2 Thieves","floor":122,"turns":2},{"damage":0,"enemies":"Gremlin Leader","floor":127,"turns":2},{"damage":0,"enemies":"Book of Stabbing","floor":129,"turns":2},{"damage":0,"enemies":"Slavers","floor":131,"turns":2},{"damage":0,"enemies":"Book of Stabbing","floor":133,"turns":2},{"damage":0,"enemies":"Pondfish","floor":137,"turns":5},{"damage":0,"enemies":"Orb Walker","floor":139,"turns":2},{"damage":0,"enemies":"3 Darklings","floor":143,"turns":1},{"damage":0,"enemies":"2 Orb Walkers","floor":145,"turns":1},{"damage":0,"enemies":"R_Hoarder","floor":146,"turns":3},{"damage":0,"enemies":"Jaw Worm Horde","floor":148,"turns":2},{"damage":124,"enemies":"infinitespire:LordOfFortification","floor":154,"turns":8}],"seed_played":"-4972867867607144847","potions_obtained":[{"floor":2,"key":"Toxic Potion"},{"floor":4,"key":"ColorlessPotion"},{"floor":4,"key":"GamblersBrew"},{"floor":4,"key":"DuplicationPotion"},{"floor":6,"key":"EssenceOfSteel"},{"floor":13,"key":"GamblersBrew"},{"floor":14,"key":"Block Potion"},{"floor":16,"key":"Cursed Concoction"},{"floor":18,"key":"Energy Potion"},{"floor":22,"key":"PowerPotion"},{"floor":27,"key":"SteroidPotion"},{"floor":35,"key":"BlessingOfTheForge"},{"floor":48,"key":"LiquidMemories"},{"floor":49,"key":"LiquidBronze"},{"floor":59,"key":"Adrenaline Potion"},{"floor":71,"key":"Dexterity Potion"},{"floor":72,"key":"PowerPotion"},{"floor":80,"key":"SkillPotion"},{"floor":82,"key":"Milkshake"},{"floor":94,"key":"Adrenaline Potion"},{"floor":105,"key":"SkillPotion"},{"floor":120,"key":"Fruit Juice"},{"floor":131,"key":"Languid Potion"},{"floor":137,"key":"Energy Potion"}],"is_trial":false,"path_per_floor":["M","M","M","?","$","E","M","E","T","E","M","?","M","E","R","B",null,"M","M","AVR","M","M","E","?","E","T","E","R","PTL","PTL","T","M","?","R","B",null,"M","?","M","AVR","T","E","R","NM","T","R","$","E","M","?","R","B",null,"M","$","M","M","E","M","T","R","T","R","AVR","T","R","B",null,"M","M","$","?","M","E","R","E","T","E","T","M","T","E","R","B",null,"M","?","M","$","?","R","E","R","T","NM","?","E","T","R","B",null,"M","?","?","?","T","R","E","$","T","?","$","E","R","E","R","B",null,"M","?","?","$","T","E","?","E","T","E","R","E","?","?","R","B",null,"?","AVR","T","?","?","T","?","E","T","?","?","T","NS","T","T","B"],"character_chosen":"NECROMANCER","items_purchased":["hubris:Zylophone","FossilizedHelix","DollysMirror","Orichalcum","ClockworkSouvenir","MerchantsRug","infinitespire:EmpoweringShard","Membership Card","aspiration:ChemicalBlood","infinitespire:Beetle Shell","hubris:OldNail","War Paint","Gremlin Food","Turnip","BargainBundle","Garlic","Replay:WaspNest","ReplayFunnel","Energy Potion","ColorlessPotion","Gremlin Horn","Omamori","Blue Candle","hubris:EmptyBottle","aspiration:Nostalgia","Replay:Ringing Soul"],"campfire_rested":9,"item_purchase_floors":[5,5,47,47,56,56,73,91,91,91,112,112,112,112,115,115,115,115,115,115,125,125,125,150,150,150],"current_hp_per_floor":[75,75,75,75,75,64,68,74,74,53,57,57,58,60,60,68,75,75,75,75,63,65,71,71,73,73,75,75,75,75,75,75,75,75,34,65,67,67,58,58,58,60,60,54,61,82,82,82,82,82,82,60,82,84,84,87,87,81,85,85,85,85,85,85,85,85,79,85,85,87,87,87,87,87,87,87,87,81,81,83,83,87,87,81,86,87,87,71,86,86,86,87,87,87,87,87,32,32,73,80,85,87,87,79,79,79,87,87,87,87,87,87,87,87,87,87,87,97,97,97,97,97,97,98,98,99,99,100,100,101,101,101,101,102,102,103,117,117,117,118,118,119,120,120,121,121,121,121,121,121,0,0],"gold":1953,"neow_bonus":"HUNDRED_GOLD","is_daily":false,"chose_seed":false,"campfire_upgraded":7,"win_rate":0.0,"timestamp":1607715372,"path_taken":["M","M","M","?","?","E","M","E","T","E","?","?","M","E","R","BOSS","M","M","AVR","M","M","E","?","E","T","E","R","PTL","PTL","?","?","?","R","BOSS","M","?","M","AVR","?","E","R","NM","T","R","?","E","M","?","R","BOSS","M","$","M","M","E","M","T","R","?","R","AVR","?","R","BOSS","M","?","$","?","M","E","R","E","T","E","?","M","?","E","R","BOSS","M","?","M","$","?","R","E","R","T","NM","?","E","?","R","BOSS","M","?","?","?","?","R","E","$","T","?","$","E","R","E","R","BOSS","M","?","?","$","?","E","?","E","T","E","R","E","?","?","R","BOSS","?","AVR","?","?","?","T","?","E","T","?","?","T","NS","?","T","BOSS"],"items_purchased_type":["Relic","Relic","Relic","Relic","Relic","Relic","Relic","Relic","Relic","Relic","Relic","Relic","Relic","Relic","Relic","Relic","Relic","Relic","Potion","Potion","Relic","Relic","Relic","Relic","Relic","Relic"],"build_version":"2020-11-30","purchased_purges":7,"victory":false,"max_hp_per_floor":[75,75,75,75,75,75,75,75,75,75,75,75,75,75,75,75,75,75,75,75,75,75,75,75,75,75,75,75,75,75,75,75,75,75,75,75,75,75,75,75,75,75,75,75,82,82,82,82,82,82,82,82,87,87,87,87,87,87,87,87,87,87,87,87,87,87,87,87,87,87,87,87,87,87,87,87,87,87,87,87,87,87,87,87,87,87,87,87,87,87,87,87,87,87,87,87,87,87,87,87,87,87,87,87,87,87,87,87,87,87,87,87,87,87,87,87,87,97,97,97,97,97,97,98,98,99,99,100,100,101,101,101,101,102,102,103,117,117,117,118,118,119,120,120,121,121,121,121,121,121,121,121],"card_choices":[{"not_picked":["Negative_Energy_Burst","Blood_Curse"],"picked":"Negative_Energy_Javelin","floor":1},{"not_picked":["Bone_Bullets","Consume_Illness","Vampiric_Strike"],"picked":"SKIP","floor":2},{"not_picked":["Death_Knell","Toxic_Smoke_Screen","Corrupt"],"picked":"SKIP","floor":3},{"not_picked":["Death_March_Dance","Bone_Armor","Death_Coil"],"picked":"SKIP","floor":6},{"not_picked":["Deaths_Shadow","Bones_to_Steel","Exploit"],"picked":"SKIP","floor":7},{"not_picked":["Bone_Spikes","Death_Coil","Bone_Armor"],"picked":"SKIP","floor":8},{"not_picked":["Stop_Heart","Violent_Necrosis"],"picked":"Summon_Death_Knight","floor":10},{"not_picked":["Blood_Curse","Blood_Whip"],"picked":"Negative_Energy_Javelin","floor":11},{"not_picked":["Shackles_Of_Pain","Bone_Spikes","Cloudkill"],"picked":"SKIP","floor":13},{"not_picked":["Blood_Is_Power","Uncharnel","Blood_Curse"],"picked":"SKIP","floor":14},{"not_picked":["Skeleton_Dragon","Negative_Energy_Bomb"],"picked":"Grasp_Heart","floor":16},{"not_picked":["Bone_Shift+1"],"picked":"SKIP","floor":18},{"not_picked":["Chill_Blood"],"picked":"SKIP","floor":19},{"not_picked":["Necromantic_Selection"],"picked":"SKIP","floor":21},{"not_picked":["Death_Knell+1"],"picked":"SKIP","floor":22},{"not_picked":["Deaths_Shadow"],"picked":"SKIP","floor":23},{"not_picked":["Finger_Of_Death"],"picked":"SKIP","floor":25},{"not_picked":["Blood_Whip"],"picked":"SKIP","floor":27},{"not_picked":["Slay_Living"],"picked":"SKIP","floor":32},{"not_picked":["Plague_Bolt+1"],"picked":"SKIP","floor":37},{"not_picked":["Plague_Bolt"],"picked":"SKIP","floor":39},{"not_picked":["Stop_Heart+1"],"picked":"SKIP","floor":42},{"not_picked":[],"picked":"Life_Tap","floor":44},{"not_picked":["Bone_Spikes+1"],"picked":"SKIP","floor":48},{"not_picked":["Finger_Of_Death+1"],"picked":"SKIP","floor":49},{"not_picked":[],"picked":"Delirium","floor":53},{"not_picked":[],"picked":"Regret","floor":53},{"not_picked":[],"picked":"hubris:Sloth","floor":53},{"not_picked":["Shackles_Of_Pain"],"picked":"SKIP","floor":54},{"not_picked":["Acid_Javelin+1"],"picked":"SKIP","floor":57},{"not_picked":["Necrotic_Claws+1"],"picked":"SKIP","floor":58},{"not_picked":["Stop_Heart"],"picked":"SKIP","floor":59},{"not_picked":[],"picked":"Blood_Curse+1","floor":61},{"not_picked":["Blood_Whip+1"],"picked":"SKIP","floor":71},{"not_picked":["Bone_Armor+1"],"picked":"SKIP","floor":72},{"not_picked":["Vampiric_Strike+1"],"picked":"SKIP","floor":75},{"not_picked":[],"picked":"Summon_Death_Knight","floor":76},{"not_picked":["Negative_Energy_Javelin+1"],"picked":"SKIP","floor":78},{"not_picked":["Bone_Bullets+1"],"picked":"SKIP","floor":80},{"not_picked":["Deaths_Shadow+1","Vampiric_Strike+1"],"picked":"SKIP","floor":82},{"not_picked":["Negative_Energy_Javelin+1","Death_Coil+1"],"picked":"SKIP","floor":84},{"not_picked":["infinitespire:Collect","infinitespire:SevenWalls"],"picked":"infinitespire:UltimateForm","floor":87},{"not_picked":["Consume_Illness","Toxic_Smoke_Screen"],"picked":"SKIP","floor":88},{"not_picked":["Negative_Energy_Javelin+1","Skeleton_Dragon"],"picked":"SKIP","floor":90},{"not_picked":["Strike_from_Beyond+1","Violent_Necrosis+1"],"picked":"SKIP","floor":94},{"not_picked":["Negative_Energy_Sphere+1"],"picked":"Summon_Undead+1","floor":97},{"not_picked":["Summon_Lich","Plague_Bolt+1"],"picked":"SKIP","floor":100},{"not_picked":["Slay_Living+1","Thousand_Bone_Knives+1"],"picked":"SKIP","floor":105},{"not_picked":["Death_Coil+1","Negative_Energy_Sphere+1"],"picked":"SKIP","floor":111},{"not_picked":["Detonate_Bones+1","Negative_Energy_Sphere+1","Advance"],"picked":"SKIP","floor":116},{"not_picked":["Bones_to_Steel","Negative_Energy_Mist","Misdirection"],"picked":"SKIP","floor":118},{"not_picked":["Corrupt+1","Death_March_Dance+1","SilverBlades"],"picked":"SKIP","floor":122},{"not_picked":["Shackles_Of_Pain+1","Requiem+1","FloweringNight"],"picked":"SKIP","floor":127},{"not_picked":["Uncharnel","Summon_Undead","Read"],"picked":"SKIP","floor":129},{"not_picked":["Negative_Energy_Shield","Acid_Javelin+1","BottledTime"],"picked":"SKIP","floor":131},{"not_picked":["Death_Knell+1","Summon_Undead+1","Potential"],"picked":"SKIP","floor":133},{"not_picked":["Bones_to_Steel+1","Death_Coil+1","Ricochet"],"picked":"SKIP","floor":139},{"not_picked":["Consume_Illness","Negative_Energy_Mist+1","Read"],"picked":"SKIP","floor":143},{"not_picked":["Blood_for_Blood+1","Flesh_Made_Foul+1","FastForward"],"picked":"SKIP","floor":146},{"not_picked":["Scare","Bones_to_Steel+1","Read"],"picked":"SKIP","floor":148}],"player_experience":366284,"relics_obtained":[{"floor":6,"key":"Bag of Marbles"},{"floor":8,"key":"Tiny Chest"},{"floor":9,"key":"Potion Belt"},{"floor":10,"key":"PreservedInsect"},{"floor":14,"key":"Ginger"},{"floor":23,"key":"Oddly Smooth Stone"},{"floor":25,"key":"infinitespire:Lucky Rock"},{"floor":27,"key":"hubris:Teleporter"},{"floor":31,"key":"hubris:DeckOfHolding"},{"floor":41,"key":"aspiration:StickyExplosives_weak"},{"floor":42,"key":"infinitespire:Satchel"},{"floor":44,"key":"Molten Egg 2"},{"floor":45,"key":"Strawberry"},{"floor":48,"key":"Simple Rune"},{"floor":59,"key":"infinitespire:PuzzleCube"},{"floor":62,"key":"Akabeko"},{"floor":62,"key":"Art of War"},{"floor":64,"key":"MealTicket"},{"floor":67,"key":"Counterbalance"},{"floor":78,"key":"Ancient Tea Set"},{"floor":79,"key":"Sundial"},{"floor":80,"key":"Question Card"},{"floor":81,"key":"ReplayTheSpireMod:TigerMarble"},{"floor":83,"key":"Blue Doll"},{"floor":84,"key":"Replay:Bandana"},{"floor":94,"key":"MawBank"},{"floor":96,"key":"Juzu Bracelet"},{"floor":97,"key":"Replay:Rubber Ducky"},{"floor":100,"key":"Blood Vial"},{"floor":101,"key":"aspiration:FetidBarrel"},{"floor":109,"key":"infinitespire:ShieldingShard"},{"floor":111,"key":"Vajra"},{"floor":113,"key":"hubris:ToyBattleship"},{"floor":116,"key":"aspiration:DSix"},{"floor":118,"key":"Bag of Preparation"},{"floor":126,"key":"hubris:DuctTape"},{"floor":127,"key":"ReplayTheSpireMod:Lightbulb"},{"floor":129,"key":"Frozen Egg 2"},{"floor":130,"key":"CaptainsWheel"},{"floor":131,"key":"Whetstone"},{"floor":133,"key":"infinitespire:Golems Mask"},{"floor":141,"key":"Replay:Baseball"},{"floor":145,"key":"Pocketwatch"},{"floor":146,"key":"Art of War"},{"floor":147,"key":"hubris:SlimyHat"},{"floor":152,"key":"Nunchaku"}],"event_choices":[{"damage_healed":0,"gold_gain":0,"player_choice":"Got Potions","damage_taken":0,"max_hp_gain":0,"max_hp_loss":0,"event_name":"Lab","floor":4,"gold_loss":0},{"cards_removed":["Strike_W"],"damage_healed":0,"gold_gain":0,"player_choice":"Offered Basic","damage_taken":0,"max_hp_gain":0,"max_hp_loss":0,"event_name":"Bonfire Elementals","floor":12,"gold_loss":0},{"damage_healed":0,"gold_gain":0,"player_choice":"Upgraded","damage_taken":0,"max_hp_gain":0,"max_hp_loss":0,"event_name":"Upgrade Shrine","floor":24,"gold_loss":0,"cards_upgraded":["Summon_Death_Knight"]},{"damage_healed":0,"gold_gain":0,"player_choice":"Ignored","damage_taken":0,"max_hp_gain":0,"max_hp_loss":0,"event_name":"Transmorgrifier","floor":33,"gold_loss":0},{"damage_healed":0,"gold_gain":0,"player_choice":"Gave Potion","damage_taken":0,"relics_obtained":["Pet Ghost"],"max_hp_gain":0,"max_hp_loss":0,"event_name":"WeMeetAgain","floor":50,"gold_loss":0},{"damage_healed":0,"gold_gain":0,"player_choice":"Ignored","damage_taken":0,"max_hp_gain":0,"max_hp_loss":0,"event_name":"Cursed Tome","floor":74,"gold_loss":0},{"damage_healed":0,"gold_gain":0,"player_choice":"Ignored","damage_taken":0,"max_hp_gain":0,"max_hp_loss":0,"event_name":"Tomb of Lord Red Mask","floor":89,"gold_loss":0},{"cards_removed":["Defend_W"],"damage_healed":0,"gold_gain":0,"player_choice":"Removed Skill","damage_taken":0,"max_hp_gain":0,"max_hp_loss":0,"event_name":"Falling","floor":92,"gold_loss":0},{"damage_healed":0,"gold_gain":0,"player_choice":"Bought 0 Potions","damage_taken":0,"max_hp_gain":0,"max_hp_loss":0,"event_name":"The Woman in Blue","floor":99,"gold_loss":0},{"damage_healed":87,"gold_gain":0,"player_choice":"Leave","damage_taken":0,"max_hp_gain":0,"max_hp_loss":87,"event_name":"betterThird:BetterShining","floor":106,"gold_loss":0},{"damage_healed":0,"gold_gain":0,"player_choice":"Trade","damage_taken":0,"relics_obtained":["FaceOfCleric"],"max_hp_gain":0,"max_hp_loss":0,"event_name":"FaceTrader","floor":124,"gold_loss":0},{"damage_healed":0,"gold_gain":0,"player_choice":"Forge","damage_taken":0,"max_hp_gain":0,"max_hp_loss":0,"event_name":"Accursed Blacksmith","floor":128,"gold_loss":0,"cards_upgraded":["hubris:DuctTapeCard"]},{"damage_healed":0,"gold_gain":99,"player_choice":"Steal","damage_taken":0,"max_hp_gain":0,"max_hp_loss":0,"event_name":"betterThird:BetterNest","floor":134,"gold_loss":0},{"damage_healed":0,"gold_gain":0,"player_choice":"Copied","damage_taken":0,"max_hp_gain":0,"max_hp_loss":0,"event_name":"Duplicator","floor":135,"gold_loss":0,"cards_obtained":["Life_Tap"]},{"damage_healed":0,"gold_gain":0,"player_choice":"Fight","damage_taken":0,"max_hp_gain":0,"max_hp_loss":0,"event_name":"Mysterious Sphere","floor":145,"gold_loss":0}],"is_beta":false,"boss_relics":[{"not_picked":["aspiration:RunicSpoon","Coffee Dripper"],"picked":"Busted Crown"},{"not_picked":["Fusion Hammer","ReplayTheSpireMod:SealedPack"],"picked":"hubris:TerracottaHorce"},{"not_picked":["hubris:HollowSoul","Ring of Chaos"],"picked":"Replay:Ancient Bell"},{"not_picked":["Pen Nib","CeramicFish"],"picked":"Regal Pillow"},{"not_picked":["aspiration:HummingbirdHeart","InkBottle"],"picked":"Matryoshka"},{"not_picked":["Peace Pipe","Unceasing Top"],"picked":"Durian"},{"not_picked":["Empty Cage","hubris:BlackHole"],"picked":"hubris:ScarierMask"},{"not_picked":["aspiration:RitualDagger","aspiration:SilentSkillbook"],"picked":"hubris:Backtick"},{"not_picked":["Tiny House","Honey Jar"],"picked":"SlaversCollar"},{"not_picked":["Coffee Dripper","Abe\u0027s Treasure","aspiration:RunicSpoon"]},{"not_picked":["hubris:VirtuousBlindfold","ReplayTheSpireMod:SealedPack"],"picked":"Painkiller Herb"}],"items_purged_floors":[20,47,56,66,91,112,115],"is_endless":true,"potions_floor_spawned":[2,6,13,14,16,18,22,27,32,35,48,49,59,71,72,80,82,86,90,94,97,105,120,131,133,137,146,148],"killed_by":"infinitespire:LordOfFortification","ascension_level":1}}