{"host":"63rwe7p34ct1i0qu","time":1607676749,"event":{"mods":["BaseMod","DeckTracker","Minty Spire (QoL Compilation)","Permanent Neow","Quick Restart","StSLib"],"gold_per_floor":[118,134,149,149,149,149,181,113,136,156,170,170,184,203,203,301,301,312,326,326,326,340,340,356,356,356],"floor_reached":25,"playtime":682,"items_purged":[],"score":269,"play_id":"7ee6f0ec-976b-42e2-a8bd-10c7d7bb7268","local_time":"20201211175229","is_ascension_mode":true,"campfire_choices":[{"data":"1","floor":6,"key":"LIFT"},{"floor":12,"key":"REST"},{"data":"2","floor":15,"key":"LIFT"},{"floor":23,"key":"REST"}],"circlet_count":0,"master_deck":["Strike_B","Strike_B","Strike_B","Strike_B","Defend_B","Defend_B","Defend_B","Defend_B","Zap","Dualcast","CurseOfTheBell","Rip and Tear+1","Chill","Rebound","Doom and Gloom","Ball Lightning","Blizzard","Ball Lightning","Leap","Compile Driver","Conserve Battery","Conserve Battery","White Noise","FTL+1","Leap+1","Aggregate","Reinforced Body+1","Double Energy"],"relics":["Calling Bell","Lantern","Gremlin Horn","Girya","Orichalcum","Prayer Wheel","Omamori","Snecko Eye"],"acts_visited":["Exordium","TheCity"],"potions_floor_usage":[7,10,16,16,16,16,18],"damage_taken":[{"damage":1,"enemies":"Cultist","floor":1,"turns":4},{"damage":1,"enemies":"2 Louse","floor":2,"turns":2},{"damage":5,"enemies":"Jaw Worm","floor":3,"turns":3},{"damage":25,"enemies":"Gremlin Nob","floor":7,"turns":4},{"damage":1,"enemies":"Gremlin Gang","floor":10,"turns":3},{"damage":0,"enemies":"3 Louse","floor":11,"turns":2},{"damage":0,"enemies":"Lots of Slimes","floor":13,"turns":1},{"damage":4,"enemies":"Looter","floor":14,"turns":2},{"damage":35,"enemies":"The Guardian","floor":16,"turns":9},{"damage":18,"enemies":"Spheric Guardian","floor":18,"turns":4},{"damage":8,"enemies":"Shell Parasite","floor":19,"turns":3},{"damage":9,"enemies":"Snecko","floor":22,"turns":4},{"damage":24,"enemies":"Centurion and Healer","floor":24,"turns":5},{"damage":0,"enemies":"Shelled Parasite and Fungi","floor":25,"turns":3}],"seed_played":"-8143080638188789205","potions_obtained":[{"floor":1,"key":"SteroidPotion"},{"floor":3,"key":"Weak Potion"},{"floor":7,"key":"AttackPotion"},{"floor":11,"key":"LiquidMemories"},{"floor":13,"key":"EntropicBrew"},{"floor":19,"key":"PotionOfCapacity"}],"is_trial":false,"path_per_floor":["M","M","M","?","?","R","E","$","T","M","M","R","M","M","R","B",null,"M","M","?","?","M","R","M","M"],"character_chosen":"DEFECT","items_purchased":["Doom and Gloom"],"campfire_rested":2,"item_purchase_floors":[8],"current_hp_per_floor":[67,66,61,61,61,61,36,36,36,35,35,57,57,53,53,18,61,43,35,21,15,6,30,6,6,6],"gold":356,"neow_bonus":"BOSS_RELIC","is_daily":false,"chose_seed":false,"campfire_upgraded":0,"win_rate":0.0,"timestamp":1607676749,"path_taken":["M","?","M","?","?","R","E","$","T","?","M","R","M","M","R","BOSS","M","M","?","?","?","R","M","M"],"items_purchased_type":["Card"],"build_version":"2020-11-30","purchased_purges":0,"victory":false,"max_hp_per_floor":[75,75,75,75,75,75,75,75,75,75,75,75,75,75,75,75,75,75,75,80,80,80,80,80,80,80],"card_choices":[{"not_picked":["Defragment","Go for the Eyes"],"picked":"Rip and Tear","floor":1},{"not_picked":["Reinforced Body","Double Energy"],"picked":"Chill","floor":2},{"not_picked":["Recycle","Stack"],"picked":"Rebound","floor":3},{"not_picked":["Auto Shields","Heatsinks","Chaos"],"picked":"SKIP","floor":7},{"not_picked":["Conserve Battery","Cold Snap"],"picked":"Ball Lightning","floor":10},{"not_picked":["Tempest","Storm"],"picked":"Blizzard","floor":10},{"not_picked":["Thunder Strike","Leap"],"picked":"Ball Lightning","floor":11},{"not_picked":["Stack","Auto Shields"],"picked":"Leap","floor":11},{"not_picked":["Beam Cell","Hologram"],"picked":"Compile Driver","floor":13},{"not_picked":["Beam Cell","Heatsinks","Conserve Battery"],"picked":"SKIP","floor":13},{"not_picked":["Beam Cell","Heatsinks"],"picked":"Conserve Battery","floor":13},{"not_picked":["Auto Shields","Recycle"],"picked":"Conserve Battery","floor":14},{"not_picked":["Consume","Auto Shields","Sweeping Beam"],"picked":"SKIP","floor":14},{"not_picked":["Reinforced Body","Steam Power"],"picked":"White Noise","floor":18},{"not_picked":["Rebound","Streamline"],"picked":"FTL+1","floor":18},{"not_picked":["Streamline","Compile Driver"],"picked":"Leap+1","floor":19},{"not_picked":["Gash","Static Discharge","Aggregate"],"picked":"SKIP","floor":19},{"not_picked":["Gash","Static Discharge"],"picked":"Aggregate","floor":19},{"not_picked":["Redo","Cold Snap"],"picked":"Reinforced Body+1","floor":22},{"not_picked":["Steam","Beam Cell","Leap"],"picked":"SKIP","floor":22},{"not_picked":["Compile Driver","Meteor Strike"],"picked":"Double Energy","floor":24},{"not_picked":["Compile Driver","Ball Lightning","Skim"],"picked":"SKIP","floor":24}],"player_experience":1267164,"relics_obtained":[{"floor":0,"key":"Lantern"},{"floor":0,"key":"Gremlin Horn"},{"floor":0,"key":"Girya"},{"floor":7,"key":"Prayer Wheel"},{"floor":9,"key":"Omamori"}],"event_choices":[{"damage_healed":0,"gold_gain":0,"player_choice":"Grow","damage_taken":0,"max_hp_gain":0,"max_hp_loss":0,"event_name":"Living Wall","floor":4,"gold_loss":0,"cards_upgraded":["Rip and Tear"]},{"damage_healed":0,"gold_gain":0,"player_choice":"Gave Potion","damage_taken":0,"relics_obtained":["Orichalcum"],"max_hp_gain":0,"max_hp_loss":0,"event_name":"WeMeetAgain","floor":5,"gold_loss":0},{"damage_healed":0,"gold_gain":0,"player_choice":"Shed Blood","damage_taken":19,"max_hp_gain":5,"max_hp_loss":0,"event_name":"Forgotten Altar","floor":20,"gold_loss":0},{"damage_healed":0,"gold_gain":0,"player_choice":"","damage_taken":6,"max_hp_gain":0,"max_hp_loss":0,"event_name":"Knowing Skull","floor":21,"potions_obtained":[],"gold_loss":0,"cards_obtained":[]}],"is_beta":false,"boss_relics":[{"not_picked":["Cursed Key","Busted Crown"],"picked":"Snecko Eye"}],"items_purged_floors":[],"is_endless":false,"potions_floor_spawned":[1,3,7,11,13,19],"killed_by":"Shelled Parasite and Fungi","ascension_level":6}}