{"host":"k8gerrcpv9xe1nxe","time":1607649155,"event":{"mods":["2.2 Compatiblity","AchievementEnabler","BaseMod","Bestiary","Minty Spire (QoL Compilation)","Relic Stats","StSLib"],"gold_per_floor":[119,119,130,143,159,188,363,363,363,363,363],"floor_reached":10,"playtime":271,"items_purged":[],"score":78,"play_id":"98941a02-7d12-4728-8c4f-38c432e2cd93","local_time":"20201210201235","is_ascension_mode":true,"campfire_choices":[{"data":"Spot Weakness","floor":8,"key":"SMITH"}],"circlet_count":0,"master_deck":["Strike_R","Strike_R","Strike_R+1","Strike_R","Strike_R","Defend_R+1","Defend_R","Defend_R","Defend_R","Bash","Wild Strike","Spot Weakness+1","Disarm","Doubt"],"relics":["Velvet Choker","Lantern","Potion Belt"],"acts_visited":["Exordium"],"potions_floor_usage":[10,10],"damage_taken":[{"damage":2,"enemies":"Jaw Worm","floor":1,"turns":4},{"damage":0,"enemies":"2 Louse","floor":3,"turns":2},{"damage":0,"enemies":"Small Slimes","floor":4,"turns":2},{"damage":10,"enemies":"Exordium Thugs","floor":5,"turns":5},{"damage":20,"enemies":"Lagavulin","floor":6,"turns":7},{"damage":32,"enemies":"Gremlin Nob","floor":10,"turns":3}],"seed_played":"4265155679786695004","potions_obtained":[{"floor":3,"key":"Dexterity Potion"},{"floor":4,"key":"Swift Potion"},{"floor":6,"key":"SteroidPotion"}],"is_trial":false,"path_per_floor":["M","?","M","M","M","E","?","R","T","E"],"character_chosen":"IRONCLAD","items_purchased":[],"campfire_rested":0,"item_purchase_floors":[],"current_hp_per_floor":[78,62,62,62,52,32,32,32,32,0,0],"gold":363,"neow_bonus":"BOSS_RELIC","is_daily":false,"chose_seed":false,"campfire_upgraded":1,"win_rate":0.0,"timestamp":1607649155,"path_taken":["M","?","M","M","M","E","?","R","T","E"],"items_purchased_type":[],"build_version":"2020-11-30","purchased_purges":0,"victory":false,"max_hp_per_floor":[80,80,80,80,80,80,80,80,80,80,80],"relic_stats":{"counters":[6,23],"obtain_stats":[{"Potion Belt":9,"Lantern":6,"Velvet Choker":0,"Burning Blood":0},{"Potion Belt":5,"Lantern":5,"Velvet Choker":0,"Burning Blood":0},{"Potion Belt":20,"Lantern":20,"Velvet Choker":0,"Burning Blood":0}]},"card_choices":[{"not_picked":["Flex","Rupture"],"picked":"Wild Strike","floor":1},{"not_picked":["Clothesline","Iron Wave"],"picked":"Spot Weakness","floor":3},{"not_picked":["Cleave","Armaments","Flex"],"picked":"SKIP","floor":4},{"not_picked":["Cleave","Armaments","Flex"],"picked":"SKIP","floor":4},{"not_picked":["Clothesline","Offering","Rage"],"picked":"SKIP","floor":5},{"not_picked":["Reckless Charge","Headbutt"],"picked":"Disarm","floor":6}],"player_experience":24362,"relics_obtained":[{"floor":6,"key":"Lantern"},{"floor":9,"key":"Potion Belt"}],"event_choices":[{"damage_healed":0,"gold_gain":0,"player_choice":"Entered Light","damage_taken":16,"max_hp_gain":0,"max_hp_loss":0,"event_name":"Shining Light","floor":2,"gold_loss":0,"cards_upgraded":["Strike_R","Defend_R"]},{"damage_healed":0,"gold_gain":175,"player_choice":"AGREE","damage_taken":0,"max_hp_gain":0,"max_hp_loss":0,"event_name":"Liars Game","floor":7,"gold_loss":0,"cards_obtained":["Doubt"]}],"is_beta":false,"boss_relics":[],"items_purged_floors":[],"is_endless":false,"potions_floor_spawned":[3,4,6],"killed_by":"Gremlin Nob","ascension_level":3}}