{"host":"1c52r9kaxdyo25eq","time":1607701588,"event":{"mods":["AchievementEnabler","BaseMod","Minty Spire (QoL Compilation)","Rare Cards Sparkle","SuperFastMode","everything is the same but u backflip on backflip"],"gold_per_floor":[110,110,110,35,0,0,0,0,0,0,0,15,53,72,72,165,165,179,179,91,106,119,119,153,153,153,184,204,228,228,248,248,341,341,365,365,389,88,88,88,88,421,421,421,57,73,37,67,67,67,67,67,67,97,97],"floor_reached":56,"playtime":1140,"items_purged":["Defend_P","SashWhip","WheelKick"],"score":2028,"play_id":"28c451f9-9f60-42c3-aff2-851c0b165973","local_time":"20201212004628","is_ascension_mode":true,"campfire_choices":[{"data":"Ragnarok","floor":6.0,"key":"SMITH"},{"data":"Eruption","floor":8.0,"key":"SMITH"},{"data":"Prostrate","floor":10.0,"key":"SMITH"},{"data":"Prostrate","floor":15.0,"key":"SMITH"},{"floor":23.0,"key":"REST"},{"data":"Scrawl","floor":25.0,"key":"SMITH"},{"floor":30,"key":"REST"},{"floor":32,"key":"REST"},{"data":"Panacea","floor":40,"key":"SMITH"},{"data":"LessonLearned","floor":44,"key":"SMITH"},{"floor":49,"key":"RECALL"},{"data":"Purity","floor":52,"key":"SMITH"}],"circlet_count":0,"master_deck":["AscendersBane","Eruption+1","Vigilance+1","Prostrate+1","Ragnarok+1","Prostrate+1","Scrawl+1","WreathOfFlame+1","Evaluate+1","MentalFortress+1","LessonLearned+1","Pray+1","Panacea+1","Purity+1","InnerPeace"],"relics":["PureWater","Ginger","Damaru","Ancient Tea Set","Runic Pyramid","Bottled Lightning","Regal Pillow","Pandora\u0027s Box","Membership Card","Blood Vial","Turnip","The Courier","Lee\u0027s Waffle","Peace Pipe","Vajra","War Paint","Happy Flower","Sundial"],"acts_visited":["Exordium","TheCity","TheBeyond","TheEnding"],"potions_floor_usage":[33,34,55],"damage_taken":[{"damage":8.0,"enemies":"Jaw Worm","floor":1.0,"turns":5.0},{"damage":0.0,"enemies":"2 Louse","floor":12.0,"turns":1.0},{"damage":20.0,"enemies":"Gremlin Nob","floor":13.0,"turns":4.0},{"damage":0.0,"enemies":"Small Slimes","floor":14.0,"turns":1.0},{"damage":26.0,"enemies":"Hexaghost","floor":16.0,"turns":9.0},{"damage":6.0,"enemies":"2 Thieves","floor":18.0,"turns":2.0},{"damage":9.0,"enemies":"Shell Parasite","floor":21.0,"turns":3.0},{"damage":16.0,"enemies":"Shelled Parasite and Fungi","floor":22.0,"turns":3.0},{"damage":0.0,"enemies":"Gremlin Leader","floor":24.0,"turns":2.0},{"damage":21,"enemies":"Book of Stabbing","floor":27,"turns":3},{"damage":10,"enemies":"Snecko","floor":28,"turns":3},{"damage":0,"enemies":"Chosen and Byrds","floor":29,"turns":3},{"damage":10,"enemies":"Snake Plant","floor":31,"turns":3},{"damage":54,"enemies":"Champ","floor":33,"turns":7},{"damage":3,"enemies":"Orb Walker","floor":35,"turns":2},{"damage":2,"enemies":"3 Shapes","floor":37,"turns":2},{"damage":0,"enemies":"Maw","floor":46,"turns":1},{"damage":35,"enemies":"Nemesis","floor":48,"turns":3},{"damage":3,"enemies":"Time Eater","floor":50,"turns":5},{"damage":0,"enemies":"Shield and Spear","floor":54,"turns":1},{"damage":21,"enemies":"The Heart","floor":55,"turns":5}],"seed_played":"6234595828749217989","potions_obtained":[{"floor":13.0,"key":"Energy Potion"},{"floor":14.0,"key":"LiquidBronze"},{"floor":21.0,"key":"Regen Potion"},{"floor":29,"key":"FairyPotion"},{"floor":31,"key":"AttackPotion"},{"floor":33,"key":"Fruit Juice"},{"floor":35,"key":"Block Potion"}],"is_trial":false,"path_per_floor":["M","?","?","$","?","R","?","R","T","R","?","M","E","M","R","B",null,"M","?","$","M","M","R","E","R","T","E","M","M","R","M","R","B",null,"M","?","M","$","?","R","T","?","T","R","$","M","$","E","R","B",null,"R","$","E","B",null],"character_chosen":"WATCHER","items_purchased":["WreathOfFlame","Membership Card","Blood Vial","Lee\u0027s Waffle","Peace Pipe","Vajra","War Paint","Purity"],"campfire_rested":3,"item_purchase_floors":[20,38,38,45,45,45,45,47],"current_hp_per_floor":[53,34,34,34,49,49,49,49,49,49,49,49,29,29,29,3,43,37,37,37,28,21,37,37,37,37,16,6,6,37,27,56,2,48,45,45,43,43,43,43,43,43,43,43,68,68,68,33,33,32,59,59,59,61,42],"gold":97,"neow_bonus":"ONE_RARE_RELIC","is_daily":false,"chose_seed":false,"campfire_upgraded":8,"win_rate":0.0,"timestamp":1607701588,"path_taken":["M","?","?","$","?","R","?","R","T","R","?","M","E","?","R","BOSS","M","?","$","M","M","R","E","R","T","E","?","M","R","M","R","BOSS","M","?","M","$","?","R","?","?","T","R","?","?","$","E","R","BOSS","R","$","E","BOSS"],"items_purchased_type":["Card","Relic","Relic","Relic","Relic","Relic","Relic","Card"],"build_version":"2020-11-30","purchased_purges":3,"victory":true,"max_hp_per_floor":[62,62,62,62,62,62,62,62,62,62,56,56,56,56,56,56,56,56,56,56,56,56,56,56,56,56,56,56,56,56,56,56,56,61,61,61,61,61,61,61,61,61,61,61,68,68,68,68,68,68,68,68,68,68,68],"card_choices":[{"not_picked":["Consecrate","Crescendo"],"picked":"Prostrate","floor":1.0},{"not_picked":["SashWhip","Meditate","WindmillStrike"],"picked":"SKIP","floor":12.0},{"not_picked":["Perseverance","Ragnarok"],"picked":"Prostrate","floor":13.0},{"not_picked":["SashWhip","Indignation","ThirdEye"],"picked":"SKIP","floor":14.0},{"not_picked":["SpiritShield","Judgement"],"picked":"Scrawl","floor":16.0},{"not_picked":["FlurryOfBlows","SashWhip","FlyingSleeves"],"picked":"SKIP","floor":18.0},{"not_picked":["ReachHeaven","Evaluate","CarveReality"],"picked":"SKIP","floor":21.0},{"not_picked":["EmptyFist","CutThroughFate","WreathOfFlame"],"picked":"SKIP","floor":22.0},{"not_picked":["Protect","Prostrate","Evaluate"],"picked":"SKIP","floor":24.0},{"not_picked":["Protect","Prostrate","Evaluate"],"picked":"SKIP","floor":24.0},{"not_picked":["Worship","FollowUp","DeceiveReality"],"picked":"SKIP","floor":27},{"not_picked":["CrushJoints","EmptyMind"],"picked":"Evaluate","floor":28},{"not_picked":["ThirdEye+1","FlyingSleeves"],"picked":"MentalFortress","floor":29},{"not_picked":["LikeWater","Vengeance","SashWhip"],"picked":"SKIP","floor":31},{"not_picked":["BowlingBash","WaveOfTheHand","EmptyMind"],"picked":"SKIP","floor":35},{"not_picked":["CutThroughFate","WindmillStrike","Fasting2"],"picked":"SKIP","floor":37},{"not_picked":["Metamorphosis","Thinking Ahead"],"picked":"Panacea","floor":39},{"not_picked":["EmptyBody","FollowUp","Nirvana"],"picked":"SKIP","floor":46},{"not_picked":["CrushJoints","Wireheading+1","Halt"],"picked":"SKIP","floor":48},{"not_picked":["Adaptation","Protect+1"],"picked":"InnerPeace","floor":54}],"player_experience":457777,"relics_obtained":[{"floor":9.0,"key":"Damaru"},{"floor":13.0,"key":"Ancient Tea Set"},{"floor":24.0,"key":"Bottled Lightning"},{"floor":27,"key":"Regal Pillow"},{"floor":41,"key":"Turnip"},{"floor":43,"key":"The Courier"},{"floor":48,"key":"Happy Flower"},{"floor":54,"key":"Sundial"}],"event_choices":[{"damage_healed":0.0,"max_hp_gain":0.0,"max_hp_loss":0.0,"gold_gain":0.0,"event_name":"Shining Light","player_choice":"Entered Light","floor":2.0,"gold_loss":0.0,"damage_taken":19.0,"cards_upgraded":["Defend_P","Defend_P"]},{"damage_healed":0.0,"max_hp_gain":0.0,"max_hp_loss":0.0,"gold_gain":0.0,"cards_transformed":["Strike_P"],"event_name":"Living Wall","player_choice":"Change","floor":3.0,"gold_loss":0.0,"damage_taken":0.0,"cards_obtained":["Ragnarok"]},{"damage_healed":15.0,"max_hp_gain":0.0,"max_hp_loss":0.0,"gold_gain":0.0,"event_name":"The Cleric","player_choice":"Healed","floor":5.0,"gold_loss":35.0,"damage_taken":0.0},{"damage_healed":0.0,"max_hp_gain":0.0,"max_hp_loss":0.0,"gold_gain":0.0,"event_name":"Liars Game","player_choice":"Ignored","floor":7.0,"gold_loss":0.0,"damage_taken":0.0},{"damage_healed":0.0,"max_hp_gain":0.0,"max_hp_loss":6.0,"gold_gain":0.0,"event_name":"Golden Idol","player_choice":"Lose Max HP","floor":11.0,"gold_loss":0.0,"damage_taken":0.0,"relics_obtained":["Golden Idol"]},{"cards_removed":["Strike_P"],"damage_healed":0.0,"max_hp_gain":0.0,"max_hp_loss":0.0,"gold_gain":0.0,"event_name":"Bonfire Elementals","player_choice":"Offered Basic","floor":19.0,"gold_loss":0.0,"damage_taken":0.0},{"cards_removed":["LikeWater"],"damage_healed":0,"gold_gain":0,"player_choice":"Removed Power","damage_taken":0,"max_hp_gain":0,"max_hp_loss":0,"event_name":"Falling","floor":36,"gold_loss":0},{"damage_healed":0,"gold_gain":0,"player_choice":"Memory 1","damage_taken":0,"max_hp_gain":0,"max_hp_loss":0,"event_name":"SensoryStone","floor":39,"gold_loss":0},{"damage_healed":0,"gold_gain":333,"player_choice":"Gave Idol","damage_taken":0,"max_hp_gain":0,"max_hp_loss":0,"event_name":"The Moai Head","floor":42,"relics_lost":["Golden Idol"],"gold_loss":0}],"is_beta":false,"boss_relics":[{"not_picked":["Black Star","Coffee Dripper"],"picked":"Runic Pyramid"},{"not_picked":["Velvet Choker","Busted Crown"],"picked":"Pandora\u0027s Box"}],"items_purged_floors":[4,38,45],"is_endless":false,"potions_floor_spawned":[13,14,21,29,31,33,35],"ascension_level":17}}