{"host":"pszcj3piwl6eu8b1","time":1607714269,"event":{"mods":["2.2 Compatiblity","Act Like it!","Aspiration","BaseMod","Better Altar","Better Match","Better Note","Better Sensory Stone","Better Skull","Better Third Choice","Better Vampires","CCEM","CapriCore","Downfall","Elementarium","Energized Spire","Gensokyo","GifTheSpireLib","Hallownest","Hermit","Hubris","Humility","Jorbs\u0027s Wanderer Trilogy","Marisa????????","Marked Mod","Menagerie","Minty Spire (QoL Compilation)","Permanent Neow","Quarter Circle Forward PUNCH!","Quick Restart","RNG Fix","Replay The Spire","Shop Mod","StSLib","Stuff the Spire","The Animator","The Blue Laboratory","The Hayseed","The Immortal","Wandering Minibosses","vexMod"],"gold_per_floor":[142,17,0,11,11,11,64,88,88,88,88,88,88],"floor_reached":12,"playtime":1052,"items_purged":[],"score":142,"play_id":"beee547c-c0d3-4862-971e-7fb4dda73b8a","local_time":"20201211111749","is_ascension_mode":true,"campfire_choices":[{"data":"animator:IrohaTamaki","floor":6.0,"key":"SMITH"},{"data":"animator:NagisaMomoe","floor":11.0,"key":"SMITH"}],"circlet_count":0,"master_deck":["AscendersBane","animator:Strike_MadokaMagica","animator:Defend_MadokaMagica","animator:Strike","animator:Strike","animator:Strike","animator:Defend","animator:Defend","animator:Defend","animator:IrohaTamaki+1","animator:YuiTsuruno","animator:YachiyoNanami","animator:YachiyoNanami","animator:Eris+1","animator:Gilgamesh+2","animator:Greed+1","animator:Rimuru","animator:Entoma+1","animator:NagisaMomoe+1"],"relics":["animator:LivingPicture","animator:TheMissingPiece","animator:PurgingStone","vexMod:HeadHunter","hubris:MysteriousPyramids"],"acts_visited":["Gensokyo:Gensokyo"],"potions_floor_usage":[],"damage_taken":[{"damage":0.0,"enemies":"Gensokyo:Python","floor":1.0,"turns":4.0},{"damage":18.0,"enemies":"Gensokyo:Gryphon","floor":4.0,"turns":6.0},{"damage":29.0,"enemies":"Gensokyo:Aya","floor":7.0,"turns":7.0},{"damage":13.0,"enemies":"Gensokyo:2_Kodama","floor":8.0,"turns":4.0},{"damage":25,"enemies":"Gensokyo:Cirno","floor":12,"turns":8}],"seed_played":"-9214495413959423487","potions_obtained":[{"floor":1.0,"key":"SteroidPotion"},{"floor":4.0,"key":"blueLaboratory:BottleOfRum"}],"is_trial":false,"path_per_floor":["M","?","?","M","$","R","E","M","T","?","R","E"],"character_chosen":"THE_ANIMATOR","items_purchased":[],"campfire_rested":0,"item_purchase_floors":[],"current_hp_per_floor":[39,39,47,35,35,35,12,5,5,5,5,0,0],"gold":88,"neow_bonus":"ONE_RARE_RELIC","is_daily":false,"chose_seed":false,"campfire_upgraded":2,"win_rate":0.0,"timestamp":1607714269,"path_taken":["M","?","?","M","$","R","E","M","T","?","R","E"],"items_purchased_type":[],"build_version":"2020-11-30","purchased_purges":0,"victory":false,"max_hp_per_floor":[60,60,60,60,60,60,60,60,60,60,60,62,62],"card_choices":[{"not_picked":["animator:Rider","animator:TsurugaMeisai"],"picked":"animator:YachiyoNanami","floor":1.0},{"not_picked":["animator:Rider","animator:TsurugaMeisai"],"picked":"animator:YachiyoNanami","floor":1.0},{"not_picked":["animator:ChaikaTrabant+1","animator:SwordMaiden+1"],"picked":"animator:Eris+1","floor":2.0},{"not_picked":["animator:Elesis+1","animator:Boros+1"],"picked":"animator:Gilgamesh+1","floor":2.0},{"not_picked":["animator:Father+1","animator:AcuraShin+1"],"picked":"animator:Greed+1","floor":2.0},{"not_picked":["animator:LizardPriest","animator:Jibril","animator:Layla"],"picked":"SKIP","floor":4.0},{"not_picked":["animator:Pride","animator:Eris"],"picked":"animator:Rimuru","floor":7.0},{"not_picked":["animator:Aisha","animator:Mikaela"],"picked":"animator:Entoma","floor":7.0},{"not_picked":["animator:SuzuneAmano","animator:KyokoSakura"],"picked":"animator:NagisaMomoe","floor":8.0}],"player_experience":1543257,"relics_obtained":[{"floor":7.0,"key":"hubris:MysteriousPyramids"}],"event_choices":[{"damage_healed":0.0,"max_hp_gain":0.0,"max_hp_loss":0.0,"gold_gain":0.0,"event_name":"betterMatch:BetterMatch","player_choice":"3","floor":2.0,"gold_loss":0.0,"damage_taken":0.0,"cards_obtained":["betterMatch:RareCard"]}],"is_beta":false,"boss_relics":[],"items_purged_floors":[],"is_endless":false,"potions_floor_spawned":[1,4],"killed_by":"Gensokyo:Cirno","ascension_level":20}}