{"host":"ko40t1o51xotjt2v","time":1607700617,"event":{"mods":["2.2 Compatiblity","AchievementEnabler","Aspiration","BaseMod","Conspire","Downfall","Downfall-Rebalance","Energized Spire","GifTheSpireLib","Halation","Hubris","Jedi Mod","Minty Spire (QoL Compilation)","MostiFishMod","Spicy Shops","Spikes Relics","StSLib","Stuff the Spire","TestMod","vexMod"],"gold_per_floor":[119,135,150,163,182,209,209,244,294,314,333,361,361,361,361,458,458,471,482,133,143,143,159,187,203,277,307,62,93,13,41,41,144,144,157,557,557,557,557,585,65,65,65,65,65,90,90,140,140,157,157,157,20,20,20],"floor_reached":56,"playtime":3663,"items_purged":["Regret","Strike_B","Strike_B","Strike_B"],"score":1759,"play_id":"1fde424e-6ff8-4bdd-a20b-0272320c29bf","local_time":"20201211163017","is_ascension_mode":true,"campfire_choices":[{"data":"Zap","floor":7.0,"key":"SMITH"},{"data":"jedi:overflow","floor":15.0,"key":"SMITH"},{"data":"StuffTheSpire:ShieldGenerator","floor":32,"key":"SMITH"},{"floor":45,"key":"RECALL"},{"data":"StuffTheSpire:ShieldGenerator+1","floor":47,"key":"SMITH"},{"data":"StuffTheSpire:ShieldGenerator+2","floor":49,"key":"SMITH"},{"data":"StuffTheSpire:ShieldGenerator+3","floor":52,"key":"SMITH"}],"circlet_count":0,"master_deck":["Defend_B","Defend_B","Defend_B","Zap+1","MostiFishMod:PushDownKick+1","Aggregate","Leap+1","Gash","Beam Cell+1","All For One","StuffTheSpire:ShieldGenerator+4","Gash+1","Gash","BootSequence+1"],"relics":["Cracked Core","DaveBox","testmod-ThousandKnives","xbg","Question Card","Juzu Bracelet","halation:LettersToHer","Toy Ornithopter","ImportantClient","GreenFoldingFan","testmod-Antiphasic","SnailShell","vexMod:PaidLearning","StuffTheSpire:Barrel","Oddly Smooth Stone","hubris:BottledRain","aspiration:HiddenCompartment","jedi:cryingmask","vexMod:FocusSash","Lizard Tail","vexMod:Dragonfruit","HaiYi:Twilight","hubris:Towel","Omamori","testmod-TheFather","PreservedInsect","aspiration:ChemicalBlood","aspiration:FrozenJewel","StuffTheSpire:Gunfinga","CombinedTypeHook","jedi:ominousloannote","Orichalcum","hubris:GlazedTorus","Anchor"],"acts_visited":["Exordium","TheCity","TheBeyond","TheEnding"],"potions_floor_usage":[50,54],"damage_taken":[{"damage":0.0,"enemies":"Jaw Worm","floor":1.0,"turns":1.0},{"damage":0.0,"enemies":"Cultist","floor":2.0,"turns":2.0},{"damage":0.0,"enemies":"2 Louse","floor":3.0,"turns":2.0},{"damage":0.0,"enemies":"Exordium Thugs","floor":4.0,"turns":3.0},{"damage":0.0,"enemies":"Large Slime","floor":5.0,"turns":2.0},{"damage":21.0,"enemies":"Lagavulin","floor":6.0,"turns":5.0},{"damage":1.0,"enemies":"Gremlin Nob","floor":8.0,"turns":3.0},{"damage":0.0,"enemies":"Looter","floor":10.0,"turns":2.0},{"damage":1.0,"enemies":"Lots of Slimes","floor":11.0,"turns":3.0},{"damage":0.0,"enemies":"Lagavulin","floor":12.0,"turns":4.0},{"damage":49.0,"enemies":"Hexaghost","floor":16.0,"turns":10.0},{"damage":7,"enemies":"conspire:FuzzyDice","floor":18,"turns":4},{"damage":20,"enemies":"Shell Parasite","floor":19,"turns":3},{"damage":24,"enemies":"Snake Plant","floor":21,"turns":4},{"damage":19,"enemies":"Sentry and Sphere","floor":23,"turns":4},{"damage":11,"enemies":"conspire:SneckoGhost","floor":24,"turns":4},{"damage":4,"enemies":"Centurion and Healer","floor":25,"turns":2},{"damage":2,"enemies":"conspire:Head Lice","floor":27,"turns":5},{"damage":23,"enemies":"Slavers","floor":29,"turns":3},{"damage":0,"enemies":"conspire:Head Lice","floor":31,"turns":3},{"damage":0,"enemies":"conspire:MysteriousRune","floor":33,"turns":3},{"damage":9,"enemies":"Orb Walker","floor":35,"turns":4},{"damage":7,"enemies":"Giant Head","floor":40,"turns":4},{"damage":0,"enemies":"3 Shapes","floor":46,"turns":3},{"damage":22,"enemies":"Reptomancer","floor":48,"turns":3},{"damage":20,"enemies":"conspire:OrnateMirror","floor":50,"turns":3},{"damage":18,"enemies":"Shield and Spear","floor":54,"turns":3},{"damage":57,"enemies":"The Heart","floor":55,"turns":6}],"seed_played":"6638748384095585412","potions_obtained":[{"floor":3.0,"key":"jedi:StrikingPotion"},{"floor":4.0,"key":"Fire Potion"},{"floor":6.0,"key":"jedi:holywater"},{"floor":12.0,"key":"Slimebound:ThreeZeroPotion"},{"floor":18,"key":"EssenceOfDarkness"},{"floor":24,"key":"GamblersBrew"},{"floor":25,"key":"SpeedPotion"},{"floor":48,"key":"AttackPotion"},{"floor":50,"key":"EssenceOfDarkness"},{"floor":55,"key":"jedi:StrikingPotion"},{"floor":55,"key":"jedi:StrikingPotion"}],"is_trial":false,"path_per_floor":["M","M","M","M","M","E","R","E","T","M","M","E","?","?","R","B",null,"M","M","$","M","?","M","E","M","T","E","$","E","$","E","R","B",null,"M","?","?","?","?","E","$","?","T","$","R","M","R","E","R","B",null,"R","$","E","B",null],"character_chosen":"DEFECT","items_purchased":["testmod-Antiphasic","SnailShell","vexMod:PaidLearning","jedi:cryingmask","vexMod:FocusSash","testmod-TheFather","PreservedInsect","Gash","aspiration:ChemicalBlood","jedi:ominousloannote","Orichalcum","hubris:GlazedTorus"],"campfire_rested":0,"item_purchase_floors":[20,20,20,28,28,41,41,41,41,53,53,53],"current_hp_per_floor":[68,68,68,68,68,47,47,46,46,46,45,45,45,45,45,6,53,56,46,46,32,32,23,22,28,28,36,36,23,23,46,46,64,71,72,72,73,73,73,73,73,73,73,73,73,73,73,61,61,56,69,69,69,73,44],"gold":20,"neow_bonus":"TRANSFORM_TWO_CARDS","is_daily":false,"chose_seed":false,"campfire_upgraded":6,"win_rate":0.0,"timestamp":1607700617,"path_taken":["M","M","M","M","M","E","R","E","T","M","M","E","?","?","R","BOSS","M","M","$","M","?","M","E","M","T","E","$","E","?","E","R","BOSS","M","?","?","?","?","E","$","?","T","?","R","M","R","E","R","BOSS","R","$","E","BOSS"],"items_purchased_type":["Relic","Relic","Relic","Relic","Relic","Relic","Relic","Card","Relic","Relic","Relic","Relic"],"build_version":"2020-11-30","purchased_purges":4,"victory":true,"max_hp_per_floor":[68,68,68,68,68,68,68,68,68,68,68,68,68,68,68,68,68,68,68,68,68,68,68,68,68,68,68,68,68,68,73,73,73,73,73,73,73,73,73,73,73,73,73,73,73,73,73,73,73,73,73,73,73,73,83],"card_choices":[{"not_picked":["Barrage","jedi:overflow"],"picked":"Leap","floor":1.0},{"not_picked":["jedi:blockon","Reprogram","StuffTheSpire:Coldhearted","jedi:markofdeath"],"picked":"SKIP","floor":2.0},{"not_picked":["Ball Lightning","StuffTheSpire:GlassShard","Hologram","StuffTheSpire:Plugnplay"],"picked":"SKIP","floor":3.0},{"not_picked":["Undo","Sweeping Beam","Streamline","Multi-Cast"],"picked":"SKIP","floor":4.0},{"not_picked":["StuffTheSpire:LoadUp","Coolheaded","Streamline","jedi:BurstLightning"],"picked":"SKIP","floor":5.0},{"not_picked":["Beam Cell","Ball Lightning","Loop","Compile Driver"],"picked":"SKIP","floor":6.0},{"not_picked":["Skim","Go for the Eyes","Leap","White Noise"],"picked":"SKIP","floor":8.0},{"not_picked":["jedi:BurstFrost","Glacier","StuffTheSpire:NuclearReactor","Hologram"],"picked":"SKIP","floor":10.0},{"not_picked":["jedi:bruteforce","StuffTheSpire:CleanHardDrive","Stack","Ball Lightning"],"picked":"SKIP","floor":11.0},{"not_picked":["Redo","Steam","Leap","Streamline"],"picked":"SKIP","floor":12.0},{"not_picked":["MostiFishMod:ReprogramOld","Recycle+1","jedi:BurstLightning+1","Ball Lightning+1"],"picked":"SKIP","floor":18},{"not_picked":["Stack","Cold Snap","StuffTheSpire:Plugnplay","Skim"],"picked":"SKIP","floor":19},{"not_picked":["Streamline","jedi:spotbugs","Aggregate"],"picked":"Gash","floor":21},{"not_picked":["Streamline","jedi:blockon","Melter"],"picked":"Beam Cell+1","floor":23},{"not_picked":["jedi:blockon","StuffTheSpire:Rend+1","Go for the Eyes"],"picked":"All For One","floor":24},{"not_picked":["Lockon","Go for the Eyes+1","Tempest"],"picked":"StuffTheSpire:ShieldGenerator","floor":25},{"not_picked":["Aggregate","Hologram","Barrage","Go for the Eyes"],"picked":"SKIP","floor":27},{"not_picked":["Glacier","StuffTheSpire:Synthwave+1","Steam"],"picked":"Gash+1","floor":29},{"not_picked":["Barrage+1","Storm","Double Energy","jedi:BurstFrost"],"picked":"SKIP","floor":31},{"not_picked":["Barrage","jedi:BurstFrost+1","Hologram","StuffTheSpire:GlassShard"],"picked":"SKIP","floor":35},{"not_picked":["Rebound+1","MostiFishMod:Culaccino","Stack","Conserve Battery"],"picked":"SKIP","floor":40},{"not_picked":["Doom and Gloom","Ball Lightning+1","StuffTheSpire:LoadUp","StuffTheSpire:Plugnplay"],"picked":"SKIP","floor":46},{"not_picked":["Fusion+1","White Noise+1","MostiFishMod:ReadyAimFire","Amplify"],"picked":"SKIP","floor":48},{"not_picked":["Turbo","Heatsinks+1","MostiFishMod:ATRI"],"picked":"BootSequence+1","floor":54}],"player_experience":417133,"relics_obtained":[{"floor":1.0,"key":"Question Card"},{"floor":6.0,"key":"Juzu Bracelet"},{"floor":8.0,"key":"halation:LettersToHer"},{"floor":9.0,"key":"halation:LettersToHer"},{"floor":12.0,"key":"Toy Ornithopter"},{"floor":16.0,"key":"ImportantClient"},{"floor":22,"key":"StuffTheSpire:Barrel"},{"floor":24,"key":"Oddly Smooth Stone"},{"floor":26,"key":"halation:LettersToHer"},{"floor":26,"key":"hubris:BottledRain"},{"floor":27,"key":"aspiration:HiddenCompartment"},{"floor":29,"key":"Lizard Tail"},{"floor":31,"key":"vexMod:Dragonfruit"},{"floor":40,"key":"Omamori"},{"floor":43,"key":"aspiration:FrozenJewel"},{"floor":43,"key":"StuffTheSpire:Gunfinga"},{"floor":48,"key":"CombinedTypeHook"},{"floor":54,"key":"Anchor"}],"event_choices":[{"damage_healed":0.0,"max_hp_gain":0.0,"max_hp_loss":0.0,"gold_gain":0.0,"cards_transformed":["Dualcast"],"event_name":"Transmorgrifier","player_choice":"Transformed","floor":13.0,"gold_loss":0.0,"damage_taken":0.0,"cards_obtained":["jedi:overflow"]},{"damage_healed":0.0,"max_hp_gain":0.0,"max_hp_loss":0.0,"gold_gain":0.0,"event_name":"conspire:LoneGhost","player_choice":"Disagree","floor":14.0,"gold_loss":0.0,"damage_taken":0.0},{"damage_healed":0,"gold_gain":400,"player_choice":"Sell","damage_taken":0,"max_hp_gain":0,"max_hp_loss":0,"event_name":"Plate Of N\u0027loth","floor":36,"relics_lost":["testmod-TestBox"],"gold_loss":0},{"damage_healed":1,"gold_gain":0,"player_choice":"Full Heal","damage_taken":0,"max_hp_gain":0,"max_hp_loss":0,"event_name":"Wheel of Change","floor":37,"gold_loss":0},{"cards_removed":["jedi:overflow"],"damage_healed":0,"gold_gain":0,"player_choice":"Removed Skill","damage_taken":0,"max_hp_gain":0,"max_hp_loss":0,"event_name":"Falling","floor":42,"gold_loss":0}],"is_beta":false,"boss_relics":[{"not_picked":["Pandora\u0027s Box","jedi:paperlyon"],"picked":"GreenFoldingFan"},{"not_picked":["aspiration:BursterCore","aspiration:RitualDagger"],"picked":"HaiYi:Twilight"}],"items_purged_floors":[20,30,53,53],"is_endless":false,"potions_floor_spawned":[3,4,6,11,12,18,24,25,31,46,54],"ascension_level":6}}