{"host":"t0dvmwh9w61bq0j7","time":1607647335,"event":{"mods":["2.2 Compatiblity","AchievementEnabler","BaseMod","Better Note","Block Reminder","Colored Map","DeckTracker","Highlight Path","Minty Spire (QoL Compilation)","Random Character Button","Rare Cards Sparkle","Relic Stats","StSLib","The Hierophant"],"gold_per_floor":[110,129,129,204,215,244,244,274,274,274,307,323,96,110,110,215,215,235,248,36,46,46,81,81,114,139,153,252,48,48,48,48,153,153,170,246,246,296,306,341,341,341,341],"floor_reached":42,"playtime":2235,"items_purged":["Strike_R","Strike_R"],"score":583,"play_id":"55424623-03b3-416f-80ce-7b9fd96d3a60","local_time":"20201211014215","is_ascension_mode":true,"campfire_choices":[{"floor":7.0,"key":"REST"},{"floor":10.0,"key":"REST"},{"floor":15.0,"key":"RECALL"},{"floor":24.0,"key":"REST"},{"floor":32.0,"key":"REST"},{"floor":41.0,"key":"REST"}],"circlet_count":0,"master_deck":["Strike_R+1","Strike_R+1","Strike_R+1","Defend_R+1","Defend_R+1","Defend_R+1","Defend_R+1","Bash","Inflame","Armaments+1","Pommel Strike","Iron Wave","Demon Form","Uppercut","Limit Break","Cleave","Shrug It Off","Immolate","Heavy Blade+1","Barricade","Pain","Body Slam+1","Fiend Fire+1","Feel No Pain","Inflame+1","Power Through+1"],"relics":["Burning Blood","Oddly Smooth Stone","Nunchaku","Gremlin Horn","StrikeDummy","Pen Nib","Blood Vial","Smiling Mask","Ancient Tea Set","Tiny Chest","Red Skull","Question Card","Astrolabe","Pear","Calipers","Ornamental Fan"],"acts_visited":["Exordium","TheCity","TheBeyond"],"potions_floor_usage":[42],"damage_taken":[{"damage":2.0,"enemies":"Small Slimes","floor":1.0,"turns":4.0},{"damage":8.0,"enemies":"2 Louse","floor":2.0,"turns":3.0},{"damage":7.0,"enemies":"Jaw Worm","floor":5.0,"turns":4.0},{"damage":32.0,"enemies":"Gremlin Nob","floor":6.0,"turns":4.0},{"damage":33.0,"enemies":"3 Sentries","floor":8.0,"turns":10.0},{"damage":29.0,"enemies":"Lagavulin","floor":11.0,"turns":8.0},{"damage":1.0,"enemies":"Blue Slaver","floor":12.0,"turns":4.0},{"damage":5.0,"enemies":"Looter","floor":14.0,"turns":3.0},{"damage":30.0,"enemies":"Hexaghost","floor":16.0,"turns":8.0},{"damage":26.0,"enemies":"3 Byrds","floor":18.0,"turns":7.0},{"damage":12.0,"enemies":"2 Thieves","floor":19.0,"turns":3.0},{"damage":6.0,"enemies":"Centurion and Healer","floor":21.0,"turns":5.0},{"damage":55.0,"enemies":"Slavers","floor":23.0,"turns":5.0},{"damage":27.0,"enemies":"Book of Stabbing","floor":25.0,"turns":4.0},{"damage":11.0,"enemies":"3 Cultists","floor":27.0,"turns":4.0},{"damage":51.0,"enemies":"Collector","floor":33.0,"turns":9.0},{"damage":16.0,"enemies":"3 Darklings","floor":35.0,"turns":3.0},{"damage":37.0,"enemies":"Mind Bloom Boss Battle","floor":38.0,"turns":8.0},{"damage":24.0,"enemies":"Orb Walker","floor":39.0,"turns":5.0},{"damage":33.0,"enemies":"Reptomancer","floor":40.0,"turns":4.0},{"damage":44,"enemies":"Maw","floor":42,"turns":5}],"seed_played":"-5520106372752683255","potions_obtained":[{"floor":1.0,"key":"LiquidBronze"},{"floor":5.0,"key":"Block Potion"},{"floor":11.0,"key":"Strength Potion"},{"floor":27.0,"key":"BloodPotion"},{"floor":35.0,"key":"SteroidPotion"},{"floor":39.0,"key":"EssenceOfSteel"}],"is_trial":false,"path_per_floor":["M","M","?","?","M","E","R","E","T","R","E","M","$","M","R","B",null,"M","M","$","M","?","E","R","E","T","M","?","$","?","?","R","B",null,"M","T","?","?","M","E","R","M"],"character_chosen":"IRONCLAD","items_purchased":["Pen Nib","Metallicize","Blood Vial","Red Skull"],"campfire_rested":5,"item_purchase_floors":[13,20,20,29],"current_hp_per_floor":[80,78,78,67,66,40,64,37,37,61,38,43,43,44,44,20,80,60,54,54,56,56,9,33,14,14,11,11,11,11,11,35,8,80,70,80,80,51,35,10,37,0,0],"gold":341,"neow_bonus":"RANDOM_COMMON_RELIC","is_daily":false,"chose_seed":false,"campfire_upgraded":0,"win_rate":0.0,"timestamp":1607647335,"path_taken":["M","M","?","?","M","E","R","E","T","R","E","M","$","M","R","BOSS","M","M","$","M","?","E","R","E","T","M","?","$","?","?","R","BOSS","M","?","?","?","M","E","R","M"],"items_purchased_type":["Relic","Card","Relic","Relic"],"build_version":"2020-11-30","purchased_purges":2,"victory":false,"max_hp_per_floor":[80,80,80,80,80,80,80,80,80,80,80,80,80,80,80,80,80,80,80,80,80,80,80,80,80,80,80,80,80,80,80,80,80,80,80,90,90,90,90,90,90,90,90],"relic_stats":{"Blood Vial":18,"Nunchaku":[13],"Gremlin Horn":[16,16],"counters":[21,110],"Ornamental Fan":[0],"Astrolabe":["Pain","Body Slam","Fiend Fire"],"Tiny Chest":1,"Pen Nib":[10],"Smiling Mask":50,"Question Card":5,"obtain_stats":[{"Pear":36,"Calipers":38,"Gremlin Horn":8,"Astrolabe":34,"Oddly Smooth Stone":0,"Pen Nib":13,"Smiling Mask":23,"Ancient Tea Set":25,"Question Card":31,"Burning Blood":0,"Blood Vial":20,"Nunchaku":6,"Ornamental Fan":40,"Tiny Chest":26,"StrikeDummy":11,"Red Skull":29},{"Pear":17,"Calipers":18,"Gremlin Horn":5,"Astrolabe":16,"Oddly Smooth Stone":0,"Pen Nib":7,"Smiling Mask":13,"Ancient Tea Set":14,"Question Card":15,"Burning Blood":0,"Blood Vial":11,"Nunchaku":4,"Ornamental Fan":20,"Tiny Chest":14,"StrikeDummy":6,"Red Skull":15},{"Pear":88,"Calipers":96,"Gremlin Horn":25,"Astrolabe":85,"Oddly Smooth Stone":0,"Pen Nib":37,"Smiling Mask":68,"Ancient Tea Set":72,"Question Card":76,"Burning Blood":0,"Blood Vial":58,"Nunchaku":15,"Ornamental Fan":105,"Tiny Chest":72,"StrikeDummy":33,"Red Skull":76}],"Burning Blood":116},"card_choices":[{"not_picked":["Iron Wave","Headbutt"],"picked":"Inflame","floor":1.0},{"not_picked":["Pommel Strike","Headbutt"],"picked":"Armaments","floor":2.0},{"not_picked":["Sword Boomerang","Flame Barrier"],"picked":"Pommel Strike","floor":5.0},{"not_picked":["Heavy Blade","Sword Boomerang"],"picked":"Iron Wave","floor":6.0},{"not_picked":["Power Through","Hemokinesis","Twin Strike"],"picked":"SKIP","floor":8.0},{"not_picked":["Carnage","Perfected Strike"],"picked":"Demon Form","floor":11.0},{"not_picked":["Flex","True Grit","Twin Strike"],"picked":"SKIP","floor":12.0},{"not_picked":["Headbutt","Feel No Pain"],"picked":"Uppercut","floor":14.0},{"not_picked":["Exhume","Demon Form"],"picked":"Limit Break","floor":16.0},{"not_picked":["Anger","Havoc+1"],"picked":"Cleave","floor":18.0},{"not_picked":["Perfected Strike","Blood for Blood"],"picked":"Shrug It Off","floor":19.0},{"not_picked":["Flex+1","Clothesline+1"],"picked":"Immolate","floor":21.0},{"not_picked":["Thunderclap","Flex+1"],"picked":"Heavy Blade+1","floor":23.0},{"not_picked":["Headbutt","Thunderclap"],"picked":"Perfected Strike+1","floor":25.0},{"not_picked":["Cleave","Body Slam+1","Thunderclap"],"picked":"SKIP","floor":27.0},{"not_picked":["Limit Break","Brutality","Demon Form"],"picked":"Barricade","floor":33.0},{"not_picked":["Sword Boomerang","Shrug It Off","Burning Pact"],"picked":"Feel No Pain","floor":35.0},{"not_picked":["Armaments","Metallicize","Heavy Blade+1"],"picked":"Inflame+1","floor":39.0},{"not_picked":["Wild Strike+1","Uppercut+1","Second Wind+1"],"picked":"Power Through+1","floor":40.0}],"player_experience":244421,"relics_obtained":[{"floor":6.0,"key":"Nunchaku"},{"floor":8.0,"key":"Gremlin Horn"},{"floor":11.0,"key":"StrikeDummy"},{"floor":23.0,"key":"Smiling Mask"},{"floor":25.0,"key":"Ancient Tea Set"},{"floor":26.0,"key":"Tiny Chest"},{"floor":36.0,"key":"Pear"},{"floor":38.0,"key":"Calipers"},{"floor":40.0,"key":"Ornamental Fan"}],"event_choices":[{"damage_healed":0.0,"max_hp_gain":0.0,"max_hp_loss":0.0,"gold_gain":0.0,"event_name":"Living Wall","player_choice":"Grow","floor":3.0,"gold_loss":0.0,"damage_taken":0.0,"cards_upgraded":["Armaments"]},{"damage_healed":0.0,"max_hp_gain":0.0,"max_hp_loss":0.0,"gold_gain":75.0,"event_name":"World of Goop","player_choice":"Gather Gold","floor":4.0,"gold_loss":0.0,"damage_taken":11.0},{"damage_healed":0.0,"max_hp_gain":0.0,"max_hp_loss":0.0,"gold_gain":0.0,"event_name":"Ghosts","player_choice":"Ignored","floor":22.0,"gold_loss":0.0,"damage_taken":0.0},{"damage_healed":0.0,"max_hp_gain":0.0,"max_hp_loss":0.0,"gold_gain":99.0,"event_name":"Nest","player_choice":"Stole From Cult","floor":28.0,"gold_loss":0.0,"damage_taken":0.0},{"damage_healed":0.0,"max_hp_gain":0.0,"max_hp_loss":0.0,"gold_gain":0.0,"event_name":"Back to Basics","player_choice":"Simplicity","floor":30.0,"gold_loss":0.0,"damage_taken":0.0,"cards_upgraded":["Strike_R","Strike_R","Strike_R","Defend_R","Defend_R","Defend_R","Defend_R"]},{"damage_healed":0.0,"max_hp_gain":0.0,"max_hp_loss":0.0,"gold_gain":0.0,"event_name":"Addict","player_choice":"Stole Relic","floor":31.0,"gold_loss":0.0,"damage_taken":0.0,"relics_obtained":["Question Card"],"cards_obtained":["Shame"]},{"damage_healed":0.0,"max_hp_gain":0.0,"max_hp_loss":0.0,"gold_gain":0.0,"event_name":"Tomb of Lord Red Mask","player_choice":"Ignored","floor":37.0,"gold_loss":0.0,"damage_taken":0.0},{"damage_healed":0.0,"max_hp_gain":0.0,"max_hp_loss":0.0,"gold_gain":0.0,"event_name":"MindBloom","player_choice":"Fight","floor":38.0,"gold_loss":0.0,"damage_taken":0.0}],"is_beta":false,"boss_relics":[{"not_picked":["SacredBark","Snecko Eye","Busted Crown"]},{"not_picked":["Runic Cube","Empty Cage"],"picked":"Astrolabe"}],"items_purged_floors":[13,29],"is_endless":false,"potions_floor_spawned":[1,5,11,18,27,35,39],"killed_by":"Maw","ascension_level":3}}