{"host":"59ckh7bj2z84pzgo","time":1607660450,"event":{"mods":["BaseMod","Better Vampires","Marked Mod","Minty Spire (QoL Compilation)","Replay The Spire","Spicy Shops","StSLib","TestMod","【遗物卡牌】REMEMod"],"gold_per_floor":[117,133,133,144,160,160,185,260,260,260,295,295,305,305,305,384,384,401,316,316,326,345,379,379,406,406,439,452,484,497,163,163,240,240,257,282,282,467,194,224,240,271,295,295,323,340,359,370,370,370,370,370,370,158,191,191],"floor_reached":57,"playtime":1774,"items_purged":["Strike_R","Voices","Abandon"],"score":3010,"play_id":"b9c35105-04bf-4eb9-ada1-0d131556a30a","local_time":"20201211122050","is_ascension_mode":true,"campfire_choices":[{"data":"testmod-PowerStrike","floor":6.0,"key":"SMITH"},{"floor":10.0,"key":"REST"},{"data":"testmod-PowerStrike+1","floor":15.0,"key":"SMITH"},{"data":"Corruption","floor":24,"key":"SMITH"},{"floor":32,"key":"DIG"},{"floor":49,"key":"RECALL"},{"data":"testmod-PowerStrike+2","floor":53,"key":"SMITH"}],"circlet_count":0,"master_deck":["AscendersBane","Strike_R","Strike_R","Defend_R","Defend_R","Defend_R","Bash","testmod-PowerStrike+3","Iron Wave","Sword Boomerang","Headbutt","Second Wind","REME_TheLastStrike","Corruption+1","Shrug It Off+1","Havoc+1","ReplayTheSpireMod:Strike From Hell+1","Shrug It Off+1","Feed","Barricade","REME_FearOfPain","Exhume+1","Havoc+1","Madness+1","Madness+1"],"relics":["Burning Blood","REME_ComplimentaryCards","testmod-TestBox","testmod-RealStoneCalender","Bottled Lightning","Toxic Egg 2","testmod-TestBox","testmod-TimeTraveler","testmod-Muramasa","ReplayFunnel","Happy Flower","Divine Protection","Gremlin Food","Anchor","Membership Card","Iron Hammer","Pear","Electric Blood","Dead Branch","Ring of Searing","ReplayTheSpireMod:Ring of Addiction","SacredBark","Chameleon Ring","Toy Ornithopter","OrangePellets","Nunchaku","Replay:WaspNest","StrikeDummy","testmod-Hope","ClockworkSouvenir","Red Skull"],"acts_visited":["Exordium","TheCity","TheBeyond","TheEnding"],"potions_floor_usage":[25,40,41,46,48],"damage_taken":[{"damage":7.0,"enemies":"2 Louse","floor":1.0,"turns":3.0},{"damage":1.0,"enemies":"Small Slimes","floor":2.0,"turns":3.0},{"damage":12.0,"enemies":"Jaw Worm","floor":4.0,"turns":2.0},{"damage":12.0,"enemies":"2 Fungi Beasts","floor":5.0,"turns":3.0},{"damage":0.0,"enemies":"Lagavulin","floor":7.0,"turns":3.0},{"damage":26.0,"enemies":"3 Sentries","floor":11.0,"turns":3.0},{"damage":3.0,"enemies":"Exordium Thugs","floor":13.0,"turns":3.0},{"damage":0.0,"enemies":"The Guardian","floor":16.0,"turns":2.0},{"damage":7,"enemies":"3 Byrds","floor":18,"turns":3},{"damage":0,"enemies":"Chosen","floor":21,"turns":2},{"damage":0,"enemies":"Snecko","floor":22,"turns":2},{"damage":3,"enemies":"Book of Stabbing","floor":23,"turns":2},{"damage":53,"enemies":"Gremlin Leader","floor":25,"turns":3},{"damage":1,"enemies":"Book of Stabbing","floor":27,"turns":2},{"damage":0,"enemies":"Chosen and Byrds","floor":28,"turns":3},{"damage":0,"enemies":"Replay:Snechameleon","floor":29,"turns":2},{"damage":0,"enemies":"Snake Plant","floor":30,"turns":2},{"damage":0,"enemies":"Collector","floor":33,"turns":2},{"damage":0,"enemies":"Orb Walker","floor":35,"turns":2},{"damage":0,"enemies":"Mind Bloom Boss Battle","floor":36,"turns":2},{"damage":0,"enemies":"Giant Head","floor":40,"turns":1},{"damage":0,"enemies":"3 Darklings","floor":41,"turns":1},{"damage":13,"enemies":"Nemesis","floor":42,"turns":2},{"damage":0,"enemies":"R_Hoarder","floor":45,"turns":1},{"damage":0,"enemies":"Maw","floor":46,"turns":1},{"damage":0,"enemies":"Transient","floor":47,"turns":1},{"damage":0,"enemies":"4 Shapes","floor":48,"turns":1},{"damage":11,"enemies":"Time Eater","floor":50,"turns":1},{"damage":1,"enemies":"Replay:Hell Engine","floor":51,"turns":2},{"damage":9,"enemies":"Shield and Spear","floor":55,"turns":2},{"damage":0,"enemies":"The Heart","floor":56,"turns":2}],"seed_played":"3265501032484780156","potions_obtained":[{"floor":5.0,"key":"Cursed Concoction"},{"floor":7.0,"key":"Block Potion"},{"floor":11.0,"key":"BlessingOfTheForge"},{"floor":18,"key":"DuplicationPotion"},{"floor":28,"key":"BloodPotion"},{"floor":40,"key":"LiquidBronze"},{"floor":42,"key":"FairyPotion"},{"floor":46,"key":"DuplicationPotion"}],"is_trial":false,"path_per_floor":["M","M","?","M","M","R","E","?","T","R","E","?","M","?","R","B",null,"M","?","?","M","M","E","R","E","T","E","M","E","M","$","R","B",null,"M","?","?","?","$","E","M","E","T","?","E","M","M","M","R","B","B",null,"R","$","E","B",null],"character_chosen":"IRONCLAD","items_purchased":["Membership Card","Iron Hammer","Toy Ornithopter","OrangePellets","REME_FearOfPain","testmod-Hope","ClockworkSouvenir"],"campfire_rested":1,"item_purchase_floors":[31,31,39,39,39,54,54],"current_hp_per_floor":[49,54,47,41,35,35,41,30,30,52,32,32,35,35,35,41,67,66,66,62,68,74,75,75,28,28,33,39,45,54,54,64,73,87,91,91,91,61,61,91,91,84,84,68,74,85,89,89,89,84,92,90,90,90,85,88],"gold":191,"neow_bonus":"REMOVE_TWO","is_daily":false,"chose_seed":false,"campfire_upgraded":4,"win_rate":0.0,"timestamp":1607660450,"path_taken":["M","M","?","M","M","R","E","?","T","R","E","?","M","?","R","BOSS","BOSS","M","?","?","M","?","E","R","E","T","E","M","E","M","$","R","BOSS","M","?","?","?","$","E","?","E","T","?","E","M","M","M","R","BOSS","BOSS","R","$","E","BOSS"],"items_purchased_type":["Relic","Relic","Relic","Relic","Card","Relic","Relic"],"build_version":"2020-11-30","purchased_purges":3,"victory":true,"max_hp_per_floor":[75,75,75,75,75,75,75,75,75,75,75,75,75,75,75,75,75,75,75,75,75,75,75,75,75,75,75,75,75,78,78,88,91,91,91,91,91,91,91,91,91,91,91,91,89,89,89,89,89,89,92,90,90,90,88,88],"card_choices":[{"not_picked":["Cleave","Sword Boomerang"],"picked":"Iron Wave","floor":1.0},{"not_picked":["Combust","Iron Wave"],"picked":"Abandon","floor":2.0},{"not_picked":["Spot Weakness","Headbutt"],"picked":"Sword Boomerang","floor":4.0},{"not_picked":["Power Through","Life Link"],"picked":"Headbutt","floor":5.0},{"not_picked":["Inflame","Twin Strike"],"picked":"Second Wind","floor":7.0},{"not_picked":["Sentinel+1","Dark Embrace"],"picked":"REME_TheLastStrike","floor":11.0},{"not_picked":["Cleave","Perfected Strike","Headbutt"],"picked":"SKIP","floor":13.0},{"not_picked":["Immolate","Replay:Many Hands+1"],"picked":"Corruption","floor":16},{"not_picked":["Anger","Defy Death+1"],"picked":"Shrug It Off+1","floor":18},{"not_picked":["Clash+1","Perfected Strike+1"],"picked":"Havoc+1","floor":21},{"not_picked":["True Grit+1","Havoc+1"],"picked":"ReplayTheSpireMod:Strike From Hell+1","floor":22},{"not_picked":["ReplayTheSpireMod:LeadingStrike+1","Iron Wave+1","Dropkick"],"picked":"SKIP","floor":23},{"not_picked":["Fire Breathing","Rupture"],"picked":"Shrug It Off+1","floor":25},{"not_picked":["ReplayReversal+1","Disarm+1"],"picked":"Feed","floor":27},{"not_picked":["ReplayTheSpireMod:Corrosion Curse+1","Power Through+1","Headbutt"],"picked":"SKIP","floor":28},{"not_picked":["Juggernaut","Thunderclap","Iron Wave"],"picked":"SKIP","floor":29},{"not_picked":["Sever Soul","Iron Wave","Rage+1"],"picked":"SKIP","floor":30},{"not_picked":["Immolate","Double Tap+1"],"picked":"Barricade","floor":33},{"not_picked":["Perfected Strike","Rupture+1","Twin Strike"],"picked":"SKIP","floor":35},{"not_picked":["Feed","Armaments+1"],"picked":"Exhume+1","floor":40},{"not_picked":["Clothesline","Abandon+1","Perfected Strike"],"picked":"SKIP","floor":41},{"not_picked":["Wild Strike+1","ReplayTheSpireMod:Strike From Hell"],"picked":"Havoc+1","floor":42},{"not_picked":["Dropkick","Wild Strike","Twin Strike"],"picked":"SKIP","floor":45},{"not_picked":["REME_Fury+1","Searing Blow","Pommel Strike"],"picked":"SKIP","floor":46},{"not_picked":["Uppercut","Heavy Blade","Twin Strike"],"picked":"SKIP","floor":47},{"not_picked":["Wild Strike+1","Spot Weakness+1","True Grit+1"],"picked":"SKIP","floor":48},{"not_picked":["Massacre","REME_SingleHolding+1","Disarm+1"],"picked":"SKIP","floor":55}],"player_experience":117219,"relics_obtained":[{"floor":7.0,"key":"Bottled Lightning"},{"floor":9.0,"key":"Toxic Egg 2"},{"floor":11.0,"key":"Question Card"},{"floor":23,"key":"ReplayFunnel"},{"floor":25,"key":"Happy Flower"},{"floor":26,"key":"Divine Protection"},{"floor":27,"key":"Gremlin Food"},{"floor":29,"key":"Anchor"},{"floor":32,"key":"Pear"},{"floor":36,"key":"Dead Branch"},{"floor":37,"key":"Ring of Searing"},{"floor":37,"key":"ReplayTheSpireMod:Ring of Addiction"},{"floor":37,"key":"SacredBark"},{"floor":37,"key":"Chameleon Ring"},{"floor":40,"key":"Nunchaku"},{"floor":42,"key":"Replay:WaspNest"},{"floor":45,"key":"StrikeDummy"},{"floor":55,"key":"Red Skull"}],"event_choices":[{"cards_removed":["Strike_R"],"damage_healed":0.0,"max_hp_gain":0.0,"max_hp_loss":0.0,"gold_gain":0.0,"event_name":"Golden Wing","player_choice":"Card Removal","floor":3.0,"gold_loss":0.0,"damage_taken":7.0},{"damage_healed":0.0,"max_hp_gain":0.0,"max_hp_loss":0.0,"gold_gain":75.0,"event_name":"World of Goop","player_choice":"Gather Gold","floor":8.0,"gold_loss":0.0,"damage_taken":11.0},{"damage_healed":0.0,"max_hp_gain":0.0,"max_hp_loss":0.0,"gold_gain":0.0,"event_name":"给自己的盒子","player_choice":"Swap Relic","floor":12.0,"relics_lost":["Question Card"],"gold_loss":0.0,"damage_taken":0.0,"relics_obtained":["testmod-TestBox"]},{"damage_healed":0.0,"max_hp_gain":0.0,"max_hp_loss":0.0,"gold_gain":0.0,"event_name":"Liars Game","player_choice":"Ignored","floor":14.0,"gold_loss":0.0,"damage_taken":0.0},{"damage_healed":0,"gold_gain":0,"player_choice":"Obtained Relic","damage_taken":0,"relics_obtained":["testmod-Muramasa"],"max_hp_gain":0,"max_hp_loss":0,"event_name":"Addict","floor":19,"gold_loss":85},{"damage_healed":0,"gold_gain":0,"player_choice":"Bought 0 Potions","damage_taken":0,"max_hp_gain":0,"max_hp_loss":0,"event_name":"The Woman in Blue","floor":20,"gold_loss":0},{"damage_healed":0,"gold_gain":0,"player_choice":"Fight","damage_taken":0,"max_hp_gain":0,"max_hp_loss":0,"event_name":"MindBloom","floor":36,"gold_loss":0},{"damage_healed":0,"gold_gain":0,"player_choice":"Embrace Madness","damage_taken":16,"max_hp_gain":0,"max_hp_loss":0,"event_name":"Winding Halls","floor":44,"gold_loss":0,"cards_obtained":["Madness","Madness"]}],"is_beta":false,"boss_relics":[{"not_picked":["testmod-BloodSacrificeSpiritualization","Tiny House"],"picked":"testmod-TimeTraveler"},{"not_picked":["Honey Jar","Runic Dome"],"picked":"Electric Blood"}],"items_purged_floors":[31,39,54],"is_endless":false,"potions_floor_spawned":[5,7,11,13,16,18,21,28,29,30,40,42,45,46,47],"ascension_level":20}}