{"host":"6qo42zgaknezulyg","time":1607683551,"event":{"mods":["2.2 Compatiblity","BaseMod","Jorbs\u0027s Wanderer Trilogy","Keyboard Shortcuts","Minty Spire (QoL Compilation)","Permanent Neow","Quick Restart","StSLib","SuperFastMode"],"gold_per_floor":[109,120,120,137,68,103,129,129,129,153,177,214,214,225,225,330,330,354,354,360,97,108,108,108,139,165,165,197,241,35,93,93,98,98,112,62,91,91,115,115,174,174,174,202,202,222,245,245,245,245],"floor_reached":51,"playtime":7724,"items_purged":["stsjorbsmod:Strike_Wanderer","stsjorbsmod:Strike_Wanderer"],"score":676,"play_id":"cda7193b-1a9b-41c6-b6af-56201cdec588","local_time":"20201211194551","is_ascension_mode":false,"campfire_choices":[{"data":"stsjorbsmod:Prestidigitation","floor":8.0,"key":"SMITH"},{"data":"stsjorbsmod:ChatteringStrike","floor":15.0,"key":"SMITH"},{"data":"stsjorbsmod:MirrorImage","floor":24.0,"key":"SMITH"},{"data":"stsjorbsmod:TinyHut","floor":27.0,"key":"SMITH"},{"data":"Apotheosis","floor":32.0,"key":"SMITH"},{"data":"stsjorbsmod:Patron","floor":40.0,"key":"SMITH"},{"floor":42.0,"key":"REST"},{"floor":49.0,"key":"RECALL"}],"circlet_count":0,"master_deck":["stsjorbsmod:ForbiddenGrimoire+1","stsjorbsmod:Strike_Wanderer","stsjorbsmod:Defend_Wanderer","stsjorbsmod:Defend_Wanderer","stsjorbsmod:Defend_Wanderer","stsjorbsmod:Defend_Wanderer","stsjorbsmod:FreshAdventure","stsjorbsmod:EyeOfTheStorm","stsjorbsmod:TinyHut+1","stsjorbsmod:Patron","stsjorbsmod:MagicMissiles","stsjorbsmod:SmithingStrike","stsjorbsmod:Prestidigitation+1","stsjorbsmod:ChatteringStrike+1","stsjorbsmod:Withdraw","stsjorbsmod:ScorchingRay","stsjorbsmod:LocateObject","stsjorbsmod:MirrorImage+1","stsjorbsmod:OldPocket+1","stsjorbsmod:HedgeWizard","stsjorbsmod:WeightOfMemory+1","stsjorbsmod:Mania+1","Apotheosis+1","stsjorbsmod:SmithingStrike+1","stsjorbsmod:LoseGrip+1","stsjorbsmod:Channel+1","stsjorbsmod:DoubleCheck+1","stsjorbsmod:Materialize+1","stsjorbsmod:ArcaneForm"],"relics":["stsjorbsmod:GrimoireRelic","PreservedInsect","FaceOfCleric","CeramicFish","Nunchaku","Kunai","Sozu","Membership Card","Omamori","Ornamental Fan","Vajra","Torii","Bottled Lightning","Toxic Egg 2","Velvet Choker","Calipers","InkBottle"],"acts_visited":["Exordium","TheCity","TheBeyond"],"potions_floor_usage":[50,50],"damage_taken":[{"damage":0.0,"enemies":"Small Slimes","floor":1.0,"turns":3.0},{"damage":0.0,"enemies":"Cultist","floor":2.0,"turns":3.0},{"damage":0.0,"enemies":"Jaw Worm","floor":4.0,"turns":5.0},{"damage":23.0,"enemies":"3 Sentries","floor":6.0,"turns":8.0},{"damage":7.0,"enemies":"Blue Slaver","floor":7.0,"turns":5.0},{"damage":10.0,"enemies":"Lots of Slimes","floor":10.0,"turns":4.0},{"damage":7.0,"enemies":"Exordium Thugs","floor":11.0,"turns":5.0},{"damage":15.0,"enemies":"Lagavulin","floor":12.0,"turns":5.0},{"damage":0.0,"enemies":"3 Louse","floor":14.0,"turns":4.0},{"damage":18.0,"enemies":"The Guardian","floor":16.0,"turns":9.0},{"damage":10.0,"enemies":"Spheric Guardian","floor":18.0,"turns":5.0},{"damage":9.0,"enemies":"2 Thieves","floor":20.0,"turns":4.0},{"damage":0.0,"enemies":"Snecko","floor":22.0,"turns":5.0},{"damage":7.0,"enemies":"Snake Plant","floor":25.0,"turns":5.0},{"damage":0.0,"enemies":"Chosen and Byrds","floor":28.0,"turns":4.0},{"damage":8.0,"enemies":"Slavers","floor":29.0,"turns":4.0},{"damage":1.0,"enemies":"Gremlin Leader","floor":31.0,"turns":7.0},{"damage":29.0,"enemies":"Collector","floor":33.0,"turns":9.0},{"damage":0.0,"enemies":"3 Darklings","floor":35.0,"turns":3.0},{"damage":9.0,"enemies":"3 Shapes","floor":37.0,"turns":5.0},{"damage":0.0,"enemies":"Spire Growth","floor":39.0,"turns":4.0},{"damage":32.0,"enemies":"2 Orb Walkers","floor":41.0,"turns":4.0},{"damage":0.0,"enemies":"Maw","floor":44.0,"turns":6.0},{"damage":0.0,"enemies":"Jaw Worm Horde","floor":46.0,"turns":4.0},{"damage":0.0,"enemies":"Spire Growth","floor":47.0,"turns":4.0},{"damage":42,"enemies":"Donu and Deca","floor":50,"turns":8}],"seed_played":"4211339955290465923","potions_obtained":[{"floor":1.0,"key":"stsjorbsmod:BurningPotion"},{"floor":2.0,"key":"Energy Potion"},{"floor":11.0,"key":"Strength Potion"},{"floor":16.0,"key":"BlessingOfTheForge"}],"is_trial":false,"path_per_floor":["M","M","?","M","$","E","M","R","T","M","M","E","?","M","R","B",null,"M","?","M","$","M","T","R","M","T","R","M","E","$","E","R","B",null,"M","$","M","?","M","R","?","R","T","M","?","M","M","$","R","B",null],"character_chosen":"WANDERER","items_purchased":["stsjorbsmod:SmithingStrike","Membership Card","Omamori","Apotheosis","Bottled Lightning"],"campfire_rested":1,"item_purchase_floors":[5,21,21,30,30],"current_hp_per_floor":[68,68,68,69,69,47,43,43,43,35,30,18,18,19,19,2,76,68,68,60,60,63,63,63,59,59,59,62,56,56,58,58,30,84,85,85,79,79,82,82,53,79,79,83,83,86,87,87,87,46],"gold":245,"neow_bonus":"RANDOM_COMMON_RELIC","is_daily":false,"chose_seed":false,"campfire_upgraded":6,"win_rate":0.0,"timestamp":1607683551,"path_taken":["M","M","?","M","$","E","?","R","T","M","M","E","?","M","R","BOSS","M","?","M","$","?","?","R","M","T","R","M","E","?","E","R","BOSS","M","$","M","?","M","R","?","R","T","M","?","M","M","$","R","BOSS"],"items_purchased_type":["Card","Relic","Relic","Card","Relic"],"build_version":"2020-11-30","purchased_purges":2,"victory":true,"max_hp_per_floor":[68,68,68,69,69,70,71,71,71,72,73,74,74,75,75,76,76,77,77,78,78,79,79,79,80,80,80,81,82,82,83,83,84,84,85,85,86,86,87,87,88,88,88,89,85,86,87,87,87,88],"card_choices":[{"not_picked":["stsjorbsmod:Inferno","stsjorbsmod:FranticSearch"],"picked":"stsjorbsmod:TinyHut","floor":1.0},{"not_picked":["stsjorbsmod:MageArmor","stsjorbsmod:Materialize"],"picked":"stsjorbsmod:Patron","floor":2.0},{"not_picked":["stsjorbsmod:Channel","stsjorbsmod:Prepare"],"picked":"stsjorbsmod:MagicMissiles","floor":4.0},{"not_picked":["stsjorbsmod:Hibernate","stsjorbsmod:UnseenServant"],"picked":"stsjorbsmod:Prestidigitation","floor":6.0},{"not_picked":["stsjorbsmod:DisguiseSelf","stsjorbsmod:Index"],"picked":"stsjorbsmod:ChatteringStrike","floor":7.0},{"not_picked":["stsjorbsmod:Message","stsjorbsmod:AnimateObjects"],"picked":"stsjorbsmod:Withdraw","floor":10.0},{"not_picked":["stsjorbsmod:WanderingMind","stsjorbsmod:Aid"],"picked":"stsjorbsmod:ScorchingRay","floor":11.0},{"not_picked":["stsjorbsmod:Introspection","stsjorbsmod:BurningFlask"],"picked":"stsjorbsmod:LocateObject","floor":12.0},{"not_picked":["stsjorbsmod:OldPocket","stsjorbsmod:RayOfFrost","stsjorbsmod:ChainLightning"],"picked":"SKIP","floor":14.0},{"not_picked":["stsjorbsmod:DeathThroes","stsjorbsmod:ThirstingSword"],"picked":"stsjorbsmod:MirrorImage","floor":16.0},{"not_picked":["stsjorbsmod:Will","stsjorbsmod:SmithingStrike"],"picked":"stsjorbsmod:OldPocket+1","floor":18.0},{"not_picked":["stsjorbsmod:BlackTentacles","stsjorbsmod:TinyHut+1"],"picked":"stsjorbsmod:HedgeWizard","floor":20.0},{"not_picked":["stsjorbsmod:Message","stsjorbsmod:DisguiseSelf+1","stsjorbsmod:Hurt"],"picked":"SKIP","floor":22.0},{"not_picked":["stsjorbsmod:MagicMissiles","stsjorbsmod:UnseenServant"],"picked":"stsjorbsmod:MagicMirror","floor":25.0},{"not_picked":["stsjorbsmod:TrueStrike+1","stsjorbsmod:ArcaneWeapon"],"picked":"stsjorbsmod:WeightOfMemory+1","floor":28.0},{"not_picked":["stsjorbsmod:Channel","stsjorbsmod:SmithingStrike+1"],"picked":"stsjorbsmod:Mania+1","floor":29.0},{"not_picked":["stsjorbsmod:Rest+1","stsjorbsmod:DoubleCheck+1"],"picked":"stsjorbsmod:SmithingStrike+1","floor":31.0},{"not_picked":["stsjorbsmod:Message+1","stsjorbsmod:ColorSpray","stsjorbsmod:Index+1"],"picked":"SKIP","floor":35.0},{"not_picked":["stsjorbsmod:MageArmor+1","stsjorbsmod:FaerieFire+1"],"picked":"stsjorbsmod:LoseGrip+1","floor":37.0},{"not_picked":["stsjorbsmod:Will+1","stsjorbsmod:FracturedMind+1"],"picked":"stsjorbsmod:Channel+1","floor":39.0},{"not_picked":["stsjorbsmod:Will+1","stsjorbsmod:OldPocket+1"],"picked":"stsjorbsmod:DoubleCheck+1","floor":41.0},{"not_picked":["stsjorbsmod:Determination+1","stsjorbsmod:Index+1"],"picked":"stsjorbsmod:Materialize+1","floor":44.0},{"not_picked":["stsjorbsmod:WanderingMind+1","stsjorbsmod:RefuseToForget+1","stsjorbsmod:Will+1"],"picked":"SKIP","floor":46.0},{"not_picked":["stsjorbsmod:BlackTentacles","stsjorbsmod:FracturedMind"],"picked":"stsjorbsmod:ArcaneForm","floor":47.0}],"player_experience":729305,"relics_obtained":[{"floor":6.0,"key":"CeramicFish"},{"floor":9.0,"key":"Nunchaku"},{"floor":12.0,"key":"Kunai"},{"floor":23.0,"key":"Ornamental Fan"},{"floor":26.0,"key":"Vajra"},{"floor":29.0,"key":"Torii"},{"floor":31.0,"key":"Toxic Egg 2"},{"floor":41.0,"key":"Calipers"},{"floor":43.0,"key":"InkBottle"}],"event_choices":[{"damage_healed":0.0,"max_hp_gain":0.0,"max_hp_loss":0.0,"gold_gain":0.0,"event_name":"FaceTrader","player_choice":"Trade","floor":3.0,"gold_loss":0.0,"damage_taken":0.0,"relics_obtained":["FaceOfCleric"]},{"cards_removed":["stsjorbsmod:Strike_Wanderer"],"damage_healed":0.0,"max_hp_gain":0.0,"max_hp_loss":0.0,"gold_gain":0.0,"event_name":"Living Wall","player_choice":"Forget","floor":13.0,"gold_loss":0.0,"damage_taken":0.0},{"damage_healed":0.0,"max_hp_gain":0.0,"max_hp_loss":0.0,"gold_gain":0.0,"event_name":"N\u0027loth","player_choice":"Ignored","floor":19.0,"gold_loss":0.0,"damage_taken":0.0},{"cards_removed":["stsjorbsmod:MagicMirror"],"damage_healed":0.0,"max_hp_gain":0.0,"max_hp_loss":0.0,"gold_gain":0.0,"event_name":"Falling","player_choice":"Removed Power","floor":38.0,"gold_loss":0.0,"damage_taken":0.0},{"damage_healed":0.0,"max_hp_gain":0.0,"max_hp_loss":0.0,"gold_gain":0.0,"event_name":"Mysterious Sphere","player_choice":"Fight","floor":41.0,"gold_loss":0.0,"damage_taken":0.0},{"damage_healed":0.0,"max_hp_gain":0.0,"max_hp_loss":4.0,"gold_gain":0.0,"event_name":"Winding Halls","player_choice":"Max HP","floor":45.0,"gold_loss":0.0,"damage_taken":0.0}],"is_beta":false,"boss_relics":[{"not_picked":["Coffee Dripper","Black Star"],"picked":"Sozu"},{"not_picked":["Busted Crown","Pandora\u0027s Box"],"picked":"Velvet Choker"}],"items_purged_floors":[21,36],"is_endless":false,"potions_floor_spawned":[1,2,11,12,14,16,28,29,31,35,37,46],"ascension_level":0}}