{"host":"6qo42zgaknezulyg","time":1607689217,"event":{"mods":["2.2 Compatiblity","BaseMod","Jorbs\u0027s Wanderer Trilogy","Keyboard Shortcuts","Minty Spire (QoL Compilation)","Permanent Neow","Quick Restart","StSLib","SuperFastMode"],"gold_per_floor":[376,53,66,81,100,100,175,175,223,251,262,47,57,86,86,86,86],"floor_reached":16,"playtime":895,"items_purged":["stsjorbsmod:Strike_Wanderer"],"score":324,"play_id":"3ed7b0e6-4df7-4618-a716-061259787602","local_time":"20201211212017","is_ascension_mode":true,"campfire_choices":[{"floor":6.0,"key":"REST"},{"data":"stsjorbsmod:FranticSearch","floor":15,"key":"SMITH"}],"circlet_count":0,"master_deck":["AscendersBane","stsjorbsmod:ForbiddenGrimoire+1","stsjorbsmod:Strike_Wanderer","stsjorbsmod:Strike_Wanderer","stsjorbsmod:Strike_Wanderer","stsjorbsmod:Defend_Wanderer","stsjorbsmod:Defend_Wanderer","stsjorbsmod:Defend_Wanderer","stsjorbsmod:Defend_Wanderer","stsjorbsmod:FreshAdventure","stsjorbsmod:EyeOfTheStorm","stsjorbsmod:BurningFlask","stsjorbsmod:Prestidigitation","stsjorbsmod:Inferno","stsjorbsmod:WeightOfMemory","stsjorbsmod:Firebolt","stsjorbsmod:HedgeWizard","stsjorbsmod:FranticSearch+1","stsjorbsmod:FaerieFire","stsjorbsmod:Patron","stsjorbsmod:Mania","stsjorbsmod:FindFamiliar"],"relics":["stsjorbsmod:GrimoireRelic","Happy Flower","Lantern","Potion Belt","InkBottle"],"acts_visited":["Exordium"],"potions_floor_usage":[10,10,10,10],"damage_taken":[{"damage":5.0,"enemies":"Cultist","floor":1.0,"turns":4.0},{"damage":3.0,"enemies":"Small Slimes","floor":3.0,"turns":4.0},{"damage":1.0,"enemies":"2 Louse","floor":4.0,"turns":3.0},{"damage":21.0,"enemies":"Exordium Wildlife","floor":5.0,"turns":5.0},{"damage":1,"enemies":"3 Sentries","floor":10,"turns":7},{"damage":0,"enemies":"Large Slime","floor":11,"turns":4},{"damage":4,"enemies":"Blue Slaver","floor":13,"turns":3},{"damage":12,"enemies":"Lagavulin","floor":14,"turns":4}],"seed_played":"2290986019942056511","potions_obtained":[{"floor":4.0,"key":"SmokeBomb"},{"floor":5.0,"key":"EssenceOfSteel"},{"floor":8.0,"key":"EntropicBrew"},{"floor":10,"key":"stsjorbsmod:DimensionDoorPotion"},{"floor":11,"key":"SteroidPotion"}],"is_trial":false,"path_per_floor":["M","$","M","M","M","R","?","?","T","E","M","$","M","E","R","B"],"character_chosen":"WANDERER","items_purchased":["stsjorbsmod:Prestidigitation","stsjorbsmod:Inferno","stsjorbsmod:WeightOfMemory","Happy Flower","stsjorbsmod:Patron","Strength Potion"],"campfire_rested":1,"item_purchase_floors":[2,2,2,2,12,12],"current_hp_per_floor":[40,40,40,39,19,38,27,27,27,43,45,45,42,32,32,0,0],"gold":86,"neow_bonus":"TWO_FIFTY_GOLD","is_daily":false,"chose_seed":false,"campfire_upgraded":1,"win_rate":0.0,"timestamp":1607689217,"path_taken":["M","$","M","M","M","R","?","?","T","E","?","?","M","E","R","BOSS"],"items_purchased_type":["Card","Card","Card","Relic","Card","Potion"],"build_version":"2020-11-30","purchased_purges":1,"victory":false,"max_hp_per_floor":[64,64,66,66,66,66,66,66,66,66,66,66,66,66,66,66,66],"card_choices":[{"not_picked":["stsjorbsmod:WanderingMind","stsjorbsmod:AnimateObjects"],"picked":"stsjorbsmod:BurningFlask","floor":1.0},{"not_picked":["stsjorbsmod:WanderingMind","stsjorbsmod:ArcaneWeapon"],"picked":"stsjorbsmod:Firebolt","floor":3.0},{"not_picked":["stsjorbsmod:Counterspell","stsjorbsmod:Channel"],"picked":"stsjorbsmod:HedgeWizard","floor":4.0},{"not_picked":["stsjorbsmod:Message","stsjorbsmod:Materialize"],"picked":"stsjorbsmod:FranticSearch","floor":5.0},{"not_picked":["stsjorbsmod:DisguiseSelf","stsjorbsmod:Message"],"picked":"stsjorbsmod:FaerieFire","floor":10},{"not_picked":["stsjorbsmod:Prestidigitation","stsjorbsmod:UnseenServant","stsjorbsmod:Firebolt"],"picked":"SKIP","floor":11},{"not_picked":["stsjorbsmod:Prestidigitation","stsjorbsmod:Message"],"picked":"stsjorbsmod:Mania","floor":13},{"not_picked":["stsjorbsmod:FranticSearch","stsjorbsmod:MistyStep"],"picked":"stsjorbsmod:FindFamiliar","floor":14}],"player_experience":737424,"relics_obtained":[{"floor":9.0,"key":"Lantern"},{"floor":10,"key":"Potion Belt"},{"floor":14,"key":"InkBottle"}],"event_choices":[{"damage_healed":0.0,"max_hp_gain":0.0,"max_hp_loss":0.0,"gold_gain":75.0,"event_name":"World of Goop","player_choice":"Gather Gold","floor":7.0,"gold_loss":0.0,"damage_taken":11.0},{"damage_healed":0.0,"max_hp_gain":0.0,"max_hp_loss":0.0,"gold_gain":0.0,"event_name":"Lab","player_choice":"Got Potions","floor":8.0,"gold_loss":0.0,"damage_taken":0.0}],"is_beta":false,"boss_relics":[],"items_purged_floors":[12],"is_endless":false,"potions_floor_spawned":[4,5,10,11],"killed_by":"Hexaghost","ascension_level":20}}