{"host":"hc8xbdd8p6sd75vx","time":1607664775,"event":{"mods":["AchievementEnabler","AlwaysNeverKeys","BaseMod","Better Altar","Better Match","Better Sensory Stone","Better Skull","Better Third Choice","Colored Map","Hermit","Minty Spire (QoL Compilation)","Quick Restart","Shade Mod","Spicy Shops","StSLib","The Servant 0.9.4"],"gold_per_floor":[218,237,11,11,11,43,63,77,104,115,115,36,70,86,86,188,188,203,118,118,118,118,118,118],"floor_reached":23,"playtime":1822,"items_purged":[],"score":244,"play_id":"81227429-53d7-458b-ab13-e28fb87a80e4","local_time":"20201210213255","is_ascension_mode":true,"campfire_choices":[{"floor":15,"key":"REST"}],"circlet_count":0,"master_deck":["Defend_R+1","Defend_R+1","Defend_R+1","Defend_R+1","Bash","Rampage","Combust+1","Thunderclap","Thunderclap","Cleave","Inflame","Anger","Inflame","Bite","Bite","Bite","Bite","Bite"],"relics":["Black Blood","Sling","Toy Ornithopter","Orichalcum","Omamori","Pear","Sundial","Bloody Idol","Blood Vial"],"acts_visited":["Exordium","TheCity"],"potions_floor_usage":[16,16,23,23],"damage_taken":[{"damage":0,"enemies":"2 Louse","floor":1,"turns":3},{"damage":1,"enemies":"Cultist","floor":2,"turns":3},{"damage":21,"enemies":"Gremlin Nob","floor":6,"turns":4},{"damage":10,"enemies":"Jaw Worm","floor":7,"turns":3},{"damage":1,"enemies":"2 Fungi Beasts","floor":8,"turns":2},{"damage":10,"enemies":"Looter","floor":10,"turns":3},{"damage":13,"enemies":"3 Sentries","floor":13,"turns":3},{"damage":16,"enemies":"Large Slime","floor":14,"turns":4},{"damage":34,"enemies":"Slime Boss","floor":16,"turns":9},{"damage":53,"enemies":"Shell Parasite","floor":18,"turns":6},{"damage":23,"enemies":"Slavers","floor":23,"turns":2}],"seed_played":"-2609309124639479889","potions_obtained":[{"floor":6,"key":"ColorlessPotion"},{"floor":7,"key":"FearPotion"},{"floor":13,"key":"FearPotion"},{"floor":14,"key":"DuplicationPotion"},{"floor":18,"key":"SpeedPotion"}],"is_trial":false,"path_per_floor":["M","M","$","?","?","E","M","M","T","M","?","$","E","M","R","B",null,"M","?","?","?","?","E"],"character_chosen":"IRONCLAD","items_purchased":["Combust","Sling","Inflame"],"campfire_rested":1,"item_purchase_floors":[3,3,12],"current_hp_per_floor":[80,80,80,80,80,65,61,66,66,62,62,62,65,55,82,62,90,49,49,49,2,2,0,0],"gold":118,"neow_bonus":"HUNDRED_GOLD","is_daily":false,"chose_seed":false,"campfire_upgraded":0,"win_rate":0.0,"timestamp":1607664775,"path_taken":["M","M","$","?","?","E","M","M","T","?","?","?","E","M","R","BOSS","M","?","?","?","?","E"],"items_purchased_type":["Card","Relic","Card"],"build_version":"2020-11-30","purchased_purges":0,"victory":false,"max_hp_per_floor":[80,80,80,80,80,80,80,80,80,80,80,80,90,90,90,90,90,90,90,62,62,62,62,62],"card_choices":[{"not_picked":["Seeing Red","Dual Wield"],"picked":"Heavy Blade","floor":1},{"not_picked":["Body Slam","Flex"],"picked":"Rampage","floor":2},{"not_picked":["Clash","Shrug It Off"],"picked":"Thunderclap","floor":6},{"not_picked":["Feel No Pain","Shrug It Off","Uppercut"],"picked":"SKIP","floor":7},{"not_picked":["Body Slam","Hemokinesis"],"picked":"Thunderclap","floor":8},{"not_picked":["Power Through","Evolve"],"picked":"Cleave","floor":10},{"not_picked":["Wild Strike","Immolate"],"picked":"Anger","floor":13},{"not_picked":["Shrug It Off","Shockwave"],"picked":"Inflame","floor":14},{"not_picked":["Seeing Red","Intimidate","Whirlwind"],"picked":"SKIP","floor":18}],"player_experience":208989,"relics_obtained":[{"floor":6,"key":"Orichalcum"},{"floor":9,"key":"Omamori"},{"floor":13,"key":"Pear"}],"event_choices":[{"damage_healed":0,"gold_gain":0,"player_choice":"Grow","damage_taken":0,"max_hp_gain":0,"max_hp_loss":0,"event_name":"Living Wall","floor":4,"gold_loss":0,"cards_upgraded":["Combust"]},{"cards_removed":["Heavy Blade"],"damage_healed":0,"gold_gain":0,"player_choice":"Gave Card","damage_taken":0,"relics_obtained":["Toy Ornithopter"],"max_hp_gain":0,"max_hp_loss":0,"event_name":"WeMeetAgain","floor":5,"gold_loss":0},{"damage_healed":0,"gold_gain":0,"player_choice":"Ignored","damage_taken":0,"max_hp_gain":0,"max_hp_loss":0,"event_name":"Transmorgrifier","floor":11,"gold_loss":0},{"damage_healed":0,"gold_gain":0,"player_choice":"Obtained Relic","damage_taken":0,"relics_obtained":["Sundial"],"max_hp_gain":0,"max_hp_loss":0,"event_name":"Addict","floor":19,"gold_loss":85},{"damage_healed":0,"gold_gain":0,"player_choice":"Became a vampire","damage_taken":0,"max_hp_gain":0,"max_hp_loss":28,"event_name":"Vampires","floor":20,"gold_loss":0,"cards_obtained":["Bite","Bite","Bite","Bite","Bite"]},{"damage_healed":0,"gold_gain":0,"player_choice":" Idol Vial ","damage_taken":47,"relics_obtained":["Bloody Idol","Blood Vial"],"max_hp_gain":49,"max_hp_loss":2,"event_name":"betterAltar:BetterAltar","floor":21,"potions_obtained":[],"relics_lost":[],"gold_loss":0},{"damage_healed":0,"gold_gain":0,"player_choice":"Simplicity","damage_taken":0,"max_hp_gain":0,"max_hp_loss":4,"event_name":"betterThird:BetterWriting","floor":22,"gold_loss":0}],"is_beta":false,"boss_relics":[{"not_picked":["Cursed Key","Busted Crown"],"picked":"Black Blood"}],"items_purged_floors":[],"is_endless":false,"potions_floor_spawned":[6,7,13,14,18],"killed_by":"Slavers","ascension_level":2}}