{"host":"sz8c8ni79nvzjmmg","time":1607675460,"event":{"mods":["AchievementEnabler","BaseMod","DeckTracker","Keyboard Shortcuts","Minty Spire (QoL Compilation)","SuperFastMode"],"gold_per_floor":[11,27,27,42,56,56,56,75,75,75,106,119,162,21,21,117,117,96,109,109,109],"floor_reached":20,"playtime":762,"items_purged":["Strike_G"],"score":522,"play_id":"52073a5c-c94f-4d57-9454-58da44119426","local_time":"20201211173100","is_ascension_mode":true,"campfire_choices":[{"data":"Apotheosis","floor":6.0,"key":"SMITH"},{"floor":15.0,"key":"REST"}],"circlet_count":0,"master_deck":["AscendersBane","Strike_G","Strike_G","Strike_G","Defend_G","Defend_G","Defend_G","Defend_G","Defend_G","Survivor","Neutralize","Apotheosis+1","Poisoned Stab","Noxious Fumes","Masterful Stab","Prepared","Grand Finale","Acrobatics","Escape Plan","Well Laid Plans+1","Purity","Tactician+1"],"relics":["Ring of the Snake","Golden Idol","Frozen Egg 2","Mercury Hourglass","The Courier","HoveringKite"],"acts_visited":["Exordium","TheCity"],"potions_floor_usage":[],"damage_taken":[{"damage":7.0,"enemies":"Small Slimes","floor":1.0,"turns":4.0},{"damage":2.0,"enemies":"2 Louse","floor":2.0,"turns":3.0},{"damage":0.0,"enemies":"Cultist","floor":4.0,"turns":4.0},{"damage":12.0,"enemies":"3 Louse","floor":5.0,"turns":3.0},{"damage":2.0,"enemies":"2 Fungi Beasts","floor":8.0,"turns":5.0},{"damage":0.0,"enemies":"Lagavulin","floor":11.0,"turns":4.0},{"damage":0.0,"enemies":"Large Slime","floor":12.0,"turns":5.0},{"damage":3.0,"enemies":"3 Sentries","floor":13.0,"turns":7.0},{"damage":0.0,"enemies":"The Guardian","floor":16.0,"turns":7.0},{"damage":25.0,"enemies":"2 Thieves","floor":18.0,"turns":4.0},{"damage":9.0,"enemies":"Chosen","floor":19.0,"turns":3.0},{"damage":25,"enemies":"Masked Bandits","floor":20,"turns":3}],"seed_played":"-5544697502555045320","potions_obtained":[{"floor":1.0,"key":"DuplicationPotion"},{"floor":11.0,"key":"Energy Potion"},{"floor":13.0,"key":"GhostInAJar"},{"floor":18.0,"key":"PowerPotion"}],"is_trial":false,"path_per_floor":["M","M","?","M","M","R","?","M","T","?","E","M","E","$","R","B",null,"M","M","?"],"character_chosen":"THE_SILENT","items_purchased":["Purity"],"campfire_rested":1,"item_purchase_floors":[14],"current_hp_per_floor":[52,50,50,50,38,38,38,36,36,36,36,36,33,33,51,51,58,33,24,0,0],"gold":109,"neow_bonus":"RANDOM_COLORLESS_2","is_daily":false,"chose_seed":false,"campfire_upgraded":1,"win_rate":0.0,"timestamp":1607675460,"path_taken":["M","M","?","M","M","R","?","?","T","?","E","M","E","$","R","BOSS","M","M","?"],"items_purchased_type":["Card"],"build_version":"2020-11-30","purchased_purges":1,"victory":false,"max_hp_per_floor":[66,66,60,60,60,60,60,60,60,60,60,60,60,60,60,60,60,60,60,60,60],"card_choices":[{"not_picked":["Master of Strategy","Secret Technique"],"picked":"Apotheosis","floor":0.0},{"not_picked":["Dodge and Roll","Skewer"],"picked":"Poisoned Stab","floor":1.0},{"not_picked":["Accuracy","Choke"],"picked":"Noxious Fumes","floor":2.0},{"not_picked":["Flying Knee","Accuracy"],"picked":"Masterful Stab","floor":4.0},{"not_picked":["Poisoned Stab","Endless Agony"],"picked":"Prepared","floor":5.0},{"not_picked":["Sucker Punch","Flechettes","Catalyst"],"picked":"SKIP","floor":8.0},{"not_picked":["Dash","Sucker Punch","Wraith Form v2+1"],"picked":"SKIP","floor":11.0},{"not_picked":["Blade Dance","Leg Sweep","Endless Agony"],"picked":"SKIP","floor":12.0},{"not_picked":["Skewer","Leg Sweep","Finisher"],"picked":"SKIP","floor":13.0},{"not_picked":["Masterful Stab","Deadly Poison+1","Concentrate"],"picked":"SKIP","floor":18.0},{"not_picked":["Backflip","Deflect"],"picked":"Tactician+1","floor":19.0}],"player_experience":1191607,"relics_obtained":[{"floor":9.0,"key":"Frozen Egg 2"},{"floor":11.0,"key":"Mercury Hourglass"},{"floor":13.0,"key":"The Courier"}],"event_choices":[{"damage_healed":0.0,"max_hp_gain":0.0,"max_hp_loss":6.0,"gold_gain":0.0,"event_name":"Golden Idol","player_choice":"Lose Max HP","floor":3.0,"gold_loss":0.0,"damage_taken":0.0,"relics_obtained":["Golden Idol"]},{"damage_healed":0.0,"max_hp_gain":0.0,"max_hp_loss":0.0,"gold_gain":0.0,"event_name":"Match and Keep!","player_choice":"3 cards matched","floor":7.0,"gold_loss":0.0,"damage_taken":0.0,"cards_obtained":["Grand Finale","Acrobatics","Escape Plan"]},{"damage_healed":0.0,"max_hp_gain":0.0,"max_hp_loss":0.0,"gold_gain":0.0,"cards_transformed":["Strike_G"],"event_name":"Living Wall","player_choice":"Change","floor":10.0,"gold_loss":0.0,"damage_taken":0.0,"cards_obtained":["Well Laid Plans"]},{"damage_healed":0,"gold_gain":0,"player_choice":"Fought Bandits","damage_taken":0,"max_hp_gain":0,"max_hp_loss":0,"event_name":"Masked Bandits","floor":20,"gold_loss":0}],"is_beta":false,"boss_relics":[{"not_picked":["Tiny House","Velvet Choker"],"picked":"HoveringKite"}],"items_purged_floors":[14],"is_endless":false,"potions_floor_spawned":[1,11,12,13,18],"killed_by":"Masked Bandits","ascension_level":20}}