{"host":"vvp4eihuvtuugjfx","time":1607679995,"event":{"mods":["Act Like it!","Aspiration","BaseMod","Better Note","CCEM","Colored Map","Colored Powertips","Downfall","Hallownest","Highlight Path","Mimic Mod","Minty Spire (QoL Compilation)","Permanent Neow","Quick Restart","Replay The Spire","Shop Mod","Spicy Shops","StSLib","The Bug Knight","The Construct","Unceasing Turn Reminder"],"gold_per_floor":[109,384,399,349,121,151,162,179,202,202,202,212,243,258,258,362,362,377,390,406,426,426,453,465,484,519,549,569,594,594,611,611,715,715,729,744,798,798,810,845,845,845,877,904,904,931,78,103,103,103,103,111],"floor_reached":53,"playtime":3582,"items_purged":["Strike_B","Injury"],"score":1198,"play_id":"cff693ba-3413-48d4-8d2c-19074470bd50","local_time":"20201211104635","is_ascension_mode":true,"campfire_choices":[{"floor":11,"key":"REST"},{"data":"Tempest","floor":15,"key":"SMITH"},{"data":"Storm","floor":32,"key":"SMITH"},{"data":"ReplayRNGCard","floor":49,"key":"SMITH"},{"data":"Lockon","floor":51,"key":"SMITH"}],"circlet_count":0,"master_deck":["Strike_B+1","Strike_B+1","Strike_B+1","Defend_B+1","Defend_B+1","Defend_B+1","Defend_B+1","Zap+1","Dualcast","Gash","ReplayGash","Echo Form","Self Repair","Tempest+1","FIFO Queue","Ball Lightning","Electrodynamics","Self Repair+1","Panic Button","Go for the Eyes","Gash","Self Repair+1","Hologram","Storm+1","ReplayRNGCard+1","Go for the Eyes+1","Consume","Barrage+1","Redo+1","Storm","Lockon+1","Gash","Gash","Force Field","Storm"],"relics":["Cracked Core","PreservedInsect","aspiration:HatOfInfinitePower","Vajra","HollowMod:PaleOreRelic","Busted Crown","CCEMRelics:SpiritsEdge","CCEMRelics:Pendulum","NlothsMask","Inserter","FossilizedHelix","Art of War","Replay:Bandana","MerchantsRug","ReplayTheSpireMod:TigerMarble","TungstenRod","Cauldron","Mirror"],"acts_visited":["Exordium","TheCity","TheBeyond"],"potions_floor_usage":[3,13,14,19,21,21,23,29,33,33,40,43,52,52,52],"damage_taken":[{"damage":0,"enemies":"Cultist","floor":1,"turns":3},{"damage":4,"enemies":"Small Slimes","floor":3,"turns":3},{"damage":20,"enemies":"Lagavulin","floor":6,"turns":6},{"damage":2,"enemies":"Jaw Worm","floor":7,"turns":3},{"damage":9,"enemies":"Exordium Thugs","floor":8,"turns":5},{"damage":6,"enemies":"Blue Slaver","floor":12,"turns":3},{"damage":15,"enemies":"3 Sentries","floor":13,"turns":6},{"damage":0,"enemies":"Gremlin Gang","floor":14,"turns":4},{"damage":0,"enemies":"Slime Boss","floor":16,"turns":5},{"damage":1,"enemies":"Spheric Guardian","floor":18,"turns":3},{"damage":15,"enemies":"Shell Parasite","floor":19,"turns":6},{"damage":23,"enemies":"3 Cultists","floor":20,"turns":4},{"damage":48,"enemies":"Shelled Parasite and Fungi","floor":21,"turns":6},{"damage":12,"enemies":"Replay:Snechameleon","floor":23,"turns":3},{"damage":4,"enemies":"Cultist and Chosen","floor":24,"turns":4},{"damage":24,"enemies":"Snake Plant","floor":25,"turns":4},{"damage":0,"enemies":"Sentry and Sphere","floor":26,"turns":3},{"damage":44,"enemies":"Gremlin Leader","floor":27,"turns":5},{"damage":3,"enemies":"Sentry and Sphere","floor":28,"turns":3},{"damage":12,"enemies":"Slavers","floor":29,"turns":2},{"damage":15,"enemies":"Centurion and Healer","floor":31,"turns":6},{"damage":66,"enemies":"Champ","floor":33,"turns":7},{"damage":8,"enemies":"Orb Walker","floor":35,"turns":3},{"damage":17,"enemies":"3 Shapes","floor":36,"turns":5},{"damage":41,"enemies":"2 Orb Walkers","floor":37,"turns":4},{"damage":20,"enemies":"Jaw Worm Horde","floor":39,"turns":3},{"damage":34,"enemies":"Reptomancer","floor":40,"turns":4},{"damage":6,"enemies":"HollowMod:StalkingDevout","floor":43,"turns":4},{"damage":18,"enemies":"Maw","floor":44,"turns":6},{"damage":0,"enemies":"Transient","floor":46,"turns":5},{"damage":26,"enemies":"Spire Growth","floor":48,"turns":4},{"damage":46,"enemies":"Time Eater","floor":52,"turns":5}],"seed_played":"-132020911447156137","potions_obtained":[{"floor":1,"key":"AttackPotion"},{"floor":6,"key":"Block Potion"},{"floor":7,"key":"DistilledChaos"},{"floor":12,"key":"Explosive Potion"},{"floor":18,"key":"Languid Potion"},{"floor":19,"key":"BlessingOfTheForge"},{"floor":20,"key":"Explosive Potion"},{"floor":21,"key":"Energy Potion"},{"floor":27,"key":"SteroidPotion"},{"floor":28,"key":"SteroidPotion"},{"floor":33,"key":"PowerPotion"},{"floor":35,"key":"construct:ShiftPotion"},{"floor":40,"key":"Swift Potion"},{"floor":44,"key":"PowerPotion"},{"floor":46,"key":"Reflective Coating"},{"floor":47,"key":"FocusPotion"}],"is_trial":false,"path_per_floor":["M","?","M","?","$","E","M","M","T","?","R","M","E","M","R","B",null,"M","M","M","M","?","E","M","M","MIM","E","M","E","?","M","R","B",null,"M","M","?","?","M","E","PTL","PTL","E","M","T","M","$","M","R","T","R","B",null],"character_chosen":"DEFECT","items_purchased":["PreservedInsect","Lockon","Gash","MerchantsRug","Force Field","Storm","ReplayTheSpireMod:TigerMarble","TungstenRod","Cauldron"],"campfire_rested":1,"item_purchase_floors":[5,47,47,47,47,47,47,47,47],"current_hp_per_floor":[68,68,64,64,64,44,42,33,33,43,68,62,54,68,68,68,81,85,70,64,33,33,28,38,38,55,28,65,73,73,82,82,36,73,72,82,51,51,41,37,37,37,51,60,60,85,85,76,76,76,76,50],"gold":111,"neow_bonus":"UPGRADE_CARD","is_daily":false,"chose_seed":false,"campfire_upgraded":4,"win_rate":0.0,"timestamp":1607679995,"path_taken":["M","?","?","?","?","E","?","M","T","?","R","?","E","M","R","BOSS","M","?","?","M","?","E","M","M","MIM","E","M","E","?","?","R","BOSS","M","M","?","?","M","E","PTL","PTL","E","M","T","M","$","?","R","?","R","BOSS"],"items_purchased_type":["Relic","Card","Card","Relic","Card","Card","Relic","Relic","Relic"],"build_version":"2020-11-30","purchased_purges":2,"victory":true,"max_hp_per_floor":[75,75,75,75,75,75,75,75,75,85,85,85,85,85,85,85,85,85,85,85,85,85,85,85,85,85,85,85,85,85,85,85,85,85,85,85,85,85,85,85,85,85,85,85,85,85,85,85,85,85,85,85],"card_choices":[{"not_picked":["Genetic Algorithm","Go for the Eyes"],"picked":"Gash","floor":1},{"not_picked":["Sweeping Beam","Capacitor"],"picked":"ReplayGash","floor":3},{"not_picked":["Cold Snap","Stack"],"picked":"Echo Form","floor":6},{"not_picked":["Steam","Stack"],"picked":"ReplaySort","floor":7},{"not_picked":["Turbo","Fusion"],"picked":"Self Repair","floor":8},{"not_picked":["Double Energy","Sweeping Beam"],"picked":"Tempest","floor":12},{"not_picked":["Cold Snap","Tempest"],"picked":"FIFO Queue","floor":13},{"not_picked":["ReplayRNGCard","Sweeping Beam"],"picked":"Ball Lightning","floor":14},{"not_picked":["Rainbow","Seek"],"picked":"Electrodynamics","floor":16},{"not_picked":["Compile Driver"],"picked":"SKIP","floor":18},{"not_picked":[],"picked":"Self Repair+1","floor":19},{"not_picked":["Compile Driver+1"],"picked":"SKIP","floor":20},{"not_picked":["Cold Snap"],"picked":"SKIP","floor":21},{"not_picked":[],"picked":"Panic Button","floor":23},{"not_picked":["Stack"],"picked":"SKIP","floor":24},{"not_picked":[],"picked":"Go for the Eyes","floor":25},{"not_picked":[],"picked":"Gash","floor":26},{"not_picked":[],"picked":"Self Repair+1","floor":27},{"not_picked":[],"picked":"Hologram","floor":28},{"not_picked":[],"picked":"Storm","floor":29},{"not_picked":["Steam"],"picked":"SKIP","floor":31},{"not_picked":[],"picked":"ReplayRNGCard","floor":33},{"not_picked":[],"picked":"Go for the Eyes+1","floor":35},{"not_picked":["ReplayTheSpireMod:Repulse"],"picked":"SKIP","floor":36},{"not_picked":[],"picked":"Consume","floor":37},{"not_picked":[],"picked":"Barrage+1","floor":39},{"not_picked":[],"picked":"Redo+1","floor":40},{"not_picked":[],"picked":"Storm","floor":43},{"not_picked":["Stack+1"],"picked":"SKIP","floor":44},{"not_picked":["Stack"],"picked":"SKIP","floor":46},{"not_picked":["Turbo"],"picked":"SKIP","floor":48}],"player_experience":715653,"relics_obtained":[{"floor":6,"key":"aspiration:HatOfInfinitePower"},{"floor":9,"key":"Vajra"},{"floor":13,"key":"HollowMod:PaleOreRelic"},{"floor":23,"key":"CCEMRelics:SpiritsEdge"},{"floor":27,"key":"Replay:Wax Seal"},{"floor":29,"key":"CCEMRelics:Pendulum"},{"floor":37,"key":"FossilizedHelix"},{"floor":40,"key":"Art of War"},{"floor":43,"key":"Replay:Bandana"},{"floor":50,"key":"Mirror"}],"event_choices":[{"damage_healed":0,"gold_gain":275,"player_choice":"Desecrate","damage_taken":0,"max_hp_gain":0,"max_hp_loss":0,"event_name":"Golden Shrine","floor":2,"gold_loss":0,"cards_obtained":["Regret"]},{"cards_removed":["Regret"],"damage_healed":0,"gold_gain":0,"player_choice":"Card Removal","damage_taken":0,"max_hp_gain":0,"max_hp_loss":0,"event_name":"The Cleric","floor":4,"gold_loss":50},{"cards_removed":["ReplaySort"],"damage_healed":0,"gold_gain":0,"player_choice":"Gave Card","damage_taken":0,"relics_obtained":["Pear"],"max_hp_gain":0,"max_hp_loss":0,"event_name":"WeMeetAgain","floor":10,"gold_loss":0},{"damage_healed":0,"gold_gain":0,"player_choice":"Simplicity","damage_taken":0,"max_hp_gain":0,"max_hp_loss":0,"event_name":"Back to Basics","floor":22,"gold_loss":0,"cards_upgraded":["Strike_B","Strike_B","Strike_B","Defend_B","Defend_B","Defend_B","Defend_B"]},{"damage_healed":0,"gold_gain":0,"player_choice":"Trade","damage_taken":0,"relics_obtained":["NlothsMask"],"max_hp_gain":0,"max_hp_loss":0,"event_name":"FaceTrader","floor":30,"gold_loss":0},{"damage_healed":0,"gold_gain":0,"player_choice":"Fight","damage_taken":0,"max_hp_gain":0,"max_hp_loss":0,"event_name":"Mysterious Sphere","floor":37,"gold_loss":0},{"damage_healed":0,"gold_gain":0,"player_choice":"Bought 0 Potions","damage_taken":0,"max_hp_gain":0,"max_hp_loss":0,"event_name":"The Woman in Blue","floor":38,"gold_loss":0}],"is_beta":false,"boss_relics":[{"not_picked":["Velvet Choker","SacredBark"],"picked":"Busted Crown"},{"not_picked":["Honey Jar","Tiny House"],"picked":"Inserter"}],"items_purged_floors":[5,47],"is_endless":false,"potions_floor_spawned":[1,6,7,12,18,19,20,21,27,28,33,35,40,44,46],"ascension_level":7}}