{"host":"0azimyi6n3ugndj4","time":1607680123,"event":{"mods":["BaseMod","Bestiary","Conspire","Curses Come First","Defuse TimeMaze Blight","Hyrulean Relics","Infinite Spire","Minty Spire (QoL Compilation)","Relic Stats","Replay The Spire","StSLib","SuperFastMode","Uncapped","¡¼?Úª?ø«¡½REMEMod"],"gold_per_floor":[99,99,189,225,285,372,95,95,118,203,203,245,79,133,133,67,67],"floor_reached":16,"playtime":307,"items_purged":[],"score":487,"play_id":"66325b4d-29ec-4e1f-af63-2f0ff5880665","local_time":"20201211184843","daily_mods":["Draft","Hoarder","Insanity","Chimera","Specialized","Vintage","ControlledChaos","Allstar","Diverse","Colorless Cards","Heirloom","Time Dilation","Flight","Binary","Elite Swarm","Lethality","Midas","Night Terrors","Binary"],"is_ascension_mode":true,"campfire_choices":[{"floor":8.0,"key":"REST"},{"floor":11.0,"key":"REST"},{"floor":15.0,"key":"REST"}],"circlet_count":0,"master_deck":["Demon Form","Wraith Form v2","Echo Form","DevaForm","AscendersBane","Bash","Survivor","Zap","Eruption","Strike_R","Strike_G","Strike_B","Defend_R","Defend_G","Defend_P","Stack","REME_MusicOfDeath","Bane","Dodge and Roll","Heatsinks","Predator","Replay:Sssssssssstrike","Heel Hook","Go for the Eyes","LikeWater","Ball Lightning","PiercingWail","Dark Shackles","Predator","Compile Driver","Replay:AtTheReady","Warcry","Sever Soul","Rage","Terror","Wallop","ClearTheMind","Beam Cell","CutThroughFate","Backflip","PathToVictory","ReplayTheSpireMod:Exploit Weakness","infinitespire:OneForAll","Gash","EmptyBody","Evaluate","Body Slam","Coolheaded","Blind","Panic Button","Worship","Footwork","Replay:Undeath\u0027s Touch","Clash","Heavy Blade","Deadly Poison","Auto Shields","FlyingSleeves","ReplayTheSpireMod:GoodbyeWorld","Warcry","REME_DataAnalysis","conspire:Banana","Noxious Fumes","Flame Barrier","Coolheaded","Tempest","Tempest","Tempest","Tempest","Tempest","Tempest","Tempest","Tempest","Tempest","Tempest","Tempest","Tempest","Tempest","Tempest","Tempest","ClearTheMind","ClearTheMind","ClearTheMind","CutThroughFate","CutThroughFate","CutThroughFate","PiercingWail","PiercingWail","PiercingWail","Twin Strike","Twin Strike","Twin Strike","Pommel Strike","Pommel Strike","Pommel Strike","Warcry","Warcry","Warcry","Run Through","Run Through","Run Through","JustLucky","JustLucky","JustLucky","EmptyFist","EmptyFist","EmptyFist","conspire:Banana","conspire:Banana","conspire:Banana","Cold Snap","Cold Snap","Cold Snap","Fusion","Fusion","Fusion","conspire:SharedLibrary","conspire:SharedLibrary","conspire:SharedLibrary","Backflip","Backflip","Backflip","Nirvana","Nirvana","Nirvana","Scrawl","Scrawl","Scrawl"],"relics":["Frozen Eye","Busted Crown","REME_ComplimentaryCards","TungstenRod","Replay:M_SmolderingBlood","infinitespire:PuzzleCube","Bag of Marbles","Blood Vial","Bottled Tornado","zeldaRelics:CourageTriforce","infinitespire:Midas Blood","CeramicFish","REME_OnlineShoppingPlatform","zeldaRelics:WisdomPiece"],"acts_visited":["Exordium"],"potions_floor_usage":[16,16,16,16],"damage_taken":[{"damage":8.0,"enemies":"conspire:MimicChest","floor":3.0,"turns":3.0},{"damage":0.0,"enemies":"Small Slimes","floor":4.0,"turns":2.0},{"damage":0.0,"enemies":"2 Louse","floor":5.0,"turns":2.0},{"damage":0.0,"enemies":"Gremlin Nob","floor":6.0,"turns":3.0},{"damage":26.0,"enemies":"Lagavulin","floor":10.0,"turns":5.0},{"damage":0.0,"enemies":"conspire:RoseBush","floor":12.0,"turns":2.0},{"damage":60,"enemies":"Fading Forest","floor":16,"turns":7}],"seed_played":"6970229359054657715","potions_obtained":[{"floor":4.0,"key":"Explosive Potion"},{"floor":5.0,"key":"BottledMiracle"}],"is_trial":true,"path_per_floor":["?","?","?","M","M","E","$","R","T","E","R","M","$","T","R","B"],"character_chosen":"WATCHER","items_purchased":["infinitespire:Midas Blood","REME_OnlineShoppingPlatform"],"campfire_rested":3,"item_purchase_floors":[7,13],"current_hp_per_floor":[61,57,49,49,53,56,56,66,66,41,62,63,63,63,58,0,0],"gold":67,"neow_bonus":"","is_daily":false,"chose_seed":false,"campfire_upgraded":0,"win_rate":0.0,"timestamp":1607680123,"path_taken":["?","?","?","?","M","E","$","R","T","E","R","?","?","?","R","BOSS"],"items_purchased_type":["Relic","Relic"],"build_version":"2020-11-30","purchased_purges":0,"victory":false,"max_hp_per_floor":[68,68,68,68,70,71,71,66,66,67,62,63,63,63,58,58,58],"relic_stats":{"Blood Vial":4,"Busted Crown":8,"counters":[7,24],"CeramicFish":0,"obtain_stats":[{"zeldaRelics:WisdomPiece":14,"CeramicFish":12,"Bottled Tornado":5,"zeldaRelics:CourageTriforce":10,"Blood Vial":4,"Frozen Eye":0,"Busted Crown":0,"Replay:M_SmolderingBlood":1,"Bag of Marbles":3,"zeldaRelics:CouragePiece":6,"PureWater":0,"REME_OnlineShoppingPlatform":13,"TungstenRod":0,"infinitespire:PuzzleCube":2,"REME_ComplimentaryCards":0,"infinitespire:Midas Blood":7},{"zeldaRelics:WisdomPiece":6,"CeramicFish":6,"Bottled Tornado":3,"zeldaRelics:CourageTriforce":5,"Blood Vial":2,"Frozen Eye":0,"Busted Crown":0,"Replay:M_SmolderingBlood":0,"Bag of Marbles":1,"zeldaRelics:CouragePiece":4,"PureWater":0,"REME_OnlineShoppingPlatform":6,"TungstenRod":0,"infinitespire:PuzzleCube":0,"REME_ComplimentaryCards":0,"infinitespire:Midas Blood":4},{"zeldaRelics:WisdomPiece":17,"CeramicFish":17,"Bottled Tornado":7,"zeldaRelics:CourageTriforce":15,"Blood Vial":5,"Frozen Eye":0,"Busted Crown":0,"Replay:M_SmolderingBlood":0,"Bag of Marbles":3,"zeldaRelics:CouragePiece":10,"PureWater":0,"REME_OnlineShoppingPlatform":17,"TungstenRod":0,"infinitespire:PuzzleCube":0,"REME_ComplimentaryCards":0,"infinitespire:Midas Blood":10}],"TungstenRod":14},"card_choices":[{"not_picked":["MentalFortress","Slice"],"picked":"ClearTheMind","floor":0.0},{"not_picked":["Cleave","Underhanded Strike"],"picked":"CutThroughFate","floor":0.0},{"not_picked":["Prostrate","Prepared"],"picked":"PiercingWail","floor":0.0},{"not_picked":["Armaments","Rupture"],"picked":"Twin Strike","floor":0.0},{"not_picked":["Tempest","Replay:AtTheReady"],"picked":"Pommel Strike","floor":0.0},{"not_picked":["Havoc","FlurryOfBlows"],"picked":"Warcry","floor":0.0},{"not_picked":["Conserve Battery","Rebound"],"picked":"Run Through","floor":0.0},{"not_picked":["FollowUp","Iron Wave"],"picked":"JustLucky","floor":0.0},{"not_picked":["Consecrate","PathToVictory"],"picked":"EmptyFist","floor":0.0},{"not_picked":["Replay:Undeath\u0027s Touch","CrushJoints"],"picked":"conspire:Banana","floor":0.0},{"not_picked":["Ghostly Armor","Coolheaded"],"picked":"Cold Snap","floor":0.0},{"not_picked":["Steam","SashWhip"],"picked":"Fusion","floor":0.0},{"not_picked":["Replay:Sssssssssshield","BasicCrystalCard"],"picked":"conspire:SharedLibrary","floor":0.0},{"not_picked":["Self Repair","Glacier"],"picked":"Backflip","floor":0.0},{"not_picked":["Cloak And Dagger","Toxin Wave"],"picked":"Nirvana","floor":0.0}],"player_experience":1435201,"relics_obtained":[{"floor":3.0,"key":"Bag of Marbles"},{"floor":4.0,"key":"Blood Vial"},{"floor":5.0,"key":"Bottled Tornado"},{"floor":6.0,"key":"zeldaRelics:CouragePiece"},{"floor":9.0,"key":"zeldaRelics:CouragePiece"},{"floor":10.0,"key":"zeldaRelics:CouragePiece"},{"floor":12.0,"key":"CeramicFish"},{"floor":14.0,"key":"zeldaRelics:WisdomPiece"}],"event_choices":[{"damage_healed":0.0,"max_hp_gain":0.0,"max_hp_loss":0.0,"gold_gain":0.0,"event_name":"Scrap Ooze","player_choice":"Success","floor":2.0,"gold_loss":0.0,"damage_taken":5.0,"relics_obtained":["infinitespire:PuzzleCube"]}],"is_beta":false,"boss_relics":[],"items_purged_floors":[],"is_endless":false,"potions_floor_spawned":[4,5,6],"killed_by":"Fading Forest","ascension_level":20}}