{"host":"ueef25wtkg2eer3h","time":1607687755,"event":{"mods":["AchievementEnabler","BaseMod","Colored Map","Colored Powertips","DeckTracker","Displayed Cursed Tome","Googly Eyes","Highlight Path","Minty Spire (QoL Compilation)","Slay the Relics Exporter","StSLib"],"gold_per_floor":[116,66,78,253,15,69,88,117,140,140,172,172,172,207,207,311,311,326,336,435,635,666,666,666],"floor_reached":23,"playtime":1117,"items_purged":["Doubt"],"score":315,"play_id":"a0aa752a-cef7-493d-9d2e-4a53d203276f","local_time":"20201211125555","is_ascension_mode":true,"campfire_choices":[{"floor":10,"key":"REST"},{"data":"Defragment","floor":12,"key":"SMITH"},{"floor":15,"key":"REST"}],"circlet_count":0,"master_deck":["Strike_B","Strike_B","Defend_B","Defend_B","Defend_B","Defend_B","Zap","Dualcast","Streamline","Beam Cell","HandOfGreed","Aggregate","Gash","Defragment+1","Cold Snap","Beam Cell","Seek","Ball Lightning","Buffer","Barrage+1","Coolheaded","Glacier+1"],"relics":["Cracked Core","NeowsBlessing","Dream Catcher","Happy Flower","Lantern","Ancient Tea Set","InkBottle","Fusion Hammer"],"acts_visited":["Exordium","TheCity"],"potions_floor_usage":[11,14,16],"damage_taken":[{"damage":0,"enemies":"2 Louse","floor":1,"turns":1},{"damage":0,"enemies":"Jaw Worm","floor":3,"turns":1},{"damage":5,"enemies":"3 Sentries","floor":6,"turns":2},{"damage":1,"enemies":"Cultist","floor":7,"turns":3},{"damage":25,"enemies":"Lagavulin","floor":8,"turns":5},{"damage":25,"enemies":"Gremlin Nob","floor":11,"turns":4},{"damage":22,"enemies":"Lagavulin","floor":14,"turns":4},{"damage":30,"enemies":"The Guardian","floor":16,"turns":10},{"damage":14,"enemies":"Shell Parasite","floor":18,"turns":2},{"damage":9,"enemies":"Spheric Guardian","floor":19,"turns":3},{"damage":16,"enemies":"Snecko","floor":22,"turns":4},{"damage":65,"enemies":"Gremlin Leader","floor":23,"turns":7}],"seed_played":"7947970371403641106","potions_obtained":[{"floor":3,"key":"Dexterity Potion"},{"floor":6,"key":"Regen Potion"},{"floor":7,"key":"SkillPotion"},{"floor":14,"key":"ColorlessPotion"},{"floor":16,"key":"SpeedPotion"},{"floor":22,"key":"FairyPotion"}],"is_trial":false,"path_per_floor":["M","?","M","?","$","E","M","E","T","R","E","R","?","E","R","B",null,"M","M","?","?","M","E"],"character_chosen":"DEFECT","items_purchased":["HandOfGreed"],"campfire_rested":2,"item_purchase_floors":[5],"current_hp_per_floor":[68,68,68,68,68,63,62,37,37,59,43,43,43,21,43,13,60,46,37,37,37,21,0,0],"gold":666,"neow_bonus":"THREE_ENEMY_KILL","is_daily":false,"chose_seed":false,"campfire_upgraded":1,"win_rate":0.0,"timestamp":1607687755,"path_taken":["M","?","M","?","$","E","?","E","T","R","E","R","?","E","R","BOSS","M","M","?","?","M","E"],"items_purchased_type":["Card"],"build_version":"2020-11-30","purchased_purges":1,"victory":false,"max_hp_per_floor":[75,75,75,75,75,75,75,75,75,75,75,75,75,75,75,75,75,75,75,75,75,75,75,75],"card_choices":[{"not_picked":["Gash","Beam Cell"],"picked":"Streamline","floor":1},{"not_picked":["Force Field","Compile Driver"],"picked":"Beam Cell","floor":3},{"not_picked":["Streamline","Force Field"],"picked":"Aggregate","floor":6},{"not_picked":["Genetic Algorithm","Turbo"],"picked":"Gash","floor":7},{"not_picked":["White Noise","Cold Snap"],"picked":"Defragment","floor":8},{"not_picked":["All For One","Streamline"],"picked":"Cold Snap","floor":10},{"not_picked":["Reprogram","Hello World"],"picked":"Beam Cell","floor":11},{"not_picked":["Skim","Sweeping Beam"],"picked":"Seek","floor":14},{"not_picked":["Streamline","Scrape"],"picked":"Ball Lightning","floor":15},{"not_picked":["Thunder Strike","Reboot"],"picked":"Buffer","floor":16},{"not_picked":["Redo","Leap"],"picked":"Barrage+1","floor":18},{"not_picked":["Steam Power","Barrage"],"picked":"Coolheaded","floor":19},{"not_picked":["Chaos","Stack"],"picked":"Glacier+1","floor":22}],"player_experience":240409,"relics_obtained":[{"floor":6,"key":"Dream Catcher"},{"floor":8,"key":"Happy Flower"},{"floor":9,"key":"Lantern"},{"floor":11,"key":"Ancient Tea Set"},{"floor":14,"key":"InkBottle"}],"event_choices":[{"cards_removed":["Strike_B"],"damage_healed":0,"gold_gain":0,"player_choice":"Card Removal","damage_taken":0,"max_hp_gain":0,"max_hp_loss":0,"event_name":"The Cleric","floor":2,"gold_loss":50},{"damage_healed":0,"gold_gain":175,"player_choice":"AGREE","damage_taken":0,"max_hp_gain":0,"max_hp_loss":0,"event_name":"Liars Game","floor":4,"gold_loss":0,"cards_obtained":["Doubt"]},{"cards_removed":["Strike_B"],"damage_healed":0,"gold_gain":0,"player_choice":"Forget","damage_taken":0,"max_hp_gain":0,"max_hp_loss":0,"event_name":"Living Wall","floor":13,"gold_loss":0},{"damage_healed":0,"gold_gain":99,"player_choice":"Stole From Cult","damage_taken":0,"max_hp_gain":0,"max_hp_loss":0,"event_name":"Nest","floor":20,"gold_loss":0},{"damage_healed":0,"gold_gain":200,"player_choice":"Gold","damage_taken":0,"max_hp_gain":0,"max_hp_loss":0,"event_name":"Wheel of Change","floor":21,"gold_loss":0}],"is_beta":false,"boss_relics":[{"not_picked":["Runic Dome","Velvet Choker"],"picked":"Fusion Hammer"}],"items_purged_floors":[5],"is_endless":false,"potions_floor_spawned":[3,6,7,14,16,22],"killed_by":"Gremlin Leader","ascension_level":9}}