{"host":"sv2o2io561l6x04h","time":1607711646,"event":{"mods":["BaseMod","Colored Map","Conspire","Custom Start","DeckTracker","Highlight Path","Minty Spire (QoL Compilation)","Replay The Spire","StSLib"],"gold_per_floor":[99,99,99,49,49,49,49,49,49,49,49,49,49,49,49,49,49,49,49,49,49,49,49,49,49,49,49,49,49,49,49,49,49,49,49,49,49,49,49,49,49,49,49,49,49,49,49,49,49,49],"floor_reached":51,"playtime":4338,"items_purged":["Devotion"],"score":1076,"play_id":"6b687441-344e-4251-8192-4f6f75d6cddf","local_time":"20201211133406","daily_mods":["Diverse","DeadlyEvents","Lethality","Uncertain Future","Binary"],"is_ascension_mode":false,"campfire_choices":[{"data":"1","floor":6,"key":"LIFT"},{"data":"2","floor":8,"key":"LIFT"},{"data":"3","floor":15,"key":"LIFT"},{"data":"DeusExMachina","floor":23,"key":"PURGE"},{"floor":25,"key":"DIG"},{"floor":32,"key":"DIG"},{"floor":40,"key":"DIG"},{"floor":42,"key":"DIG"},{"floor":49,"key":"DIG"}],"circlet_count":0,"master_deck":["Apotheosis","ReplayUltimateDefense","Devotion","Devotion","Devotion","Brilliance","ConjureBlade","Omniscience","Adrenaline","Demon Form","Demon Form","Limit Break+1","All For One+1","Echo Form","Echo Form","Conserve Battery","Conserve Battery","Conserve Battery","Conserve Battery","Conserve Battery","Gash","Gash","Gash","Gash","Gash+1","Pot Of Greed","Pot Of Greed","Pot Of Greed"],"relics":["Burning Blood","Busted Crown","Akabeko","Anchor","Ancient Tea Set","Replay:Antivirus Software","Bag of Marbles","Bag of Preparation","Replay:Baseball","Basket Of Snakes","Bird Faced Urn","Black Blood","Black Star","Blood Vial","Blue Candle","conspire:Boomerang","Bottled Flame","Replay:Bottled Flurry","Replay:Bottled Steam","Bottled Lightning","Replay:Bottled Snecko","Bottled Tornado","conspire:BottledYoYo","Brimstone","Bronze Scales","Calipers","CaptainsWheel","Centennial Puzzle","Champion Belt","Charon\u0027s Ashes","Chemical X","CloakClasp","ClockworkSouvenir","Coffee Dripper","Damaru","conspire:DeflatedDodgeball","conspire:Dentures","Divine Protection","Yang","Ectoplasm","Eternal Feather","FossilizedHelix","Frozen Eye","ReplayFunnel","Fusion Hammer","Garlic","Ginger","Girya","Gremlin Horn","HandDrill","Mirror","Happy Flower","HornCleat","Ice Cream","Incense Burner","Juzu Bracelet","Replay:Kaleidoscope","King of Hearts","Kunai","Lantern","Letter Opener","ReplayTheSpireMod:Lightbulb","Matryoshka","Medical Kit","Mercury Hourglass","Mummified Hand","Nunchaku","ReplayTheSpireMod:Ninjato","Oddly Smooth Stone","Omamori","Onion Ring","OrangePellets","Orichalcum","Ornamental Fan","Pantograph","Paper Crane","Paper Frog","Peace Pipe","Pen Nib","Philosopher\u0027s Stone","PreservedInsect","Quantum Egg","Red Skull","conspire:RoyalGoblet","Replay:Rubber Ducky","Runic Pyramid","Self Forming Clay","ReplayTheSpireMod:Shallot","Shovel","Shuriken","SlaversCollar","Sling","Smiling Mask","Snack Pack","Sozu","ReplayTheSpireMod:Spearhead","StoneCalendar","Strange Spoon","Sundial","Painkiller Herb","TeardropLocket","TheAbacus","Boot","The Courier","Thread and Needle","Tiny Chest","conspire:TopHat","Torii","Tough Bandages","TungstenRod","Turnip","TwistedFunnel","The Specimen","Unceasing Top","Vajra","VioletLotus","Replay:WaspNest","WristBlade","Frozen Egg 2","Replay:Accelerometer","Potion Belt","Replay:Mystery Machine","SlaversCollar","Blue Doll","Replay:PocketPolymizer","Whetstone","InkBottle","conspire:Flyswatter","MutagenicStrength","Gremlin Food","Replay:Arrowhead","Fusion Hammer","StrikeDummy","Iron Hammer","MawBank","Question Card","Grinning Jar","Replay:Bandana"],"acts_visited":["Exordium","TheCity","TheBeyond"],"potions_floor_usage":[],"damage_taken":[{"damage":0,"enemies":"Small Slimes","floor":1,"turns":1},{"damage":0,"enemies":"Cultist","floor":3,"turns":1},{"damage":0,"enemies":"Jaw Worm","floor":5,"turns":1},{"damage":0,"enemies":"Gremlin Nob","floor":7,"turns":1},{"damage":0,"enemies":"Lots of Slimes","floor":11,"turns":1},{"damage":0,"enemies":"3 Louse","floor":12,"turns":1},{"damage":0,"enemies":"Blue Slaver","floor":14,"turns":1},{"damage":0,"enemies":"Slime Boss","floor":16,"turns":1},{"damage":0,"enemies":"Shell Parasite","floor":18,"turns":1},{"damage":0,"enemies":"Spheric Guardian","floor":19,"turns":1},{"damage":0,"enemies":"conspire:HollyBat","floor":20,"turns":3},{"damage":0,"enemies":"Sentry and Sphere","floor":21,"turns":1},{"damage":0,"enemies":"Shelled Parasite and Fungi","floor":22,"turns":1},{"damage":0,"enemies":"conspire:MimicChest","floor":27,"turns":1},{"damage":0,"enemies":"Snecko","floor":28,"turns":1},{"damage":0,"enemies":"Book of Stabbing","floor":30,"turns":1},{"damage":0,"enemies":"Pondfish","floor":33,"turns":2},{"damage":0,"enemies":"3 Darklings","floor":35,"turns":1},{"damage":0,"enemies":"3 Shapes","floor":36,"turns":2},{"damage":0,"enemies":"Maw","floor":37,"turns":1},{"damage":0,"enemies":"Sphere and 2 Shapes","floor":39,"turns":1},{"damage":0,"enemies":"R_Hoarder","floor":45,"turns":1},{"damage":0,"enemies":"Spire Growth","floor":46,"turns":1},{"damage":0,"enemies":"Writhing Mass","floor":48,"turns":1},{"damage":0,"enemies":"Time Eater","floor":50,"turns":2}],"seed_played":"-5758560928160284662","potions_obtained":[],"is_trial":true,"path_per_floor":["?","?","?","T","?","T","E","T","T","T","?","?","?","?","T","B",null,"?","?","?","?","?","T","T","T","T","?","?","?","E","T","T","B",null,"?","?","?","?","?","T","T","T","T","T","E","?","?","?","T","B",null],"character_chosen":"IRONCLAD","items_purchased":[],"campfire_rested":0,"item_purchase_floors":[],"current_hp_per_floor":[1,1,1,1,1,1,1,1,1,1,1,1,1,1,1,1,1,1,1,1,1,1,1,1,1,1,1,1,1,1,1,1,1,1,1,1,1,1,1,1,1,1,1,1,1,1,1,1,1,1],"gold":49,"neow_bonus":"","is_daily":false,"chose_seed":false,"campfire_upgraded":0,"win_rate":0.0,"timestamp":1607711646,"path_taken":["?","?","?","?","?","T","E","T","T","T","?","?","?","?","T","BOSS","?","?","?","?","?","T","?","T","T","?","?","?","E","T","T","BOSS","?","?","?","?","?","T","?","T","T","T","E","?","?","?","T","BOSS"],"items_purchased_type":[],"build_version":"2020-11-30","purchased_purges":1,"victory":true,"max_hp_per_floor":[1,1,1,1,1,1,1,1,1,1,1,1,1,1,1,1,1,1,1,1,1,1,1,1,1,1,1,1,1,1,1,1,1,1,1,1,1,1,1,1,1,1,1,1,1,1,1,1,1,1],"card_choices":[{"not_picked":["Darkness+1"],"picked":"SKIP","floor":46},{"not_picked":["ReplayTheSpireMod:Strike From Hell+1"],"picked":"SKIP","floor":48}],"player_experience":168226,"relics_obtained":[{"floor":7,"key":"Frozen Egg 2"},{"floor":7,"key":"Replay:Accelerometer"},{"floor":9,"key":"Potion Belt"},{"floor":9,"key":"Replay:Mystery Machine"},{"floor":24,"key":"Blue Doll"},{"floor":24,"key":"Replay:PocketPolymizer"},{"floor":25,"key":"Whetstone"},{"floor":26,"key":"InkBottle"},{"floor":27,"key":"conspire:Flyswatter"},{"floor":30,"key":"Gremlin Food"},{"floor":30,"key":"Replay:Arrowhead"},{"floor":40,"key":"StrikeDummy"},{"floor":41,"key":"Iron Hammer"},{"floor":42,"key":"MawBank"},{"floor":45,"key":"Question Card"},{"floor":45,"key":"Grinning Jar"},{"floor":49,"key":"Replay:Bandana"}],"event_choices":[{"damage_healed":0,"gold_gain":0,"player_choice":"Upgraded","damage_taken":0,"max_hp_gain":0,"max_hp_loss":0,"event_name":"Upgrade Shrine","floor":2,"gold_loss":0,"cards_upgraded":["Limit Break"]},{"cards_removed":["DeusExMachina"],"damage_healed":0,"gold_gain":0,"player_choice":"Purged","damage_taken":0,"max_hp_gain":0,"max_hp_loss":0,"event_name":"Purifier","floor":13,"gold_loss":0},{"damage_healed":0,"gold_gain":0,"player_choice":"Inject Mutagens","damage_taken":0,"relics_obtained":["MutagenicStrength"],"max_hp_gain":0,"max_hp_loss":0,"event_name":"Drug Dealer","floor":29,"gold_loss":0},{"cards_removed":["Adrenaline"],"damage_healed":0,"gold_gain":0,"player_choice":"Removed Skill","damage_taken":0,"max_hp_gain":0,"max_hp_loss":0,"event_name":"Falling","floor":38,"gold_loss":0},{"damage_healed":0,"gold_gain":300,"player_choice":"Gold","damage_taken":0,"max_hp_gain":0,"max_hp_loss":0,"event_name":"Wheel of Change","floor":47,"gold_loss":0}],"is_beta":false,"boss_relics":[{"not_picked":["Runic Dome","Kintsugi"],"picked":"SlaversCollar"},{"not_picked":["conspire:RoyalGoblet","Abe\u0027s Treasure"],"picked":"Fusion Hammer"}],"items_purged_floors":[4],"is_endless":false,"potions_floor_spawned":[1,3,18,20,28,33,36,39,48],"ascension_level":0}}