{"host":"ez767vrydzojtnp0","time":1607697209,"event":{"mods":["Act Like it!","Aspiration","BaseMod","Better Note","BetterRewards","Challenge The Spire","Colored Powertips","Conspire","GifTheSpireLib","Hermit","Hubris","Infinite Spire","Minty Spire (QoL Compilation)","Quick Restart","Rare Cards Sparkle","Relic Stats","Replay The Spire","Shop Mod","Spikes Relics","StSLib","Stuff the Spire","SuperFastMode","everything is the same but u backflip on backflip","slay the spire mod where everything is the same but ironclad has a cowboy hat","vexMod"],"gold_per_floor":[116,116,116,116,116,142,142,85,130,130,130,140,158,171,171,273,273,288,288,305,305,318,352,352,352,378,378,378],"floor_reached":27,"playtime":1191,"items_purged":[],"score":279,"play_id":"5d387a40-a165-4474-b429-f3b079f307d9","local_time":"20201211123329","is_ascension_mode":false,"campfire_choices":[{"floor":7,"key":"RECALL"},{"data":"hermit:Covet","floor":11,"key":"SMITH"},{"floor":15,"key":"DIG"},{"floor":24,"key":"REST"}],"circlet_count":0,"master_deck":["hermit:Strike_Hermit","hermit:Strike_Hermit","hermit:Strike_Hermit","hermit:Strike_Hermit","hermit:Defend_Hermit","hermit:Defend_Hermit","hermit:Defend_Hermit","hermit:Defend_Hermit","hermit:Snapshot","hermit:Covet+1","hermit:Vantage","hermit:BodyArmor","hermit:ShadowCloak","hermit:FinalCanter","hermit:Feint","hermit:Dissolve","hermit:GoldenBullet+1","Regret","hermit:Grudge","hermit:PistolWhip","hermit:GhostlyPresence","hermit:Roughhouse","hermit:Maintenance","Pain","hermit:Dive","hermit:ItchyTrigger","Writhe"],"relics":["hermit:Momento","hubris:PeanutButter","RollingBoulder","Ring of Searing","ReplayTheSpireMod:Ring of Addiction","White Beast Statue","hubris:EmptyBottle","hubris:EvacipatedBox","Strawberry","Meat on the Bone","infinitespire:Bottled Soul","StuffTheSpire:ModemDavis","WarpedTongs","PreservedInsect","Mummified Hand","Ancient Tea Set"],"acts_visited":["Exordium","TheCity"],"potions_floor_usage":[6,6,12,16,16,20,20,23,23,27,27,27,27,27,27],"damage_taken":[{"damage":0,"enemies":"Jaw Worm","floor":1,"turns":4},{"damage":1,"enemies":"3 Sentries","floor":6,"turns":9},{"damage":0,"enemies":"Small Slimes","floor":12,"turns":3},{"damage":0,"enemies":"2 Louse","floor":13,"turns":3},{"damage":0,"enemies":"Gremlin Gang","floor":14,"turns":4},{"damage":0,"enemies":"Slime Boss","floor":16,"turns":11},{"damage":30,"enemies":"3 Byrds","floor":18,"turns":6},{"damage":18,"enemies":"2 Thieves","floor":20,"turns":4},{"damage":0,"enemies":"Cultist and Chosen","floor":22,"turns":6},{"damage":3,"enemies":"Replay:Snechameleon","floor":23,"turns":8},{"damage":79,"enemies":"Nightmare","floor":27,"turns":7}],"seed_played":"2536329796470555392","potions_obtained":[{"floor":3,"key":"SteroidPotion"},{"floor":3,"key":"SteroidPotion"},{"floor":3,"key":"LifebloodPotion"},{"floor":6,"key":"Adrenaline Potion"},{"floor":12,"key":"Dexterity Potion"},{"floor":13,"key":"hermit:BlackBile"},{"floor":16,"key":"Ancient Potion"},{"floor":20,"key":"ColorlessPotion"},{"floor":23,"key":"Swift Potion"}],"is_trial":false,"path_per_floor":["M","?","?","?","$","E","R","$","T","?","R","M","M","M","R","B",null,"M","?","M","?","M","E","R","?","T","NM"],"character_chosen":"HERMIT","items_purchased":["hubris:PeanutButter","hermit:Vantage","hermit:BodyArmor","hermit:ShadowCloak","hermit:FinalCanter","hubris:EvacipatedBox","hermit:GoldenBullet+1"],"campfire_rested":1,"item_purchase_floors":[0,0,0,0,0,5,8],"current_hp_per_floor":[59,59,59,67,48,54,54,54,54,54,54,54,54,54,54,54,78,48,48,42,42,42,39,61,61,61,0,0],"gold":378,"neow_bonus":"","is_daily":false,"chose_seed":false,"campfire_upgraded":1,"win_rate":0.0,"timestamp":1607697209,"path_taken":["M","?","?","?","?","E","R","$","T","?","R","M","M","M","R","BOSS","M","?","M","?","?","E","R","?","T","NM"],"items_purchased_type":["Relic","Card","Card","Card","Card","Relic","Undefined"],"build_version":"2020-11-30","purchased_purges":0,"victory":false,"max_hp_per_floor":[75,75,75,75,75,82,82,82,82,80,80,80,80,80,80,78,78,78,78,76,76,76,76,76,76,76,74,74],"relic_stats":{"counters":[11,65],"Mummified Hand":[1],"PreservedInsect":88,"obtain_stats":[{"StuffTheSpire:ModemDavis":17,"ReplayTheSpireMod:Ring of Addiction":3,"PreservedInsect":23,"hubris:EmptyBottle":3,"Ancient Tea Set":26,"White Beast Statue":3,"hubris:EvacipatedBox":5,"Ring of Searing":3,"WarpedTongs":19,"infinitespire:Bottled Soul":15,"Mummified Hand":25,"Strawberry":6,"hubris:PeanutButter":0,"RollingBoulder":2,"hermit:Momento":0,"Meat on the Bone":10},{"StuffTheSpire:ModemDavis":6,"ReplayTheSpireMod:Ring of Addiction":1,"PreservedInsect":10,"hubris:EmptyBottle":1,"Ancient Tea Set":10,"White Beast Statue":1,"hubris:EvacipatedBox":1,"Ring of Searing":1,"WarpedTongs":7,"infinitespire:Bottled Soul":5,"Mummified Hand":10,"Strawberry":2,"hubris:PeanutButter":0,"RollingBoulder":1,"hermit:Momento":0,"Meat on the Bone":2},{"StuffTheSpire:ModemDavis":34,"ReplayTheSpireMod:Ring of Addiction":4,"PreservedInsect":58,"hubris:EmptyBottle":4,"Ancient Tea Set":58,"White Beast Statue":4,"hubris:EvacipatedBox":4,"Ring of Searing":4,"WarpedTongs":40,"infinitespire:Bottled Soul":23,"Mummified Hand":58,"Strawberry":13,"hubris:PeanutButter":0,"RollingBoulder":4,"hermit:Momento":0,"Meat on the Bone":13}],"Meat on the Bone":12,"WarpedTongs":[24]},"card_choices":[{"not_picked":["hermit:Grudge","hermit:DeadMansHand"],"picked":"hermit:Feint","floor":1},{"not_picked":["hermit:HoleUp","hermit:Enervate"],"picked":"hermit:Dissolve","floor":6},{"not_picked":["hermit:Ricochet","hermit:BodyArmor"],"picked":"hermit:Grudge","floor":12},{"not_picked":["hermit:BodyArmor","hermit:Vantage"],"picked":"hermit:PistolWhip","floor":13},{"not_picked":["hermit:NoHoldsBarred","hermit:Manifest"],"picked":"hermit:GhostlyPresence","floor":14},{"not_picked":["hermit:FatalDesire","hermit:FinalCanter"],"picked":"hermit:Roughhouse","floor":16},{"not_picked":["hermit:ItchyTrigger","hermit:Shortfuse"],"picked":"hermit:Maintenance","floor":18},{"not_picked":["hermit:ShadowCloak+1","hermit:Horror"],"picked":"hermit:Dive","floor":20},{"not_picked":["hermit:Snipe","hermit:ItchyTrigger","hermit:Desperado+1"],"picked":"SKIP","floor":22},{"not_picked":["hermit:Feint","hermit:Coalescence"],"picked":"hermit:ItchyTrigger","floor":23}],"player_experience":355774,"relics_obtained":[{"floor":2,"key":"RollingBoulder"},{"floor":3,"key":"Ring of Searing"},{"floor":3,"key":"ReplayTheSpireMod:Ring of Addiction"},{"floor":3,"key":"White Beast Statue"},{"floor":3,"key":"hubris:EmptyBottle"},{"floor":6,"key":"Strawberry"},{"floor":15,"key":"infinitespire:Bottled Soul"},{"floor":23,"key":"PreservedInsect"},{"floor":26,"key":"Ancient Tea Set"}],"event_choices":[{"damage_healed":0,"gold_gain":0,"player_choice":"Box","damage_taken":0,"relics_obtained":["Meat on the Bone"],"max_hp_gain":0,"max_hp_loss":0,"event_name":"Big Fish","floor":10,"gold_loss":0,"cards_obtained":["Regret"]},{"damage_healed":0,"gold_gain":0,"player_choice":"Rummage","damage_taken":0,"relics_obtained":["WarpedTongs"],"max_hp_gain":0,"max_hp_loss":0,"event_name":"Accursed Blacksmith","floor":19,"gold_loss":0,"cards_obtained":["Pain"]},{"cards_removed":["hermit:Maintenance"],"damage_healed":0,"gold_gain":0,"player_choice":"Give","damage_taken":0,"max_hp_gain":0,"max_hp_loss":0,"event_name":"betterNote:BetterNote","floor":21,"gold_loss":0,"cards_obtained":["None"]},{"damage_healed":0,"gold_gain":0,"player_choice":"Opened","damage_taken":0,"relics_obtained":["Mummified Hand"],"max_hp_gain":0,"max_hp_loss":0,"event_name":"The Mausoleum","floor":25,"gold_loss":0,"cards_obtained":["Writhe"]}],"is_beta":false,"boss_relics":[{"not_picked":["aspiration:RitualDagger","Tiny House","hubris:VirtuousBlindfold"],"picked":"StuffTheSpire:ModemDavis"}],"items_purged_floors":[],"is_endless":true,"potions_floor_spawned":[6,12,13,14,16,18,20,22,23],"killed_by":"Nightmare","ascension_level":0}}