{"host":"2nw7vjz0sy04etg3","time":1607695282,"event":{"mods":["BaseMod","DeckTracker","Minty Spire (QoL Compilation)","Quick Restart"],"gold_per_floor":[118,131,143,156,181,181,200,227,227,246,296,312,312,331,331,407,407,417,434,349,349,349,349,383,16,63,74,74,164,178,192,192,266,266,278,46,64,84,104,104,104],"floor_reached":40,"playtime":1945,"items_purged":["Strike_B"],"score":1015,"play_id":"0aaaed12-d9e5-491a-bd97-d01e7287bf57","local_time":"20201211230122","is_ascension_mode":true,"campfire_choices":[{"data":"Dualcast","floor":6.0,"key":"SMITH"},{"data":"Zap","floor":13.0,"key":"SMITH"},{"data":"Consume","floor":15.0,"key":"SMITH"},{"floor":23.0,"key":"REST"},{"data":"Defragment","floor":28.0,"key":"SMITH"},{"floor":32,"key":"REST"}],"circlet_count":0,"master_deck":["AscendersBane","Strike_B","Strike_B","Strike_B","Defend_B","Defend_B","Defend_B","Defend_B","Zap+1","Dualcast+1","Streamline","Genetic Algorithm","Go for the Eyes","Turbo","Glacier","Loop","White Noise","Consume+1","Electrodynamics","Coolheaded","Hologram","Reboot","Defragment+1","Melter","Ball Lightning","Creative AI","Core Surge","Storm","Conserve Battery+1","Capacitor"],"relics":["Cracked Core","Thread and Needle","Anchor","Pen Nib","Boot","Nuclear Battery","White Beast Statue","Shuriken","Bottled Lightning","Mummified Hand","Potion Belt","Black Star","PreservedInsect"],"acts_visited":["TheCity","TheBeyond"],"potions_floor_usage":[31,33,33,33,39,39,40,40],"damage_taken":[{"damage":0.0,"enemies":"Cultist","floor":1.0,"turns":4.0},{"damage":0.0,"enemies":"Small Slimes","floor":2.0,"turns":3.0},{"damage":0.0,"enemies":"2 Louse","floor":3.0,"turns":3.0},{"damage":0.0,"enemies":"Blue Slaver","floor":4.0,"turns":5.0},{"damage":0.0,"enemies":"Looter","floor":7.0,"turns":2.0},{"damage":11.0,"enemies":"Gremlin Nob","floor":8.0,"turns":5.0},{"damage":0.0,"enemies":"Gremlin Gang","floor":10.0,"turns":5.0},{"damage":0.0,"enemies":"Red Slaver","floor":12.0,"turns":4.0},{"damage":9.0,"enemies":"3 Louse","floor":14.0,"turns":3.0},{"damage":26.0,"enemies":"Hexaghost","floor":16.0,"turns":15.0},{"damage":10.0,"enemies":"3 Byrds","floor":18.0,"turns":3.0},{"damage":17.0,"enemies":"Chosen","floor":19.0,"turns":8.0},{"damage":15.0,"enemies":"Slavers","floor":24.0,"turns":2.0},{"damage":11.0,"enemies":"3 Cultists","floor":27.0,"turns":6.0},{"damage":8.0,"enemies":"Snecko","floor":30.0,"turns":6.0},{"damage":0,"enemies":"Sentry and Sphere","floor":31,"turns":3},{"damage":8,"enemies":"Champ","floor":33,"turns":11},{"damage":0,"enemies":"3 Shapes","floor":35,"turns":3},{"damage":8,"enemies":"Orb Walker","floor":37,"turns":5},{"damage":8,"enemies":"3 Darklings","floor":38,"turns":3},{"damage":30,"enemies":"Transient","floor":39,"turns":5},{"damage":34,"enemies":"Nemesis","floor":40,"turns":3}],"seed_played":"8825617784284067929","potions_obtained":[{"floor":1.0,"key":"DuplicationPotion"},{"floor":2.0,"key":"FocusPotion"},{"floor":8.0,"key":"Ancient Potion"},{"floor":16.0,"key":"Regen Potion"},{"floor":24.0,"key":"Dexterity Potion"},{"floor":27.0,"key":"Block Potion"},{"floor":30.0,"key":"AttackPotion"},{"floor":31,"key":"Weak Potion"},{"floor":33,"key":"SteroidPotion"},{"floor":35,"key":"LiquidMemories"},{"floor":37,"key":"Explosive Potion"},{"floor":38,"key":"Strength Potion"},{"floor":39,"key":"ColorlessPotion"}],"is_trial":false,"path_per_floor":["M","M","M","M","T","R","M","E","T","M","?","M","R","M","R","B",null,"M","M","?","?","T","R","E","$","T","M","R","?","M","M","R","B",null,"M","$","M","M","M","E"],"character_chosen":"DEFECT","items_purchased":["Defragment","Mummified Hand","PreservedInsect"],"campfire_rested":2,"item_purchase_floors":[25,25,36],"current_hp_per_floor":[64,64,64,64,64,64,64,53,53,53,47,47,47,38,38,12,51,41,24,24,24,24,43,33,33,33,22,22,10,2,2,21,13,51,51,51,43,35,5,0,0],"gold":104,"neow_bonus":"ONE_RARE_RELIC","is_daily":false,"chose_seed":false,"campfire_upgraded":4,"win_rate":0.0,"timestamp":1607695282,"path_taken":["M","M","M","M","?","R","M","E","T","M","?","?","R","M","R","BOSS","M","M","?","?","?","R","E","$","T","M","R","?","M","M","R","BOSS","M","$","M","?","M","E"],"items_purchased_type":["Card","Relic","Relic"],"build_version":"2020-11-30","purchased_purges":1,"victory":false,"max_hp_per_floor":[64,64,64,64,64,64,64,64,64,64,64,64,64,64,64,64,64,64,64,64,64,64,64,64,64,64,64,64,64,64,64,64,64,64,64,64,64,64,64,64,64],"card_choices":[{"not_picked":["Tempest","Double Energy"],"picked":"Streamline","floor":1.0},{"not_picked":["Chill","Chaos"],"picked":"Genetic Algorithm","floor":2.0},{"not_picked":["Reinforced Body","Stack"],"picked":"Go for the Eyes","floor":3.0},{"not_picked":["Fusion","Tempest"],"picked":"Turbo","floor":4.0},{"not_picked":["Ball Lightning","Reprogram"],"picked":"Glacier","floor":7.0},{"not_picked":["Hologram","Go for the Eyes"],"picked":"Loop","floor":8.0},{"not_picked":["Hyperbeam","Redo"],"picked":"White Noise","floor":10.0},{"not_picked":["Stack","Hello World","Genetic Algorithm"],"picked":"SKIP","floor":12.0},{"not_picked":["Aggregate","Streamline"],"picked":"Consume","floor":14.0},{"not_picked":["Fission","Seek"],"picked":"Electrodynamics","floor":16.0},{"not_picked":["Turbo","Streamline"],"picked":"Coolheaded","floor":18.0},{"not_picked":["Steam Power","Gash"],"picked":"Hologram","floor":19.0},{"not_picked":["Stack","Go for the Eyes+1"],"picked":"Reboot","floor":24.0},{"not_picked":["Glacier","Turbo"],"picked":"Melter","floor":27.0},{"not_picked":["Turbo","Beam Cell"],"picked":"Ball Lightning","floor":30.0},{"not_picked":["Turbo","Steam"],"picked":"Creative AI","floor":31},{"not_picked":["Biased Cognition","Thunder Strike"],"picked":"Core Surge","floor":33},{"not_picked":["Scrape","Leap"],"picked":"Storm","floor":35},{"not_picked":["BootSequence","Cold Snap"],"picked":"Conserve Battery+1","floor":37},{"not_picked":["Genetic Algorithm","Gash"],"picked":"Capacitor","floor":38},{"not_picked":["Leap","Go for the Eyes+1","Hello World"],"picked":"SKIP","floor":39}],"player_experience":222241,"relics_obtained":[{"floor":5.0,"key":"Anchor"},{"floor":8.0,"key":"Pen Nib"},{"floor":9.0,"key":"Boot"},{"floor":22.0,"key":"Shuriken"},{"floor":24.0,"key":"Bottled Lightning"},{"floor":26.0,"key":"Potion Belt"}],"event_choices":[{"damage_healed":0.0,"max_hp_gain":0.0,"max_hp_loss":0.0,"gold_gain":50.0,"event_name":"FaceTrader","player_choice":"Touch","floor":11.0,"gold_loss":0.0,"damage_taken":6.0},{"damage_healed":0.0,"max_hp_gain":0.0,"max_hp_loss":0.0,"gold_gain":0.0,"event_name":"Addict","player_choice":"Obtained Relic","floor":20.0,"gold_loss":85.0,"damage_taken":0.0,"relics_obtained":["White Beast Statue"]},{"damage_healed":0.0,"max_hp_gain":0.0,"max_hp_loss":0.0,"gold_gain":0.0,"event_name":"Ghosts","player_choice":"Ignored","floor":21.0,"gold_loss":0.0,"damage_taken":0.0},{"damage_healed":0.0,"max_hp_gain":0.0,"max_hp_loss":0.0,"gold_gain":90.0,"event_name":"Knowing Skull","player_choice":"GOLD ","floor":29.0,"potions_obtained":[],"gold_loss":0.0,"damage_taken":12.0,"cards_obtained":[]}],"is_beta":false,"boss_relics":[{"not_picked":["Velvet Choker","Coffee Dripper"],"picked":"Nuclear Battery"},{"not_picked":["FrozenCore","Runic Dome"],"picked":"Black Star"}],"items_purged_floors":[36],"is_endless":false,"potions_floor_spawned":[1,2,8,10,16,18,19,24,27,30,31,33,35,37,38,39],"killed_by":"Nemesis","ascension_level":16}}