{"host":"diimjn7l8zzl9nqr","time":1607674333,"event":{"mods":["BaseMod","DeckTracker","Keyboard Shortcuts","Minty Spire (QoL Compilation)","Permanent Neow","Quick Restart","StSLib","SuperFastMode"],"gold_per_floor":[116,116,135,151,126,126,156,156,156,156,230,261,282,282,282,382,382,393,413,311,236,251,282,282,316,316,336,22,37,37,48,48,149,149,163,5,19,19,65,98,98,98,98,148,176,190,190,190,190,190],"floor_reached":51,"playtime":1782,"items_purged":["Strike_G","Strike_G"],"score":883,"play_id":"51fe865f-15f2-420d-ac0e-7c895ef182aa","local_time":"20201211171213","is_ascension_mode":true,"campfire_choices":[{"data":"Adrenaline","floor":6.0,"key":"SMITH"},{"data":"Neutralize","floor":8.0,"key":"SMITH"},{"data":"Poisoned Stab","floor":10.0,"key":"SMITH"},{"data":"Corpse Explosion","floor":15.0,"key":"SMITH"},{"data":"Backflip","floor":24.0,"key":"SMITH"},{"floor":30.0,"key":"REST"},{"data":"Catalyst","floor":32.0,"key":"SMITH"},{"floor":41.0,"key":"REST"},{"floor":47,"key":"REST"},{"floor":49,"key":"REST"}],"circlet_count":0,"master_deck":["Strike_G","Defend_G","Defend_G","Defend_G","Survivor","Neutralize+1","Corpse Explosion+1","All Out Attack","Adrenaline+1","Poisoned Stab+1","Leg Sweep","Slice","PiercingWail","Bane","Flying Knee","Die Die Die","Dagger Spray","Bouncing Flask+1","Poisoned Stab","Backflip+1","Malaise","Crippling Poison","Catalyst+1","Catalyst+1","Noxious Fumes","Cloak And Dagger","Deflect+1","Flying Knee+1","Acrobatics","Setup+1","Backflip+1","Blur","Outmaneuver+1","Deadly Poison+1"],"relics":["Ring of the Snake","Mango","The Courier","Sundial","Bird Faced Urn","Odd Mushroom","Philosopher\u0027s Stone","Tiny Chest","Thread and Needle","White Beast Statue","Sling","SlaversCollar","Oddly Smooth Stone","StoneCalendar","Blue Candle","Bottled Lightning","Calipers","Toxic Egg 2","Ornamental Fan"],"acts_visited":["Exordium","TheCity","TheBeyond"],"potions_floor_usage":[46,50],"damage_taken":[{"damage":1.0,"enemies":"2 Louse","floor":1.0,"turns":2.0},{"damage":2.0,"enemies":"Jaw Worm","floor":3.0,"turns":5.0},{"damage":0.0,"enemies":"Small Slimes","floor":4.0,"turns":3.0},{"damage":21.0,"enemies":"Gremlin Nob","floor":7.0,"turns":4.0},{"damage":7.0,"enemies":"Lagavulin","floor":12.0,"turns":10.0},{"damage":0.0,"enemies":"The Mushroom Lair","floor":13.0,"turns":2.0},{"damage":44.0,"enemies":"Slime Boss","floor":16.0,"turns":9.0},{"damage":2.0,"enemies":"Shell Parasite","floor":18.0,"turns":6.0},{"damage":0.0,"enemies":"3 Byrds","floor":19.0,"turns":1.0},{"damage":15.0,"enemies":"Snake Plant","floor":22.0,"turns":3.0},{"damage":21.0,"enemies":"Gremlin Leader","floor":23.0,"turns":5.0},{"damage":21.0,"enemies":"Slavers","floor":25.0,"turns":2.0},{"damage":0.0,"enemies":"Cultist and Chosen","floor":27.0,"turns":3.0},{"damage":0.0,"enemies":"Centurion and Healer","floor":29.0,"turns":3.0},{"damage":0.0,"enemies":"3 Cultists","floor":31.0,"turns":4.0},{"damage":29.0,"enemies":"Collector","floor":33.0,"turns":6.0},{"damage":5.0,"enemies":"Orb Walker","floor":35.0,"turns":4.0},{"damage":0.0,"enemies":"3 Darklings","floor":37.0,"turns":2.0},{"damage":59.0,"enemies":"2 Orb Walkers","floor":39.0,"turns":5.0},{"damage":4.0,"enemies":"Giant Head","floor":40.0,"turns":7.0},{"damage":0.0,"enemies":"Mind Bloom Boss Battle","floor":44.0,"turns":5.0},{"damage":27.0,"enemies":"Reptomancer","floor":45.0,"turns":6.0},{"damage":14,"enemies":"4 Shapes","floor":46,"turns":4},{"damage":18,"enemies":"Donu and Deca","floor":50,"turns":9}],"seed_played":"-579565639398904151","potions_obtained":[{"floor":1.0,"key":"LiquidMemories"},{"floor":12.0,"key":"SteroidPotion"},{"floor":18.0,"key":"DistilledChaos"},{"floor":25.0,"key":"Fire Potion"},{"floor":27.0,"key":"SkillPotion"},{"floor":29.0,"key":"LiquidBronze"},{"floor":33.0,"key":"FearPotion"},{"floor":35.0,"key":"Explosive Potion"},{"floor":37.0,"key":"CultistPotion"},{"floor":40.0,"key":"SneckoOil"},{"floor":44.0,"key":"Block Potion"},{"floor":45.0,"key":"GamblersBrew"},{"floor":46,"key":"Poison Potion"}],"is_trial":false,"path_per_floor":["M","?","M","M","$","R","E","R","T","R","T","E","?","?","R","B",null,"M","M","$","?","M","E","R","E","T","M","$","M","R","M","R","B",null,"M","$","M","$","?","E","R","?","T","?","E","M","R","T","R","B",null],"character_chosen":"THE_SILENT","items_purchased":["Slice","Poisoned Stab","Catalyst","Noxious Fumes","Sling","Acrobatics","Oddly Smooth Stone"],"campfire_rested":4,"item_purchase_floors":[5,20,28,28,28,36,36],"current_hp_per_floor":[69,69,67,67,67,67,60,60,60,60,60,53,53,53,53,9,84,82,82,82,82,67,46,46,25,25,25,25,27,52,52,52,25,84,81,81,81,81,22,20,45,45,45,45,20,6,31,31,56,40],"gold":190,"neow_bonus":"ONE_RANDOM_RARE_CARD","is_daily":false,"chose_seed":false,"campfire_upgraded":6,"win_rate":0.0,"timestamp":1607674333,"path_taken":["M","?","M","M","$","R","E","R","T","R","?","E","?","?","R","BOSS","M","M","$","?","M","E","R","E","T","M","$","M","R","M","R","BOSS","M","$","M","$","?","E","R","?","T","?","E","M","R","?","R","BOSS"],"items_purchased_type":["Card","Card","Card","Card","Relic","Card","Relic"],"build_version":"2020-11-30","purchased_purges":2,"victory":true,"max_hp_per_floor":[70,70,70,70,70,70,84,84,84,84,84,84,84,84,84,84,84,84,84,84,84,84,84,84,84,84,84,84,84,84,84,84,84,84,84,84,84,84,84,84,84,84,84,84,84,84,84,84,84,84],"card_choices":[{"not_picked":["Underhanded Strike","Distraction"],"picked":"All Out Attack","floor":1.0},{"not_picked":["Dagger Throw","All Out Attack"],"picked":"Poisoned Stab","floor":3.0},{"not_picked":["Bane","Predator"],"picked":"Leg Sweep","floor":4.0},{"not_picked":["Dagger Spray","Slice"],"picked":"PiercingWail","floor":7.0},{"not_picked":["Prepared","Glass Knife"],"picked":"Bane","floor":12.0},{"not_picked":["Bane","Choke"],"picked":"Flying Knee","floor":13.0},{"not_picked":["Bullet Time","Venomology"],"picked":"Die Die Die","floor":16.0},{"not_picked":["Deflect","Masterful Stab"],"picked":"Dagger Spray","floor":18.0},{"not_picked":["Escape Plan","Blade Dance"],"picked":"Bouncing Flask+1","floor":19.0},{"not_picked":["Finisher","Bouncing Flask"],"picked":"Backflip","floor":22.0},{"not_picked":["Flying Knee+1","Bane"],"picked":"Malaise","floor":23.0},{"not_picked":["Underhanded Strike","Dagger Throw"],"picked":"Crippling Poison","floor":25.0},{"not_picked":["Bane","Sucker Punch"],"picked":"Catalyst+1","floor":27.0},{"not_picked":["Riddle With Holes","Choke"],"picked":"Cloak And Dagger","floor":29.0},{"not_picked":["Quick Slash","Dagger Throw+1"],"picked":"Deflect+1","floor":31.0},{"not_picked":["Dagger Throw+1","Dagger Spray+1"],"picked":"Flying Knee+1","floor":35.0},{"not_picked":["Quick Slash","Slice+1"],"picked":"Setup+1","floor":37.0},{"not_picked":["Sucker Punch","Bane"],"picked":"Backflip+1","floor":39.0},{"not_picked":["Deflect+1","Slice+1","Choke"],"picked":"SKIP","floor":40.0},{"not_picked":["Blade Dance+1","Slice"],"picked":"Blur","floor":44.0},{"not_picked":["Noxious Fumes","Riddle With Holes+1"],"picked":"Outmaneuver+1","floor":45.0},{"not_picked":["Wraith Form v2","Dagger Throw+1"],"picked":"Deadly Poison+1","floor":46}],"player_experience":77113,"relics_obtained":[{"floor":7.0,"key":"Mango"},{"floor":9.0,"key":"The Courier"},{"floor":11.0,"key":"Sundial"},{"floor":12.0,"key":"Bird Faced Urn"},{"floor":13.0,"key":"Odd Mushroom"},{"floor":23.0,"key":"Tiny Chest"},{"floor":25.0,"key":"Thread and Needle"},{"floor":26.0,"key":"White Beast Statue"},{"floor":39.0,"key":"StoneCalendar"},{"floor":40.0,"key":"Blue Candle"},{"floor":43.0,"key":"Bottled Lightning"},{"floor":44.0,"key":"Calipers"},{"floor":45.0,"key":"Toxic Egg 2"},{"floor":48,"key":"Ornamental Fan"}],"event_choices":[{"damage_healed":0.0,"max_hp_gain":0.0,"max_hp_loss":0.0,"gold_gain":0.0,"cards_transformed":["Strike_G"],"event_name":"Living Wall","player_choice":"Change","floor":2.0,"gold_loss":0.0,"damage_taken":0.0,"cards_obtained":["Adrenaline"]},{"damage_healed":0.0,"max_hp_gain":0.0,"max_hp_loss":0.0,"gold_gain":0.0,"event_name":"Mushrooms","player_choice":"Fought Mushrooms","floor":13.0,"gold_loss":0.0,"damage_taken":0.0},{"cards_removed":["Strike_G"],"damage_healed":0.0,"max_hp_gain":0.0,"max_hp_loss":0.0,"gold_gain":0.0,"event_name":"Purifier","player_choice":"Purged","floor":14.0,"gold_loss":0.0,"damage_taken":0.0},{"cards_removed":["Defend_G"],"damage_healed":0.0,"max_hp_gain":0.0,"max_hp_loss":0.0,"gold_gain":0.0,"event_name":"Beggar","player_choice":"Gave Gold","floor":21.0,"gold_loss":75.0,"damage_taken":0.0},{"damage_healed":0.0,"max_hp_gain":0.0,"max_hp_loss":0.0,"gold_gain":0.0,"event_name":"Mysterious Sphere","player_choice":"Fight","floor":39.0,"gold_loss":0.0,"damage_taken":0.0},{"cards_removed":["Defend_G"],"damage_healed":0.0,"max_hp_gain":0.0,"max_hp_loss":0.0,"gold_gain":0.0,"event_name":"Falling","player_choice":"Removed Skill","floor":42.0,"gold_loss":0.0,"damage_taken":0.0},{"damage_healed":0.0,"max_hp_gain":0.0,"max_hp_loss":0.0,"gold_gain":0.0,"event_name":"MindBloom","player_choice":"Fight","floor":44.0,"gold_loss":0.0,"damage_taken":0.0}],"is_beta":false,"boss_relics":[{"not_picked":["Tiny House","Busted Crown"],"picked":"Philosopher\u0027s Stone"},{"not_picked":["HoveringKite","Velvet Choker"],"picked":"SlaversCollar"}],"items_purged_floors":[20,28],"is_endless":false,"potions_floor_spawned":[1,12,13,18,25,27,29,31,33,35,37,39,40,44,45,46],"ascension_level":3}}