{"host":"ygqjzatmv950topu","time":1607666844,"event":{"mods":["Aspiration","BaseMod","Colored Map","Colored Powertips","Downfall","Jorbs\u0027s Wanderer Trilogy","Minty Spire (QoL Compilation)","StSLib","The Hierophant"],"gold_per_floor":[110,60,60,76,76,102,102,102,152,71,88,88,104,117,117,218,268,287,287,271,271,282,282,282],"floor_reached":23,"playtime":1053,"items_purged":[],"score":283,"play_id":"f28bff6a-10f3-496c-bfb3-aa3e17a577f1","local_time":"20201210220724","is_ascension_mode":true,"campfire_choices":[{"floor":7,"key":"REST"},{"floor":12,"key":"REST"},{"floor":15,"key":"REST"}],"circlet_count":0,"master_deck":["Defend_R","Defend_R","Defend_R","Defend_R","Bash","Flex","Shrug It Off","Impervious","Body Slam","Inflame","Inflame","Rampage","Inflame","Anger+1","True Grit","Demon Form","Havoc+1","Bite","Bite","Bite","Bite","Bite","Ghostly Armor"],"relics":["Burning Blood","Dream Catcher","Ornamental Fan","MealTicket","Tiny House"],"acts_visited":["Exordium","TheCity"],"potions_floor_usage":[6,13,16,16,20,23,23],"damage_taken":[{"damage":15,"enemies":"Small Slimes","floor":1,"turns":4},{"damage":4,"enemies":"2 Louse","floor":4,"turns":3},{"damage":59,"enemies":"Lagavulin","floor":6,"turns":10},{"damage":4,"enemies":"Cultist","floor":11,"turns":5},{"damage":11,"enemies":"Looter","floor":13,"turns":3},{"damage":12,"enemies":"2 Fungi Beasts","floor":14,"turns":5},{"damage":26,"enemies":"Slime Boss","floor":16,"turns":7},{"damage":6,"enemies":"Chosen","floor":18,"turns":6},{"damage":22,"enemies":"2 Thieves","floor":20,"turns":4},{"damage":60,"enemies":"Cultist and Chosen","floor":22,"turns":6},{"damage":34,"enemies":"Gremlin Leader","floor":23,"turns":4}],"seed_played":"-3662260964141537056","potions_obtained":[{"floor":3,"key":"ColorlessPotion"},{"floor":3,"key":"GamblersBrew"},{"floor":3,"key":"Swift Potion"},{"floor":11,"key":"SteroidPotion"},{"floor":14,"key":"Energy Potion"},{"floor":17,"key":"Dexterity Potion"},{"floor":22,"key":"Fire Potion"}],"is_trial":false,"path_per_floor":["M","?","?","M","?","E","R","?","T","$","M","R","M","M","R","B",null,"M","?","M","?","M","E"],"character_chosen":"IRONCLAD","items_purchased":["Inflame"],"campfire_rested":3,"item_purchase_floors":[10],"current_hp_per_floor":[71,71,71,73,66,13,39,6,6,21,23,49,44,38,64,44,82,82,82,66,65,25,0,0],"gold":282,"neow_bonus":"TEN_PERCENT_HP_BONUS","is_daily":false,"chose_seed":false,"campfire_upgraded":0,"win_rate":0.0,"timestamp":1607666844,"path_taken":["M","?","?","?","?","E","R","?","T","?","M","R","M","M","R","BOSS","M","?","M","?","M","E"],"items_purchased_type":["Card"],"build_version":"2020-11-30","purchased_purges":0,"victory":false,"max_hp_per_floor":[88,88,88,88,88,88,88,88,88,88,88,88,88,88,88,88,93,93,93,93,65,65,65,65],"card_choices":[{"not_picked":["Twin Strike","Anger"],"picked":"Flex","floor":1},{"not_picked":["Perfected Strike","Clash"],"picked":"Shrug It Off","floor":4},{"not_picked":["Sword Boomerang","Pommel Strike"],"picked":"Impervious","floor":6},{"not_picked":["Heavy Blade","Iron Wave"],"picked":"Body Slam","floor":7},{"not_picked":["Havoc","Headbutt"],"picked":"Inflame","floor":11},{"not_picked":["Whirlwind","Clothesline"],"picked":"Rampage","floor":12},{"not_picked":["Headbutt","Whirlwind"],"picked":"Inflame","floor":13},{"not_picked":["Sever Soul","Dropkick"],"picked":"Anger","floor":14},{"not_picked":["Dropkick","Bloodletting"],"picked":"True Grit","floor":15},{"not_picked":["Impervious","Corruption"],"picked":"Demon Form","floor":16},{"not_picked":["Perfected Strike","Wild Strike","True Grit"],"picked":"SKIP","floor":18},{"not_picked":["Headbutt","Perfected Strike"],"picked":"Havoc+1","floor":20},{"not_picked":["Dropkick+1","Metallicize"],"picked":"Ghostly Armor","floor":22}],"player_experience":723639,"relics_obtained":[{"floor":6,"key":"Dream Catcher"},{"floor":9,"key":"MealTicket"}],"event_choices":[{"cards_removed":["Strike_R"],"damage_healed":0,"gold_gain":0,"player_choice":"Card Removal","damage_taken":0,"max_hp_gain":0,"max_hp_loss":0,"event_name":"The Cleric","floor":2,"gold_loss":50},{"damage_healed":0,"gold_gain":0,"player_choice":"Got Potions","damage_taken":0,"max_hp_gain":0,"max_hp_loss":0,"event_name":"Lab","floor":3,"gold_loss":0},{"cards_removed":["Strike_R"],"damage_healed":0,"gold_gain":0,"player_choice":"Card Removal","damage_taken":7,"max_hp_gain":0,"max_hp_loss":0,"event_name":"Golden Wing","floor":5,"gold_loss":0},{"damage_healed":0,"gold_gain":0,"player_choice":"Success","damage_taken":33,"relics_obtained":["Ornamental Fan"],"max_hp_gain":0,"max_hp_loss":0,"event_name":"Scrap Ooze","floor":8,"gold_loss":0},{"damage_healed":0,"gold_gain":0,"player_choice":"Ignored","damage_taken":0,"max_hp_gain":0,"max_hp_loss":0,"event_name":"Ghosts","floor":19,"gold_loss":0},{"damage_healed":0,"gold_gain":0,"player_choice":"Became a vampire","damage_taken":0,"max_hp_gain":0,"max_hp_loss":28,"event_name":"Vampires","floor":21,"gold_loss":0,"cards_obtained":["Bite","Bite","Bite","Bite","Bite"]}],"is_beta":false,"boss_relics":[{"not_picked":["Runic Cube","aspiration:DefectSkillbook"],"picked":"Tiny House"}],"items_purged_floors":[],"is_endless":false,"potions_floor_spawned":[4,11,14,22],"killed_by":"Gremlin Leader","ascension_level":7}}