{"host":"3a1ypf1irl30q4k8","time":1607718405,"event":{"mods":["AchievementEnabler","BaseMod","Bestiary","Colored Map","Minty Spire (QoL Compilation)","Relic Stats"],"gold_per_floor":[111,43,58,58,127,127,145,177,177,55,130,160,172,200,212,326,338,364,387,419,288,288,321,321,321,321],"floor_reached":25,"playtime":938,"items_purged":["Strike_B"],"score":321,"play_id":"3faa1be2-7b6c-4bac-826b-f2fa886a6766","local_time":"20201211202645","is_ascension_mode":true,"campfire_choices":[{"data":"Storm","floor":6,"key":"SMITH"},{"floor":13,"key":"REST"},{"data":"Steam","floor":15,"key":"SMITH"},{"floor":24,"key":"REST"}],"circlet_count":0,"master_deck":["Strike_B","Strike_B","Defend_B","Defend_B+1","Defend_B","Defend_B","Zap+1","Dualcast","Glacier","Storm+1","Static Discharge","Storm","Redo","Self Repair","Steam+1","Storm","Conserve Battery","Biased Cognition","Leap+1","Conserve Battery+1","Coolheaded","Heatsinks","Redo+1"],"relics":["FrozenCore","Blue Candle","Centennial Puzzle","Bottled Lightning","MawBank","Thread and Needle"],"acts_visited":["Exordium","TheCity"],"potions_floor_usage":[8,14,16,23,25],"damage_taken":[{"damage":1,"enemies":"Cultist","floor":1,"turns":4},{"damage":7,"enemies":"Jaw Worm","floor":3,"turns":3},{"damage":1,"enemies":"Small Slimes","floor":7,"turns":3},{"damage":4,"enemies":"Lagavulin","floor":8,"turns":4},{"damage":26,"enemies":"Gremlin Nob","floor":12,"turns":4},{"damage":3,"enemies":"Looter","floor":14,"turns":2},{"damage":16,"enemies":"Slime Boss","floor":16,"turns":8},{"damage":13,"enemies":"2 Thieves","floor":18,"turns":3},{"damage":0,"enemies":"Spheric Guardian","floor":19,"turns":4},{"damage":10,"enemies":"Centurion and Healer","floor":20,"turns":5},{"damage":36,"enemies":"Book of Stabbing","floor":23,"turns":4},{"damage":70,"enemies":"Gremlin Leader","floor":25,"turns":9}],"seed_played":"-7804393642991057890","potions_obtained":[{"floor":3,"key":"PowerPotion"},{"floor":7,"key":"Explosive Potion"},{"floor":12,"key":"DistilledChaos"},{"floor":16,"key":"SneckoOil"},{"floor":20,"key":"EssenceOfDarkness"}],"is_trial":false,"path_per_floor":["M","$","M","?","T","R","M","E","T","$","?","E","R","M","R","B",null,"M","M","M","$","?","E","R","E"],"character_chosen":"DEFECT","items_purchased":["Storm","Self Repair","Steam","Heatsinks"],"campfire_rested":2,"item_purchase_floors":[2,10,10,21],"current_hp_per_floor":[74,74,67,51,51,51,50,46,46,46,35,16,40,44,44,35,70,64,71,68,68,68,39,63,0,0],"gold":321,"neow_bonus":"TEN_PERCENT_HP_BONUS","is_daily":false,"chose_seed":false,"campfire_upgraded":2,"win_rate":0.0,"timestamp":1607718405,"path_taken":["M","$","M","?","?","R","M","E","T","$","?","E","R","M","R","BOSS","M","M","M","$","?","E","R","E"],"items_purchased_type":["Card","Card","Card","Card"],"build_version":"2020-11-30","purchased_purges":1,"victory":false,"max_hp_per_floor":[82,82,82,82,82,82,82,82,82,82,82,82,82,82,82,82,82,82,82,82,82,82,82,82,82,82],"relic_stats":{"Centennial Puzzle":[21],"counters":[12,53],"Blue Candle":[0],"MawBank":108,"obtain_stats":[{"Centennial Puzzle":8,"Blue Candle":5,"Thread and Needle":23,"Bottled Lightning":9,"Cracked Core":0,"MawBank":12,"FrozenCore":17},{"Centennial Puzzle":4,"Blue Candle":2,"Thread and Needle":11,"Bottled Lightning":4,"Cracked Core":0,"MawBank":5,"FrozenCore":7},{"Centennial Puzzle":14,"Blue Candle":7,"Thread and Needle":44,"Bottled Lightning":14,"Cracked Core":0,"MawBank":18,"FrozenCore":28}],"FrozenCore":[6]},"card_choices":[{"not_picked":["Cold Snap","Gash"],"picked":"Glacier","floor":1},{"not_picked":["Coolheaded","Redo"],"picked":"Static Discharge","floor":3},{"not_picked":["Steam Power","Chaos"],"picked":"Storm","floor":7},{"not_picked":["FTL","Chaos"],"picked":"Redo","floor":8},{"not_picked":["Melter","Turbo"],"picked":"Storm","floor":12},{"not_picked":["Consume","Gash"],"picked":"Conserve Battery","floor":14},{"not_picked":["All For One","Creative AI"],"picked":"Biased Cognition","floor":16},{"not_picked":["Melter","Steam"],"picked":"Leap+1","floor":18},{"not_picked":["Reinforced Body","Coolheaded"],"picked":"Conserve Battery+1","floor":19},{"not_picked":["Aggregate","Sunder"],"picked":"Coolheaded","floor":20},{"not_picked":["Beam Cell+1","Genetic Algorithm"],"picked":"Redo+1","floor":23}],"player_experience":815038,"relics_obtained":[{"floor":5,"key":"Blue Candle"},{"floor":8,"key":"Centennial Puzzle"},{"floor":9,"key":"Bottled Lightning"},{"floor":12,"key":"MawBank"},{"floor":23,"key":"Thread and Needle"}],"event_choices":[{"damage_healed":0,"gold_gain":0,"player_choice":"Entered Light","damage_taken":16,"max_hp_gain":0,"max_hp_loss":0,"event_name":"Shining Light","floor":4,"gold_loss":0,"cards_upgraded":["Defend_B","Zap"]},{"damage_healed":0,"gold_gain":75,"player_choice":"Gather Gold","damage_taken":11,"max_hp_gain":0,"max_hp_loss":0,"event_name":"World of Goop","floor":11,"gold_loss":0},{"cards_removed":["Strike_B"],"damage_healed":0,"gold_gain":0,"player_choice":"Purged","damage_taken":0,"max_hp_gain":0,"max_hp_loss":0,"event_name":"Purifier","floor":22,"gold_loss":0}],"is_beta":false,"boss_relics":[{"not_picked":["Runic Pyramid","SacredBark"],"picked":"FrozenCore"}],"items_purged_floors":[21],"is_endless":false,"potions_floor_spawned":[3,7,12,16,20],"killed_by":"Gremlin Leader","ascension_level":8}}