{"host":"1c52r9kaxdyo25eq","time":1607700347,"event":{"mods":["AchievementEnabler","BaseMod","Minty Spire (QoL Compilation)","Rare Cards Sparkle","SuperFastMode","everything is the same but u backflip on backflip"],"gold_per_floor":[116,41,60,60,60,100,100,116,116,116,132,153,184,249,249,370,370,419,470,470,91,136,136,136,136],"floor_reached":24,"playtime":599,"items_purged":["Strike_P","Defend_P"],"score":427,"play_id":"7f0b08d1-3c2d-444e-a528-c8b363e9e087","local_time":"20201212002547","is_ascension_mode":true,"campfire_choices":[{"data":"Eruption","floor":7.0,"key":"SMITH"},{"data":"LikeWater","floor":10.0,"key":"SMITH"},{"data":"SandsOfTime","floor":15.0,"key":"SMITH"},{"data":"MentalFortress","floor":23.0,"key":"SMITH"}],"circlet_count":0,"master_deck":["AscendersBane","Strike_P","Strike_P","Strike_P","Defend_P","Defend_P","Eruption+1","Vigilance","InnerPeace+1","LikeWater+1","SandsOfTime+1","Wish+1","DeusExMachina+1","Sanctity+1","MentalFortress+1","Apotheosis+1","Halt+1"],"relics":["PureWater","NeowsBlessing","Golden Idol","Toxic Egg 2","Bag of Preparation","Odd Mushroom","Vajra","SlaversCollar"],"acts_visited":["Exordium","TheCity"],"potions_floor_usage":[24],"damage_taken":[{"damage":0.0,"enemies":"2 Louse","floor":1.0,"turns":1.0},{"damage":0.0,"enemies":"Small Slimes","floor":3.0,"turns":1.0},{"damage":0.0,"enemies":"Gremlin Nob","floor":6.0,"turns":1.0},{"damage":2.0,"enemies":"Jaw Worm","floor":8.0,"turns":3.0},{"damage":2.0,"enemies":"Blue Slaver","floor":11.0,"turns":6.0},{"damage":0.0,"enemies":"3 Louse","floor":12.0,"turns":4.0},{"damage":9.0,"enemies":"The Mushroom Lair","floor":13.0,"turns":4.0},{"damage":12.0,"enemies":"3 Sentries","floor":14.0,"turns":10.0},{"damage":10.0,"enemies":"Slime Boss","floor":16.0,"turns":7.0},{"damage":29.0,"enemies":"2 Thieves","floor":18.0,"turns":4.0},{"damage":8.0,"enemies":"Shell Parasite","floor":19.0,"turns":3.0},{"damage":7.0,"enemies":"Shelled Parasite and Fungi","floor":22.0,"turns":7.0},{"damage":11,"enemies":"Snake Plant","floor":24,"turns":3}],"seed_played":"-7508755186045261076","potions_obtained":[{"floor":3.0,"key":"DuplicationPotion"},{"floor":11.0,"key":"ColorlessPotion"},{"floor":16.0,"key":"Regen Potion"},{"floor":19.0,"key":"SteroidPotion"}],"is_trial":false,"path_per_floor":["M","$","M","?","$","E","R","M","T","R","M","M","?","E","R","B",null,"M","M","?","$","M","R","M"],"character_chosen":"WATCHER","items_purchased":["MentalFortress","Apotheosis+1"],"campfire_rested":0,"item_purchase_floors":[21,21],"current_hp_per_floor":[61,61,61,61,61,61,61,59,59,59,57,57,48,36,36,26,53,24,25,25,25,18,18,7,7],"gold":136,"neow_bonus":"THREE_ENEMY_KILL","is_daily":false,"chose_seed":false,"campfire_upgraded":4,"win_rate":0.0,"timestamp":1607700347,"path_taken":["M","$","M","?","$","E","R","M","T","R","M","M","?","E","R","BOSS","M","M","?","$","M","R","M"],"items_purchased_type":["Card","Card"],"build_version":"2020-11-30","purchased_purges":2,"victory":false,"max_hp_per_floor":[68,68,68,62,62,62,62,62,62,62,62,62,62,62,62,62,62,62,62,62,62,62,62,62,62],"card_choices":[{"not_picked":["Evaluate","SashWhip","Study"],"picked":"SKIP","floor":1.0},{"not_picked":["Conclude","EmptyFist","CutThroughFate"],"picked":"SKIP","floor":3.0},{"not_picked":["Wireheading","Nirvana"],"picked":"InnerPeace+1","floor":6.0},{"not_picked":["ForeignInfluence+1","Evaluate+1"],"picked":"LikeWater","floor":8.0},{"not_picked":["FlyingSleeves","ThirdEye+1"],"picked":"SandsOfTime","floor":11.0},{"not_picked":["Collect+1","BowlingBash","FlyingSleeves"],"picked":"SKIP","floor":12.0},{"not_picked":["Consecrate","Prostrate+1"],"picked":"Wish+1","floor":13.0},{"not_picked":["EmptyFist","CarveReality","ThirdEye+1"],"picked":"SKIP","floor":14.0},{"not_picked":["Alpha+1","Ragnarok"],"picked":"DeusExMachina+1","floor":16.0},{"not_picked":["ClearTheMind+1","CutThroughFate"],"picked":"Sanctity+1","floor":18.0},{"not_picked":["Vengeance+1","Sanctity+1","ForeignInfluence+1"],"picked":"SKIP","floor":19.0},{"not_picked":["JustLucky+1","WreathOfFlame+1"],"picked":"Halt+1","floor":22.0}],"player_experience":457178,"relics_obtained":[{"floor":6.0,"key":"Toxic Egg 2"},{"floor":9.0,"key":"Bag of Preparation"},{"floor":13.0,"key":"Odd Mushroom"},{"floor":14.0,"key":"Vajra"}],"event_choices":[{"damage_healed":0.0,"max_hp_gain":0.0,"max_hp_loss":6.0,"gold_gain":0.0,"event_name":"Golden Idol","player_choice":"Lose Max HP","floor":4.0,"gold_loss":0.0,"damage_taken":0.0,"relics_obtained":["Golden Idol"]},{"damage_healed":0.0,"max_hp_gain":0.0,"max_hp_loss":0.0,"gold_gain":0.0,"event_name":"Mushrooms","player_choice":"Fought Mushrooms","floor":13.0,"gold_loss":0.0,"damage_taken":0.0},{"cards_removed":["Defend_P"],"damage_healed":0.0,"max_hp_gain":0.0,"max_hp_loss":0.0,"gold_gain":0.0,"event_name":"Back to Basics","player_choice":"Elegance","floor":20.0,"gold_loss":0.0,"damage_taken":0.0}],"is_beta":false,"boss_relics":[{"not_picked":["Velvet Choker","Ectoplasm"],"picked":"SlaversCollar"}],"items_purged_floors":[2,21],"is_endless":false,"potions_floor_spawned":[3,11,12,16,18,19],"killed_by":"Snake Plant","ascension_level":17}}