{"host":"j4g6ia6asvpyu2b0","time":1607687657,"event":{"mods":["BaseMod","Colored Map","Minty Spire (QoL Compilation)","Permanent Neow","Quick Restart","Relic Stats","StSLib","Unceasing Turn Reminder"],"gold_per_floor":[109,120,131,131,45,45,45,45,45,78,92,124,124,124,124,124,124],"floor_reached":16,"playtime":321,"items_purged":[],"score":160,"play_id":"77190dc4-5a8e-40ac-b044-38f7968d4b6f","local_time":"20201211045417","is_ascension_mode":true,"campfire_choices":[{"data":"Blade Dance","floor":6,"key":"SMITH"},{"data":"Finisher","floor":8,"key":"SMITH"},{"data":"Noxious Fumes","floor":13,"key":"SMITH"},{"data":"Sucker Punch","floor":15,"key":"SMITH"}],"circlet_count":0,"master_deck":["Survivor","Neutralize","Storm of Steel","Distraction","Backstab","Sucker Punch+1","Poisoned Stab","Finisher+1","Cloak And Dagger","Burst","Die Die Die","Expertise","Acrobatics","Dagger Spray","Dagger Spray","Predator","Blade Dance+1","Wraith Form v2","Backflip","Noxious Fumes+1"],"relics":["Pandora\u0027s Box","Thread and Needle","Unceasing Top","Bottled Flame","Meat on the Bone","Calipers"],"acts_visited":["Exordium"],"potions_floor_usage":[12],"damage_taken":[{"damage":5,"enemies":"2 Louse","floor":1,"turns":2},{"damage":0,"enemies":"Jaw Worm","floor":2,"turns":2},{"damage":0,"enemies":"Small Slimes","floor":3,"turns":1},{"damage":11,"enemies":"Lagavulin","floor":10,"turns":4},{"damage":6,"enemies":"Red Slaver","floor":11,"turns":3},{"damage":0,"enemies":"Gremlin Nob","floor":12,"turns":2},{"damage":16,"enemies":"The Guardian","floor":16,"turns":6}],"seed_played":"-200153324836790183","potions_obtained":[{"floor":3,"key":"Regen Potion"},{"floor":11,"key":"SteroidPotion"},{"floor":12,"key":"Strength Potion"}],"is_trial":false,"path_per_floor":["M","M","M","?","$","R","?","R","T","E","M","E","R","T","R","B"],"character_chosen":"THE_SILENT","items_purchased":["Predator","Blade Dance"],"campfire_rested":0,"item_purchase_floors":[5,5],"current_hp_per_floor":[65,65,65,70,70,70,67,67,67,56,50,50,50,50,50,34,34],"gold":124,"neow_bonus":"BOSS_RELIC","is_daily":false,"chose_seed":false,"campfire_upgraded":4,"win_rate":0.0,"timestamp":1607687657,"path_taken":["M","M","M","?","$","R","?","R","T","E","M","E","R","?","R","BOSS"],"items_purchased_type":["Card","Card"],"build_version":"2020-11-30","purchased_purges":0,"victory":false,"max_hp_per_floor":[70,70,70,75,75,75,75,75,75,75,75,75,75,75,75,75,75],"relic_stats":{"counters":[7,20],"Pandora\u0027s Box":["Storm of Steel","Distraction","Backstab","Sucker Punch","Poisoned Stab","Finisher","Cloak And Dagger","Burst","Die Die Die","Expertise"],"obtain_stats":[{"Bottled Flame":10,"Calipers":14,"Pandora\u0027s Box":0,"Thread and Needle":7,"Unceasing Top":9,"Ring of the Snake":0,"Meat on the Bone":12},{"Bottled Flame":4,"Calipers":6,"Pandora\u0027s Box":0,"Thread and Needle":3,"Unceasing Top":3,"Ring of the Snake":0,"Meat on the Bone":6},{"Bottled Flame":9,"Calipers":14,"Pandora\u0027s Box":0,"Thread and Needle":5,"Unceasing Top":5,"Ring of the Snake":0,"Meat on the Bone":14}],"Unceasing Top":[1],"Meat on the Bone":0},"card_choices":[{"not_picked":["PiercingWail","Underhanded Strike"],"picked":"Acrobatics","floor":1},{"not_picked":["Quick Slash","Outmaneuver"],"picked":"Dagger Spray","floor":2},{"not_picked":["Deadly Poison","Setup"],"picked":"Dagger Spray","floor":3},{"not_picked":["PiercingWail","Flying Knee"],"picked":"Wraith Form v2","floor":10},{"not_picked":["Deadly Poison","Well Laid Plans"],"picked":"Backflip","floor":11},{"not_picked":["Envenom","Dagger Throw"],"picked":"Noxious Fumes","floor":12}],"player_experience":607242,"relics_obtained":[{"floor":9,"key":"Unceasing Top"},{"floor":10,"key":"Bottled Flame"},{"floor":12,"key":"Meat on the Bone"},{"floor":14,"key":"Calipers"}],"event_choices":[{"damage_healed":0,"gold_gain":0,"player_choice":"Donut","damage_taken":0,"max_hp_gain":5,"max_hp_loss":0,"event_name":"Big Fish","floor":4,"gold_loss":0},{"damage_healed":0,"gold_gain":0,"player_choice":"Success","damage_taken":3,"relics_obtained":["Thread and Needle"],"max_hp_gain":0,"max_hp_loss":0,"event_name":"Scrap Ooze","floor":7,"gold_loss":0}],"is_beta":false,"boss_relics":[],"items_purged_floors":[],"is_endless":false,"potions_floor_spawned":[3,11,12],"killed_by":"The Guardian","ascension_level":4}}