{"host":"m6aaltr68g9tvoay","time":1607659893,"event":{"mods":["AchievementEnabler","BaseMod","Colored Map","Minty Spire (QoL Compilation)","StSLib"],"gold_per_floor":[110,110,122,122,137,137,155,185,266,266,266,266,266,281,281,355,355,369,423,436,455,455,455],"floor_reached":22,"playtime":760,"items_purged":[],"score":411,"play_id":"1298db95-da9d-4f0b-992d-deeb29b44feb","local_time":"20201210201133","is_ascension_mode":true,"campfire_choices":[{"floor":6,"key":"REST"},{"floor":10,"key":"REST"},{"floor":15,"key":"REST"}],"circlet_count":0,"master_deck":["AscendersBane","Strike_G","Strike_G","Strike_G","Defend_G","Defend_G","Defend_G","Defend_G","Defend_G","Survivor","Neutralize","Bouncing Flask","Poisoned Stab","Outmaneuver","Catalyst","Crippling Poison","Masterful Stab","Doppelganger","Flying Knee","Envenom","Noxious Fumes","PiercingWail"],"relics":["Ring of the Snake","Lizard Tail","Tiny Chest","Mercury Hourglass","Black Star","Centennial Puzzle"],"acts_visited":["Exordium","TheCity"],"potions_floor_usage":[8,14,16],"damage_taken":[{"damage":11,"enemies":"Cultist","floor":1,"turns":5},{"damage":4,"enemies":"Small Slimes","floor":3,"turns":3},{"damage":1,"enemies":"2 Louse","floor":5,"turns":2},{"damage":40,"enemies":"Large Slime","floor":7,"turns":6},{"damage":0,"enemies":"Gremlin Nob","floor":8,"turns":2},{"damage":6,"enemies":"Gremlin Gang","floor":14,"turns":4},{"damage":33,"enemies":"Slime Boss","floor":16,"turns":10},{"damage":27,"enemies":"3 Byrds","floor":18,"turns":4},{"damage":25,"enemies":"Shell Parasite","floor":20,"turns":5},{"damage":48,"enemies":"Centurion and Healer","floor":21,"turns":7},{"damage":11,"enemies":"3 Cultists","floor":22,"turns":3}],"seed_played":"3159909254705496509","potions_obtained":[{"floor":1,"key":"SteroidPotion"},{"floor":3,"key":"LiquidMemories"},{"floor":14,"key":"PowerPotion"}],"is_trial":false,"path_per_floor":["M","$","M","?","M","R","M","E","T","R","?","?","?","M","R","B",null,"M","T","M","M","M"],"character_chosen":"THE_SILENT","items_purchased":[],"campfire_rested":3,"item_purchase_floors":[],"current_hp_per_floor":[54,54,50,32,31,52,12,12,12,33,33,33,33,27,48,15,58,31,31,6,6,0,0],"gold":455,"neow_bonus":"TEN_PERCENT_HP_BONUS","is_daily":false,"chose_seed":false,"campfire_upgraded":0,"win_rate":0.0,"timestamp":1607659893,"path_taken":["M","$","?","?","M","R","M","E","T","R","?","?","?","M","R","BOSS","M","?","M","?","M"],"items_purchased_type":[],"build_version":"2020-11-30","purchased_purges":0,"victory":false,"max_hp_per_floor":[72,72,72,72,72,72,72,72,72,72,72,72,72,72,72,72,72,72,72,72,72,72,72],"card_choices":[{"not_picked":["Infinite Blades","Underhanded Strike"],"picked":"Bouncing Flask","floor":1},{"not_picked":["Cloak And Dagger","Backflip"],"picked":"Poisoned Stab","floor":3},{"not_picked":["Venomology","Prepared"],"picked":"Outmaneuver","floor":5},{"not_picked":["Acrobatics","Dagger Throw"],"picked":"Catalyst","floor":7},{"not_picked":["All Out Attack","Grand Finale"],"picked":"Crippling Poison","floor":8},{"not_picked":["Concentrate","Setup"],"picked":"Flying Knee","floor":14},{"not_picked":["Unload","Malaise"],"picked":"Envenom","floor":16},{"not_picked":["Terror","Poisoned Stab","Sucker Punch"],"picked":"SKIP","floor":18},{"not_picked":["Outmaneuver","Slice"],"picked":"Noxious Fumes","floor":20},{"not_picked":["Blade Dance","Underhanded Strike"],"picked":"PiercingWail","floor":21}],"player_experience":1218324,"relics_obtained":[{"floor":8,"key":"Tiny Chest"},{"floor":9,"key":"Mercury Hourglass"},{"floor":19,"key":"Centennial Puzzle"}],"event_choices":[{"damage_healed":0,"gold_gain":0,"player_choice":"Success","damage_taken":18,"relics_obtained":["Lizard Tail"],"max_hp_gain":0,"max_hp_loss":0,"event_name":"Scrap Ooze","floor":4,"gold_loss":0},{"damage_healed":0,"gold_gain":0,"cards_transformed":["Strike_G"],"player_choice":"Change","damage_taken":0,"max_hp_gain":0,"max_hp_loss":0,"event_name":"Living Wall","floor":11,"gold_loss":0,"cards_obtained":["Masterful Stab"]},{"damage_healed":0,"gold_gain":0,"player_choice":"Ignored","damage_taken":0,"max_hp_gain":0,"max_hp_loss":0,"event_name":"Shining Light","floor":12,"gold_loss":0},{"damage_healed":0,"gold_gain":0,"cards_transformed":["Strike_G"],"player_choice":"Transformed","damage_taken":0,"max_hp_gain":0,"max_hp_loss":0,"event_name":"Transmorgrifier","floor":13,"gold_loss":0,"cards_obtained":["Doppelganger"]}],"is_beta":false,"boss_relics":[{"not_picked":["Busted Crown","SacredBark"],"picked":"Black Star"}],"items_purged_floors":[],"is_endless":false,"potions_floor_spawned":[1,3,14],"killed_by":"3 Cultists","ascension_level":19}}