{"host":"zjxcc3u4aqpoowwq","time":1607710269,"event":{"mods":["2.2 Compatiblity","AchievementEnabler","BaseMod","Better Third Choice","CapriCore","Colored Map","Keyboard Shortcuts","Minty Spire (QoL Compilation)","StSLib","The Dragon Tamer"],"gold_per_floor":[110,110,110,129,55,55,0,0,50,50,83,113,1,1,1,132,132,145,145,63,88,37,77,95,120,120,139,64,114,135,154,154,154,154,154],"floor_reached":33,"playtime":1241,"items_purged":["DTMod:Strike"],"score":313,"play_id":"c9f4c38f-1185-4870-bd08-dcef179d9ed1","local_time":"20201212031109","is_ascension_mode":false,"metric_token":671,"campfire_choices":[{"data":"DTMod:InvisibleFlame","floor":6.0,"key":"SMITH"},{"data":"Enlightenment","floor":8.0,"key":"SMITH"},{"data":"DTMod:CalculatedDefense","floor":10.0,"key":"SMITH"},{"data":"DTMod:WarmUp","floor":15.0,"key":"SMITH"},{"floor":32,"key":"REST"}],"dtmod_dragon_data":[0,50,2,-1,4,0],"circlet_count":0,"master_deck":["DTMod:DoubleHit","DTMod:TargetDefense","DTMod:TargetDefense","DTMod:SwitchingTactic","DTMod:CalculatedDefense+1","Apotheosis+1","DTMod:LightShield","DTMod:Coolant","DTMod:InvisibleFlame+1","Enlightenment+1","DTMod:Training","DTMod:WarmUp+1","DTMod:Outburst","DTMod:OpeningTactic+1","DTMod:Inferno+1","DTMod:Inferno+1","DTMod:DragonDance","DTMod:InvisibleFlame","DTMod:ForkedFire+1","DTMod:Training","DTMod:Weaken","DTMod:LowKick","DTMod:WarmUp","DTMod:Training","DTMod:PurifyingFlame"],"relics":["DTMod:PactStone","NeowsBlessing","Happy Flower","Incense Burner","DTMod:BasicTextbook","Golden Idol","Astrolabe","TungstenRod","Pear"],"acts_visited":["Exordium","TheCity"],"potions_floor_usage":[30,31],"damage_taken":[{"damage":0.0,"enemies":"Small Slimes","floor":1.0,"turns":1.0},{"damage":0.0,"enemies":"2 Louse","floor":4.0,"turns":1.0},{"damage":0.0,"enemies":"Gremlin Nob","floor":11.0,"turns":2.0},{"damage":24.0,"enemies":"Hexaghost","floor":16.0,"turns":12.0},{"damage":0.0,"enemies":"2 Thieves","floor":18.0,"turns":2.0},{"damage":15.0,"enemies":"Spheric Guardian","floor":21.0,"turns":5.0},{"damage":17.0,"enemies":"Gremlin Leader","floor":23.0,"turns":5.0},{"damage":0.0,"enemies":"Snecko","floor":24.0,"turns":3.0},{"damage":0.0,"enemies":"Centurion and Healer","floor":25.0,"turns":3.0},{"damage":19.0,"enemies":"3 Cultists","floor":27.0,"turns":7.0},{"damage":0,"enemies":"Snake Plant","floor":30,"turns":6},{"damage":1,"enemies":"Snecko","floor":31,"turns":7},{"damage":32,"enemies":"Automaton","floor":33,"turns":6}],"seed_played":"-6736160254380532859","potions_obtained":[{"floor":1.0,"key":"Fruit Juice"},{"floor":16.0,"key":"ColorlessPotion"},{"floor":21.0,"key":"Weak Potion"},{"floor":27.0,"key":"Swift Potion"},{"floor":30,"key":"SneckoOil"}],"is_trial":false,"path_per_floor":["M","?","?","M","$","R","?","R","T","R","E","?","$","?","R","B",null,"M","?","$","M","$","E","M","M","T","M","?","?","M","M","R","B"],"character_chosen":"THE_DT","items_purchased":["DTMod:InvisibleFlame","DTMod:WarmUp","DTMod:InvisibleFlame","DTMod:Training"],"campfire_rested":1,"item_purchase_floors":[5,13,20,22],"current_hp_per_floor":[45,45,45,45,45,45,51,51,51,51,51,51,51,39,39,15,51,51,45,45,30,30,18,18,18,28,9,9,9,9,8,27,0,0,0],"gold":154,"neow_bonus":"THREE_ENEMY_KILL","is_daily":false,"chose_seed":false,"campfire_upgraded":4,"win_rate":0.0,"timestamp":1607710269,"path_taken":["M","?","?","?","?","R","?","R","T","R","E","?","$","?","R","BOSS","M","?","$","M","$","E","?","M","T","M","?","?","M","M","R","BOSS"],"items_purchased_type":["Card","Card","Card","Card"],"build_version":"2020-11-30","purchased_purges":1,"victory":false,"max_hp_per_floor":[45,45,45,45,45,45,51,51,51,51,51,51,51,51,51,51,51,51,51,51,51,51,56,56,56,66,66,66,66,66,66,66,66,66,66],"card_choices":[{"not_picked":["DTMod:Hide","DTMod:Cover"],"picked":"DTMod:CalculatedDefense","floor":1.0},{"not_picked":["DTMod:Adaptation","DTMod:MasterPlan"],"picked":"DTMod:Coolant","floor":4.0},{"not_picked":["DTMod:Punisher","DTMod:BlazingStrike"],"picked":"DTMod:Training","floor":11.0},{"not_picked":["DTMod:LightShield","DTMod:RepeatStrike"],"picked":"DTMod:Outburst","floor":16.0},{"not_picked":["DTMod:QuickFly","DTMod:Threaten"],"picked":"DTMod:DragonDance","floor":18.0},{"not_picked":["DTMod:Cover","DTMod:BlazingStrike"],"picked":"DTMod:ForkedFire+1","floor":21.0},{"not_picked":["DTMod:MasterPlan+1","DTMod:BalancedStrike+1"],"picked":"DTMod:Weaken","floor":23.0},{"not_picked":["DTMod:TauntingStrike","DTMod:Punisher"],"picked":"DTMod:LowKick","floor":24.0},{"not_picked":["DTMod:TauntingStrike+1","DTMod:BizarreTactic"],"picked":"DTMod:WarmUp","floor":25.0},{"not_picked":["DTMod:BurningEnergy","DTMod:Threaten"],"picked":"DTMod:Training","floor":27.0},{"not_picked":["DTMod:Punisher","DTMod:Observe","DTMod:Haste"],"picked":"SKIP","floor":30},{"not_picked":["DTMod:StarRain","DTMod:QuickFly"],"picked":"DTMod:PurifyingFlame","floor":31}],"player_experience":783018,"relics_obtained":[{"floor":9.0,"key":"Happy Flower"},{"floor":11.0,"key":"Incense Burner"},{"floor":23.0,"key":"TungstenRod"},{"floor":26.0,"key":"Pear"}],"event_choices":[{"damage_healed":45.0,"max_hp_gain":0.0,"max_hp_loss":45.0,"gold_gain":0.0,"event_name":"betterThird:BetterShining","player_choice":"Embrace","floor":2.0,"gold_loss":0.0,"damage_taken":0.0},{"damage_healed":0.0,"max_hp_gain":0.0,"max_hp_loss":0.0,"gold_gain":0.0,"cards_transformed":["DTMod:Strike"],"event_name":"Transmorgrifier","player_choice":"Transformed","floor":3.0,"gold_loss":0.0,"damage_taken":0.0,"cards_obtained":["DTMod:LightShield"]},{"damage_healed":0.0,"max_hp_gain":0.0,"max_hp_loss":0.0,"gold_gain":0.0,"event_name":"betterThird:BetterSerpent","player_choice":"RENOUNCE","floor":7.0,"gold_loss":55.0,"damage_taken":55.0,"cards_obtained":["Enlightenment"]},{"damage_healed":0.0,"max_hp_gain":0.0,"max_hp_loss":0.0,"gold_gain":30.0,"event_name":"Dead Adventurer","player_choice":"Searched \u00272\u0027 times","floor":12.0,"gold_loss":0.0,"damage_taken":0.0,"relics_obtained":["DTMod:BasicTextbook"]},{"damage_healed":0.0,"max_hp_gain":0.0,"max_hp_loss":0.0,"gold_gain":0.0,"event_name":"Golden Idol","player_choice":"Take Damage","floor":14.0,"gold_loss":0.0,"damage_taken":12.0,"relics_obtained":["Golden Idol"]},{"damage_healed":0.0,"max_hp_gain":0.0,"max_hp_loss":0.0,"gold_gain":0.0,"event_name":"Knowing Skull","player_choice":"","floor":19.0,"potions_obtained":[],"gold_loss":0.0,"damage_taken":6.0,"cards_obtained":[]},{"cards_removed":["DTMod:Strike"],"damage_healed":0.0,"max_hp_gain":0.0,"max_hp_loss":0.0,"gold_gain":0.0,"event_name":"Beggar","player_choice":"Gave Gold","floor":28.0,"gold_loss":75.0,"damage_taken":0.0},{"damage_healed":0,"gold_gain":100,"player_choice":"Bet on Murderer","damage_taken":0,"max_hp_gain":0,"max_hp_loss":0,"event_name":"The Joust","floor":29,"gold_loss":50}],"is_beta":false,"boss_relics":[{"not_picked":["Ectoplasm","Coffee Dripper"],"picked":"Astrolabe"}],"items_purged_floors":[13],"is_endless":false,"potions_floor_spawned":[1,16,21,27,30],"killed_by":"Automaton","ascension_level":0}}