{"host":"pgqkv8mh62pnrbci","time":1607692797,"event":{"mods":["AchievementEnabler","BaseMod","Custom Start","Minty Spire (QoL Compilation)","Replay The Spire","StSLib","SuperFastMode","¡¼?Úª?ø«¡½REMEMod"],"gold_per_floor":[118,129,145,17,31,31,31,50,50,65,65,65,65,80,80,80,80],"floor_reached":16,"playtime":538,"items_purged":["Strike_G"],"score":183,"play_id":"f639de2d-0fbc-494d-a0df-789ad265885b","local_time":"20201211221957","is_ascension_mode":true,"campfire_choices":[{"data":"Neutralize","floor":6.0,"key":"SMITH"},{"floor":13.0,"key":"REST"},{"floor":15.0,"key":"DIG"}],"circlet_count":0,"master_deck":["AscendersBane","Strike_G","Strike_G","Strike_G","Strike_G","Defend_G","Defend_G","Defend_G","Defend_G","Defend_G","Survivor+1","Neutralize+1","Replay:LoomingThreat","Storm of Steel","Escape Plan","ReplayTheSpireMod:Speed Training","PiercingWail","ReplayTheSpireMod:Shiv Toss+1","Calculated Gamble","Noxious Fumes+1","Toxin Wave"],"relics":["Ring of the Snake","REME_ComplimentaryCards","Iron Hammer","Pen Nib","Ice Cream"],"acts_visited":["Exordium"],"potions_floor_usage":[16,16],"damage_taken":[{"damage":2.0,"enemies":"Jaw Worm","floor":1.0,"turns":4.0},{"damage":0.0,"enemies":"Small Slimes","floor":2.0,"turns":2.0},{"damage":0.0,"enemies":"Cultist","floor":3.0,"turns":4.0},{"damage":23.0,"enemies":"Lots of Slimes","floor":5.0,"turns":10.0},{"damage":3.0,"enemies":"Blue Slaver","floor":8.0,"turns":9.0},{"damage":9.0,"enemies":"Large Slime","floor":10.0,"turns":9.0},{"damage":14.0,"enemies":"Exordium Thugs","floor":14.0,"turns":5.0},{"damage":8,"enemies":"The Guardian","floor":16,"turns":2}],"seed_played":"1112148954044895453","potions_obtained":[{"floor":3.0,"key":"Languid Potion"},{"floor":5.0,"key":"FearPotion"},{"floor":14.0,"key":"Block Potion"}],"is_trial":false,"path_per_floor":["M","M","M","$","M","R","?","M","T","M","?","T","R","M","R","B"],"character_chosen":"THE_SILENT","items_purchased":["PiercingWail"],"campfire_rested":1,"item_purchase_floors":[4],"current_hp_per_floor":[57,57,57,57,34,34,16,13,13,4,4,4,22,8,8,0,0],"gold":80,"neow_bonus":"THREE_RARE_CARDS","is_daily":false,"chose_seed":false,"campfire_upgraded":1,"win_rate":0.0,"timestamp":1607692797,"path_taken":["M","M","M","$","M","R","?","M","T","M","?","?","R","M","R","BOSS"],"items_purchased_type":["Card"],"build_version":"2020-11-30","purchased_purges":1,"victory":false,"max_hp_per_floor":[60,60,60,60,60,60,60,60,60,60,60,60,60,60,60,60,60],"card_choices":[{"not_picked":["Atom Bomb","Unload"],"picked":"Storm of Steel","floor":0.0},{"not_picked":["Flechettes","Dodge and Roll","Finisher"],"picked":"SKIP","floor":1.0},{"not_picked":["Flechettes","Dodge and Roll","Finisher"],"picked":"SKIP","floor":1.0},{"not_picked":["Flying Knee","Deflect"],"picked":"Escape Plan","floor":2.0},{"not_picked":["Quick Slash","Escape Plan"],"picked":"ReplayTheSpireMod:Speed Training","floor":3.0},{"not_picked":["PiercingWail","Terror"],"picked":"ReplayTheSpireMod:Shiv Toss","floor":5.0},{"not_picked":["Cloak And Dagger","Quick Slash"],"picked":"Calculated Gamble","floor":8.0},{"not_picked":["Deflect","Leg Sweep"],"picked":"Noxious Fumes","floor":10.0},{"not_picked":["Outmaneuver","ReplayTheSpireMod:Speed Training"],"picked":"Toxin Wave","floor":14.0}],"player_experience":531904,"relics_obtained":[{"floor":9.0,"key":"Iron Hammer"},{"floor":12.0,"key":"Pen Nib"},{"floor":15.0,"key":"Ice Cream"}],"event_choices":[{"damage_healed":0.0,"max_hp_gain":0.0,"max_hp_loss":0.0,"gold_gain":0.0,"event_name":"Shining Light","player_choice":"Entered Light","floor":7.0,"gold_loss":0.0,"damage_taken":18.0,"cards_upgraded":["Survivor","ReplayTheSpireMod:Shiv Toss"]},{"damage_healed":0.0,"max_hp_gain":0.0,"max_hp_loss":0.0,"gold_gain":0.0,"event_name":"Living Wall","player_choice":"Grow","floor":11.0,"gold_loss":0.0,"damage_taken":0.0,"cards_upgraded":["Noxious Fumes"]}],"is_beta":false,"boss_relics":[],"items_purged_floors":[4],"is_endless":false,"potions_floor_spawned":[3,5,8,14],"killed_by":"The Guardian","ascension_level":19}}