{"host":"kh6fvhxn285ncg0o","time":1607700814,"event":{"mods":["Act Like it!","BaseMod","Colored Map","Friendly Minions","Keyboard Shortcuts","Minty Spire (QoL Compilation)","Quick Restart","Relic Stats","StSLib","SuperFastMode"],"gold_per_floor":[112,92,107,107,119,145,145,176,176,176,211,211,361,381,381,460,460,480,405,405,330,344,369,385,385,385,400,325,325,350,350,350,424,424,443,468,516,259,259,259,259],"floor_reached":40,"playtime":1015,"items_purged":["Strike_R","Defend_R"],"score":1026,"play_id":"a7f13423-40de-4559-b185-a500f0c447d7","local_time":"20201212003334","is_ascension_mode":true,"campfire_choices":[{"data":"Bash","floor":7.0,"key":"SMITH"},{"data":"Rage","floor":10.0,"key":"SMITH"},{"data":"Pommel Strike","floor":12.0,"key":"SMITH"},{"data":"Flame Barrier","floor":15.0,"key":"SMITH"},{"data":"Battle Trance","floor":25.0,"key":"SMITH"},{"data":"Fiend Fire","floor":29.0,"key":"SMITH"},{"data":"Power Through","floor":32.0,"key":"SMITH"}],"circlet_count":0,"master_deck":["AscendersBane","Defend_R","Defend_R","Defend_R","Bash+1","Flame Barrier+1","Rage+1","Pommel Strike+1","Battle Trance+1","Dropkick","Fiend Fire+1","Power Through+1","Dropkick","Disarm","Barricade","Shrug It Off"],"relics":["Burning Blood","NeowsBlessing","Pen Nib","Strawberry","Red Skull","Kunai","Omamori","Philosopher\u0027s Stone","Charon\u0027s Ashes","Pantograph","Toy Ornithopter","Empty Cage","Unceasing Top","Incense Burner","Toolbox"],"acts_visited":["Exordium","TheCity","TheBeyond"],"potions_floor_usage":[33,37],"damage_taken":[{"damage":0.0,"enemies":"2 Louse","floor":1.0,"turns":1.0},{"damage":0.0,"enemies":"Cultist","floor":3.0,"turns":1.0},{"damage":0.0,"enemies":"Jaw Worm","floor":5.0,"turns":1.0},{"damage":16.0,"enemies":"3 Sentries","floor":6.0,"turns":7.0},{"damage":28.0,"enemies":"Lagavulin","floor":8.0,"turns":7.0},{"damage":25.0,"enemies":"3 Sentries","floor":11.0,"turns":8.0},{"damage":0.0,"enemies":"Large Slime","floor":14.0,"turns":3.0},{"damage":29.0,"enemies":"The Guardian","floor":16.0,"turns":11.0},{"damage":6.0,"enemies":"3 Byrds","floor":18.0,"turns":4.0},{"damage":11.0,"enemies":"2 Thieves","floor":22.0,"turns":5.0},{"damage":29.0,"enemies":"Slavers","floor":23.0,"turns":6.0},{"damage":0.0,"enemies":"Centurion and Healer","floor":24.0,"turns":4.0},{"damage":0.0,"enemies":"Snecko","floor":27.0,"turns":4.0},{"damage":0.0,"enemies":"Gremlin Leader","floor":30.0,"turns":4.0},{"damage":0,"enemies":"Collector","floor":33,"turns":3},{"damage":0,"enemies":"3 Shapes","floor":35,"turns":4},{"damage":0,"enemies":"Mind Bloom Boss Battle","floor":36,"turns":10},{"damage":44,"enemies":"2 Orb Walkers","floor":37,"turns":5},{"damage":48,"enemies":"Nemesis","floor":40,"turns":4}],"seed_played":"-7482349403300401389","potions_obtained":[{"floor":2.0,"key":"SteroidPotion"},{"floor":3.0,"key":"AttackPotion"},{"floor":11.0,"key":"FearPotion"},{"floor":16.0,"key":"SmokeBomb"},{"floor":24.0,"key":"DuplicationPotion"},{"floor":27.0,"key":"SkillPotion"},{"floor":33,"key":"Fire Potion"},{"floor":35,"key":"SpeedPotion"},{"floor":36,"key":"FearPotion"}],"is_trial":false,"path_per_floor":["M","?","M","T","M","E","R","E","T","R","E","R","?","M","R","B",null,"M","?","?","?","M","E","M","R","T","M","$","R","E","?","R","B",null,"M","?","?","$","?","E"],"character_chosen":"IRONCLAD","items_purchased":["Toolbox"],"campfire_rested":0,"item_purchase_floors":[38],"current_hp_per_floor":[74,74,75,75,75,72,72,50,50,50,31,31,31,37,37,14,65,65,65,65,65,60,37,43,43,43,49,49,49,55,55,55,82,82,82,82,44,44,44,0,0],"gold":259,"neow_bonus":"THREE_ENEMY_KILL","is_daily":false,"chose_seed":false,"campfire_upgraded":7,"win_rate":0.0,"timestamp":1607700814,"path_taken":["M","?","?","?","?","E","R","E","T","R","E","R","?","M","R","BOSS","M","?","?","?","M","E","?","R","T","M","$","R","E","?","R","BOSS","M","?","?","$","?","E"],"items_purchased_type":["Relic"],"build_version":"2020-11-30","purchased_purges":2,"victory":false,"max_hp_per_floor":[75,75,75,75,75,82,82,82,82,82,82,82,82,82,82,82,82,82,82,82,82,82,82,82,82,82,82,82,82,82,82,82,82,82,82,82,82,82,82,82,82],"relic_stats":{"counters":[19,92],"Pantograph":25,"Pen Nib":[17],"Charon\u0027s Ashes":[311],"Kunai":[24],"obtain_stats":[{"NeowsBlessing":0,"Pen Nib":4,"Charon\u0027s Ashes":23,"Omamori":11,"Incense Burner":37,"Empty Cage":34,"Burning Blood":0,"Strawberry":6,"Pantograph":26,"Toolbox":38,"Philosopher\u0027s Stone":17,"Kunai":9,"Red Skull":8,"Toy Ornithopter":30,"Unceasing Top":36},{"NeowsBlessing":0,"Pen Nib":2,"Charon\u0027s Ashes":11,"Omamori":6,"Incense Burner":18,"Empty Cage":15,"Burning Blood":0,"Strawberry":4,"Pantograph":12,"Toolbox":18,"Philosopher\u0027s Stone":8,"Kunai":5,"Red Skull":5,"Toy Ornithopter":14,"Unceasing Top":17},{"NeowsBlessing":0,"Pen Nib":2,"Charon\u0027s Ashes":54,"Omamori":25,"Incense Burner":88,"Empty Cage":69,"Burning Blood":0,"Strawberry":10,"Pantograph":58,"Toolbox":88,"Philosopher\u0027s Stone":39,"Kunai":17,"Red Skull":17,"Toy Ornithopter":66,"Unceasing Top":83}],"Burning Blood":79,"Toy Ornithopter":2,"Unceasing Top":[1]},"card_choices":[{"not_picked":["Headbutt","Twin Strike"],"picked":"Flame Barrier","floor":1.0},{"not_picked":["Thunderclap","Intimidate"],"picked":"Rage","floor":3.0},{"not_picked":["Iron Wave","Clash"],"picked":"Pommel Strike","floor":5.0},{"not_picked":["Perfected Strike","Ghostly Armor"],"picked":"Battle Trance","floor":6.0},{"not_picked":["Cleave","Flex","Clothesline"],"picked":"SKIP","floor":8.0},{"not_picked":["Flex","Infernal Blade"],"picked":"Dropkick","floor":11.0},{"not_picked":["Whirlwind","Warcry","Heavy Blade"],"picked":"SKIP","floor":14.0},{"not_picked":["Double Tap","Juggernaut"],"picked":"Fiend Fire","floor":16.0},{"not_picked":["Heavy Blade","Pommel Strike"],"picked":"Power Through","floor":18.0},{"not_picked":["Sentinel","Rage+1","Combust"],"picked":"SKIP","floor":22.0},{"not_picked":["Clash","Thunderclap","Spot Weakness"],"picked":"SKIP","floor":23.0},{"not_picked":["Metallicize","Heavy Blade","Headbutt"],"picked":"SKIP","floor":24.0},{"not_picked":["Headbutt","Dropkick","Disarm"],"picked":"SKIP","floor":27.0},{"not_picked":["Headbutt","Dropkick"],"picked":"Disarm","floor":27.0},{"not_picked":["Body Slam","Flex","Bludgeon"],"picked":"SKIP","floor":30.0},{"not_picked":["Body Slam","Flex","Bludgeon"],"picked":"SKIP","floor":30.0},{"not_picked":["Juggernaut","Fiend Fire"],"picked":"Barricade","floor":33},{"not_picked":["Anger","Thunderclap"],"picked":"Shrug It Off","floor":35}],"player_experience":3140930,"relics_obtained":[{"floor":4.0,"key":"Pen Nib"},{"floor":6.0,"key":"Strawberry"},{"floor":8.0,"key":"Red Skull"},{"floor":9.0,"key":"Kunai"},{"floor":11.0,"key":"Omamori"},{"floor":23.0,"key":"Charon\u0027s Ashes"},{"floor":26.0,"key":"Pantograph"},{"floor":30.0,"key":"Toy Ornithopter"},{"floor":36,"key":"Unceasing Top"},{"floor":37,"key":"Incense Burner"}],"event_choices":[{"damage_healed":0.0,"max_hp_gain":0.0,"max_hp_loss":0.0,"gold_gain":0.0,"event_name":"The Woman in Blue","player_choice":"Bought 1 Potion","floor":2.0,"gold_loss":0.0,"damage_taken":0.0},{"damage_healed":0.0,"max_hp_gain":0.0,"max_hp_loss":0.0,"gold_gain":150.0,"event_name":"Liars Game","player_choice":"AGREE","floor":13.0,"gold_loss":0.0,"damage_taken":0.0,"cards_obtained":["Doubt"]},{"cards_removed":["Strike_R"],"damage_healed":0.0,"max_hp_gain":0.0,"max_hp_loss":0.0,"gold_gain":0.0,"event_name":"Beggar","player_choice":"Gave Gold","floor":19.0,"gold_loss":75.0,"damage_taken":0.0},{"damage_healed":0.0,"max_hp_gain":0.0,"max_hp_loss":0.0,"gold_gain":0.0,"event_name":"Ghosts","player_choice":"Ignored","floor":20.0,"gold_loss":0.0,"damage_taken":0.0},{"damage_healed":0.0,"max_hp_gain":0.0,"max_hp_loss":0.0,"gold_gain":0.0,"cards_transformed":["Strike_R","Strike_R"],"event_name":"Designer","player_choice":"Transformed Cards","floor":21.0,"gold_loss":75.0,"damage_taken":0.0,"cards_obtained":["Dropkick","Twin Strike"]},{"damage_healed":0.0,"max_hp_gain":0.0,"max_hp_loss":0.0,"gold_gain":0.0,"event_name":"Vampires","player_choice":"Ignored","floor":31.0,"gold_loss":0.0,"damage_taken":0.0},{"damage_healed":0,"gold_gain":0,"player_choice":"Fight","damage_taken":0,"max_hp_gain":0,"max_hp_loss":0,"event_name":"MindBloom","floor":36,"gold_loss":0},{"damage_healed":0,"gold_gain":0,"player_choice":"Fight","damage_taken":0,"max_hp_gain":0,"max_hp_loss":0,"event_name":"Mysterious Sphere","floor":37,"gold_loss":0},{"damage_healed":0,"gold_gain":0,"player_choice":"Ignored","damage_taken":0,"max_hp_gain":0,"max_hp_loss":0,"event_name":"Tomb of Lord Red Mask","floor":39,"gold_loss":0}],"is_beta":false,"boss_relics":[{"not_picked":["Tiny House","Astrolabe"],"picked":"Philosopher\u0027s Stone"},{"not_picked":["Cursed Key","SlaversCollar"],"picked":"Empty Cage"}],"items_purged_floors":[28,38],"is_endless":false,"potions_floor_spawned":[3,5,11,16,24,27,33,35,36],"killed_by":"Nemesis","ascension_level":20}}