{"host":"qy0m86b6j0qgj9ra","time":1607696332,"event":{"mods":["Act Like it!","Aspiration","BaseMod","Better Altar","Better Note","Better Sensory Stone","Better Skull","Better Third Choice","Better Vampires","BetterRewards","Block Reminder","Challenge The Spire","Conspire","Downfall","Duelist Mod","Friendly Minions","Gensokyo","GifTheSpireLib","Glutton Mod","Googly Eyes","Halation","Hallownest","Hermit","Hubris","Infinite Spire","Jorbs\u0027s Wanderer Trilogy","KomeijiMod","Lobotomy","LobotomyExtend","Mad Scientist","Marisa????????","Minty Spire (QoL Compilation)","Permanent Neow","Rare Cards Sparkle","Reimu??????","Replay The Spire","RumiaBox-????????","Spicy Shops","Spikes Relics","StSLib","Stuff the Spire","The Animator","The Bug Knight","The Cursed","The Jungle","The Necromancer","Virulent Crown","Wandering Minibosses","vexMod"],"gold_per_floor":[119,132,132,142,19,19,19,19],"floor_reached":7,"playtime":885,"items_purged":["Glutton:Strike"],"score":41,"play_id":"2ccd8cd6-15c2-4c76-8365-0676bffb9063","local_time":"20201211151852","is_ascension_mode":false,"campfire_choices":[{"floor":6,"key":"REST"}],"circlet_count":0,"master_deck":["Glutton:Strike","Glutton:Strike","Glutton:Strike","Glutton:Strike","Glutton:Strike","Glutton:Defend","Glutton:Defend","Glutton:Defend","Glutton:Flail","Glutton:Yearn","Glutton:Revivification","Glutton:Migraine","Glutton:GnawingHunger","Glutton:Borborygmi","Replay:SS_forest_2","Glutton:BellySlam","Glutton:Thrombosis","Glutton:Scab","Glutton:Revivification","Glutton:Thrombosis"],"relics":["Glutton:EternalHunger","Counterbalance","BargainBundle"],"acts_visited":["Exordium"],"potions_floor_usage":[7,7],"damage_taken":[{"damage":22,"enemies":"Small Slimes","floor":1,"turns":4},{"damage":24,"enemies":"Jaw Worm","floor":2,"turns":4},{"damage":37,"enemies":"Cultist","floor":4,"turns":6},{"damage":110,"enemies":"Gremlin Nob","floor":7,"turns":7}],"seed_played":"-7730206828215554351","potions_obtained":[],"is_trial":false,"path_per_floor":["M","M","?","M","$","R","E"],"character_chosen":"GLUTTON","items_purchased":["Counterbalance","Glutton:Yearn","BargainBundle","Glutton:Revivification","Glutton:Migraine","Glutton:GnawingHunger","Glutton:Borborygmi","Replay:SS_forest_2","PowerPotion","GamblersBrew","Venom Potion","Glutton:Revivification","Glutton:Thrombosis"],"campfire_rested":1,"item_purchase_floors":[0,0,0,0,0,0,0,0,0,0,0,5,5],"current_hp_per_floor":[59,35,47,22,22,58,0,0],"gold":19,"neow_bonus":"","is_daily":false,"chose_seed":false,"campfire_upgraded":0,"win_rate":0.0,"timestamp":1607696332,"path_taken":["M","M","?","M","$","R","E"],"items_purchased_type":["Relic","Card","Relic","Card","Card","Card","Card","Card","Potion","Potion","Potion","Card","Card"],"build_version":"2020-11-30","purchased_purges":1,"victory":false,"max_hp_per_floor":[120,120,120,120,120,120,120,120],"card_choices":[{"not_picked":["Glutton:ShareWeakness","Glutton:Borborygmi"],"picked":"Glutton:BellySlam","floor":1},{"not_picked":["Glutton:PainMeditation","Glutton:LashOut"],"picked":"Glutton:Thrombosis","floor":2},{"not_picked":["Glutton:Demolish","Glutton:Tumor"],"picked":"Glutton:Scab","floor":4}],"player_experience":473550,"relics_obtained":[],"event_choices":[],"is_beta":false,"boss_relics":[],"items_purged_floors":[0],"is_endless":false,"potions_floor_spawned":[1,4],"killed_by":"Gremlin Nob","ascension_level":0}}