{"host":"s6mlqkqtr3ey2mm2","time":1607644851,"event":{"mods":["BaseMod","StSLib","2.2 Compatiblity","AchievementEnabler","GifTheSpireLib","BetterRewards","Colored Map","Hubris","Quick Restart","Replay The Spire","Colored Powertips","Conspire","Minty Spire (QoL Compilation)","Aspiration","Downfall","Halation","Hermit","Shade Mod","The Poker Player","Beaked The Cultist","The Construct","Better Note","Ironclad Rager","The IronCluck","The Necromancer","The Cursed","Infinite Spire","Energized Spire","Marked Mod","Spicy Shops","Stuff the Spire","The Blue Laboratory","The Runesmith","vexMod","The Servant 0.9.4","The Valiant","Somnambulant"],"gold_per_floor":[110,125,105,115,13,13,48,60,97,109,121,153,194,220,232,343,355,386,348,360,385,397,438,470,482,494,534,546,66,66,83,83,188,188,206,206,206,206,306,334,334,367,392,420,65,65,87,110,110,138],"floor_reached":51,"playtime":3645,"items_purged":["Strike_B","Defend_B","Strike_B"],"score":976,"play_id":"ddc10ec2-be97-4fa7-9c1a-3a67b7460ba1","local_time":"20201210190051","is_ascension_mode":false,"campfire_choices":[{"data":"Redo","floor":6,"key":"SMITH"},{"data":"Ball Lightning","floor":8,"key":"SMITH"},{"data":"Sweeping Beam","floor":10,"key":"SMITH"},{"floor":15,"key":"REST"},{"floor":30,"key":"REST"},{"data":"Storm","floor":32,"key":"SMITH"},{"floor":41,"key":"REST"}],"circlet_count":0,"master_deck":["Strike_B+1","Strike_B","Defend_B","Defend_B","Defend_B","Zap","Dualcast","Sweeping Beam+1","Redo+1","Beam Cell","Cold Snap+1","Ball Lightning+1","ReplayTheSpireMod:Calculation Training","Lockon","aspiration:Polymerization","Thunder Strike","Conserve Battery","Go for the Eyes","ReplayTheSpireMod:System Scan","Chaos","Storm+1","Self Repair","Electrodynamics","Heatsinks+1","ReplayTheSpireMod:Book of Names+1","StuffTheSpire:Synthwave+1","Streamline+1","Redo","StuffTheSpire:Plugnplay","Storm"],"relics":["Cracked Core","MawBank","Toy Ornithopter","hubris:MedicalManual","TungstenRod","conspire:SpecialSausage","conspire:TopHat","Ring of Panic","Ring of Shattering","StuffTheSpire:ForceGauntlet","Mango","halation:QuantumPhysicsTextbook","infinitespire:BottledMercury","halation:LostSnail","Prayer Wheel","Snecko Eye","StuffTheSpire:GreaterSneckoEye","Replay:Multitool","Whetstone","Replay:Bandana","Sling"],"acts_visited":["Exordium","TheCity","TheBeyond"],"potions_floor_usage":[12,23,23,24,33,33,50,50,50],"damage_taken":[{"damage":7,"enemies":"2 Louse","floor":1,"turns":3},{"damage":1,"enemies":"Cultist","floor":2,"turns":3},{"damage":0,"enemies":"Small Slimes","floor":4,"turns":2},{"damage":15,"enemies":"3 Sentries","floor":7,"turns":6},{"damage":1,"enemies":"3 Louse","floor":12,"turns":2},{"damage":3,"enemies":"Gremlin Nob","floor":13,"turns":3},{"damage":6,"enemies":"Blue Slaver","floor":14,"turns":2},{"damage":16,"enemies":"The Guardian","floor":16,"turns":7},{"damage":17,"enemies":"Shell Parasite","floor":18,"turns":3},{"damage":1,"enemies":"3 Byrds","floor":21,"turns":3},{"damage":51,"enemies":"Slavers","floor":23,"turns":5},{"damage":22,"enemies":"Snake Plant","floor":24,"turns":5},{"damage":15,"enemies":"conspire:Head Lice","floor":27,"turns":9},{"damage":4,"enemies":"Snecko","floor":31,"turns":3},{"damage":55,"enemies":"Pondfish","floor":33,"turns":9},{"damage":0,"enemies":"3 Shapes","floor":35,"turns":1},{"damage":12,"enemies":"Giant Head","floor":40,"turns":5},{"damage":5,"enemies":"Nemesis","floor":42,"turns":3},{"damage":22,"enemies":"3 Darklings","floor":44,"turns":2},{"damage":2,"enemies":"4 Shapes","floor":47,"turns":1},{"damage":15,"enemies":"Spire Growth","floor":48,"turns":2},{"damage":28,"enemies":"Awakened One","floor":50,"turns":5}],"seed_played":"8279417357926395431","potions_obtained":[{"floor":2,"key":"Strength Potion"},{"floor":3,"key":"blueLaboratory:PlasmaFuel"},{"floor":4,"key":"blueLaboratory:FruitPunch"},{"floor":14,"key":"Reflective Coating"},{"floor":20,"key":"infinitespire:BlackPotion"},{"floor":23,"key":"blueLaboratory:FruitPreserves"},{"floor":27,"key":"ColorlessPotion"},{"floor":40,"key":"FearPotion"},{"floor":42,"key":"hexamod:EctoCoolerPotion"},{"floor":44,"key":"SkillPotion"},{"floor":48,"key":"blueLaboratory:FruitPunch"}],"is_trial":false,"path_per_floor":["M","M","?","M","$","R","E","R","T","R","?","M","E","M","R","B",null,"M","?","?","M","?","E","M","?","T","E","T","$","R","M","R","B",null,"M","?","?","?","?","E","R","E","T","M","$","R","M","M","R_BF","B",null],"character_chosen":"DEFECT","items_purchased":["Cold Snap","ReplayTheSpireMod:Fabricate Wheel","infinitespire:BottledMercury","halation:LostSnail","Sling","Storm"],"campfire_rested":3,"item_purchase_floors":[5,29,29,29,45,45],"current_hp_per_floor":[75,74,74,74,74,74,59,59,59,59,41,47,44,38,63,47,84,67,67,67,66,66,25,40,40,40,39,39,39,68,64,64,26,98,98,79,79,57,57,52,81,83,83,68,68,97,95,80,98,79],"gold":138,"neow_bonus":"TEN_PERCENT_HP_BONUS","is_daily":false,"chose_seed":false,"campfire_upgraded":4,"win_rate":0.0,"timestamp":1607644851,"path_taken":["M","M","?","?","?","R","E","R","T","R","?","M","E","M","R","BOSS","M","?","?","?","?","E","M","?","T","E","?","?","R","M","R","BOSS","M","?","?","?","?","E","R","E","T","M","$","R","?","M","R_BF","BOSS"],"build_version":"2020-11-30","purchased_purges":3,"victory":true,"max_hp_per_floor":[82,82,82,82,82,82,82,82,82,82,82,84,84,84,84,84,84,84,84,84,84,84,84,84,84,84,98,98,98,98,98,98,98,98,98,98,98,98,98,98,98,98,98,98,98,98,98,98,98,100],"card_choices":[{"not_picked":["Steam","Capacitor"],"picked":"Sweeping Beam","floor":1},{"not_picked":["Steam","Compile Driver"],"picked":"Redo","floor":2},{"not_picked":["Sweeping Beam","Stack"],"picked":"Beam Cell","floor":4},{"not_picked":["StuffTheSpire:LoadUp","ReplayRNGCard"],"picked":"Ball Lightning","floor":7},{"not_picked":["StuffTheSpire:Coldhearted","StuffTheSpire:LoadUp"],"picked":"ReplayTheSpireMod:Calculation Training","floor":12},{"not_picked":["StuffTheSpire:LoadUp","Sweeping Beam"],"picked":"Lockon","floor":13},{"not_picked":["Beam Cell","Go for the Eyes"],"picked":"aspiration:Polymerization","floor":14},{"not_picked":["StuffTheSpire:Purify","Mirror Shield"],"picked":"Thunder Strike","floor":16},{"not_picked":["Steam Power+1","Steam"],"picked":"Conserve Battery","floor":18},{"not_picked":["Gash","BasicCrystalCard"],"picked":"Go for the Eyes","floor":21},{"not_picked":["Scrape","Seek"],"picked":"ReplayTheSpireMod:System Scan","floor":23},{"not_picked":["Gash","Darkness"],"picked":"Chaos","floor":24},{"not_picked":["Barrage","Leap"],"picked":"Storm","floor":27},{"not_picked":["StuffTheSpire:Plugnplay","BasicCrystalCard+1"],"picked":"Self Repair","floor":31},{"not_picked":["ReplayTheSpireMod:Omega Cannon","Amplify"],"picked":"Electrodynamics","floor":33},{"not_picked":["ReplayTheSpireMod:GoodbyeWorld","Go for the Eyes+1"],"picked":"Heatsinks+1","floor":35},{"not_picked":["Hologram+1","Barrage+1","Steam"],"picked":"SKIP","floor":35},{"not_picked":["infinitespire:Menacing","infinitespire:Fortify"],"picked":"ReplayTheSpireMod:Book of Names","floor":38},{"not_picked":["StuffTheSpire:NuclearReactor+1","ReplayTheSpireMod:GoodbyeWorld"],"picked":"StuffTheSpire:Synthwave","floor":40},{"not_picked":["Coolheaded+1","Beam Cell+1"],"picked":"Streamline+1","floor":42},{"not_picked":["Panic Button","Steam"],"picked":"Redo","floor":44},{"not_picked":["Stack+1","StuffTheSpire:ShieldGenerator"],"picked":"StuffTheSpire:Plugnplay","floor":44},{"not_picked":["Leap+1","Thunder Strike","Chill"],"picked":"SKIP","floor":47},{"not_picked":["Cold Snap+1","Panic Button","Steam Power+1"],"picked":"SKIP","floor":47},{"not_picked":["Beam Cell+1","Chaos","StuffTheSpire:LoadUp+1"],"picked":"SKIP","floor":48},{"not_picked":["Rip and Tear","Ball Lightning+1","Reboot"],"picked":"SKIP","floor":48}],"player_experience":35881,"relics_obtained":[{"floor":7,"key":"MawBank"},{"floor":9,"key":"Toy Ornithopter"},{"floor":13,"key":"TungstenRod"},{"floor":23,"key":"conspire:TopHat"},{"floor":25,"key":"Ring of Panic"},{"floor":25,"key":"Ring of Shattering"},{"floor":26,"key":"StuffTheSpire:ForceGauntlet"},{"floor":27,"key":"Mango"},{"floor":28,"key":"halation:QuantumPhysicsTextbook"},{"floor":36,"key":"StuffTheSpire:GreaterSneckoEye"},{"floor":40,"key":"Replay:Multitool"},{"floor":42,"key":"Whetstone"},{"floor":43,"key":"Replay:Bandana"}],"event_choices":[{"damage_healed":0,"gold_gain":0,"player_choice":"Bought 1 Potion","damage_taken":0,"max_hp_gain":0,"max_hp_loss":0,"event_name":"The Woman in Blue","floor":3,"gold_loss":0},{"damage_healed":0,"gold_gain":0,"player_choice":"Success","damage_taken":18,"relics_obtained":["hubris:MedicalManual"],"max_hp_gain":0,"max_hp_loss":0,"event_name":"Scrap Ooze","floor":11,"gold_loss":0},{"damage_healed":0,"gold_gain":0,"player_choice":"Bet on Murderer","damage_taken":0,"max_hp_gain":0,"max_hp_loss":0,"event_name":"The Joust","floor":19,"gold_loss":50},{"damage_healed":0,"gold_gain":0,"player_choice":"Got Potions","damage_taken":0,"max_hp_gain":0,"max_hp_loss":0,"event_name":"Lab","floor":20,"gold_loss":0},{"damage_healed":0,"gold_gain":0,"player_choice":"Ignored","damage_taken":0,"max_hp_gain":0,"max_hp_loss":0,"event_name":"betterNote:BetterNote","floor":22,"gold_loss":0,"cards_obtained":["conspire:DoublingDagger"]},{"damage_healed":0,"gold_gain":100,"player_choice":"Pray","damage_taken":0,"max_hp_gain":0,"max_hp_loss":0,"event_name":"Golden Shrine","floor":39,"gold_loss":0}],"is_beta":false,"boss_relics":[{"not_picked":["Tiny House","hubris:ScarierMask"],"picked":"conspire:SpecialSausage"},{"not_picked":["Runic Pyramid","vexMod:CursedCompass"],"picked":"Snecko Eye"}],"items_purged_floors":[5,29,45],"is_endless":false,"potions_floor_spawned":[2,4,14,23,27,40,42,44,48],"ascension_level":0}}