{"host":"4qkvkh7pd9qr2mca","time":1607717417,"event":{"mods":["AchievementEnabler","BaseMod","Colored Map","Colored Powertips","Highlight Path","Minty Spire (QoL Compilation)","Permanent Neow","Quick Restart","StSLib","SuperFastMode"],"gold_per_floor":[119,139,214,9,9,9,42,65,89,108,147,172,172,186,186,282,282,307,582,146,227,127,127,171,184,235,235,258,301,301,325,325,416,416,441,441,466,490,505,505,505],"floor_reached":40,"playtime":2134,"items_purged":["Regret","Strike_R"],"score":897,"play_id":"d5fae6ba-dd39-4dd1-b4e1-b55f240f578e","local_time":"20201211211017","is_ascension_mode":true,"campfire_choices":[{"data":"Carnage","floor":6.0,"key":"SMITH"},{"data":"Brutality","floor":13.0,"key":"SMITH"},{"data":"True Grit","floor":15.0,"key":"SMITH"},{"data":"Double Tap","floor":23.0,"key":"SMITH"},{"data":"Blood for Blood","floor":27.0,"key":"SMITH"},{"floor":30.0,"key":"REST"},{"data":"Evolve","floor":32.0,"key":"SMITH"}],"circlet_count":0,"master_deck":["AscendersBane","Defend_R","Defend_R","Defend_R","Defend_R","Bash","Anger","Metallicize","Carnage+1","Brutality+1","True Grit+1","Cleave","Blood for Blood+1","Double Tap+1","Burning Pact+1","Dropkick+1","Feel No Pain+1","Power Through","Shrug It Off","Body Slam","Bloodletting","Evolve+1","Power Through","Rage","Limit Break","Flame Barrier","Seeing Red","Bloodletting+1"],"relics":["Burning Blood","Centennial Puzzle","Happy Flower","Golden Idol","Anchor","Oddly Smooth Stone","Akabeko","Blood Vial","Astrolabe","Meat on the Bone","Self Forming Clay","Matryoshka","Vajra","Dream Catcher","Bag of Preparation","Mark of Pain"],"acts_visited":["Exordium","TheCity","TheBeyond"],"potions_floor_usage":[40],"damage_taken":[{"damage":1.0,"enemies":"Cultist","floor":1.0,"turns":3.0},{"damage":3.0,"enemies":"Small Slimes","floor":2.0,"turns":5.0},{"damage":32.0,"enemies":"Lagavulin","floor":7.0,"turns":5.0},{"damage":0.0,"enemies":"Jaw Worm","floor":8.0,"turns":1.0},{"damage":0.0,"enemies":"Large Slime","floor":10.0,"turns":3.0},{"damage":9.0,"enemies":"3 Sentries","floor":11.0,"turns":6.0},{"damage":10.0,"enemies":"Exordium Thugs","floor":14.0,"turns":3.0},{"damage":35.0,"enemies":"Slime Boss","floor":16.0,"turns":8.0},{"damage":15.0,"enemies":"Spheric Guardian","floor":18.0,"turns":5.0},{"damage":23.0,"enemies":"Book of Stabbing","floor":24.0,"turns":7.0},{"damage":8.0,"enemies":"Chosen","floor":25.0,"turns":9.0},{"damage":22.0,"enemies":"Sentry and Sphere","floor":28.0,"turns":4.0},{"damage":30.0,"enemies":"Slavers","floor":29.0,"turns":4.0},{"damage":8.0,"enemies":"Chosen and Byrds","floor":31.0,"turns":6.0},{"damage":31.0,"enemies":"Collector","floor":33.0,"turns":10.0},{"damage":6.0,"enemies":"Orb Walker","floor":35.0,"turns":5.0},{"damage":7.0,"enemies":"3 Shapes","floor":37.0,"turns":5.0},{"damage":37.0,"enemies":"Spire Growth","floor":38.0,"turns":8.0},{"damage":31.0,"enemies":"4 Shapes","floor":39.0,"turns":10.0},{"damage":56,"enemies":"Reptomancer","floor":40,"turns":3}],"seed_played":"8320703903293550690","potions_obtained":[{"floor":2.0,"key":"Regen Potion"},{"floor":7.0,"key":"DuplicationPotion"},{"floor":10.0,"key":"Fruit Juice"},{"floor":11.0,"key":"Fruit Juice"},{"floor":14.0,"key":"DistilledChaos"},{"floor":18.0,"key":"Block Potion"},{"floor":31.0,"key":"SteroidPotion"},{"floor":33.0,"key":"Ancient Potion"},{"floor":38.0,"key":"SteroidPotion"},{"floor":39.0,"key":"Strength Potion"}],"is_trial":false,"path_per_floor":["M","M","?","$","?","R","E","M","T","M","E","T","R","M","R","B",null,"M","?","$","T","$","R","E","M","T","R","M","E","R","M","R","B",null,"M","?","M","M","M","E"],"character_chosen":"IRONCLAD","items_purchased":["Happy Flower","Carnage","Meat on the Bone","Shrug It Off","Body Slam"],"campfire_rested":1,"item_purchase_floors":[4,4,20,20,20],"current_hp_per_floor":[73,75,64,64,64,64,49,55,55,61,58,58,68,66,66,39,68,61,61,61,61,61,61,46,46,46,46,44,34,57,57,57,46,70,72,72,73,56,45,0,0],"gold":505,"neow_bonus":"RANDOM_COMMON_RELIC","is_daily":false,"chose_seed":false,"campfire_upgraded":6,"win_rate":0.0,"timestamp":1607717417,"path_taken":["M","?","?","$","?","R","E","M","T","M","E","?","R","M","R","BOSS","M","?","$","?","?","R","E","M","T","R","M","E","R","M","R","BOSS","M","?","M","?","M","E"],"items_purchased_type":["Relic","Card","Relic","Card","Card"],"build_version":"2020-11-30","purchased_purges":2,"victory":false,"max_hp_per_floor":[75,75,75,75,68,68,68,68,68,68,68,68,78,78,78,78,78,78,78,78,78,78,78,78,78,78,78,78,78,78,78,78,78,78,78,78,78,78,78,78,78],"card_choices":[{"not_picked":["True Grit","Wild Strike"],"picked":"Anger","floor":1.0},{"not_picked":["Perfected Strike","Havoc"],"picked":"Metallicize","floor":2.0},{"not_picked":["Rampage","Flex"],"picked":"Brutality","floor":7.0},{"not_picked":["Feel No Pain","Perfected Strike"],"picked":"True Grit","floor":8.0},{"not_picked":["Searing Blow","Pommel Strike"],"picked":"Cleave","floor":10.0},{"not_picked":["Infernal Blade","Wild Strike"],"picked":"Blood for Blood","floor":11.0},{"not_picked":["Sword Boomerang","Clash","Twin Strike"],"picked":"SKIP","floor":14.0},{"not_picked":["Barricade","Impervious"],"picked":"Double Tap","floor":16.0},{"not_picked":["Searing Blow","Entrench"],"picked":"Power Through","floor":18.0},{"not_picked":["Thunderclap","Bludgeon"],"picked":"Bloodletting","floor":24.0},{"not_picked":["Warcry","Clash"],"picked":"Evolve","floor":25.0},{"not_picked":["Headbutt","Searing Blow","Heavy Blade"],"picked":"SKIP","floor":28.0},{"not_picked":["Combust","Iron Wave"],"picked":"Power Through","floor":29.0},{"not_picked":["Anger","Headbutt"],"picked":"Rage","floor":30.0},{"not_picked":["Cleave","Flex"],"picked":"Limit Break","floor":31.0},{"not_picked":["Sword Boomerang","Armaments"],"picked":"Flame Barrier","floor":35.0},{"not_picked":["Power Through","Armaments","Pummel"],"picked":"SKIP","floor":37.0},{"not_picked":["Clothesline+1","Perfected Strike"],"picked":"Seeing Red","floor":38.0},{"not_picked":["Armaments","Heavy Blade"],"picked":"Bloodletting+1","floor":39.0}],"player_experience":296041,"relics_obtained":[{"floor":7.0,"key":"Anchor"},{"floor":9.0,"key":"Oddly Smooth Stone"},{"floor":11.0,"key":"Akabeko"},{"floor":12.0,"key":"Blood Vial"},{"floor":21.0,"key":"Self Forming Clay"},{"floor":24.0,"key":"Matryoshka"},{"floor":26.0,"key":"Vajra"},{"floor":26.0,"key":"Dream Catcher"},{"floor":29.0,"key":"Bag of Preparation"}],"event_choices":[{"damage_healed":0.0,"max_hp_gain":0.0,"max_hp_loss":0.0,"gold_gain":75.0,"event_name":"World of Goop","player_choice":"Gather Gold","floor":3.0,"gold_loss":0.0,"damage_taken":11.0},{"damage_healed":0.0,"max_hp_gain":0.0,"max_hp_loss":7.0,"gold_gain":0.0,"event_name":"Golden Idol","player_choice":"Lose Max HP","floor":5.0,"gold_loss":0.0,"damage_taken":0.0,"relics_obtained":["Golden Idol"]},{"damage_healed":0.0,"max_hp_gain":0.0,"max_hp_loss":0.0,"gold_gain":275.0,"event_name":"Golden Shrine","player_choice":"Desecrate","floor":19.0,"gold_loss":0.0,"damage_taken":0.0,"cards_obtained":["Regret"]},{"cards_removed":["Strike_R"],"damage_healed":0.0,"max_hp_gain":0.0,"max_hp_loss":0.0,"gold_gain":0.0,"event_name":"Bonfire Elementals","player_choice":"Offered Basic","floor":36.0,"gold_loss":0.0,"damage_taken":0.0}],"is_beta":false,"boss_relics":[{"not_picked":["Calling Bell","SlaversCollar"],"picked":"Astrolabe"},{"not_picked":["Runic Dome","Philosopher\u0027s Stone"],"picked":"Mark of Pain"}],"items_purged_floors":[20,22],"is_endless":false,"potions_floor_spawned":[2,7,10,11,14,18,31,33,38,39],"killed_by":"Reptomancer","ascension_level":20}}