{"host":"zftkeu5v9gqs3wr3","time":1607718589,"event":{"mods":["Act Like it!","Bard","BaseMod","CapriCore","Elementarium","Gensokyo","Jorbs\u0027s Wanderer Trilogy","Mad Scientist","Minty Spire (QoL Compilation)","Potionbrewer","Rare Cards Sparkle","Shade Mod","StSLib","The Immortal","The Runesmith","TheSwordswoman"],"gold_per_floor":[117,130,141,141,216,216,216],"floor_reached":6,"playtime":434,"items_purged":[],"score":36,"play_id":"ea5761f1-043e-47fe-973b-c1fd64ee26ec","local_time":"20201211202949","is_ascension_mode":false,"campfire_choices":[],"circlet_count":0,"master_deck":["Shade:Strike_Shade","Shade:Strike_Shade+1","Shade:Strike_Shade","Shade:Strike_Shade","Shade:Defend_Shade","Shade:Defend_Shade+1","Shade:Defend_Shade","Shade:Defend_Shade","Shade:AnimateDead","Shade:CarefulCut","Shade:FreshBones","Shade:Brains","Shade:FleshToFlesh"],"relics":["Shade:YorickSkull","NeowsBlessing"],"acts_visited":["Exordium"],"potions_floor_usage":[6],"damage_taken":[{"damage":0,"enemies":"Cultist","floor":1,"turns":1},{"damage":0,"enemies":"Jaw Worm","floor":2,"turns":1},{"damage":0,"enemies":"2 Louse","floor":3,"turns":1},{"damage":45,"enemies":"3 Sentries","floor":6,"turns":12}],"seed_played":"-6705700772344292487","potions_obtained":[{"floor":2,"key":"potionbrewer:BarricadePotion"}],"is_trial":false,"path_per_floor":["M","M","M","?","?","E"],"character_chosen":"SHADE","items_purchased":[],"campfire_rested":0,"item_purchase_floors":[],"current_hp_per_floor":[65,65,65,52,41,0,0],"gold":216,"neow_bonus":"THREE_ENEMY_KILL","is_daily":false,"chose_seed":false,"campfire_upgraded":0,"win_rate":0.0,"timestamp":1607718589,"path_taken":["M","M","M","?","?","E"],"items_purchased_type":[],"build_version":"2020-11-30","purchased_purges":0,"victory":false,"max_hp_per_floor":[65,65,65,65,65,65,65],"card_choices":[{"not_picked":["Shade:FuneraryArmor","Shade:ClawBack"],"picked":"Shade:FreshBones","floor":1},{"not_picked":["Shade:Trample","Shade:ClawBack"],"picked":"Shade:Brains","floor":2},{"not_picked":["Shade:RavenousHorde","Shade:SkeletonArmy"],"picked":"Shade:FleshToFlesh","floor":3}],"player_experience":42001,"relics_obtained":[],"event_choices":[{"damage_healed":0,"gold_gain":0,"player_choice":"Entered Light","damage_taken":13,"max_hp_gain":0,"max_hp_loss":0,"event_name":"Shining Light","floor":4,"gold_loss":0,"cards_upgraded":["Shade:Defend_Shade","Shade:Strike_Shade"]},{"damage_healed":0,"gold_gain":75,"player_choice":"Gather Gold","damage_taken":11,"max_hp_gain":0,"max_hp_loss":0,"event_name":"World of Goop","floor":5,"gold_loss":0}],"is_beta":false,"boss_relics":[],"items_purged_floors":[],"is_endless":false,"potions_floor_spawned":[2],"killed_by":"3 Sentries","ascension_level":0}}