{"host":"f7i0xv5umhttwhc1","time":1607690767,"event":{"mods":["BaseMod","Better Third Choice","Colored Map","Highlight Path","Minty Spire (QoL Compilation)","Relic Stats","StSLib"],"gold_per_floor":[113,113,38,38,55,88,88,19,19,53,53,70,70,70,70,175,175,190,105,53,53,66,66,66,66],"floor_reached":24,"playtime":1493,"items_purged":["Defend_B"],"score":225,"play_id":"5f4d24bc-d2eb-4a55-a639-e736164fdbe4","local_time":"20201211234607","is_ascension_mode":false,"campfire_choices":[{"data":"Conserve Battery","floor":11,"key":"SMITH"},{"floor":13,"key":"REST"},{"floor":15,"key":"REST"},{"data":"Chill","floor":23,"key":"SMITH"}],"circlet_count":0,"master_deck":["Strike_B+1","Strike_B+1","Strike_B+1","Strike_B+1","Defend_B","Defend_B","Defend_B","Zap","Dualcast","Chill","Conserve Battery+1","Chill","Genetic Algorithm+1","Cold Snap","Chill+1"],"relics":["Cracked Core","NeowsBlessing","Whetstone","Pantograph","Inserter","Smiling Mask"],"acts_visited":["Exordium","TheCity"],"potions_floor_usage":[16,18],"damage_taken":[{"damage":0,"enemies":"Jaw Worm","floor":1,"turns":1},{"damage":0,"enemies":"Cultist","floor":5,"turns":1},{"damage":0,"enemies":"3 Sentries","floor":6,"turns":1},{"damage":11,"enemies":"Lagavulin","floor":10,"turns":6},{"damage":6,"enemies":"Small Slimes","floor":12,"turns":3},{"damage":39,"enemies":"The Guardian","floor":16,"turns":18},{"damage":3,"enemies":"Spheric Guardian","floor":18,"turns":4},{"damage":17,"enemies":"Chosen","floor":22,"turns":6},{"damage":57,"enemies":"Slavers","floor":24,"turns":7}],"seed_played":"-5961362433417312249","potions_obtained":[{"floor":12,"key":"FocusPotion"},{"floor":16,"key":"LiquidMemories"},{"floor":18,"key":"Block Potion"},{"floor":22,"key":"EssenceOfDarkness"}],"is_trial":false,"path_per_floor":["M","?","$","?","M","E","?","$","T","E","R","M","R","?","R","B",null,"M","?","$","?","M","R","E"],"character_chosen":"DEFECT","items_purchased":["Chill","Cold Snap"],"campfire_rested":2,"item_purchase_floors":[8,20],"current_hp_per_floor":[75,75,75,60,60,60,60,60,60,49,49,43,65,65,75,36,75,72,72,72,72,55,55,0,0],"gold":66,"neow_bonus":"THREE_ENEMY_KILL","is_daily":false,"chose_seed":false,"campfire_upgraded":2,"win_rate":0.0,"timestamp":1607690767,"path_taken":["M","?","$","?","M","E","?","$","T","E","R","M","R","?","R","BOSS","M","?","$","?","M","R","E"],"items_purchased_type":["Card","Card"],"build_version":"2020-11-30","purchased_purges":1,"victory":false,"max_hp_per_floor":[75,75,75,75,75,75,75,75,75,75,75,75,75,75,75,75,75,75,75,75,75,75,75,75,75],"relic_stats":{"Inserter":[8],"counters":[9,47],"Pantograph":0,"Whetstone":["Strike_B","Strike_B"],"Smiling Mask":0,"obtain_stats":[{"Inserter":17,"NeowsBlessing":0,"Pantograph":10,"Whetstone":6,"Cracked Core":0,"Smiling Mask":19},{"Inserter":6,"NeowsBlessing":0,"Pantograph":4,"Whetstone":3,"Cracked Core":0,"Smiling Mask":7},{"Inserter":30,"NeowsBlessing":0,"Pantograph":9,"Whetstone":3,"Cracked Core":0,"Smiling Mask":34}]},"card_choices":[{"not_picked":["Stack","Conserve Battery"],"picked":"Chill","floor":1},{"not_picked":["Rebound","Steam Power","Heatsinks"],"picked":"SKIP","floor":5},{"not_picked":["Electrodynamics","Compile Driver"],"picked":"Conserve Battery","floor":6},{"not_picked":["Static Discharge","Sweeping Beam","Beam Cell"],"picked":"SKIP","floor":10},{"not_picked":["Sunder","Glacier","Gash"],"picked":"SKIP","floor":12},{"not_picked":["Steam+1","Skim"],"picked":"Genetic Algorithm+1","floor":18},{"not_picked":["Rebound","BootSequence"],"picked":"Chill","floor":22}],"player_experience":170807,"relics_obtained":[{"floor":6,"key":"Whetstone"},{"floor":10,"key":"Pantograph"}],"event_choices":[{"damage_healed":0,"gold_gain":0,"player_choice":"Bought 0 Potions","damage_taken":0,"max_hp_gain":0,"max_hp_loss":0,"event_name":"The Woman in Blue","floor":2,"gold_loss":0},{"damage_healed":75,"gold_gain":0,"player_choice":"Upgrade","damage_taken":15,"max_hp_gain":0,"max_hp_loss":75,"event_name":"betterThird:BetterShining","floor":4,"gold_loss":0,"cards_upgraded":["Strike_B","Strike_B"]},{"damage_healed":0,"gold_gain":0,"player_choice":"LEAVE","damage_taken":0,"max_hp_gain":0,"max_hp_loss":0,"event_name":"betterThird:BetterScrap","floor":7,"gold_loss":0,"cards_obtained":["Glass Knife"]},{"damage_healed":0,"gold_gain":0,"player_choice":"Ignored","damage_taken":0,"max_hp_gain":0,"max_hp_loss":0,"event_name":"Golden Idol","floor":14,"gold_loss":0},{"damage_healed":0,"gold_gain":0,"player_choice":"Obtained Relic","damage_taken":0,"relics_obtained":["Smiling Mask"],"max_hp_gain":0,"max_hp_loss":0,"event_name":"Addict","floor":19,"gold_loss":85},{"damage_healed":0,"gold_gain":0,"player_choice":"Adaptability","damage_taken":0,"max_hp_gain":0,"max_hp_loss":0,"event_name":"betterThird:BetterWriting","floor":21,"gold_loss":0}],"is_beta":false,"boss_relics":[{"not_picked":["Velvet Choker","Tiny House"],"picked":"Inserter"}],"items_purged_floors":[3],"is_endless":false,"potions_floor_spawned":[12,16,18,22],"killed_by":"Slavers","ascension_level":0}}