{"host":"s2kjy8nqny1yatvf","time":1607712833,"event":{"mods":["BaseMod","Colored Powertips","Minty Spire (QoL Compilation)","Replay The Spire","Shop Mod","StSLib","TestMod","¡¾ÒÅÎï¿¨ÅÆ¡¿REMEMod","óô»ðÖ¸ÄÏ"],"gold_per_floor":[114,129,129,228,243,243,269,269,338,90,165,165,176,176,176,278,278,293,312,512,532,544,13,33,53,78,78,96,113,132,146,146,251,251,271,291,302,318,318,35,51,51,51,51,51],"floor_reached":44,"playtime":3782,"items_purged":["Eruption"],"score":618,"play_id":"2f85b6bf-6c3e-45a3-9177-bd4421d1c766","local_time":"20201212025353","is_ascension_mode":false,"campfire_choices":[{"data":"ForeignInfluence","floor":6,"key":"SMITH"},{"floor":8,"key":"REST"},{"data":"REME_EmptyShield","floor":12,"key":"SMITH"},{"floor":15,"key":"REST"},{"floor":27,"key":"REST"},{"floor":32,"key":"REST"},{"floor":42,"key":"REST"}],"circlet_count":0,"master_deck":["Strike_P","Strike_P","Defend_P","Defend_P","Defend_P","Vigilance","testmod-EnhanceArmerment","Adrenaline","Sickly","EmptyMind","Tantrum","ForeignInfluence+1","Steam","JustLucky","JustLucky","FlyingSleeves","REME_EmptyShield+1","ReachHeaven","BowlingBash","Judgement","Crescendo+1","FlurryOfBlows","Prostrate","EmptyBody+1","Apotheosis","Nirvana","Conserve Battery","Dagger Throw+1","Replay:Vibes+1","Finesse+1","REME_Whirling","Backflip","Reaper","Writhe","Sword Boomerang","Replay:Undeath\u0027s Touch","REME_ShortnessOfBreath","LikeWater","LessonLearned","REME_TwoStrings","Stack"],"relics":["PureWater","REME_ComplimentaryCards","testmod-TestBox","testmod-RealStoneCalender","Happy Flower","Bottled Lightning","Garlic","Sozu","MerchantsRug","PrismaticShard","Replay:Wax Seal","testmod-Fortitude","Juzu Bracelet","Pen Nib","Sundial"],"acts_visited":["Exordium","TheCity","TheBeyond"],"potions_floor_usage":[16],"damage_taken":[{"damage":0,"enemies":"Small Slimes","floor":1,"turns":2},{"damage":3,"enemies":"2 Louse","floor":2,"turns":2},{"damage":0,"enemies":"Jaw Worm","floor":5,"turns":2},{"damage":14,"enemies":"3 Sentries","floor":7,"turns":4},{"damage":0,"enemies":"Lots of Slimes","floor":13,"turns":3},{"damage":16,"enemies":"Hexaghost","floor":16,"turns":7},{"damage":0,"enemies":"3 Byrds","floor":18,"turns":3},{"damage":11,"enemies":"2 Thieves","floor":19,"turns":3},{"damage":9,"enemies":"Snecko","floor":21,"turns":4},{"damage":32,"enemies":"Sentry and Sphere","floor":22,"turns":4},{"damage":0,"enemies":"Cultist and Chosen","floor":24,"turns":4},{"damage":11,"enemies":"Snecko","floor":25,"turns":4},{"damage":10,"enemies":"Snake Plant","floor":28,"turns":3},{"damage":0,"enemies":"Cultist and Chosen","floor":29,"turns":5},{"damage":3,"enemies":"Centurion and Healer","floor":30,"turns":5},{"damage":8,"enemies":"Sentry and Sphere","floor":31,"turns":3},{"damage":14,"enemies":"Pondfish","floor":33,"turns":9},{"damage":16,"enemies":"3 Shapes","floor":35,"turns":4},{"damage":9,"enemies":"3 Darklings","floor":36,"turns":5},{"damage":11,"enemies":"4 Shapes","floor":37,"turns":4},{"damage":27,"enemies":"Jaw Worm Horde","floor":38,"turns":5},{"damage":10,"enemies":"Maw","floor":41,"turns":5},{"damage":89,"enemies":"Reptomancer","floor":44,"turns":5}],"seed_played":"6699600742656646649","potions_obtained":[{"floor":5,"key":"Elixir"},{"floor":13,"key":"StancePotion"},{"floor":16,"key":"Energy Potion"}],"is_trial":false,"path_per_floor":["M","M","?","?","M","R","E","R","T","$","?","R","M","T","R","B",null,"M","M","?","M","M","R","M","M","T","R","M","M","M","M","R","B",null,"M","M","M","M","?","R","M","R","T","E"],"character_chosen":"WATCHER","items_purchased":["Bottled Lightning","MerchantsRug","Apotheosis","PrismaticShard","Nirvana","Juzu Bracelet","LessonLearned","REME_TwoStrings","Pen Nib"],"campfire_rested":5,"item_purchase_floors":[10,23,23,23,23,40,40,40,40],"current_hp_per_floor":[72,69,69,51,51,51,37,58,58,58,47,47,47,47,68,52,72,72,61,61,52,20,20,20,9,9,30,20,20,17,9,30,16,82,66,67,73,51,51,51,45,69,69,0,0],"gold":51,"neow_bonus":"ONE_RARE_RELIC","is_daily":false,"chose_seed":false,"campfire_upgraded":2,"win_rate":0.0,"timestamp":1607712833,"path_taken":["M","M","?","?","M","R","E","R","T","$","?","R","M","?","R","BOSS","M","M","?","M","M","R","?","M","T","R","?","M","M","M","R","BOSS","M","?","M","M","?","R","M","R","T","E"],"items_purchased_type":["Relic","Relic","Card","Relic","Card","Relic","Card","Card","Relic"],"build_version":"2020-11-30","purchased_purges":1,"victory":false,"max_hp_per_floor":[72,72,72,72,72,72,72,72,72,72,72,72,72,72,72,72,72,72,72,72,72,72,72,72,72,72,72,72,72,72,72,72,72,82,82,82,82,82,82,82,82,82,82,82,82],"card_choices":[{"not_picked":["ThirdEye","Replay:Hum"],"picked":"EmptyMind","floor":1},{"not_picked":["Replay:Vibes","Sanctity"],"picked":"Tantrum","floor":2},{"not_picked":["Consecrate","Halt"],"picked":"JustLucky","floor":4},{"not_picked":["ThirdEye","BowlingBash"],"picked":"JustLucky","floor":4},{"not_picked":["EmptyBody","SignatureMove"],"picked":"FlyingSleeves","floor":4},{"not_picked":["Replay:AtTheReady","EmptyBody"],"picked":"REME_EmptyShield","floor":5},{"not_picked":["PathToVictory","FlyingSleeves"],"picked":"ReachHeaven","floor":7},{"not_picked":["Replay:BluntJabs","Protect"],"picked":"BowlingBash","floor":13},{"not_picked":["Omniscience","DeusExMachina"],"picked":"Judgement","floor":16},{"not_picked":["EmptyBody","Replay:AtTheReady"],"picked":"Crescendo+1","floor":18},{"not_picked":["EmptyFist+1","REME_WorshipGod"],"picked":"FlurryOfBlows","floor":19},{"not_picked":["TalkToTheHand","EmptyFist+1"],"picked":"Prostrate","floor":21},{"not_picked":["MentalFortress+1","SashWhip"],"picked":"EmptyBody+1","floor":22},{"not_picked":["Protect","Dropkick"],"picked":"Conserve Battery","floor":24},{"not_picked":["Replay:Undeath\u0027s Touch","Force Field"],"picked":"Dagger Throw+1","floor":25},{"not_picked":["Choke","CarveReality"],"picked":"Replay:Vibes+1","floor":28},{"not_picked":["Survey Options","Leap"],"picked":"Finesse+1","floor":29},{"not_picked":["Adaptation","Replay:Sssssssssstrike+1"],"picked":"REME_Whirling","floor":30},{"not_picked":["Prostrate","Body Slam"],"picked":"Backflip","floor":31},{"not_picked":["Master of Strategy","ReplayRNGCard"],"picked":"Reaper","floor":33},{"not_picked":["Looming Evil","ReplayTheSpireMod:Restless Dread"],"picked":"REME_CurseOfMatryoshka","floor":34},{"not_picked":["Sickly","Replay:Hysterical Blindness"],"picked":"REME_CurseOfMatryoshka","floor":34},{"not_picked":["Doubt","REME_CurseOfMatryoshka"],"picked":"Writhe","floor":34},{"not_picked":["Barrage","Heatsinks"],"picked":"Sword Boomerang","floor":35},{"not_picked":["ReplayTheSpireMod:Strike From Hell","Coolheaded"],"picked":"Replay:Undeath\u0027s Touch","floor":36},{"not_picked":["Underhanded Strike","PanicButton+1"],"picked":"REME_ShortnessOfBreath","floor":37},{"not_picked":["Accuracy+1","Panic Button+1"],"picked":"LikeWater","floor":38},{"not_picked":["Deadly Poison","Glacier+1"],"picked":"Stack","floor":41}],"player_experience":165956,"relics_obtained":[{"floor":7,"key":"Happy Flower"},{"floor":9,"key":"White Beast Statue"},{"floor":14,"key":"Garlic"},{"floor":26,"key":"Replay:Wax Seal"},{"floor":43,"key":"Sundial"}],"event_choices":[{"damage_healed":0,"gold_gain":75,"player_choice":"Gather Gold","damage_taken":11,"max_hp_gain":0,"max_hp_loss":0,"event_name":"World of Goop","floor":11,"gold_loss":0},{"damage_healed":0,"gold_gain":200,"player_choice":"Gold","damage_taken":0,"max_hp_gain":0,"max_hp_loss":0,"event_name":"Wheel of Change","floor":20,"gold_loss":0},{"cards_removed":["Strike_P"],"damage_healed":0,"gold_gain":0,"player_choice":"Removed Attack","damage_taken":0,"max_hp_gain":0,"max_hp_loss":0,"event_name":"Falling","floor":39,"gold_loss":0}],"is_beta":false,"boss_relics":[{"not_picked":["testmod-KeyOfTheVoid","testmod-PortableAltar"],"picked":"Sozu"},{"not_picked":["Astrolabe","Ring of Chaos"],"picked":"Replay:Ancient Bell"},{"not_picked":["Damaru","testmod-Antiphasic"],"picked":"Omamori"},{"not_picked":["Blue Candle","Meat on the Bone"],"picked":"Pear"},{"not_picked":["testmod-InfectionSource","testmod-Muramasa"],"picked":"testmod-Fortitude"}],"items_purged_floors":[40],"is_endless":false,"potions_floor_spawned":[5,13,16,18,19,21,22,24,25,28,29,30,31,33,35,36,37,38],"killed_by":"Reptomancer","ascension_level":0}}