{"host":"c6u7e77myxvw4d0m","time":1607648334,"event":{"mods":["AchievementEnabler","BaseMod","Colored Map","Colored Powertips","Minty Spire (QoL Compilation)","Rare Cards Sparkle","Relic Stats","everything is the same but u backflip on backflip"],"gold_per_floor":[113,113,124,142,161,191,191,205,205,218,218,218],"floor_reached":11,"playtime":1602,"items_purged":[],"score":100,"play_id":"27a351b4-5d31-48f1-950d-904b54abb622","local_time":"20201211025854","is_ascension_mode":true,"campfire_choices":[{"floor":7,"key":"REST"}],"circlet_count":0,"master_deck":["Strike_R","Strike_R","Strike_R","Strike_R","Strike_R","Defend_R","Defend_R","Defend_R","Defend_R","Bash","Body Slam","Hemokinesis","Double Tap","Cleave","Burning Pact","Pommel Strike"],"relics":["Burning Blood","NeowsBlessing","MealTicket","Self Forming Clay"],"acts_visited":["Exordium"],"potions_floor_usage":[10],"damage_taken":[{"damage":0,"enemies":"2 Louse","floor":1,"turns":1},{"damage":0,"enemies":"Cultist","floor":3,"turns":1},{"damage":0,"enemies":"Small Slimes","floor":4,"turns":1},{"damage":12,"enemies":"2 Fungi Beasts","floor":5,"turns":3},{"damage":56,"enemies":"Lagavulin","floor":6,"turns":7},{"damage":23,"enemies":"Large Slime","floor":8,"turns":6},{"damage":29,"enemies":"Gremlin Gang","floor":10,"turns":5},{"damage":42,"enemies":"Gremlin Nob","floor":11,"turns":4}],"seed_played":"-4883954545114184335","potions_obtained":[{"floor":4,"key":"Ancient Potion"},{"floor":8,"key":"BloodPotion"}],"is_trial":false,"path_per_floor":["M","?","M","M","M","E","R","M","T","M","E"],"character_chosen":"IRONCLAD","items_purchased":[],"campfire_rested":1,"item_purchase_floors":[],"current_hp_per_floor":[78,78,80,80,74,24,48,31,31,24,0,0],"gold":218,"neow_bonus":"THREE_ENEMY_KILL","is_daily":false,"chose_seed":false,"campfire_upgraded":0,"win_rate":0.0,"timestamp":1607648334,"path_taken":["M","?","M","M","M","E","R","M","T","?","E"],"items_purchased_type":[],"build_version":"2020-11-30","purchased_purges":0,"victory":false,"max_hp_per_floor":[80,80,80,80,80,80,80,80,80,80,80,80],"relic_stats":{"counters":[8,28],"Self Forming Clay":[15],"MealTicket":0,"obtain_stats":[{"NeowsBlessing":0,"Self Forming Clay":9,"MealTicket":6,"Burning Blood":0},{"NeowsBlessing":0,"Self Forming Clay":6,"MealTicket":5,"Burning Blood":0},{"NeowsBlessing":0,"Self Forming Clay":19,"MealTicket":13,"Burning Blood":0}],"Burning Blood":32},"card_choices":[{"not_picked":["Dual Wield","Battle Trance"],"picked":"Body Slam","floor":1},{"not_picked":["Flex","Ghostly Armor"],"picked":"Cleave","floor":3},{"not_picked":["Warcry","Body Slam"],"picked":"Burning Pact","floor":4},{"not_picked":["Anger","Clothesline","Hemokinesis"],"picked":"SKIP","floor":5},{"not_picked":["Bloodletting","Dark Embrace"],"picked":"Pommel Strike","floor":6},{"not_picked":["Shrug It Off","Headbutt","Anger"],"picked":"SKIP","floor":8},{"not_picked":["Cleave","Double Tap","Anger"],"picked":"SKIP","floor":10}],"player_experience":252602,"relics_obtained":[{"floor":6,"key":"MealTicket"},{"floor":9,"key":"Self Forming Clay"}],"event_choices":[{"damage_healed":0,"gold_gain":0,"player_choice":"2 cards matched","damage_taken":0,"max_hp_gain":0,"max_hp_loss":0,"event_name":"Match and Keep!","floor":2,"gold_loss":0,"cards_obtained":["Hemokinesis","Double Tap"]},{"damage_healed":0,"gold_gain":0,"player_choice":"2 cards matched","damage_taken":0,"max_hp_gain":0,"max_hp_loss":0,"event_name":"Match and Keep!","floor":2,"gold_loss":0,"cards_obtained":["Hemokinesis","Double Tap"]}],"is_beta":false,"boss_relics":[],"items_purged_floors":[],"is_endless":false,"potions_floor_spawned":[4,8],"killed_by":"Gremlin Nob","ascension_level":6}}