{"host":"3a1ypf1irl30q4k8","time":1607719808,"event":{"mods":["AchievementEnabler","BaseMod","Bestiary","Colored Map","Minty Spire (QoL Compilation)","Relic Stats"],"gold_per_floor":[367,64,64,78,96,426,426,501,501,514,96,115,150,334,334,440,440,459,459,211,240,62,62,93,113,166,186,195,214,259,310,310,310,310],"floor_reached":33,"playtime":1391,"items_purged":["Strike_B","Strike_B","Strike_B","Strike_B"],"score":435,"play_id":"0bca587c-23d7-466d-afb8-c523c1192e1b","local_time":"20201211205008","is_ascension_mode":true,"campfire_choices":[{"floor":7,"key":"REST"},{"floor":15,"key":"REST"},{"floor":23,"key":"REST"},{"floor":28,"key":"REST"},{"data":"Auto Shields","floor":32,"key":"SMITH"}],"circlet_count":0,"master_deck":["Defend_B","Defend_B","Defend_B","Defend_B","Zap","Dualcast","Cold Snap","Conserve Battery","Storm","Rip and Tear","Sweeping Beam+1","Compile Driver","Core Surge","Loop","Chaos","Storm+1","Sunder+1","Recycle","Chaos","Steam","Auto Shields+1","Doubt","Core Surge","Heatsinks+1","Coolheaded+1","Defragment+1","Chill","Heatsinks+1","Storm+1","Ghostly","Ghostly","Ghostly","Ghostly","Ghostly"],"relics":["Cracked Core","Membership Card","Old Coin","Thread and Needle","Kunai","Frozen Egg 2","CeramicFish","Nuclear Battery","ClockworkSouvenir","Regal Pillow","OrangePellets","Matryoshka","Mercury Hourglass","Dream Catcher","Bag of Preparation","Whetstone"],"acts_visited":["Exordium","TheCity"],"potions_floor_usage":[6,12,24,24,24,33],"damage_taken":[{"damage":7,"enemies":"Jaw Worm","floor":1,"turns":3},{"damage":6,"enemies":"2 Louse","floor":4,"turns":2},{"damage":0,"enemies":"Small Slimes","floor":5,"turns":3},{"damage":27,"enemies":"Gremlin Nob","floor":6,"turns":4},{"damage":5,"enemies":"Exordium Thugs","floor":10,"turns":4},{"damage":2,"enemies":"Looter","floor":12,"turns":3},{"damage":33,"enemies":"Lagavulin","floor":13,"turns":6},{"damage":14,"enemies":"Hexaghost","floor":16,"turns":11},{"damage":2,"enemies":"Chosen","floor":18,"turns":4},{"damage":4,"enemies":"Spheric Guardian","floor":21,"turns":4},{"damage":47,"enemies":"Gremlin Leader","floor":24,"turns":6},{"damage":1,"enemies":"Snecko","floor":25,"turns":5},{"damage":0,"enemies":"Snake Plant","floor":27,"turns":4},{"damage":18,"enemies":"Centurion and Healer","floor":29,"turns":4},{"damage":48,"enemies":"Automaton","floor":33,"turns":8}],"seed_played":"-3575629331246452144","potions_obtained":[{"floor":4,"key":"PowerPotion"},{"floor":5,"key":"EssenceOfDarkness"},{"floor":16,"key":"Fire Potion"},{"floor":21,"key":"LiquidBronze"},{"floor":27,"key":"GamblersBrew"},{"floor":29,"key":"AttackPotion"}],"is_trial":false,"path_per_floor":["M","$","?","M","M","E","R","?","T","M","$","M","E","?","R","B",null,"M","?","$","M","$","R","E","M","T","M","R","M","?","T","R","B"],"character_chosen":"DEFECT","items_purchased":["Membership Card","Conserve Battery","Storm","Rip and Tear","Sweeping Beam","Kunai","Frozen Egg 2","Storm+1","Sunder","Recycle","Chaos","ClockworkSouvenir","Regal Pillow","Heatsinks+1","AttackPotion","OrangePellets","Defragment+1"],"campfire_rested":4,"item_purchase_floors":[2,2,2,2,2,11,11,11,11,11,11,20,20,20,20,22,22],"current_hp_per_floor":[61,61,66,60,60,33,54,43,43,38,38,36,3,3,24,10,57,55,42,42,38,38,76,29,28,28,28,66,48,39,39,39,0,0],"gold":310,"neow_bonus":"TWO_FIFTY_GOLD","is_daily":false,"chose_seed":false,"campfire_upgraded":1,"win_rate":0.0,"timestamp":1607719808,"path_taken":["M","$","?","M","M","E","R","?","T","M","$","M","E","?","R","BOSS","M","?","$","M","?","R","E","M","T","M","R","M","?","?","R","BOSS"],"items_purchased_type":["Relic","Card","Card","Card","Card","Relic","Relic","Card","Card","Card","Card","Relic","Relic","Card","Potion","Relic","Card"],"build_version":"2020-11-30","purchased_purges":4,"victory":false,"max_hp_per_floor":[68,68,73,73,73,73,73,73,73,73,73,73,73,73,73,73,73,73,78,78,78,78,78,78,78,78,78,78,78,39,39,39,39,39],"relic_stats":{"OrangePellets":[1],"Regal Pillow":30,"Dream Catcher":1,"counters":[15,71],"CeramicFish":126,"Bag of Preparation":[2],"Kunai":[4],"Whetstone":["Sweeping Beam","Sunder"],"obtain_stats":[{"Regal Pillow":20,"CeramicFish":13,"Thread and Needle":9,"Bag of Preparation":31,"Whetstone":31,"Frozen Egg 2":11,"Old Coin":6,"Nuclear Battery":17,"ClockworkSouvenir":20,"Mercury Hourglass":26,"OrangePellets":22,"Dream Catcher":26,"Matryoshka":24,"Membership Card":2,"Kunai":11,"Cracked Core":0},{"Regal Pillow":9,"CeramicFish":7,"Thread and Needle":4,"Bag of Preparation":14,"Whetstone":14,"Frozen Egg 2":5,"Old Coin":4,"Nuclear Battery":8,"ClockworkSouvenir":9,"Mercury Hourglass":12,"OrangePellets":10,"Dream Catcher":12,"Matryoshka":11,"Membership Card":1,"Kunai":5,"Cracked Core":0},{"Regal Pillow":40,"CeramicFish":25,"Thread and Needle":12,"Bag of Preparation":63,"Whetstone":63,"Frozen Egg 2":16,"Old Coin":12,"Nuclear Battery":36,"ClockworkSouvenir":40,"Mercury Hourglass":55,"OrangePellets":44,"Dream Catcher":55,"Matryoshka":50,"Membership Card":3,"Kunai":16,"Cracked Core":0}],"Mercury Hourglass":[63]},"card_choices":[{"not_picked":["Rebound","Sweeping Beam"],"picked":"Cold Snap","floor":1},{"not_picked":["Leap","Steam"],"picked":"Compile Driver","floor":4},{"not_picked":["Sweeping Beam","Rip and Tear"],"picked":"Core Surge","floor":5},{"not_picked":["Streamline","Hello World"],"picked":"Loop","floor":6},{"not_picked":["Redo","Sweeping Beam"],"picked":"Chaos","floor":10},{"not_picked":["Skim","Stack"],"picked":"Steam","floor":12},{"not_picked":["Coolheaded","Amplify"],"picked":"Auto Shields","floor":13},{"not_picked":["Thunder Strike","Reboot"],"picked":"Core Surge","floor":16},{"not_picked":["Redo","Hologram","Beam Cell"],"picked":"SKIP","floor":18},{"not_picked":["Cold Snap","Darkness"],"picked":"Coolheaded+1","floor":21},{"not_picked":["Coolheaded","Conserve Battery","Turbo"],"picked":"SKIP","floor":24},{"not_picked":["Sweeping Beam+1","Streamline"],"picked":"Chill","floor":25},{"not_picked":["Hologram","Barrage"],"picked":"Heatsinks+1","floor":27},{"not_picked":["Blizzard","Sweeping Beam"],"picked":"Storm+1","floor":28},{"not_picked":["White Noise","Rebound","Redo"],"picked":"SKIP","floor":29}],"player_experience":815976,"relics_obtained":[{"floor":6,"key":"Old Coin"},{"floor":9,"key":"Thread and Needle"},{"floor":13,"key":"CeramicFish"},{"floor":24,"key":"Matryoshka"},{"floor":26,"key":"Mercury Hourglass"},{"floor":26,"key":"Dream Catcher"},{"floor":31,"key":"Bag of Preparation"},{"floor":31,"key":"Whetstone"}],"event_choices":[{"damage_healed":0,"gold_gain":0,"player_choice":"Donut","damage_taken":0,"max_hp_gain":5,"max_hp_loss":0,"event_name":"Big Fish","floor":3,"gold_loss":0},{"damage_healed":0,"gold_gain":75,"player_choice":"Gather Gold","damage_taken":11,"max_hp_gain":0,"max_hp_loss":0,"event_name":"World of Goop","floor":8,"gold_loss":0},{"damage_healed":0,"gold_gain":175,"player_choice":"AGREE","damage_taken":0,"max_hp_gain":0,"max_hp_loss":0,"event_name":"Liars Game","floor":14,"gold_loss":0,"cards_obtained":["Doubt"]},{"damage_healed":0,"gold_gain":0,"player_choice":"Shed Blood","damage_taken":18,"max_hp_gain":5,"max_hp_loss":0,"event_name":"Forgotten Altar","floor":19,"gold_loss":0},{"damage_healed":0,"gold_gain":0,"player_choice":"Became a Ghost","damage_taken":0,"max_hp_gain":0,"max_hp_loss":39,"event_name":"Ghosts","floor":30,"gold_loss":0,"cards_obtained":["Ghostly","Ghostly","Ghostly","Ghostly","Ghostly"]}],"is_beta":false,"boss_relics":[{"not_picked":["Cursed Key","Velvet Choker"],"picked":"Nuclear Battery"}],"items_purged_floors":[2,11,20,22],"is_endless":false,"potions_floor_spawned":[4,5,16,21,27,29],"killed_by":"Automaton","ascension_level":8}}