{"host":"be5hvki5gkosi5aw","time":1607668457,"event":{"mods":["AchievementEnabler","Act Like it!","Astrologer","BaseMod","Colored Map","Hallownest","Hermit","Hubris","Infinite Spire","Koishi","Minty Spire (QoL Compilation)","Replay The Spire","StSLib","The Administrix","The Alterego","The Vixen"],"gold_per_floor":[119,119,119,138,188,188,218,237,237,13,29,46,46,46,46,150,150,164,183,183,199,258,286,286,305,305,305,275,185,185,190,190,289,289,308,312,312,313,133,113,113],"floor_reached":40,"playtime":2914,"items_purged":["astrologer:Defend","Languid"],"score":458,"play_id":"bafed199-63e2-4f80-b5f4-16bccbb61124","local_time":"20201211013417","is_ascension_mode":false,"campfire_choices":[{"data":"astrologer:StarOfChange","floor":6,"key":"SMITH"},{"data":"astrologer:Novile","floor":15,"key":"SMITH"},{"data":"hubris:DuctTapeCard","floor":24,"key":"SMITH"},{"data":"hubris:InfiniteBlow+3","floor":27,"key":"SMITH"},{"data":"astrologer:WheelofFortune","floor":32,"key":"SMITH"}],"circlet_count":0,"master_deck":["astrologer:Strike","astrologer:Strike","astrologer:Strike","astrologer:Strike","astrologer:Defend","astrologer:Defend","astrologer:Defend","astrologer:NorthStar","astrologer:TheFool","astrologer:StarOfChange+1","astrologer:Nova","astrologer:Strength","astrologer:Fireball","astrologer:Novile+1","astrologer:Trine","hubris:InfiniteBlow+4","astrologer:Stardust+1","Doubt","astrologer:StarOfMisfortune","hubris:DuctTapeCard+2","astrologer:WheelofFortune+1","astrologer:MeteorShower+1","infinitespire:Pacifist","astrologer:TheSun","astrologer:CosmicExpanse+1","astrologer:TheEmpress+1"],"relics":["astrologer:SkyMirror","NeowsBlessing","hubris:Spice","hubris:AstralHammer","Hallownest:DreamNailRelic","Ring of Greed","Replay:Wax Seal","MealTicket","Ring of Searing","Durian","Membership Card","hubris:Towel","hubris:HollowSoul","Pen Nib","hubris:DuctTape","hubris:Zylophone","SacredBark","hubris:Icosahedron","Hallownest:StagBellStandRelic"],"acts_visited":["Exordium","Hallownest:Greenpath","Hallownest:CityofTears"],"potions_floor_usage":[19,28,31,31,31,31,38],"damage_taken":[{"damage":0,"enemies":"2_ Uuma","floor":1,"turns":1},{"damage":0,"enemies":"Hallownest:2_Baldur","floor":4,"turns":1},{"damage":0,"enemies":"Hallownest:eliteVengeflyKing","floor":7,"turns":1},{"damage":0,"enemies":"Hallownest:monsterHuskWarrior","floor":8,"turns":3},{"damage":0,"enemies":"Hallownest:1_Ooma_and_2_Uuma","floor":11,"turns":1},{"damage":3,"enemies":"Hallownest:Guard_and_Warrior","floor":12,"turns":4},{"damage":9,"enemies":"Hallownest:BossBrokenVessel","floor":16,"turns":7},{"damage":25,"enemies":"Hallownest:Guard_and_Sentry","floor":18,"turns":4},{"damage":14,"enemies":"Hallownest:2_Mistakes","floor":19,"turns":8},{"damage":2,"enemies":"Hallownest:Warrior_and_Youth","floor":21,"turns":4},{"damage":7,"enemies":"Hallownest:Glutton_and_Coward","floor":22,"turns":3},{"damage":18,"enemies":"Hallownest:eliteWatcherKnight","floor":23,"turns":9},{"damage":8,"enemies":"Hallownest:Master_and_Novice","floor":25,"turns":4},{"damage":0,"enemies":"Hallownest:Master_and_Novice","floor":28,"turns":3},{"damage":11,"enemies":"Hallownest:2_Husk_Sentries","floor":31,"turns":3},{"damage":8,"enemies":"Hallownest:BossGrimm","floor":33,"turns":8},{"damage":43,"enemies":"Hallownest:Shield_Heavy","floor":35,"turns":5},{"damage":34,"enemies":"Hallownest:2_Littles","floor":36,"turns":5},{"damage":6,"enemies":"Hallownest:2_Wing_and_1_Kings","floor":38,"turns":7},{"damage":16,"enemies":"Nightmare","floor":40,"turns":5}],"seed_played":"546017309147234026","potions_obtained":[{"floor":8,"key":"Toxic Potion"},{"floor":11,"key":"Dexterity Potion"},{"floor":12,"key":"Milkshake"},{"floor":16,"key":"Block Potion"},{"floor":21,"key":"PowerPotion"},{"floor":22,"key":"Flashbang"},{"floor":33,"key":"PowerPotion"}],"is_trial":false,"path_per_floor":["M","?","?","M","?","R","E","M","T","$","M","M","?","?","R","B",null,"M","M","AVR","M","M","E","R","M","T","R","?","?","?","M","R","B",null,"M","M","?","M","?","NM"],"character_chosen":"ASTROLOGER","items_purchased":["Membership Card","astrologer:Strength"],"campfire_rested":0,"item_purchase_floors":[10,10],"current_hp_per_floor":[70,24,24,24,24,24,29,29,29,44,44,41,41,41,41,32,83,58,44,44,42,35,17,17,9,9,9,9,9,9,41,41,33,83,40,6,6,41,41,0,0],"gold":113,"neow_bonus":"THREE_ENEMY_KILL","is_daily":false,"chose_seed":false,"campfire_upgraded":5,"win_rate":0.0,"timestamp":1607668457,"path_taken":["M","?","?","?","?","R","E","M","T","$","M","?","?","?","R","BOSS","M","M","AVR","M","?","E","R","M","T","R","?","?","?","M","R","BOSS","M","M","?","M","?","NM"],"items_purchased_type":["Relic","Card"],"build_version":"2020-11-30","purchased_purges":2,"victory":false,"max_hp_per_floor":[70,78,78,78,78,78,83,83,83,83,83,83,83,83,83,83,83,83,83,83,83,83,83,83,83,83,83,83,83,83,83,83,83,83,83,83,83,83,83,83,83],"card_choices":[{"not_picked":["astrologer:Eclipse","astrologer:TheTower"],"picked":"astrologer:SpaceDust","floor":1},{"not_picked":["astrologer:Opposition","astrologer:Stardust"],"picked":"astrologer:StarOfChange","floor":4},{"not_picked":["astrologer:MeteorShower","astrologer:HeatDeath"],"picked":"astrologer:Nova","floor":7},{"not_picked":["astrologer:Opposition","astrologer:Temperance","astrologer:Stardust"],"picked":"SKIP","floor":8},{"not_picked":["astrologer:ReadTheStars","astrologer:Eclipse"],"picked":"astrologer:Fireball","floor":11},{"not_picked":["astrologer:StarOfMisfortune","astrologer:FrozenStar"],"picked":"astrologer:SpaceDust","floor":12},{"not_picked":["astrologer:Alignment","astrologer:TheMagician"],"picked":"astrologer:Trine","floor":16},{"not_picked":["astrologer:Novile","astrologer:Opposition","astrologer:Moonlight"],"picked":"SKIP","floor":18},{"not_picked":["astrologer:Eclipse","astrologer:Shine+1","astrologer:ReadTheStars"],"picked":"SKIP","floor":19},{"not_picked":["astrologer:MeteorShower","astrologer:Opposition+1"],"picked":"astrologer:Stardust+1","floor":21},{"not_picked":["astrologer:Strength","astrologer:Divination","astrologer:SpaceDust"],"picked":"SKIP","floor":22},{"not_picked":["astrologer:HeatDeath","astrologer:FrozenStar"],"picked":"astrologer:StarOfMisfortune","floor":23},{"not_picked":["astrologer:SolarFlare","astrologer:CometStrike+1"],"picked":"astrologer:WheelofFortune","floor":25},{"not_picked":["astrologer:Moonlight","astrologer:Observe+1"],"picked":"astrologer:MeteorShower+1","floor":31},{"not_picked":["astrologer:Nova","astrologer:Trine"],"picked":"astrologer:TheSun","floor":33},{"not_picked":["astrologer:ShootingStar+1","astrologer:LonelyStar+1"],"picked":"astrologer:CosmicExpanse+1","floor":35},{"not_picked":["astrologer:Eclipse+1","astrologer:TheTower+1","astrologer:Strength"],"picked":"SKIP","floor":36},{"not_picked":["astrologer:Justice+1","astrologer:WheelofFortune"],"picked":"astrologer:TheEmpress+1","floor":38}],"player_experience":126846,"relics_obtained":[{"floor":5,"key":"Ring of Greed"},{"floor":5,"key":"Replay:Wax Seal"},{"floor":5,"key":"MealTicket"},{"floor":5,"key":"Ring of Searing"},{"floor":7,"key":"Durian"},{"floor":23,"key":"hubris:DuctTape"},{"floor":26,"key":"hubris:Zylophone"}],"event_choices":[],"is_beta":false,"boss_relics":[{"not_picked":["Ectoplasm","hubris:Spice"],"picked":"hubris:HollowSoul"},{"not_picked":["ReplayTheSpireMod:DimensionalGlitch","Snecko Eye"],"picked":"SacredBark"}],"items_purged_floors":[10,20],"is_endless":false,"potions_floor_spawned":[8,11,12,16,21,22,28,33],"killed_by":"Nightmare","ascension_level":0}}