{"host":"dntw6kil9p09eemm","time":1607686616,"event":{"mods":["BaseMod","Become a monster €›?Œ÷","Colored Powertips","Conspire","Hermit","Minty Spire (QoL Compilation)","Shop Mod","StSLib","The Alterego","The Runesmith"],"gold_per_floor":[116,126,126,175,195,195,270,270,294,312,333,351,366,391,391,516,516,540,640,665,244,262,262,262,285,285,60,85,85,85,108,108,233,233,258,258,272,237,303,303,328,347,399,415,515,515,515,515],"floor_reached":47,"playtime":3700,"items_purged":["alterego_mod:Defend"],"score":523,"play_id":"fa6cfbaf-63fd-47fc-a6f9-c304b6d81c04","local_time":"20201211203656","is_ascension_mode":false,"campfire_choices":[{"data":"alterego_mod:Impale","floor":6.0,"key":"SMITH"},{"floor":8.0,"key":"REST"},{"floor":15.0,"key":"REST"},{"floor":23.0,"key":"REST"},{"floor":29.0,"key":"REST"},{"floor":32.0,"key":"REST"},{"floor":40.0,"key":"REST"}],"circlet_count":0,"master_deck":["alterego_mod:Strike","alterego_mod:Strike","alterego_mod:Defend","alterego_mod:Defend","alterego_mod:Impale+1","alterego_mod:BigMeatyClaws","alterego_mod:BrynhildrsRune","alterego_mod:GoddessCore","alterego_mod:TrashNCrash","alterego_mod:Rip","alterego_mod:BreastValley","alterego_mod:BoobPocket","alterego_mod:Rip","alterego_mod:MaintainEyeContact","alterego_mod:Collar","alterego_mod:IdEs","alterego_mod:Bounce+1","alterego_mod:Valentines","alterego_mod:Weigh+1","alterego_mod:Undulate","alterego_mod:1TonWallop","alterego_mod:BiFurious+1","alterego_mod:GoddessCore","alterego_mod:BrynhildrRomantia","alterego_mod:Jiggle","alterego_mod:SakuraPetals","alterego_mod:SakuraFive","alterego_mod:Cooking","alterego_mod:Bounce","alterego_mod:RidiculouslyBig+1","alterego_mod:Collar"],"relics":["alterego_mod:MasochisticConstitution","Golden Idol","Nunchaku","Centennial Puzzle","conspire:RunicOctahedron","MerchantsRug","Strawberry","Nilry\u0027s Codex","conspire:GlowingRock","Orichalcum","Empty Cage","Ice Cream","Juzu Bracelet"],"acts_visited":["Exordium","TheCity","TheBeyond"],"potions_floor_usage":[47,47],"damage_taken":[{"damage":11.0,"enemies":"Jaw Worm","floor":1.0,"turns":7.0},{"damage":22.0,"enemies":"Cultist","floor":2.0,"turns":8.0},{"damage":6.0,"enemies":"2 Louse","floor":5.0,"turns":3.0},{"damage":10.0,"enemies":"Blue Slaver","floor":10.0,"turns":4.0},{"damage":28.0,"enemies":"Red Slaver","floor":11.0,"turns":4.0},{"damage":4.0,"enemies":"Looter","floor":12.0,"turns":4.0},{"damage":18.0,"enemies":"3 Louse","floor":13.0,"turns":5.0},{"damage":6.0,"enemies":"Exordium Thugs","floor":14.0,"turns":4.0},{"damage":31.0,"enemies":"Hexaghost","floor":16.0,"turns":11.0},{"damage":39.0,"enemies":"2 Thieves","floor":18.0,"turns":6.0},{"damage":7.0,"enemies":"3 Byrds","floor":20.0,"turns":6.0},{"damage":29.0,"enemies":"Centurion and Healer","floor":22.0,"turns":7.0},{"damage":7.0,"enemies":"Cultist and Chosen","floor":25.0,"turns":4.0},{"damage":22.0,"enemies":"Snake Plant","floor":28.0,"turns":4.0},{"damage":4.0,"enemies":"Snecko","floor":31.0,"turns":5.0},{"damage":46.0,"enemies":"Collector","floor":33.0,"turns":5.0},{"damage":21.0,"enemies":"3 Shapes","floor":35.0,"turns":3.0},{"damage":10.0,"enemies":"Orb Walker","floor":37.0,"turns":3.0},{"damage":28.0,"enemies":"2 Orb Walkers","floor":39.0,"turns":3.0},{"damage":45,"enemies":"3 Darklings","floor":41,"turns":9},{"damage":44,"enemies":"Transient","floor":42,"turns":5},{"damage":0,"enemies":"4 Shapes","floor":44,"turns":1},{"damage":15,"enemies":"Reptomancer","floor":47,"turns":1}],"seed_played":"5766712885978453208","potions_obtained":[{"floor":2.0,"key":"Energy Potion"},{"floor":10.0,"key":"Energy Potion"},{"floor":13.0,"key":"SteroidPotion"},{"floor":14.0,"key":"EssenceOfSteel"},{"floor":22.0,"key":"SkillPotion"},{"floor":28.0,"key":"LiquidMemories"},{"floor":31.0,"key":"SkillPotion"},{"floor":33.0,"key":"ColorlessPotion"},{"floor":37.0,"key":"FearPotion"},{"floor":41,"key":"DuplicationPotion"},{"floor":44,"key":"Regen Potion"}],"is_trial":false,"path_per_floor":["M","M","?","T","M","R","?","R","T","M","M","M","M","M","R","B",null,"M","?","M","$","M","R","?","M","T","$","M","R","?","M","R","B",null,"M","?","M","$","?","R","M","M","T","M","?","?","E"],"character_chosen":"The_Alterego","items_purchased":["MerchantsRug","alterego_mod:Weigh","Strawberry","Orichalcum","alterego_mod:SakuraFive"],"campfire_rested":6,"item_purchase_floors":[21,21,21,27,38],"current_hp_per_floor":[67,53,35,35,44,44,33,54,54,52,25,22,12,14,37,7,79,41,41,35,42,21,47,31,25,25,25,4,31,31,35,62,17,93,73,73,71,71,54,83,45,7,7,7,7,7,0,0],"gold":515,"neow_bonus":"REMOVE_CARD","is_daily":false,"chose_seed":false,"campfire_upgraded":1,"win_rate":0.0,"timestamp":1607686616,"path_taken":["M","M","?","?","?","R","?","R","T","M","M","M","M","M","R","BOSS","M","?","?","$","M","R","?","M","T","$","M","R","?","M","R","BOSS","M","?","M","$","?","R","M","M","T","M","?","?","E"],"items_purchased_type":["Relic","Card","Relic","Relic","Card"],"build_version":"2020-11-30","purchased_purges":1,"victory":false,"max_hp_per_floor":[71,72,72,72,73,73,73,73,73,74,75,76,77,78,78,79,79,80,80,81,88,89,89,89,90,90,90,91,91,91,92,92,93,93,94,94,95,95,99,99,100,101,101,101,101,101,101,101],"card_choices":[{"not_picked":["alterego_mod:DiscoLights","alterego_mod:Punishment"],"picked":"alterego_mod:GoddessCore","floor":1.0},{"not_picked":["alterego_mod:Complex","alterego_mod:Jiggle"],"picked":"alterego_mod:TrashNCrash","floor":2.0},{"not_picked":["alterego_mod:MagicResistance","alterego_mod:Cooking"],"picked":"alterego_mod:Rip","floor":5.0},{"not_picked":["alterego_mod:RidiculouslyBig","alterego_mod:Support"],"picked":"alterego_mod:BreastValley","floor":10.0},{"not_picked":["alterego_mod:BeGentle","alterego_mod:SakuraLabyrinth"],"picked":"alterego_mod:BoobPocket","floor":11.0},{"not_picked":["alterego_mod:GIGAMILK","alterego_mod:BusterCard"],"picked":"alterego_mod:Rip","floor":12.0},{"not_picked":["alterego_mod:DeftHands","alterego_mod:SakuraLabyrinth"],"picked":"alterego_mod:MaintainEyeContact","floor":13.0},{"not_picked":["alterego_mod:Punishment","alterego_mod:DiscoLights"],"picked":"alterego_mod:Collar","floor":14.0},{"not_picked":["alterego_mod:TrickOrTreatment","alterego_mod:Vow"],"picked":"alterego_mod:IdEs","floor":16.0},{"not_picked":["alterego_mod:MaintainEyeContact","alterego_mod:Jiggle"],"picked":"alterego_mod:Bounce+1","floor":18.0},{"not_picked":["alterego_mod:Complex+1","alterego_mod:PurpleHair"],"picked":"alterego_mod:Valentines","floor":20.0},{"not_picked":["alterego_mod:Clones","alterego_mod:TrashNCrash+1"],"picked":"alterego_mod:Undulate","floor":22.0},{"not_picked":["alterego_mod:GoddessCore","alterego_mod:Belle"],"picked":"alterego_mod:1TonWallop","floor":25.0},{"not_picked":["alterego_mod:Belts+1","alterego_mod:PurpleHair"],"picked":"alterego_mod:BiFurious+1","floor":28.0},{"not_picked":["alterego_mod:Complex","alterego_mod:PurpleHair"],"picked":"alterego_mod:GoddessCore","floor":31.0},{"not_picked":["alterego_mod:SideboobHour","alterego_mod:TrickOrTreatment"],"picked":"alterego_mod:BrynhildrRomantia","floor":33.0},{"not_picked":["alterego_mod:Mirror+1","alterego_mod:PerceptionDisorder"],"picked":"alterego_mod:Jiggle","floor":35.0},{"not_picked":["alterego_mod:MagicResistance+1","alterego_mod:HighServant"],"picked":"alterego_mod:SakuraPetals","floor":37.0},{"not_picked":["alterego_mod:Birthday","alterego_mod:Crossover+1"],"picked":"alterego_mod:Cooking","floor":39.0},{"not_picked":["alterego_mod:MagicResistance","alterego_mod:Undulate"],"picked":"alterego_mod:Bounce","floor":41},{"not_picked":["alterego_mod:Maid+1","alterego_mod:PresenceConcealment"],"picked":"alterego_mod:RidiculouslyBig+1","floor":42},{"not_picked":["alterego_mod:Belle+1","alterego_mod:PerceptionDisorder+1"],"picked":"alterego_mod:Collar","floor":44}],"player_experience":155114,"relics_obtained":[{"floor":4.0,"key":"Nunchaku"},{"floor":9.0,"key":"Centennial Puzzle"},{"floor":24.0,"key":"Nilry\u0027s Codex"},{"floor":26.0,"key":"conspire:GlowingRock"},{"floor":39.0,"key":"Ice Cream"},{"floor":43,"key":"Juzu Bracelet"}],"event_choices":[{"damage_healed":0.0,"max_hp_gain":0.0,"max_hp_loss":0.0,"gold_gain":0.0,"event_name":"Golden Idol","player_choice":"Take Damage","floor":3.0,"gold_loss":0.0,"damage_taken":18.0,"relics_obtained":["Golden Idol"]},{"damage_healed":0.0,"max_hp_gain":0.0,"max_hp_loss":0.0,"gold_gain":75.0,"event_name":"World of Goop","player_choice":"Gather Gold","floor":7.0,"gold_loss":0.0,"damage_taken":11.0},{"damage_healed":0.0,"max_hp_gain":0.0,"max_hp_loss":0.0,"gold_gain":100.0,"event_name":"Golden Shrine","player_choice":"Pray","floor":19.0,"gold_loss":0.0,"damage_taken":0.0},{"damage_healed":0.0,"max_hp_gain":0.0,"max_hp_loss":0.0,"gold_gain":0.0,"event_name":"Cursed Tome","player_choice":"Obtained Book","floor":24.0,"gold_loss":0.0,"damage_taken":16.0},{"damage_healed":0.0,"max_hp_gain":0.0,"max_hp_loss":0.0,"gold_gain":0.0,"event_name":"Upgrade Shrine","player_choice":"Upgraded","floor":30.0,"gold_loss":0.0,"damage_taken":0.0,"cards_upgraded":["alterego_mod:Weigh"]},{"damage_healed":0.0,"max_hp_gain":0.0,"max_hp_loss":0.0,"gold_gain":0.0,"event_name":"Tomb of Lord Red Mask","player_choice":"Ignored","floor":36.0,"gold_loss":0.0,"damage_taken":0.0},{"damage_healed":0.0,"max_hp_gain":0.0,"max_hp_loss":0.0,"gold_gain":0.0,"event_name":"Mysterious Sphere","player_choice":"Fight","floor":39.0,"gold_loss":0.0,"damage_taken":0.0},{"damage_healed":0,"gold_gain":100,"player_choice":"Pray","damage_taken":0,"max_hp_gain":0,"max_hp_loss":0,"event_name":"Golden Shrine","floor":45,"gold_loss":0},{"damage_healed":0,"gold_gain":0,"player_choice":"Ignored","damage_taken":0,"max_hp_gain":0,"max_hp_loss":0,"event_name":"SecretPortal","floor":46,"gold_loss":0}],"is_beta":false,"boss_relics":[{"not_picked":["SlaversCollar","conspire:SlowCooker"],"picked":"conspire:RunicOctahedron"},{"not_picked":["Velvet Choker","Cursed Key"],"picked":"Empty Cage"}],"items_purged_floors":[27],"is_endless":false,"potions_floor_spawned":[2,10,13,14,22,28,31,33,37,41,44],"killed_by":"Reptomancer","ascension_level":0}}