{"host":"agga6lej02o7kt08","time":1607711399,"event":{"mods":["Arknights The Spire","Aspiration","BaseMod","Better Third Choice","CapriCore","Colored Map","Colored Powertips","Hermit","Hubris","Infinite Spire","Koishi","Marisa£¨Ùöéë¡¡Øª×âÞÞ£©","Minty Spire (QoL Compilation)","Reimu£¨ÚÏ???£©","Replay The Spire","Spicy Shops","StSLib","The Immortal","¡¼?Úª?ø«¡½REMEMod"],"gold_per_floor":[111,129,148,148,148,183,196,224,224,224,243,68,94,94,94,196,196,213,213,213,224,248,280,280,309,359,359,359,234,246,291,291,388,388,406,424,424,424,444,477,488,488,514,514,531,564,582,582,582,582,582,582,248,279,279,279],"floor_reached":55,"playtime":2553,"items_purged":["ats:Defend Up","ats:Powerful Strike","ats:Powerful Strike","ats:Defend Up","ats:Defend Up","ats:Soul Absorption"],"score":1446,"play_id":"ac9f17d2-aad6-437f-bfb2-1941f5825d84","local_time":"20201212032959","is_ascension_mode":true,"campfire_choices":[{"data":"ats:Emotion Absorption","floor":10.0,"key":"SMITH"},{"data":"ats:Emotion Absorption","floor":15.0,"key":"SMITH"},{"data":"ats:Fate","floor":24.0,"key":"SMITH"},{"floor":28.0,"key":"REST"},{"data":"ats:Thorns","floor":42,"key":"SMITH"},{"floor":49,"key":"RECALL"}],"circlet_count":0,"master_deck":["AscendersBane","ats:Armor Crushing Shot+1","ats:Defend Up","ats:Emotion Absorption+1","ats:Emotion Absorption+1","hermit:Deadeye+1","ats:Fate+1","ats:Attack Strengthen+1","ats:Very Hot Blade+1","ats:Wolf Pack","ats:Thorns+1","ats:Thorns+1","ats:Automatic Cover+1","ats:Soul Absorption"],"relics":["ats:Sanity","REME_ComplimentaryCards","hubris:Icosahedron","infinitespire:EmpoweringShard","Happy Flower","Nunchaku","Blue Doll","Juzu Bracelet","ReplayTheSpireMod:Ninjato","Sling","aspiration:RitualStick","ats:MaxSp4","Vajra","Darkstone Periapt","Whetstone","Sozu","Chemical X","aspiration:TomeofQuesting","ats:Originium","hubris:BottledRain","TheAbacus","ats:Originium","Replay:Baseball","Boot"],"acts_visited":["Exordium","TheCity","TheBeyond","TheEnding"],"potions_floor_usage":[],"damage_taken":[{"damage":6.0,"enemies":"Cultist","floor":1.0,"turns":3.0},{"damage":0.0,"enemies":"Small Slimes","floor":2.0,"turns":4.0},{"damage":2.0,"enemies":"Jaw Worm","floor":3.0,"turns":3.0},{"damage":0.0,"enemies":"3 Sentries","floor":6.0,"turns":10.0},{"damage":0.0,"enemies":"Red Slaver","floor":7.0,"turns":3.0},{"damage":0.0,"enemies":"Lagavulin","floor":8.0,"turns":7.0},{"damage":0.0,"enemies":"Gremlin Gang","floor":11.0,"turns":6.0},{"damage":0.0,"enemies":"3 Sentries","floor":13.0,"turns":8.0},{"damage":26.0,"enemies":"Fading Forest","floor":16.0,"turns":11.0},{"damage":0.0,"enemies":"Chosen","floor":18.0,"turns":4.0},{"damage":19.0,"enemies":"2 Thieves","floor":21.0,"turns":3.0},{"damage":23.0,"enemies":"REME_1_Revenger","floor":23.0,"turns":5.0},{"damage":14.0,"enemies":"Replay:Snechameleon","floor":25.0,"turns":5.0},{"damage":0.0,"enemies":"Sentry and Sphere","floor":30.0,"turns":3.0},{"damage":4.0,"enemies":"Champ","floor":33.0,"turns":2.0},{"damage":0.0,"enemies":"Orb Walker","floor":35.0,"turns":2.0},{"damage":7.0,"enemies":"3 Shapes","floor":36.0,"turns":3.0},{"damage":0.0,"enemies":"Spire Growth","floor":39.0,"turns":2.0},{"damage":0.0,"enemies":"R_Hoarder","floor":40.0,"turns":3.0},{"damage":0,"enemies":"Maw","floor":41,"turns":3},{"damage":16,"enemies":"Writhing Mass","floor":45,"turns":3},{"damage":21,"enemies":"Nemesis","floor":46,"turns":4},{"damage":0,"enemies":"Jaw Worm Horde","floor":47,"turns":1},{"damage":0,"enemies":"hubris:GrandSnecko","floor":50,"turns":1},{"damage":9,"enemies":"Shield and Spear","floor":54,"turns":3},{"damage":47,"enemies":"The Heart","floor":55,"turns":3}],"seed_played":"-8869751950073778447","potions_obtained":[{"floor":2.0,"key":"DistilledChaos"},{"floor":3.0,"key":"Languid Potion"},{"floor":8.0,"key":"Explosive Potion"},{"floor":16.0,"key":"Regen Potion"},{"floor":21.0,"key":"DuplicationPotion"},{"floor":25.0,"key":"Adrenaline Potion"}],"is_trial":false,"path_per_floor":["M","M","M","?","?","E","M","E","T","R","M","$","E","$","R","B",null,"M","?","?","M","T","E","R","E","T","?","R","$","M","T","R_BF","B",null,"M","M","?","AVR","M","E","M","R","T","R","M","E","M","$","R","B",null,"R","$","E","B"],"character_chosen":"DOCTOR_CLASS","items_purchased":["Juzu Bracelet","ReplayTheSpireMod:Ninjato","Sling","TheAbacus","Replay:Baseball","ats:Soul Absorption"],"campfire_rested":1,"item_purchase_floors":[14,14,14,48,53,53],"current_hp_per_floor":[59,59,57,57,57,57,57,57,57,57,57,57,57,21,21,3,55,55,62,48,38,38,15,15,1,1,1,22,22,22,22,43,39,64,64,57,57,57,57,57,57,57,57,57,41,20,20,5,5,5,55,55,55,46,0,0],"gold":279,"neow_bonus":"ONE_RANDOM_RARE_CARD","is_daily":false,"chose_seed":false,"campfire_upgraded":4,"win_rate":0.0,"timestamp":1607711399,"path_taken":["M","?","M","?","?","E","?","E","T","R","M","$","E","?","R","BOSS","M","?","?","M","?","E","R","E","T","?","R","$","M","?","R_BF","BOSS","M","M","?","AVR","M","E","M","R","T","R","M","E","M","?","R","BOSS","R","$","E","BOSS"],"items_purchased_type":["Relic","Relic","Relic","Relic","Relic","Card"],"build_version":"2020-11-30","purchased_purges":6,"victory":false,"max_hp_per_floor":[72,72,72,72,72,72,72,72,72,72,72,72,72,72,72,72,72,72,72,72,72,72,72,72,72,72,72,72,72,72,72,72,72,72,72,72,72,72,72,72,72,72,72,72,72,72,72,72,72,72,72,72,72,72,72,72],"card_choices":[{"not_picked":["ats:Very Hot Blade","ats:Neurotoxin","ats:Shell Defense"],"picked":"SKIP","floor":1.0},{"not_picked":["ats:Very Hot Blade","ats:Neurotoxin","ats:Shell Defense"],"picked":"SKIP","floor":1.0},{"not_picked":["ats:Very Hot Blade","ats:Neurotoxin","ats:Shell Defense"],"picked":"SKIP","floor":1.0},{"not_picked":["ats:Very Hot Blade","ats:Shell Defense","ats:Encircling Forest"],"picked":"SKIP","floor":2.0},{"not_picked":["ats:Assault Order","ats:Thorns","ats:Poison Spread"],"picked":"SKIP","floor":3.0},{"not_picked":["ats:Curse Doll","ats:Poison Spread","ats:Counter Healing Mode"],"picked":"SKIP","floor":6.0},{"not_picked":["ats:Roar Of Ursus","ats:Assault Order","ats:Very Hot Blade"],"picked":"SKIP","floor":7.0},{"not_picked":["ats:Revitalization","ats:Just Like an Apocalypse","ats:Attack Strengthen"],"picked":"SKIP","floor":8.0},{"not_picked":["ats:Revitalization","ats:Poison Spread","ats:Shell Defense"],"picked":"SKIP","floor":11.0},{"not_picked":["ats:Consecutive Shot: Auto","ats:Ignite","ats:Volcano"],"picked":"SKIP","floor":13.0},{"not_picked":["ats:Wolf Pack","ats:Beaten Up"],"picked":"ats:Fate","floor":16.0},{"not_picked":["ats:Explosion Area Strengthen","ats:Assault Order+1","ats:Charging Defense"],"picked":"SKIP","floor":18.0},{"not_picked":["ats:Cat Scratch","ats:Automatic Cover"],"picked":"ats:Attack Strengthen+1","floor":21.0},{"not_picked":["ats:Automatic Cover","ats:Cat Scratch+1"],"picked":"ats:Very Hot Blade","floor":23.0},{"not_picked":["ats:Chain Hook","ats:Soul Rend","ats:Automatic Cover"],"picked":"SKIP","floor":25.0},{"not_picked":["ats:Chain Hook","ats:Mental Burst","ats:Soul Rend"],"picked":"SKIP","floor":30.0},{"not_picked":["ats:Soul Rend","ats:Fractured Body"],"picked":"ats:Wolf Pack","floor":33.0},{"not_picked":["ats:Charging Defense+1","ats:Support Order+1"],"picked":"ats:Thorns","floor":35.0},{"not_picked":["ats:Defend Order+1","ats:Curse Doll+1","ats:Assault Order+1"],"picked":"SKIP","floor":36.0},{"not_picked":["ats:Defend Order+1","ats:Curse Doll+1","ats:Assault Order+1"],"picked":"SKIP","floor":36.0},{"not_picked":["ats:Cat Scratch+1","ats:Support Order","ats:Shell Defense+1"],"picked":"SKIP","floor":39.0},{"not_picked":["ats:Chain Hook","ats:Flexible Camouflage+1","ats:Consecutive Shot: Auto+1"],"picked":"SKIP","floor":40},{"not_picked":["ats:Revitalization+1","ats:Poison Spread+1"],"picked":"ats:Thorns+1","floor":41},{"not_picked":["ats:Just Like an Apocalypse","ats:Shadow Raid+1","ats:Assault Order+1"],"picked":"SKIP","floor":45},{"not_picked":["ats:Explosion Area Strengthen","ats:Flexible Camouflage+1"],"picked":"ats:Automatic Cover+1","floor":46},{"not_picked":["ats:Consecutive Shot: Auto","ats:Counter Healing Mode","ats:Nebulous Foxfire"],"picked":"SKIP","floor":47},{"not_picked":["ats:Just Like an Apocalypse","ats:Spore Proliferation","ats:Soul Rend"],"picked":"SKIP","floor":54}],"player_experience":1396835,"relics_obtained":[{"floor":6.0,"key":"Happy Flower"},{"floor":8.0,"key":"Nunchaku"},{"floor":9.0,"key":"Blue Doll"},{"floor":22.0,"key":"ats:MaxSp4"},{"floor":23.0,"key":"Vajra"},{"floor":25.0,"key":"Darkstone Periapt"},{"floor":31.0,"key":"Whetstone"},{"floor":43,"key":"aspiration:TomeofQuesting"},{"floor":44,"key":"ats:Originium"},{"floor":46,"key":"hubris:BottledRain"},{"floor":52,"key":"ats:Originium"},{"floor":54,"key":"Boot"}],"event_choices":[{"damage_healed":0.0,"max_hp_gain":0.0,"max_hp_loss":0.0,"gold_gain":0.0,"event_name":"WeMeetAgain","player_choice":"Gave Potion","floor":5.0,"gold_loss":0.0,"damage_taken":0.0,"relics_obtained":["infinitespire:EmpoweringShard"]},{"cards_removed":["ats:Powerful Strike"],"damage_healed":0.0,"max_hp_gain":0.0,"max_hp_loss":0.0,"gold_gain":0.0,"event_name":"betterThird:BetterWriting","player_choice":"Elegance","floor":27.0,"gold_loss":0.0,"damage_taken":0.0},{"damage_healed":0.0,"max_hp_gain":0.0,"max_hp_loss":0.0,"gold_gain":0.0,"event_name":"Lab","player_choice":"Got Potions","floor":37.0,"gold_loss":0.0,"damage_taken":0.0}],"is_beta":false,"boss_relics":[{"not_picked":["aspiration:DefectSkillbook","Replay:Drink Me","Ectoplasm"]},{"not_picked":["RedLine:ReiMu","hubris:Backtick"],"picked":"Sozu"}],"items_purged_floors":[12,12,29,38,48,53],"is_endless":false,"potions_floor_spawned":[2,3,8,16,21,25,40,41,54],"killed_by":"The Heart","ascension_level":11}}