{"host":"lw874zp3en0pz6a7","time":1607661171,"event":{"mods":["Act Like it!","BaseMod","Downfall","Key Reminder","KinomotoSakuraMod(木之本樱)","LagranYue(拉格朗・月)","Luminous","Marisa（F雨　魔理沙）","Minty Spire (QoL Compilation)","Quick Restart","READ ME - Guardian Mod","Reimu（博丽灵梦）","Remilia（蕾米莉亚）","Replay The Spire","SIMod","SOS（斯巴达之子）","Shop Mod","StSLib","Td1madao Mod","The Administrix","The Bladedancer","The Bug Knight","The Construct","The Cursed","The Gatherer","The Runesmith","The Servant 0.9.4","WarShipGirlsR/战舰少女R mod","Youmu（魂魄妖梦）","[地精首领爬塔]The Maniac","vexMod"],"gold_per_floor":[110,124,141,141,156,156,173,231,231,181,215,215,235,235,235],"floor_reached":14,"playtime":956,"items_purged":[],"score":92,"play_id":"5a596c6b-db92-46ca-8194-930cc0083b89","local_time":"20201211123251","is_ascension_mode":false,"campfire_choices":[{"data":"rmod:diaomin","floor":6,"key":"SMITH"},{"data":"rmod:diamondstrike","floor":12,"key":"SMITH"}],"circlet_count":0,"master_deck":["rmod:strick","rmod:strick","rmod:strick","rmod:strick","rmod:defend+1","rmod:defend","rmod:defend","rmod:defend","rmod:basicallowance","rmod:diaomin+1","rmod:slowdown+1","rmod:steelsupply","rmod:diamondstrike+1","rmod:goodsister","rmod:ammunitionsupply"],"relics":["rmod:firstchargereward","LagranYue:RandomDrawCardRelic","NeowsBlessing","War Paint","Mummified Hand","Golden Egg"],"acts_visited":["Exordium"],"potions_floor_usage":[5,8],"damage_taken":[{"damage":0,"enemies":"Small Slimes","floor":1,"turns":1},{"damage":0,"enemies":"Jaw Worm","floor":2,"turns":1},{"damage":0,"enemies":"Cultist","floor":3,"turns":1},{"damage":0,"enemies":"Gremlin Gang","floor":5,"turns":6},{"damage":10,"enemies":"3 Louse","floor":7,"turns":4},{"damage":17,"enemies":"Gremlin Nob","floor":8,"turns":4},{"damage":5,"enemies":"HollowMod:MossKnight","floor":11,"turns":11},{"damage":12,"enemies":"Blue Slaver","floor":13,"turns":4},{"damage":36,"enemies":"3 Sentries","floor":14,"turns":8}],"seed_played":"-8537730572181038745","potions_obtained":[{"floor":1,"key":"Dexterity Potion"},{"floor":2,"key":"DuplicationPotion"},{"floor":3,"key":"BlessingOfTheForge"},{"floor":8,"key":"Weak Potion"}],"is_trial":false,"path_per_floor":["M","M","M","?","M","R","M","?","T","?","E","R","M","E"],"character_chosen":"PRAEFECT","items_purchased":[],"campfire_rested":0,"item_purchase_floors":[],"current_hp_per_floor":[75,75,75,80,80,80,70,53,53,53,48,48,36,0,0],"gold":235,"neow_bonus":"THREE_ENEMY_KILL","is_daily":false,"chose_seed":false,"campfire_upgraded":2,"win_rate":0.0,"timestamp":1607661171,"path_taken":["M","M","M","?","M","R","M","?","T","?","E","R","?","E"],"items_purchased_type":[],"build_version":"2020-11-30","purchased_purges":0,"victory":false,"max_hp_per_floor":[75,75,75,80,80,80,80,80,80,80,80,80,80,80,80],"card_choices":[{"not_picked":["rmod:supportescort","rmod:unsinkable"],"picked":"rmod:diaomin","floor":1},{"not_picked":["rmod:capitalist","rmod:openingtorpedo"],"picked":"rmod:slowdown","floor":2},{"not_picked":["rmod:launchingtorpedo","rmod:garrisonisland"],"picked":"rmod:steelsupply","floor":3},{"not_picked":["rmod:goodfighter","rmod:aluminumsupply","rmod:punchline"],"picked":"SKIP","floor":5},{"not_picked":["rmod:fuelsupply","rmod:expedition"],"picked":"rmod:diamondstrike","floor":7},{"not_picked":["rmod:wife","rmod:selfconfidence"],"picked":"rmod:goodsister","floor":11},{"not_picked":["rmod:fletcherpendant","rmod:mineteam"],"picked":"rmod:ammunitionsupply","floor":13}],"player_experience":223683,"relics_obtained":[{"floor":8,"key":"War Paint"},{"floor":9,"key":"Mummified Hand"},{"floor":11,"key":"Golden Egg"}],"event_choices":[{"damage_healed":0,"gold_gain":0,"player_choice":"Donut","damage_taken":0,"max_hp_gain":5,"max_hp_loss":0,"event_name":"Big Fish","floor":4,"gold_loss":0},{"damage_healed":0,"gold_gain":0,"player_choice":"Searched \u00271\u0027 times","damage_taken":0,"max_hp_gain":0,"max_hp_loss":0,"event_name":"Dead Adventurer","floor":8,"gold_loss":0},{"cards_removed":["rmod:maingunfire"],"damage_healed":0,"gold_gain":0,"player_choice":"Card Removal","damage_taken":0,"max_hp_gain":0,"max_hp_loss":0,"event_name":"The Cleric","floor":10,"gold_loss":50}],"is_beta":false,"boss_relics":[],"items_purged_floors":[],"is_endless":false,"potions_floor_spawned":[1,2,3,8],"killed_by":"3 Sentries","ascension_level":0}}