{"host":"f7i0xv5umhttwhc1","time":1607692696,"event":{"mods":["BaseMod","Better Third Choice","Colored Map","Highlight Path","Minty Spire (QoL Compilation)","Relic Stats","StSLib"],"gold_per_floor":[110,121,137,137,148,148,164,179,179,179,179,32,32,59,59,162,162,179,140,151,2,19,19,19,30,30,30,48,148,148,5,5,5,5],"floor_reached":33,"playtime":1911,"items_purged":[],"score":239,"play_id":"4660384d-3e6d-410c-a645-9dea1a6943fd","local_time":"20201212001816","is_ascension_mode":false,"campfire_choices":[{"data":"Zap","floor":6,"key":"SMITH"},{"data":"Ball Lightning","floor":11,"key":"SMITH"},{"data":"Dualcast","floor":13,"key":"SMITH"},{"floor":15,"key":"REST"},{"floor":23,"key":"REST"},{"floor":27,"key":"REST"},{"floor":32,"key":"REST"}],"circlet_count":0,"master_deck":["Strike_B","Strike_B","Strike_B","Strike_B","Defend_B","Defend_B","Defend_B","Zap+1","Dualcast+1","Ball Lightning+1","Storm","Steam","Ball Lightning+1"],"relics":["Cracked Core","Letter Opener","Lee\u0027s Waffle","Odd Mushroom","ClockworkSouvenir","Orichalcum","Membership Card"],"acts_visited":["Exordium","TheCity"],"potions_floor_usage":[16,16,20,28,28,30],"damage_taken":[{"damage":0,"enemies":"Cultist","floor":1,"turns":4},{"damage":1,"enemies":"Jaw Worm","floor":2,"turns":4},{"damage":0,"enemies":"Small Slimes","floor":3,"turns":3},{"damage":5,"enemies":"Looter","floor":5,"turns":3},{"damage":20,"enemies":"Lots of Slimes","floor":7,"turns":3},{"damage":5,"enemies":"Large Slime","floor":8,"turns":5},{"damage":18,"enemies":"The Mushroom Lair","floor":14,"turns":3},{"damage":58,"enemies":"Hexaghost","floor":16,"turns":8},{"damage":10,"enemies":"Chosen","floor":18,"turns":4},{"damage":31,"enemies":"2 Thieves","floor":20,"turns":4},{"damage":6,"enemies":"Snecko","floor":22,"turns":5},{"damage":26,"enemies":"Snake Plant","floor":25,"turns":4},{"damage":23,"enemies":"Centurion and Healer","floor":28,"turns":5},{"damage":0,"enemies":"3 Cultists","floor":30,"turns":2},{"damage":71,"enemies":"Champ","floor":33,"turns":12}],"seed_played":"-572085091132319728","potions_obtained":[{"floor":1,"key":"Explosive Potion"},{"floor":7,"key":"SmokeBomb"},{"floor":8,"key":"BlessingOfTheForge"},{"floor":16,"key":"LiquidMemories"},{"floor":20,"key":"ColorlessPotion"},{"floor":25,"key":"BlessingOfTheForge"}],"is_trial":false,"path_per_floor":["M","M","M","?","M","R","M","M","T","$","R","$","R","?","R","B",null,"M","$","M","$","M","R","?","M","T","R","M","?","M","$","R","B"],"character_chosen":"DEFECT","items_purchased":["Lee\u0027s Waffle","Storm","ClockworkSouvenir","Membership Card"],"campfire_rested":4,"item_purchase_floors":[12,19,21,31],"current_hp_per_floor":[82,81,81,81,76,76,56,51,51,51,51,89,89,71,89,31,89,79,79,48,48,42,68,68,42,42,68,45,45,45,45,71,0,0],"gold":5,"neow_bonus":"TEN_PERCENT_HP_BONUS","is_daily":false,"chose_seed":false,"campfire_upgraded":3,"win_rate":0.0,"timestamp":1607692696,"path_taken":["M","M","M","?","M","R","M","M","T","?","R","$","R","?","R","BOSS","M","$","M","$","M","R","?","?","T","R","M","?","?","$","R","BOSS"],"items_purchased_type":["Relic","Card","Relic","Relic"],"build_version":"2020-11-30","purchased_purges":0,"victory":false,"max_hp_per_floor":[82,82,82,82,82,82,82,82,82,82,82,89,89,89,89,89,89,89,89,89,89,89,89,89,89,89,89,89,89,89,89,89,89,89],"relic_stats":{"Lee\u0027s Waffle":38,"counters":[15,69],"Letter Opener":[79],"Orichalcum":[12],"obtain_stats":[{"Lee\u0027s Waffle":12,"Letter Opener":9,"Membership Card":31,"Odd Mushroom":14,"Orichalcum":26,"Cracked Core":0,"ClockworkSouvenir":21},{"Lee\u0027s Waffle":6,"Letter Opener":6,"Membership Card":14,"Odd Mushroom":7,"Orichalcum":12,"Cracked Core":0,"ClockworkSouvenir":10},{"Lee\u0027s Waffle":22,"Letter Opener":22,"Membership Card":57,"Odd Mushroom":25,"Orichalcum":50,"Cracked Core":0,"ClockworkSouvenir":41}]},"card_choices":[{"not_picked":["Tempest","Loop","Cold Snap"],"picked":"SKIP","floor":1},{"not_picked":["Go for the Eyes","Defragment"],"picked":"Ball Lightning","floor":2},{"not_picked":["Rebound","FTL","Barrage"],"picked":"SKIP","floor":3},{"not_picked":["Reboot","Gash","White Noise"],"picked":"SKIP","floor":5},{"not_picked":["Chill","Rebound","Coolheaded"],"picked":"SKIP","floor":7},{"not_picked":["Turbo","Hologram","Coolheaded"],"picked":"SKIP","floor":8},{"not_picked":["White Noise+1","Stack","BootSequence"],"picked":"SKIP","floor":18},{"not_picked":["Undo","Rebound"],"picked":"Steam","floor":20},{"not_picked":["Skim+1","Turbo","Force Field"],"picked":"SKIP","floor":22},{"not_picked":["Sunder","Meteor Strike"],"picked":"Ball Lightning+1","floor":25},{"not_picked":["Streamline+1","White Noise+1","Loop"],"picked":"SKIP","floor":28}],"player_experience":172300,"relics_obtained":[{"floor":9,"key":"Letter Opener"},{"floor":14,"key":"Odd Mushroom"},{"floor":26,"key":"Orichalcum"}],"event_choices":[{"cards_removed":["Defend_B"],"damage_healed":0,"gold_gain":0,"player_choice":"Forget","damage_taken":0,"max_hp_gain":0,"max_hp_loss":0,"event_name":"Living Wall","floor":4,"gold_loss":0},{"damage_healed":0,"gold_gain":0,"player_choice":"Fought Mushrooms","damage_taken":0,"max_hp_gain":0,"max_hp_loss":0,"event_name":"Mushrooms","floor":14,"gold_loss":0},{"cards_removed":["Strike_G"],"damage_healed":0,"gold_gain":0,"player_choice":"Took Card","damage_taken":0,"max_hp_gain":0,"max_hp_loss":0,"event_name":"NoteForYourself","floor":24,"gold_loss":0,"cards_obtained":["Strike_G"]},{"damage_healed":0,"gold_gain":100,"player_choice":"Pray","damage_taken":0,"max_hp_gain":0,"max_hp_loss":0,"event_name":"Golden Shrine","floor":29,"gold_loss":0}],"is_beta":false,"boss_relics":[{"not_picked":["Runic Dome","Ectoplasm","Snecko Eye"]}],"items_purged_floors":[],"is_endless":false,"potions_floor_spawned":[1,7,8,14,16,20,25],"killed_by":"Champ","ascension_level":0}}