{"host":"1qw5suc8h0lmr1yi","time":1607676265,"event":{"mods":["2.2 Compatiblity","Act Like it!","BaseMod","Better Note","BetterRewards","Block Reminder","Colored Map","Custom Start","DeckTracker","GifTheSpireLib","Highlight Path","Hubris","Infinite Spire","Melee Mod","Mimic Mod","Minty Spire (QoL Compilation)","Quick Restart","Rare Cards Sparkle","Replay The Spire","Robot Space Explorer","Say the Spire","Shop Mod","StSLib","SuperFastMode","Td1madao Mod","The Animator","The Cursed","The Disciple","The Edgeheg","The Factory","The Jungle"],"gold_per_floor":[84,98,111,127,79,79,79,79],"floor_reached":7,"playtime":354,"items_purged":[],"score":43,"play_id":"fc93ad50-0610-4a7e-9603-0987221a1168","local_time":"20201211004425","is_ascension_mode":false,"campfire_choices":[{"data":"theEdgeheg:StarterDodgeSkill","floor":6.0,"key":"SMITH"}],"circlet_count":0,"master_deck":["theEdgeheg:StarterShootAttack","theEdgeheg:StarterShootAttack","theEdgeheg:StarterShootAttack","theEdgeheg:StarterShootAttack","theEdgeheg:StarterDodgeSkill+1","theEdgeheg:StarterDodgeSkill","theEdgeheg:StarterDodgeSkill","theEdgeheg:BloodyKatana","theEdgeheg:ChaosControlSkill","theEdgeheg:GatherChaos","theEdgeheg:TimmyBackflip","theEdgeheg:ChaosWhip","theEdgeheg:RuleOfCool","theEdgeheg:Disrobe","theEdgeheg:Fastness"],"relics":["theEdgeheg:UltimateLifeformRelic","theEdgeheg:GreenEmeraldRelic","NeowsBlessing"],"acts_visited":[],"potions_floor_usage":[],"damage_taken":[{"damage":0.0,"enemies":"Small Slimes","floor":1.0,"turns":1.0},{"damage":0.0,"enemies":"Jaw Worm","floor":2.0,"turns":1.0},{"damage":0.0,"enemies":"Cultist","floor":3.0,"turns":1.0},{"damage":0.0,"enemies":"Large Slime","floor":4.0,"turns":8.0},{"damage":0,"enemies":"Replay:BlueRogue","floor":7,"turns":1}],"seed_played":"4516952128098393913","potions_obtained":[{"floor":2.0,"key":"Block Potion"}],"is_trial":false,"path_per_floor":["M","M","M","M","$","R","E"],"character_chosen":"THE_DEFAULT","items_purchased":["theEdgeheg:Fastness"],"campfire_rested":0,"item_purchase_floors":[5],"current_hp_per_floor":[4,4,4,4,4,4,4,4],"gold":79,"neow_bonus":"THREE_ENEMY_KILL","is_daily":false,"chose_seed":false,"campfire_upgraded":1,"win_rate":0.0,"timestamp":1607676265,"path_taken":["M","M","M","M","$","R","E"],"items_purchased_type":["Card"],"build_version":"2020-11-30","purchased_purges":0,"victory":false,"max_hp_per_floor":[5,5,5,5,5,5,5,5],"card_choices":[{"not_picked":["theEdgeheg:PlayRandomCard","theEdgeheg:Butt"],"picked":"theEdgeheg:TimmyBackflip","floor":1.0},{"not_picked":["theEdgeheg:BloodyKatana","theEdgeheg:BetterDodge"],"picked":"theEdgeheg:ChaosWhip","floor":2.0},{"not_picked":["theEdgeheg:SkateboardTrick","theEdgeheg:MachineGun"],"picked":"theEdgeheg:RuleOfCool","floor":3.0},{"not_picked":["theEdgeheg:BetterShoot","theEdgeheg:RollAndShoot"],"picked":"theEdgeheg:Disrobe","floor":4.0}],"player_experience":114029,"relics_obtained":[],"event_choices":[],"is_beta":false,"boss_relics":[],"items_purged_floors":[],"is_endless":false,"potions_floor_spawned":[2],"killed_by":"Replay:BlueRogue","ascension_level":0}}