{"host":"v52ntiwll8g9892u","time":1607704132,"event":{"mods":["Aspiration","BaseMod","Marisa£®ÏF”Í°°ƒß¿Ì…≥£©","Minty Spire (QoL Compilation)","StSLib","The Bug Knight"],"gold_per_floor":[113,113,132,147,72,102,102,134,134,162,182,182,202,202,202,295,295,318,318,359,379,395,438,438,488,488,488,354,393,409,433,433,529,529,542,556,587,610,631,631,675,691,691,706,656,676,707,707,707,707,707,707,707,93,127,127],"floor_reached":57,"playtime":2013,"items_purged":["Defend_P+1","Defend_P+1","Strike_P+1"],"score":3123,"play_id":"2a6658d4-b42f-499d-8dee-ce35c1a0a4ff","local_time":"20201212002852","is_ascension_mode":true,"campfire_choices":[{"data":"Eruption","floor":7.0,"key":"SMITH"},{"floor":15.0,"key":"RECALL"},{"data":"Tantrum","floor":27.0,"key":"SMITH"},{"data":"InnerPeace","floor":32.0,"key":"SMITH"},{"floor":40.0,"key":"REST"},{"floor":49.0,"key":"REST"},{"floor":53.0,"key":"REST"}],"circlet_count":0,"master_deck":["AscendersBane","Strike_P+1","Strike_P+1","Strike_P+1","Eruption+1","Vigilance+1","LessonLearned+1","BowlingBash+1","TalkToTheHand+1","TalkToTheHand+1","Ghostly+1","Ghostly+1","Ghostly+1","CutThroughFate+1","Tantrum+1","InnerPeace+1"],"relics":["PureWater","Mercury Hourglass","Vajra","Shuriken","Singing Bowl","Golden Idol","aspiration:PoetsPen_weak","Red Mask","CloakClasp","Smiling Mask","Tiny Chest","Fusion Hammer","Incense Burner","Damaru","Pear","Lee\u0027s Waffle","Unceasing Top","HornCleat"],"acts_visited":["Exordium","TheCity","TheBeyond","TheEnding"],"potions_floor_usage":[56,56],"damage_taken":[{"damage":7.0,"enemies":"2 Louse","floor":1.0,"turns":5.0},{"damage":8.0,"enemies":"Jaw Worm","floor":3.0,"turns":4.0},{"damage":1.0,"enemies":"Small Slimes","floor":4.0,"turns":3.0},{"damage":12.0,"enemies":"Lagavulin","floor":6.0,"turns":7.0},{"damage":17.0,"enemies":"Gremlin Nob","floor":8.0,"turns":3.0},{"damage":11.0,"enemies":"Lagavulin","floor":10.0,"turns":5.0},{"damage":7.0,"enemies":"Looter","floor":11.0,"turns":4.0},{"damage":0.0,"enemies":"Large Slime","floor":13.0,"turns":3.0},{"damage":1.0,"enemies":"Hexaghost","floor":16.0,"turns":6.0},{"damage":0.0,"enemies":"Spheric Guardian","floor":18.0,"turns":2.0},{"damage":0.0,"enemies":"Masked Bandits","floor":20.0,"turns":3.0},{"damage":0.0,"enemies":"3 Byrds","floor":21.0,"turns":2.0},{"damage":0.0,"enemies":"Centurion and Healer","floor":22.0,"turns":2.0},{"damage":0.0,"enemies":"Gremlin Leader","floor":23.0,"turns":4.0},{"damage":0.0,"enemies":"Book of Stabbing","floor":29.0,"turns":2.0},{"damage":0.0,"enemies":"Snecko","floor":30.0,"turns":4.0},{"damage":0.0,"enemies":"Snake Plant","floor":31.0,"turns":2.0},{"damage":0.0,"enemies":"Automaton","floor":33.0,"turns":4.0},{"damage":0.0,"enemies":"3 Darklings","floor":35.0,"turns":2.0},{"damage":0.0,"enemies":"Orb Walker","floor":36.0,"turns":3.0},{"damage":0.0,"enemies":"Mind Bloom Boss Battle","floor":37.0,"turns":2.0},{"damage":0.0,"enemies":"Spire Growth","floor":38.0,"turns":3.0},{"damage":0.0,"enemies":"Sphere and 2 Shapes","floor":39.0,"turns":3.0},{"damage":0.0,"enemies":"Reptomancer","floor":41.0,"turns":2.0},{"damage":0.0,"enemies":"Jaw Worm Horde","floor":42.0,"turns":2.0},{"damage":1.0,"enemies":"4 Shapes","floor":44.0,"turns":2.0},{"damage":0.0,"enemies":"Maw","floor":46.0,"turns":3.0},{"damage":0.0,"enemies":"Giant Head","floor":47.0,"turns":2.0},{"damage":0.0,"enemies":"Time Eater","floor":50.0,"turns":6.0},{"damage":2.0,"enemies":"Donu and Deca","floor":51.0,"turns":3.0},{"damage":12.0,"enemies":"Shield and Spear","floor":55.0,"turns":3.0},{"damage":7,"enemies":"The Heart","floor":56,"turns":6}],"seed_played":"5528659689848982163","potions_obtained":[{"floor":4.0,"key":"BlessingOfTheForge"},{"floor":10.0,"key":"Regen Potion"},{"floor":13.0,"key":"SkillPotion"},{"floor":18.0,"key":"FearPotion"},{"floor":20.0,"key":"LiquidBronze"},{"floor":31.0,"key":"DistilledChaos"},{"floor":37.0,"key":"Swift Potion"},{"floor":44.0,"key":"LiquidBronze"},{"floor":47.0,"key":"PowerPotion"}],"is_trial":false,"path_per_floor":["M","?","M","M","?","E","R","E","T","E","M","?","M","?","R","B",null,"M","?","?","M","M","E","?","?","T","R","$","E","M","M","R","B",null,"M","M","?","M","M","R","E","M","T","M","$","M","E","?","R","B","B",null,"R","$","E","B",null],"character_chosen":"WATCHER","items_purchased":["InnerPeace","Lee\u0027s Waffle","Unceasing Top","ColorlessPotion"],"campfire_rested":3,"item_purchase_floors":[28,54,54,54],"current_hp_per_floor":[54,54,46,45,45,33,33,16,16,5,10,10,12,12,12,13,48,50,31,33,35,37,39,39,39,39,39,39,41,43,45,45,47,47,49,51,53,55,57,57,59,61,61,62,62,64,76,72,83,83,81,83,83,90,80,73],"gold":127,"neow_bonus":"THREE_RARE_CARDS","is_daily":false,"chose_seed":false,"campfire_upgraded":3,"win_rate":0.0,"timestamp":1607704132,"path_taken":["M","?","M","M","?","E","R","E","T","E","M","?","M","?","R","BOSS","M","?","?","M","M","E","?","?","T","R","$","E","M","M","R","BOSS","M","M","?","M","M","R","E","M","T","M","$","M","E","?","R","BOSS","BOSS","R","$","E","BOSS"],"items_purchased_type":["Card","Relic","Relic","Potion"],"build_version":"2020-11-30","purchased_purges":3,"victory":true,"max_hp_per_floor":[62,62,62,62,62,62,62,62,62,62,62,62,64,58,58,60,60,62,31,33,35,37,39,39,39,39,39,39,41,43,45,45,47,47,49,51,53,55,57,57,59,61,61,63,63,65,77,83,83,83,83,83,83,90,92,92],"card_choices":[{"not_picked":["DevaForm","Devotion"],"picked":"LessonLearned","floor":0.0},{"not_picked":["Prostrate","Crescendo","Wireheading"],"picked":"SKIP","floor":1.0},{"not_picked":["TalkToTheHand","CrushJoints"],"picked":"BowlingBash","floor":3.0},{"not_picked":["ClearTheMind","SashWhip","ForeignInfluence"],"picked":"SKIP","floor":4.0},{"not_picked":["FollowUp","Judgement","WaveOfTheHand"],"picked":"SKIP","floor":6.0},{"not_picked":["ReachHeaven","ClearTheMind"],"picked":"TalkToTheHand","floor":8.0},{"not_picked":["DevaForm","FlyingSleeves"],"picked":"TalkToTheHand","floor":10.0},{"not_picked":["Indignation","ClearTheMind"],"picked":"TalkToTheHand","floor":11.0},{"not_picked":["BowlingBash","Swivel","CutThroughFate"],"picked":"Singing Bowl","floor":13.0},{"not_picked":["MasterReality","Wish","Alpha"],"picked":"Singing Bowl","floor":16.0},{"not_picked":["Prostrate","Meditate","FollowUp+1"],"picked":"Singing Bowl","floor":18.0},{"not_picked":["Study","SandsOfTime+1","WindmillStrike"],"picked":"Singing Bowl","floor":20.0},{"not_picked":["ForeignInfluence","CrushJoints","Indignation+1"],"picked":"Singing Bowl","floor":21.0},{"not_picked":["Consecrate","Worship","ReachHeaven+1"],"picked":"Singing Bowl","floor":22.0},{"not_picked":["WheelKick","Halt","Perseverance+1"],"picked":"Singing Bowl","floor":23.0},{"not_picked":["BattleHymn","Study","FearNoEvil"],"picked":"Singing Bowl","floor":29.0},{"not_picked":["EmptyBody","ClearTheMind","FollowUp"],"picked":"Singing Bowl","floor":30.0},{"not_picked":["Devotion","SashWhip","Crescendo"],"picked":"Singing Bowl","floor":31.0},{"not_picked":["Vault","ConjureBlade","LessonLearned"],"picked":"Singing Bowl","floor":33.0},{"not_picked":["ThirdEye","Weave","Consecrate"],"picked":"Singing Bowl","floor":35.0},{"not_picked":["Swivel","SashWhip","InnerPeace+1"],"picked":"Singing Bowl","floor":36.0},{"not_picked":["Crescendo","Halt","ReachHeaven"],"picked":"Singing Bowl","floor":37.0},{"not_picked":["EmptyFist","Perseverance","Consecrate+1"],"picked":"Singing Bowl","floor":38.0},{"not_picked":["Evaluate+1","CarveReality","ForeignInfluence"],"picked":"Singing Bowl","floor":39.0},{"not_picked":["Consecrate","BattleHymn+1","DeceiveReality"],"picked":"Singing Bowl","floor":41.0},{"not_picked":["FollowUp+1","SashWhip","Nirvana"],"picked":"Singing Bowl","floor":42.0},{"not_picked":["SashWhip","FlyingSleeves","ReachHeaven"],"picked":"Singing Bowl","floor":44.0},{"not_picked":["FlurryOfBlows","Wish","Conclude"],"picked":"Singing Bowl","floor":46.0},{"not_picked":["Protect","FlurryOfBlows","EmptyBody"],"picked":"Singing Bowl","floor":47.0},{"not_picked":["Deep Breath","Jack Of All Trades","Dark Shackles"],"picked":"Singing Bowl","floor":48.0},{"not_picked":["Impatience","Forethought","Master of Strategy"],"picked":"Singing Bowl","floor":48.0},{"not_picked":["Metamorphosis","Mind Blast","Panacea"],"picked":"Singing Bowl","floor":48.0},{"not_picked":["EmptyMind+1","JustLucky","CutThroughFate"],"picked":"Singing Bowl","floor":55.0}],"player_experience":1243672,"relics_obtained":[{"floor":6.0,"key":"Mercury Hourglass"},{"floor":8.0,"key":"Vajra"},{"floor":9.0,"key":"Shuriken"},{"floor":10.0,"key":"Singing Bowl"},{"floor":20.0,"key":"Red Mask"},{"floor":23.0,"key":"CloakClasp"},{"floor":26.0,"key":"Smiling Mask"},{"floor":29.0,"key":"Tiny Chest"},{"floor":37.0,"key":"Incense Burner"},{"floor":41.0,"key":"Damaru"},{"floor":47.0,"key":"Pear"},{"floor":55.0,"key":"HornCleat"}],"event_choices":[{"damage_healed":0.0,"max_hp_gain":0.0,"max_hp_loss":0.0,"gold_gain":0.0,"event_name":"Liars Game","player_choice":"Ignored","floor":2.0,"gold_loss":0.0,"damage_taken":0.0},{"cards_removed":["Defend_P"],"damage_healed":0.0,"max_hp_gain":0.0,"max_hp_loss":0.0,"gold_gain":0.0,"event_name":"The Cleric","player_choice":"Card Removal","floor":5.0,"gold_loss":75.0,"damage_taken":0.0},{"damage_healed":0.0,"max_hp_gain":0.0,"max_hp_loss":0.0,"gold_gain":0.0,"event_name":"Scrap Ooze","player_choice":"Fled","floor":12.0,"gold_loss":0.0,"damage_taken":0.0},{"damage_healed":0.0,"max_hp_gain":0.0,"max_hp_loss":6.0,"gold_gain":0.0,"event_name":"Golden Idol","player_choice":"Lose Max HP","floor":14.0,"gold_loss":0.0,"damage_taken":0.0,"relics_obtained":["Golden Idol"]},{"damage_healed":0.0,"max_hp_gain":0.0,"max_hp_loss":31.0,"gold_gain":0.0,"event_name":"Ghosts","player_choice":"Became a Ghost","floor":19.0,"gold_loss":0.0,"damage_taken":0.0,"cards_obtained":["Ghostly","Ghostly","Ghostly"]},{"damage_healed":0.0,"max_hp_gain":0.0,"max_hp_loss":0.0,"gold_gain":0.0,"event_name":"Masked Bandits","player_choice":"Fought Bandits","floor":20.0,"gold_loss":0.0,"damage_taken":0.0},{"damage_healed":0.0,"max_hp_gain":0.0,"max_hp_loss":0.0,"gold_gain":0.0,"cards_transformed":["Defend_P","TalkToTheHand"],"event_name":"Drug Dealer","player_choice":"Became Test Subject","floor":24.0,"gold_loss":0.0,"damage_taken":0.0,"cards_obtained":["CutThroughFate","Tantrum"]},{"damage_healed":0.0,"max_hp_gain":0.0,"max_hp_loss":0.0,"gold_gain":50.0,"event_name":"Nest","player_choice":"Stole From Cult","floor":25.0,"gold_loss":0.0,"damage_taken":0.0},{"damage_healed":0.0,"max_hp_gain":0.0,"max_hp_loss":0.0,"gold_gain":0.0,"event_name":"MindBloom","player_choice":"Fight","floor":37.0,"gold_loss":0.0,"damage_taken":0.0},{"damage_healed":0.0,"max_hp_gain":0.0,"max_hp_loss":0.0,"gold_gain":0.0,"event_name":"SensoryStone","player_choice":"Memory 3","floor":48.0,"gold_loss":0.0,"damage_taken":10.0}],"is_beta":false,"boss_relics":[{"not_picked":["aspiration:FutureDiary","HolyWater"],"picked":"aspiration:PoetsPen_weak"},{"not_picked":["Coffee Dripper","Cursed Key"],"picked":"Fusion Hammer"}],"items_purged_floors":[28,45,54],"is_endless":false,"potions_floor_spawned":[4,10,13,18,20,31,33,35,37,38,44,47],"ascension_level":20}}