{"host":"njruw0b0uprlitpx","time":1607724165,"event":{"mods":["2.2 Compatiblity","AchievementEnabler","Aspiration","Bartender","BaseMod","Block Reminder","Colored Map","Colored Powertips","Jedi Mod","Keyboard Shortcuts","Minty Spire (QoL Compilation)","Replay The Spire","Spicy Shops","StSLib","SuperFastMode"],"gold_per_floor":[119,119,131,206,3,3,36,47,70,86,100,113,113,126,126,227,227,240,259,199,215,10,10,28,28,28,41,41,57,76,107,107,206,206,220,231,242,259,259,275,275,303,330,51,83,83,83,94,94,94],"floor_reached":51,"playtime":3899,"items_purged":["Strike_Bartender","Defend_Bartender"],"score":785,"play_id":"15c65008-1da1-48fd-bd48-8cbd870261a8","local_time":"20201211160245","is_ascension_mode":false,"campfire_choices":[{"data":"Dolphin_Blow","floor":6.0,"key":"SMITH"},{"floor":13.0,"key":"REST"},{"data":"OpoOpo_Form","floor":15.0,"key":"SMITH"},{"floor":23.0,"key":"REST"},{"data":"Dolphin_Blow","floor":28.0,"key":"SMITH"},{"floor":32.0,"key":"REST"},{"floor":41.0,"key":"REST"},{"floor":47,"key":"REST"},{"floor":49,"key":"REST"}],"circlet_count":0,"master_deck":["Strike_Bartender","Strike_Bartender","Strike_Bartender","Defend_Bartender+1","Defend_Bartender","Somersault","Cold_Blooded","Foot_Thrust","Vortex","Dolphin_Blow+1","Rope_A_Dope","OpoOpo_Form+1","Blizzard_Spikes+1","Cross","Power_Up_Punch","Dolphin_Blow+1","ThreeSidedStar","Raptor_Form+1","Moonsault_Kick","Feint","Injury","Snap_Punch+1","Dolphin_Blow","Training_Dummy+1","Axe_Heel_Kick","Cold_Blooded","Wall_of_Ice","Ball_Of_Ice","Dancing_Jab+1","Hook","Writhe","Momentum","Waterkick","Vortex","Cross"],"relics":["Sneakers","Replay:Wax Seal","Vajra","Cursed Key","Replay:Mystery Machine","jedi:archwizardhat","Replay:Grab Bag","Fusion Hammer","ReplayTheSpireMod:Onyx Gauntlets","Ring of Chaos","aspiration:IroncladSkillbook","jedi:othersneckoeye","Gremlin Food"],"acts_visited":["Exordium","TheCity","TheBeyond"],"potions_floor_usage":[45,50,50],"damage_taken":[{"damage":2.0,"enemies":"2 Louse","floor":1.0,"turns":3.0},{"damage":1.0,"enemies":"Jaw Worm","floor":3.0,"turns":4.0},{"damage":9.0,"enemies":"3 Sentries","floor":7.0,"turns":4.0},{"damage":0.0,"enemies":"Cultist","floor":8.0,"turns":2.0},{"damage":3.0,"enemies":"Gremlin Gang","floor":10.0,"turns":2.0},{"damage":9.0,"enemies":"Lots of Slimes","floor":11.0,"turns":3.0},{"damage":0.0,"enemies":"2 Fungi Beasts","floor":12.0,"turns":2.0},{"damage":0.0,"enemies":"3 Louse","floor":14.0,"turns":2.0},{"damage":22.0,"enemies":"Hexaghost","floor":16.0,"turns":8.0},{"damage":13.0,"enemies":"2 Thieves","floor":18.0,"turns":4.0},{"damage":0.0,"enemies":"Spheric Guardian","floor":19.0,"turns":2.0},{"damage":21.0,"enemies":"Centurion and Healer","floor":21.0,"turns":7.0},{"damage":0.0,"enemies":"Sentry and Sphere","floor":24.0,"turns":3.0},{"damage":3.0,"enemies":"3 Cultists","floor":27.0,"turns":4.0},{"damage":10.0,"enemies":"Chosen and Byrds","floor":29.0,"turns":6.0},{"damage":24.0,"enemies":"Centurion and Healer","floor":30.0,"turns":4.0},{"damage":0.0,"enemies":"Book of Stabbing","floor":31.0,"turns":1.0},{"damage":21.0,"enemies":"Automaton","floor":33.0,"turns":6.0},{"damage":0.0,"enemies":"Orb Walker","floor":35.0,"turns":2.0},{"damage":0.0,"enemies":"3 Darklings","floor":36.0,"turns":2.0},{"damage":0.0,"enemies":"Jaw Worm Horde","floor":37.0,"turns":2.0},{"damage":2.0,"enemies":"Writhing Mass","floor":38.0,"turns":3.0},{"damage":13.0,"enemies":"4 Shapes","floor":40.0,"turns":2.0},{"damage":17.0,"enemies":"Nemesis","floor":42.0,"turns":3.0},{"damage":0,"enemies":"Reptomancer","floor":45,"turns":2},{"damage":0,"enemies":"Jaw Worm Horde","floor":48,"turns":2},{"damage":2,"enemies":"Donu and Deca","floor":50,"turns":3}],"seed_played":"-3168202682774104892","potions_obtained":[{"floor":1.0,"key":"SkillPotion"},{"floor":7.0,"key":"Toxic Potion"},{"floor":11.0,"key":"Strength Potion"},{"floor":16.0,"key":"Fire Potion"},{"floor":21.0,"key":"jedi:StrikingPotion"},{"floor":27.0,"key":"Block Potion"},{"floor":30.0,"key":"jedi:StrikingPotion"},{"floor":31.0,"key":"ColorlessPotion"},{"floor":33.0,"key":"Dexterity Potion"},{"floor":35.0,"key":"Languid Potion"},{"floor":38.0,"key":"Fruit Juice"},{"floor":40.0,"key":"jedi:StrikingPotion"}],"is_trial":false,"path_per_floor":["M","?","M","?","$","R","E","M","T","M","M","M","R","M","R","B",null,"M","M","?","M","$","R","M","$","T","M","R","M","M","E","R","B",null,"M","M","M","M","?","M","R","E","T","$","E","?","R","M","R","B",null],"character_chosen":"BARTENDER","items_purchased":["Dolphin_Blow","Moonsault_Kick","Weak Potion","Momentum","Waterkick","Energy Potion"],"campfire_rested":6,"item_purchase_floors":[5,22,22,44,44,44],"current_hp_per_floor":[68,68,67,56,56,56,47,47,47,44,35,35,56,56,56,34,70,57,57,57,36,36,57,57,57,57,54,54,44,20,20,41,20,70,70,70,70,75,75,66,75,62,62,62,66,66,75,75,75,75],"gold":94,"neow_bonus":"ONE_RANDOM_RARE_CARD","is_daily":false,"chose_seed":false,"campfire_upgraded":3,"win_rate":0.0,"timestamp":1607724165,"path_taken":["M","?","M","?","$","R","E","M","T","M","M","M","R","M","R","BOSS","M","M","?","M","$","R","M","?","T","?","R","M","?","E","R","BOSS","M","M","?","M","?","M","R","E","T","$","E","?","R","M","R","BOSS"],"items_purchased_type":["Card","Card","Potion","Card","Card","Potion"],"build_version":"2020-11-30","purchased_purges":2,"victory":true,"max_hp_per_floor":[70,70,70,70,70,70,70,70,70,70,70,70,70,70,70,70,70,70,70,70,70,70,70,70,70,70,70,70,70,70,70,70,70,70,70,70,70,75,75,75,75,75,75,75,75,75,75,75,75,75],"card_choices":[{"not_picked":["Feint","On_The_Rocks"],"picked":"Foot_Thrust","floor":1.0},{"not_picked":["Fading_Blow","Tornado_Kick"],"picked":"Vortex","floor":3.0},{"not_picked":["With_A_Twist","Fight_Dirty"],"picked":"Rope_A_Dope","floor":7.0},{"not_picked":["Power_Up_Punch","Glare"],"picked":"OpoOpo_Form","floor":8.0},{"not_picked":["OpoOpo_Form","Bitters"],"picked":"Blizzard_Spikes","floor":10.0},{"not_picked":["Blizzard_Spikes","Phantom_Blow"],"picked":"Cross","floor":11.0},{"not_picked":["On_The_Rocks","Foot_Thrust","Dragonkick"],"picked":"SKIP","floor":12.0},{"not_picked":["Ripple","Sucker_Punch"],"picked":"Power_Up_Punch","floor":14.0},{"not_picked":["Top_Shelf","Patience"],"picked":"Dolphin_Blow","floor":16.0},{"not_picked":["Coeurl_Form","Greased_Lightning"],"picked":"ThreeSidedStar","floor":18.0},{"not_picked":["Dancing_Jab+1","Stick_and_Move"],"picked":"Raptor_Form+1","floor":19.0},{"not_picked":["Dragonkick","Center_Self+1","On_The_Rocks"],"picked":"SKIP","floor":21.0},{"not_picked":["Dart","Meditate"],"picked":"Feint","floor":24.0},{"not_picked":["Phantom_Blow","Glare"],"picked":"Snap_Punch+1","floor":27.0},{"not_picked":["Press_Forward+1","Pony_Shot"],"picked":"Dolphin_Blow","floor":29.0},{"not_picked":["Sucker_Punch+1","Pony_Shot"],"picked":"Training_Dummy+1","floor":30.0},{"not_picked":["Fight_Dirty","Insight_B"],"picked":"Axe_Heel_Kick","floor":31.0},{"not_picked":["Moonsault_Kick","Breathe_Deep"],"picked":"Cold_Blooded","floor":33.0},{"not_picked":["Free_Pour+1","Pony_Shot+1","Scoop","Raptor_Form"],"picked":"SKIP","floor":35.0},{"not_picked":["Hook","Coeurl_Form","Free_Pour"],"picked":"Wall_of_Ice","floor":36.0},{"not_picked":["Mirage","Insight_B","Snap_Punch"],"picked":"Ball_Of_Ice","floor":37.0},{"not_picked":["On_The_Rocks","Raptor_Form+1","Training_Dummy","Pony_Shot+1"],"picked":"SKIP","floor":38.0},{"not_picked":["Training_Dummy","Momentum","Coeurl_Form"],"picked":"Dancing_Jab+1","floor":40.0},{"not_picked":["Foot_Thrust","Surge+1","Free_Pour+1"],"picked":"Hook","floor":42},{"not_picked":["Pony_Shot","Fight_Dirty+1","Liquid_Armor"],"picked":"Vortex","floor":45},{"not_picked":["Press_Forward+1","Momentum","Glare"],"picked":"Cross","floor":48}],"player_experience":990988,"relics_obtained":[{"floor":7.0,"key":"Replay:Wax Seal"},{"floor":9.0,"key":"Vajra"},{"floor":26.0,"key":"Replay:Mystery Machine"},{"floor":31.0,"key":"jedi:archwizardhat"},{"floor":43,"key":"jedi:othersneckoeye"},{"floor":45,"key":"Gremlin Food"}],"event_choices":[{"damage_healed":0.0,"max_hp_gain":0.0,"max_hp_loss":0.0,"gold_gain":75.0,"event_name":"World of Goop","player_choice":"Gather Gold","floor":4.0,"gold_loss":0.0,"damage_taken":11.0},{"damage_healed":0.0,"max_hp_gain":0.0,"max_hp_loss":0.0,"gold_gain":0.0,"event_name":"Tomb of Lord Red Mask","player_choice":"Ignored","floor":39.0,"gold_loss":0.0,"damage_taken":0.0},{"cards_removed":["Defend_Bartender"],"damage_healed":0,"gold_gain":0,"player_choice":"Removed Skill","damage_taken":0,"max_hp_gain":0,"max_hp_loss":0,"event_name":"Falling","floor":46,"gold_loss":0}],"is_beta":false,"boss_relics":[{"not_picked":["aspiration:RunicSpoon","Snecko Eye"],"picked":"Coffee Dripper"},{"not_picked":["Painkiller Herb","Cursed Key"],"picked":"Replay:Grab Bag"},{"not_picked":["jedi:battlestandard","jedi:hotpepper"],"picked":"Fusion Hammer"},{"not_picked":["Runic Dome","ChewingGum"],"picked":"ReplayTheSpireMod:Onyx Gauntlets"},{"not_picked":["aspiration:RitualDagger","Black Star"],"picked":"Ring of Chaos"},{"not_picked":["Calling Bell","Empty Cage"],"picked":"aspiration:IroncladSkillbook"}],"items_purged_floors":[5,44],"is_endless":false,"potions_floor_spawned":[1,7,11,16,21,27,30,31,33,35,38,40],"ascension_level":0}}