{"host":"n7mxhpjy89lltbhc","time":1607689434,"event":{"mods":["2.2 Compatiblity","Act Like it!","Bard","BaseMod","Better Match","Better Sensory Stone","Better Synergies","Better Third Choice","Better Vampires","BetterRewards","Challenge The Spire","Colored Map","Colored Powertips","Displayed Cursed Tome","Gensokyo","Infinite Spire","Jedi Mod","Marisa????????","Marked Mod","Mimic Mod","Minty Spire (QoL Compilation)","Rare Cards Sparkle","Relic Sorter","Relic Stats","Replay The Spire","Shop Mod","Small Relic Pack","Spicy Shops","StSLib","Strawberry Spire","The Alterego","The Bladedancer","The Blue Laboratory","The Disciple","The Runesmith","The Servant 0.9.4","Uncapped","Waifu the Spire","Wandering Minibosses","vexMod","???????????mod"],"gold_per_floor":[114,53,68,68,88,88,88,100,141,141,41,73,73,107,107,227,227,250,125,134,159,168,195,195,195,239,239,255,255,255,255,255,255,255],"floor_reached":33,"playtime":1376,"items_purged":["Injury"],"score":284,"play_id":"6355ff47-7f62-46fc-9dcb-644412b6fefb","local_time":"25631211192354","is_ascension_mode":false,"campfire_choices":[{"data":"alterego_mod:Tantrum","floor":6,"key":"SMITH"},{"data":"infinitespire:DeathsTouch","floor":13,"key":"SMITH"},{"floor":15,"key":"REST"},{"floor":25,"key":"REST"},{"data":"alterego_mod:Weigh","floor":27,"key":"SMITH"},{"data":"alterego_mod:Nekomimi","floor":29,"key":"SMITH"},{"data":"alterego_mod:Stockings","floor":32,"key":"SMITH"}],"circlet_count":0,"master_deck":["alterego_mod:Strike","alterego_mod:Strike","alterego_mod:Strike","alterego_mod:Defend+1","alterego_mod:Defend","alterego_mod:Defend","alterego_mod:Impale","alterego_mod:BigMeatyClaws","alterego_mod:BrynhildrsRune","alterego_mod:Tantrum+1","alterego_mod:BusterCard+1","alterego_mod:Mirror","alterego_mod:SakuraLabyrinth+1","infinitespire:DeathsTouch+1","alterego_mod:Nekomimi+1","alterego_mod:Stockings+1","alterego_mod:Mirror+1","alterego_mod:IndependentAction+1","alterego_mod:ClassAdvantage+1","alterego_mod:Weigh+1","alterego_mod:Smother+1","alterego_mod:BusterCard+1","Shame","alterego_mod:GIGAMILK","Regret","alterego_mod:Santa+1"],"relics":["alterego_mod:MasochisticConstitution","Akabeko","CeramicFish","Blood Vial","Ancient Tea Set","Painkiller Herb","strawberrySpire:GlyphStone","infinitespire:Eraser","relicPack:DSword","infinitespire:FocusingShard","Gensokyo:UndefinedDarkness"],"acts_visited":["Gensokyo:Gensokyo","Gensokyo:Gensokyoer"],"potions_floor_usage":[16,33,33],"damage_taken":[{"damage":8,"enemies":"Gensokyo:Python","floor":1,"turns":4},{"damage":5,"enemies":"Gensokyo:Gryphon","floor":3,"turns":6},{"damage":4,"enemies":"Gensokyo:2_Kodama","floor":5,"turns":3},{"damage":0,"enemies":"Gensokyo:VengefulSpirit","floor":8,"turns":2},{"damage":0,"enemies":"Gensokyo:2_Rabbits","floor":9,"turns":4},{"damage":28,"enemies":"Gensokyo:2_Rabbits","floor":12,"turns":9},{"damage":16,"enemies":"Gensokyo:Aya","floor":14,"turns":6},{"damage":41,"enemies":"Gensokyo:Yukari","floor":16,"turns":10},{"damage":14,"enemies":"Gensokyo:CosmicMonolith","floor":18,"turns":4},{"damage":17,"enemies":"Gensokyo:AngelMirror","floor":21,"turns":3},{"damage":24,"enemies":"Gensokyo:Koishi","floor":23,"turns":5},{"damage":4,"enemies":"Gensokyo:3_Gloops","floor":26,"turns":3},{"damage":7,"enemies":"Gensokyo:3_Gloops","floor":28,"turns":3},{"damage":48,"enemies":"Gensokyo:Eternal_Rivals","floor":33,"turns":4}],"seed_played":"4379436931297431505","potions_obtained":[{"floor":3,"key":"LiquidBronze"},{"floor":5,"key":"blueLaboratory:SavagePotion"},{"floor":8,"key":"EssenceOfSteel"},{"floor":21,"key":"PowerPotion"}],"is_trial":false,"path_per_floor":["M","$","M","?","M","R","?","M","MIM","?","$","MIM","R","E","R","B",null,"?","T","?","?","?","E","?","T","MIM","T","?","T","?","?","T","B"],"character_chosen":"The_Alterego","items_purchased":["alterego_mod:BusterCard+1","alterego_mod:Mirror+1","strawberrySpire:GlyphStone"],"campfire_rested":2,"item_purchase_floors":[2,11,19],"current_hp_per_floor":[70,70,66,66,69,69,52,52,52,52,52,32,32,26,48,17,76,70,70,70,56,56,42,7,30,29,29,39,39,39,39,39,0,0],"gold":255,"neow_bonus":"ONE_RANDOM_RARE_CARD","is_daily":false,"chose_seed":false,"campfire_upgraded":5,"win_rate":0.0,"timestamp":1607689434,"path_taken":["M","$","?","?","M","R","?","M","MIM","?","?","?","R","E","R","BOSS","?","T","?","?","?","E","?","T","MIM","T","?","T","?","?","T","BOSS"],"items_purchased_type":["Undefined","Undefined","Relic"],"build_version":"2020-11-30","purchased_purges":1,"victory":false,"max_hp_per_floor":[71,71,72,72,73,73,73,73,73,73,73,74,74,75,75,76,76,77,77,77,78,78,79,79,79,80,80,81,81,81,81,81,81,81],"relic_stats":{"Blood Vial":14,"counters":[14,66],"CeramicFish":108,"obtain_stats":[{"Blood Vial":12,"Frozen Eye":23,"alterego_mod:MasochisticConstitution":0,"relicPack:DSword":24,"strawberrySpire:GlyphStone":19,"CeramicFish":9,"Gensokyo:UndefinedDarkness":30,"Painkiller Herb":17,"infinitespire:FocusingShard":26,"infinitespire:Eraser":23,"Ancient Tea Set":14,"Akabeko":4},{"Blood Vial":6,"Frozen Eye":10,"alterego_mod:MasochisticConstitution":0,"relicPack:DSword":11,"strawberrySpire:GlyphStone":9,"CeramicFish":5,"Gensokyo:UndefinedDarkness":13,"Painkiller Herb":8,"infinitespire:FocusingShard":12,"infinitespire:Eraser":11,"Ancient Tea Set":7,"Akabeko":2},{"Blood Vial":28,"Frozen Eye":51,"alterego_mod:MasochisticConstitution":0,"relicPack:DSword":56,"strawberrySpire:GlyphStone":48,"CeramicFish":19,"Gensokyo:UndefinedDarkness":62,"Painkiller Herb":44,"infinitespire:FocusingShard":59,"infinitespire:Eraser":56,"Ancient Tea Set":34,"Akabeko":10}]},"card_choices":[{"not_picked":["alterego_mod:GoddessCore","alterego_mod:Jiggle"],"picked":"alterego_mod:Undulate","floor":1},{"not_picked":["alterego_mod:GoddessCore","alterego_mod:Belle"],"picked":"alterego_mod:Mirror","floor":3},{"not_picked":["alterego_mod:GoddessCore","alterego_mod:Mirror"],"picked":"alterego_mod:SakuraLabyrinth","floor":5},{"not_picked":["ReplayTheSpireMod:Haul","infinitespire:FutureSight"],"picked":"infinitespire:DeathsTouch","floor":7},{"not_picked":["alterego_mod:Crossover","alterego_mod:Valentines"],"picked":"alterego_mod:Nekomimi","floor":8},{"not_picked":["alterego_mod:Complex","alterego_mod:Nekomimi"],"picked":"alterego_mod:Stockings","floor":9},{"not_picked":["alterego_mod:TrashNCrash","alterego_mod:Clap"],"picked":"alterego_mod:IndependentAction","floor":14},{"not_picked":["alterego_mod:Valkyrie","alterego_mod:ClassAdvantage"],"picked":"alterego_mod:Weigh","floor":16},{"not_picked":["alterego_mod:BeGentle","alterego_mod:Schoolgirl"],"picked":"alterego_mod:Bloomers","floor":18},{"not_picked":["alterego_mod:Bunnysuit","alterego_mod:Lingerie"],"picked":"alterego_mod:DustData","floor":21},{"not_picked":["alterego_mod:Complex","alterego_mod:SakuraLabyrinth+1","alterego_mod:Bounce"],"picked":"SKIP","floor":23},{"not_picked":["alterego_mod:Cooking","alterego_mod:PerceptionDisorder"],"picked":"alterego_mod:Santa+1","floor":26},{"not_picked":["alterego_mod:Mirror","alterego_mod:HighServant","alterego_mod:Punishment"],"picked":"SKIP","floor":28}],"player_experience":893929,"relics_obtained":[{"floor":9,"key":"CeramicFish"},{"floor":12,"key":"Blood Vial"},{"floor":14,"key":"Ancient Tea Set"},{"floor":23,"key":"infinitespire:Eraser"},{"floor":26,"key":"infinitespire:FocusingShard"}],"event_choices":[],"is_beta":false,"boss_relics":[{"not_picked":["Empty Cage","vexMod:NewClearReactor"],"picked":"Painkiller Herb"}],"items_purged_floors":[11],"is_endless":false,"potions_floor_spawned":[3,5,8,21,23,28],"killed_by":"Gensokyo:Eternal_Rivals","ascension_level":0}}