{"host":"126yiuos2nq86se7","time":1607653599,"event":{"mods":["AchievementEnabler","Act Like it!","BaseMod","Colored Map","Colored Powertips","Friendly Minions","Highlight Path","Minty Spire (QoL Compilation)","StSLib","SuperFastMode"],"gold_per_floor":[366,10,23,0,0,0,10,10,36,56,56,56,56,67,67,168,168,185,185,60,159,159,159,179,193,193,193,206,219,219,232,232,337,337,355,368,143,143,193,193,193,193,193,193,73,89,89,89],"floor_reached":47,"playtime":3830,"items_purged":["Regret","Strike_B","Strike_B","Strike_B"],"score":413,"play_id":"adb3c5bd-d5f2-46d7-a3ba-517e628410ab","local_time":"20201211132639","is_ascension_mode":false,"campfire_choices":[{"data":"Zap","floor":6,"key":"SMITH"},{"data":"Dualcast","floor":8,"key":"SMITH"},{"data":"Consume","floor":12,"key":"SMITH"},{"floor":15,"key":"REST"},{"data":"Static Discharge","floor":23,"key":"SMITH"},{"data":"Hologram","floor":27,"key":"SMITH"},{"floor":30,"key":"REST"},{"floor":32,"key":"REST"},{"data":"Echo Form","floor":41,"key":"SMITH"},{"data":"Redo","floor":43,"key":"SMITH"}],"circlet_count":0,"master_deck":["Defend_B+1","Defend_B","Defend_B+1","Defend_B","Zap+1","Dualcast+1","Consume+1","Static Discharge+1","Conserve Battery","Ball Lightning","Conserve Battery","Hologram+1","Echo Form+1","Hologram+1","Redo+1","Redo+1","Self Repair+1","Ball Lightning+1","Thunder Strike","Recycle","Conserve Battery+1"],"relics":["Cracked Core","Anchor","Boot","Oddly Smooth Stone","Inserter","GremlinMask","The Courier","Philosopher\u0027s Stone","Runic Capacitor","Ginger","Turnip"],"acts_visited":["Exordium","TheCity","TheBeyond"],"potions_floor_usage":[16,16,33,33,33],"damage_taken":[{"damage":7,"enemies":"Jaw Worm","floor":1,"turns":4},{"damage":5,"enemies":"Small Slimes","floor":3,"turns":4},{"damage":0,"enemies":"Cultist","floor":7,"turns":3},{"damage":6,"enemies":"Blue Slaver","floor":10,"turns":3},{"damage":1,"enemies":"Looter","floor":14,"turns":3},{"damage":20,"enemies":"The Guardian","floor":16,"turns":7},{"damage":5,"enemies":"Chosen","floor":18,"turns":6},{"damage":16,"enemies":"2 Thieves","floor":24,"turns":5},{"damage":13,"enemies":"Centurion and Healer","floor":25,"turns":6},{"damage":30,"enemies":"Snake Plant","floor":28,"turns":4},{"damage":13,"enemies":"Snecko","floor":29,"turns":5},{"damage":17,"enemies":"Chosen and Byrds","floor":31,"turns":8},{"damage":61,"enemies":"Automaton","floor":33,"turns":11},{"damage":9,"enemies":"Orb Walker","floor":35,"turns":3},{"damage":9,"enemies":"3 Darklings","floor":36,"turns":5},{"damage":4,"enemies":"Mind Bloom Boss Battle","floor":39,"turns":7},{"damage":60,"enemies":"Sphere and 2 Shapes","floor":46,"turns":4},{"damage":40,"enemies":"Transient","floor":47,"turns":5}],"seed_played":"-7656906107076685218","potions_obtained":[{"floor":1,"key":"FocusPotion"},{"floor":10,"key":"PotionOfCapacity"},{"floor":16,"key":"Regen Potion"},{"floor":24,"key":"DistilledChaos"},{"floor":25,"key":"Explosive Potion"},{"floor":33,"key":"Block Potion"},{"floor":36,"key":"Block Potion"},{"floor":39,"key":"LiquidBronze"}],"is_trial":false,"path_per_floor":["M","$","M","$","?","R","M","R","T","M","?","R","?","M","R","B",null,"M","?","$","?","?","R","M","M","T","R","M","M","R","M","R","B",null,"M","M","$","$","?","?","R","?","R","T","$","M","M"],"character_chosen":"DEFECT","items_purchased":["Anchor","Static Discharge","Conserve Battery","Ball Lightning","Redo","Runic Capacitor"],"campfire_rested":3,"item_purchase_floors":[2,2,2,4,20,37],"current_hp_per_floor":[68,68,63,63,60,60,60,60,60,54,39,39,39,38,60,40,75,70,70,70,70,70,70,54,41,41,41,21,28,50,53,75,36,75,75,75,75,75,71,71,71,71,71,71,71,21,0,0],"gold":89,"neow_bonus":"TWO_FIFTY_GOLD","is_daily":false,"chose_seed":false,"campfire_upgraded":7,"win_rate":0.0,"timestamp":1607653599,"path_taken":["M","$","M","$","?","R","M","R","T","M","?","R","?","M","R","BOSS","M","?","$","?","?","R","M","M","T","R","M","M","R","?","R","BOSS","M","M","$","$","?","?","R","?","R","T","$","M","?"],"items_purchased_type":["Relic","Card","Card","Card","Card","Relic"],"build_version":"2020-11-30","purchased_purges":4,"victory":false,"max_hp_per_floor":[75,75,75,75,75,75,75,75,75,75,75,75,75,75,75,75,75,75,75,75,75,75,75,75,75,75,75,75,75,75,75,75,75,75,75,75,75,75,75,75,75,75,75,75,75,75,75,75],"card_choices":[{"not_picked":["Compile Driver","Chaos"],"picked":"Consume","floor":1},{"not_picked":["Coolheaded","Darkness","Stack"],"picked":"SKIP","floor":3},{"not_picked":["Streamline","Coolheaded","Buffer"],"picked":"SKIP","floor":7},{"not_picked":["Sweeping Beam","Streamline"],"picked":"Conserve Battery","floor":10},{"not_picked":["Chaos","Beam Cell"],"picked":"Hologram","floor":14},{"not_picked":["Seek","Core Surge"],"picked":"Echo Form","floor":16},{"not_picked":["Ball Lightning","Streamline"],"picked":"Hologram+1","floor":18},{"not_picked":["Beam Cell+1","Turbo"],"picked":"Redo","floor":24},{"not_picked":["Turbo","Leap"],"picked":"Self Repair+1","floor":25},{"not_picked":["Compile Driver+1","Genetic Algorithm+1","Gash"],"picked":"SKIP","floor":28},{"not_picked":["Glacier","Aggregate","Fusion"],"picked":"SKIP","floor":29},{"not_picked":["Consume","Chaos"],"picked":"Ball Lightning+1","floor":31},{"not_picked":["Creative AI","Seek"],"picked":"Thunder Strike","floor":33},{"not_picked":["Hello World","Beam Cell","Cold Snap"],"picked":"SKIP","floor":35},{"not_picked":["Turbo+1","Fusion+1"],"picked":"Recycle","floor":36},{"not_picked":["Turbo+1","Scrape"],"picked":"Conserve Battery+1","floor":46}],"player_experience":1415989,"relics_obtained":[{"floor":9,"key":"Oddly Smooth Stone"},{"floor":26,"key":"The Courier"},{"floor":39,"key":"Ginger"},{"floor":44,"key":"Turnip"}],"event_choices":[{"damage_healed":0,"gold_gain":0,"player_choice":"Success","damage_taken":3,"relics_obtained":["Boot"],"max_hp_gain":0,"max_hp_loss":0,"event_name":"Scrap Ooze","floor":5,"gold_loss":0},{"damage_healed":0,"gold_gain":0,"player_choice":"Entered Light","damage_taken":15,"max_hp_gain":0,"max_hp_loss":0,"event_name":"Shining Light","floor":11,"gold_loss":0,"cards_upgraded":["Defend_B","Defend_B"]},{"damage_healed":0,"gold_gain":0,"player_choice":"Ignored","damage_taken":0,"max_hp_gain":0,"max_hp_loss":0,"event_name":"Liars Game","floor":13,"gold_loss":0},{"cards_removed":["Strike_B"],"damage_healed":0,"gold_gain":0,"player_choice":"Elegance","damage_taken":0,"max_hp_gain":0,"max_hp_loss":0,"event_name":"Back to Basics","floor":19,"gold_loss":0},{"damage_healed":0,"gold_gain":99,"player_choice":"Stole From Cult","damage_taken":0,"max_hp_gain":0,"max_hp_loss":0,"event_name":"Nest","floor":21,"gold_loss":0},{"damage_healed":0,"gold_gain":0,"player_choice":"Trade","damage_taken":0,"relics_obtained":["GremlinMask"],"max_hp_gain":0,"max_hp_loss":0,"event_name":"FaceTrader","floor":22,"gold_loss":0},{"damage_healed":0,"gold_gain":0,"player_choice":"Fight","damage_taken":0,"max_hp_gain":0,"max_hp_loss":0,"event_name":"MindBloom","floor":39,"gold_loss":0},{"damage_healed":0,"gold_gain":0,"player_choice":"Ignored","damage_taken":0,"max_hp_gain":0,"max_hp_loss":0,"event_name":"Tomb of Lord Red Mask","floor":40,"gold_loss":0},{"damage_healed":0,"gold_gain":0,"player_choice":"Upgraded","damage_taken":0,"max_hp_gain":0,"max_hp_loss":0,"event_name":"Upgrade Shrine","floor":42,"gold_loss":0,"cards_upgraded":["Redo"]}],"is_beta":false,"boss_relics":[{"not_picked":["Velvet Choker","Runic Dome"],"picked":"Inserter"},{"not_picked":["Astrolabe","FrozenCore"],"picked":"Philosopher\u0027s Stone"}],"items_purged_floors":[2,20,37,45],"is_endless":false,"potions_floor_spawned":[1,10,16,24,25,33,36,39],"killed_by":"Transient","ascension_level":0}}