{"host":"61ejhfsushs0xmcl","time":1607692355,"event":{"mods":["Act Like it!","BaseMod","Colored Map","Dota2Spire","Gold Saver","Marisa（F雨　魔理沙）","Minty Spire (QoL Compilation)","MostiFishMod","Replay The Spire","Spicy Shops","StSLib","TestMod","The Dragon Tamer","Waifu the Spire","篝火指南"],"gold_per_floor":[116,136,154,154,192,226,246,276,276,276,286,297,315,346,346,419,419,436,351,351,367,108,137,137,168,168,180,190,10,40,60,60,137,137,152,152,165,175,193,527,543,572,596,608,647,676,703,518,389,389,389,389,139,23,54,54],"floor_reached":57,"playtime":1655,"items_purged":["Defend_B+1","Defend_B+1","Strike_B+1","Glacier+1","Strike_B+1","Dualcast+1","Zap+1","Strike_B+1"],"score":3606,"play_id":"4f4f7d07-050d-4a33-ba1d-041735b77c4c","local_time":"20201211211235","is_ascension_mode":true,"campfire_choices":[{"floor":10.0,"key":"RECALL"},{"floor":15.0,"key":"REST"},{"data":"Pot Of Greed","floor":24.0,"key":"SMITH"},{"floor":32.0,"key":"REST"}],"circlet_count":0,"master_deck":["AscendersBane","Strike_B+1","Defend_B+1","Defend_B+1","MostiFishMod:FrostNova+1","MostiFishMod:WinterMarkForm+1","Skim+1","Beam Cell+1","Hyperbeam+1","Recycle+1","Reprogram+1","Pot Of Greed+1","Pot Of Greed+1","Creative AI+1","ReplayTheSpireMod:Omega Cannon+1","ReplayTheSpireMod:GoodbyeWorld+1"],"relics":["testmod-TestBox","FrostBlade","testmod-Fanaticism","DSteel32","Question Card","Dota2Spire:ArmletOfMordiggian","Bronze Scales","Dota2Spire:MaskOfMadness","Du-Vu Doll","ImportantClient","Black Star","Dota2Spire:PowerTreads","ClockworkSouvenir","Grinning Jar","Lantern","Bottled Flame","ReplayTheSpireMod:Lightbulb","Bottled Lightning","Ornamental Fan","Membership Card","Replay:Arrowhead","PreservedInsect","Runic Pyramid","Replay:Wax Seal","Old Coin","Blue Candle","CeramicFish","MawBank","DaveBox","ArrowTower","Smiling Mask","Replay:Bottled Steam","testmod-Antiphasic","Guide Book","Oddly Smooth Stone","Carrot","Dota2Spire:PhaseBoots","Bag of Preparation","Dota2Spire:BattleFury","testmod-OneHitWonder"],"acts_visited":["Exordium","TheCity","TheBeyond","TheEnding"],"potions_floor_usage":[50,56],"damage_taken":[{"damage":16.0,"enemies":"2 Louse","floor":1.0,"turns":2.0},{"damage":19.0,"enemies":"Jaw Worm","floor":2.0,"turns":3.0},{"damage":0.0,"enemies":"Cultist","floor":3.0,"turns":2.0},{"damage":0.0,"enemies":"Gremlin Nob","floor":6.0,"turns":3.0},{"damage":5.0,"enemies":"Blue Slaver","floor":7.0,"turns":3.0},{"damage":4.0,"enemies":"3 Sentries","floor":8.0,"turns":2.0},{"damage":4.0,"enemies":"3 Louse","floor":11.0,"turns":2.0},{"damage":8.0,"enemies":"Lots of Slimes","floor":12.0,"turns":2.0},{"damage":0.0,"enemies":"Looter","floor":13.0,"turns":3.0},{"damage":0.0,"enemies":"Gremlin Nob","floor":14.0,"turns":3.0},{"damage":0.0,"enemies":"Slime Boss","floor":16.0,"turns":4.0},{"damage":0.0,"enemies":"Chosen","floor":18.0,"turns":2.0},{"damage":23.0,"enemies":"Shell Parasite","floor":21.0,"turns":2.0},{"damage":14.0,"enemies":"Gremlin Leader","floor":23.0,"turns":3.0},{"damage":40.0,"enemies":"Slavers","floor":25.0,"turns":2.0},{"damage":0.0,"enemies":"Snecko","floor":27.0,"turns":2.0},{"damage":0.0,"enemies":"Snake Plant","floor":28.0,"turns":1.0},{"damage":8.0,"enemies":"Book of Stabbing","floor":30.0,"turns":2.0},{"damage":0.0,"enemies":"Centurion and Healer","floor":31.0,"turns":2.0},{"damage":0.0,"enemies":"Collector","floor":33.0,"turns":2.0},{"damage":0.0,"enemies":"3 Darklings","floor":35.0,"turns":1.0},{"damage":28,"enemies":"3 Shapes","floor":37,"turns":1},{"damage":0,"enemies":"Maw","floor":38,"turns":2},{"damage":0,"enemies":"Spire Growth","floor":39,"turns":2},{"damage":0,"enemies":"Reptomancer","floor":40,"turns":1},{"damage":4,"enemies":"Transient","floor":41,"turns":4},{"damage":0,"enemies":"R_Hoarder","floor":42,"turns":2},{"damage":42,"enemies":"Nemesis","floor":45,"turns":3},{"damage":30,"enemies":"Maw","floor":46,"turns":3},{"damage":50,"enemies":"4 Shapes","floor":47,"turns":2},{"damage":0,"enemies":"Time Eater","floor":50,"turns":2},{"damage":78,"enemies":"Donu and Deca","floor":51,"turns":3},{"damage":38,"enemies":"Shield and Spear","floor":55,"turns":2},{"damage":195,"enemies":"The Heart","floor":56,"turns":7}],"seed_played":"-1110626797027287629","potions_obtained":[{"floor":2.0,"key":"Dexterity Potion"},{"floor":5.0,"key":"Energy Potion"},{"floor":5.0,"key":"Flashbang"},{"floor":7.0,"key":"Dota2Spire:HealingSalve"},{"floor":11.0,"key":"Venom Potion"},{"floor":12.0,"key":"SkillPotion"},{"floor":25.0,"key":"testmod-TimePotion"},{"floor":55,"key":"BlessingOfTheForge"}],"is_trial":false,"path_per_floor":["M","M","M","?","?","E","M","E","T","R","M","M","M","E","R","B",null,"M","?","?","M","$","E","R","E","T","M","M","$","E","M","R","B",null,"M","?","M","M","M","E","M","E","T","?","E","M","M","$","R","B","B",null,"R","$","E","B",null],"character_chosen":"DEFECT","items_purchased":["ClockworkSouvenir","Grinning Jar","Membership Card","testmod-Antiphasic","Guide Book","Oddly Smooth Stone","Carrot","Dota2Spire:PhaseBoots","Bag of Preparation"],"campfire_rested":2,"item_purchase_floors":[22,22,29,48,48,49,53,53,54],"current_hp_per_floor":[50,31,31,31,8,8,6,13,13,13,9,4,11,11,32,32,61,61,61,57,63,63,71,71,71,71,71,71,71,71,71,71,71,71,71,71,44,44,44,44,71,71,71,71,71,53,7,7,7,71,81,81,81,81,84,91],"gold":54,"neow_bonus":"BOSS_RELIC","is_daily":false,"chose_seed":false,"campfire_upgraded":1,"win_rate":0.0,"timestamp":1607692355,"path_taken":["M","M","M","?","?","E","M","E","T","R","M","?","M","E","R","BOSS","M","?","?","M","$","E","R","E","T","?","M","$","E","M","R","BOSS","M","?","M","M","M","E","M","E","T","?","E","M","M","$","R","BOSS","BOSS","R","$","E","BOSS"],"items_purchased_type":["Relic","Relic","Relic","Relic","Relic","Relic","Relic","Relic","Relic"],"build_version":"2020-11-30","purchased_purges":8,"victory":true,"max_hp_per_floor":[71,71,71,71,71,71,71,71,71,71,71,71,71,71,71,71,71,71,71,71,71,71,71,71,71,71,71,71,71,71,71,71,71,71,71,71,71,71,71,71,71,71,71,71,71,71,71,71,71,71,81,81,81,81,86,91],"card_choices":[{"not_picked":["Gash","ReplaySolidLightProjector","Streamline"],"picked":"SKIP","floor":1.0},{"not_picked":["Coolheaded","Barrage","MostiFishMod:ReprogramOld"],"picked":"Skim","floor":2.0},{"not_picked":["Darkness","FTL","Streamline","Loop"],"picked":"SKIP","floor":3.0},{"not_picked":["Cold Snap","All For One","Streamline","ReplaySolidLightProjector"],"picked":"SKIP","floor":6.0},{"not_picked":["Go for the Eyes","Compile Driver","Coolheaded","Double Energy"],"picked":"SKIP","floor":7.0},{"not_picked":["Ball Lightning","Blizzard","ReplaySort","Auto Shields"],"picked":"SKIP","floor":8.0},{"not_picked":["Ball Lightning","Blizzard","ReplaySort","Auto Shields"],"picked":"SKIP","floor":8.0},{"not_picked":["Hologram","Gash","Tempest","Steam"],"picked":"SKIP","floor":11.0},{"not_picked":["Streamline","Ball Lightning","Redo"],"picked":"Beam Cell","floor":12.0},{"not_picked":["MostiFishMod:DawningShadow","White Noise","Conserve Battery"],"picked":"Glacier","floor":13.0},{"not_picked":["Redo","Double Energy","Rebound","MostiFishMod:LinkProtocol"],"picked":"SKIP","floor":14.0},{"not_picked":["All For One","MostiFishMod:DawningShadow","Amplify"],"picked":"Hyperbeam","floor":16.0},{"not_picked":["Sweeping Beam","Barrage","Go for the Eyes"],"picked":"Recycle","floor":18.0},{"not_picked":["Reinforced Body","Chill","ReplayTheSpireMod:Repulse+1"],"picked":"Reprogram","floor":21.0},{"not_picked":["Darkness","Rebound","Tempest+1","Barrage"],"picked":"SKIP","floor":23.0},{"not_picked":["Doom and Gloom","Stack+1","Barrage","Auto Shields+1"],"picked":"SKIP","floor":25.0},{"not_picked":["Panic Button","Hello World","Redo","Barrage"],"picked":"SKIP","floor":27.0},{"not_picked":["Conserve Battery","Streamline","Steam Power","Scrape"],"picked":"SKIP","floor":28.0},{"not_picked":["ReplaySort","Aggregate","Sweeping Beam"],"picked":"Creative AI","floor":30.0},{"not_picked":["BasicCrystalCard","Turbo+1","ReplayTheSpireMod:Reroute Power","Rebound"],"picked":"SKIP","floor":31.0},{"not_picked":["MostiFishMod:DawningShadow","Mirror Shield","MostiFishMod:DeathFromBelow"],"picked":"ReplayTheSpireMod:Omega Cannon","floor":33.0},{"not_picked":["Undo","Streamline","Aggregate+1","Panic Button"],"picked":"SKIP","floor":35.0},{"not_picked":["Rebound+1","Sweeping Beam","Stack+1","Beam Cell+1"],"picked":"SKIP","floor":37},{"not_picked":["Aggregate","Streamline","Steam","Hologram"],"picked":"SKIP","floor":38},{"not_picked":["Compile Driver+1","Ball Lightning+1","Coolheaded+1","Chill"],"picked":"SKIP","floor":39},{"not_picked":["Sweeping Beam+1","Rebound","Go for the Eyes","Leap+1"],"picked":"SKIP","floor":40},{"not_picked":["Blizzard","Cold Snap","Lockon+1"],"picked":"ReplayTheSpireMod:GoodbyeWorld+1","floor":41},{"not_picked":["MostiFishMod:TalkingToTheRain","Leap","ReplayTheSpireMod:Reroute Power","Chill"],"picked":"SKIP","floor":42},{"not_picked":["ReplayTheSpireMod:GoodbyeWorld","Hello World","Gash","Redo"],"picked":"SKIP","floor":45},{"not_picked":["Streamline+1","Stack+1","Leap","Loop"],"picked":"SKIP","floor":46},{"not_picked":["Compile Driver","Barrage","Coolheaded+1","Hologram"],"picked":"SKIP","floor":47},{"not_picked":["Ball Lightning","Rebound","Redo","Steam+1"],"picked":"SKIP","floor":55}],"player_experience":785471,"relics_obtained":[{"floor":1.0,"key":"Question Card"},{"floor":5.0,"key":"Dota2Spire:ArmletOfMordiggian"},{"floor":6.0,"key":"Bronze Scales"},{"floor":8.0,"key":"Dota2Spire:MaskOfMadness"},{"floor":14.0,"key":"Du-Vu Doll"},{"floor":16.0,"key":"ImportantClient"},{"floor":23.0,"key":"Lantern"},{"floor":23.0,"key":"Bottled Flame"},{"floor":25.0,"key":"ReplayTheSpireMod:Lightbulb"},{"floor":25.0,"key":"Bottled Lightning"},{"floor":26.0,"key":"Ornamental Fan"},{"floor":30.0,"key":"Replay:Arrowhead"},{"floor":30.0,"key":"PreservedInsect"},{"floor":40,"key":"Replay:Wax Seal"},{"floor":40,"key":"Old Coin"},{"floor":42,"key":"Blue Candle"},{"floor":42,"key":"CeramicFish"},{"floor":43,"key":"MawBank"},{"floor":45,"key":"Smiling Mask"},{"floor":45,"key":"Replay:Bottled Steam"},{"floor":55,"key":"Dota2Spire:BattleFury"},{"floor":55,"key":"testmod-OneHitWonder"}],"event_choices":[{"damage_healed":0.0,"max_hp_gain":0.0,"max_hp_loss":0.0,"gold_gain":0.0,"event_name":"Addict","player_choice":"Obtained Relic","floor":19.0,"gold_loss":85.0,"damage_taken":0.0,"relics_obtained":["Dota2Spire:PowerTreads"]},{"damage_healed":0.0,"max_hp_gain":0.0,"max_hp_loss":0.0,"gold_gain":0.0,"event_name":"The Woman in Blue","player_choice":"Bought 0 Potions","floor":20.0,"gold_loss":0.0,"damage_taken":0.0},{"damage_healed":0,"gold_gain":0,"player_choice":"Swap Relic","damage_taken":0,"relics_obtained":["DaveBox"],"max_hp_gain":0,"max_hp_loss":0,"event_name":"给自己的盒子","floor":44,"relics_lost":["DaveBox"],"gold_loss":0}],"is_beta":false,"boss_relics":[{"not_picked":["Painkiller Herb","BirthdayGift-Tetrahedron"],"picked":"Black Star"},{"not_picked":["EE1DDrone","testmod-Prudence"],"picked":"Runic Pyramid"}],"items_purged_floors":[22,29,48,48,49,53,53,54],"is_endless":false,"potions_floor_spawned":[2,7,11,12,14,21,23,25,27,35,39,40,45,55],"ascension_level":20}}