{"host":"2461dio7vetlq1z3","time":1607692612,"event":{"mods":["AchievementEnabler","BaseMod","Hermit","Lobotomy","Minty Spire (QoL Compilation)","Relic Stats","StSLib","Waifu the Spire"],"gold_per_floor":[116,191,191,266,282,282,280,280,280,56,86,86,106,101,101,200,200,215,235,150,163,163,163,157,157,182,181,190,190,207,207,207],"floor_reached":31,"playtime":1895,"items_purged":[],"score":329,"play_id":"050b6161-036f-4481-b6c4-743788d0b177","local_time":"20201211141652","is_ascension_mode":true,"campfire_choices":[{"data":"Conclude","floor":6,"key":"SMITH"},{"data":"Eruption","floor":8,"key":"SMITH"},{"data":"TalkToTheHand","floor":12,"key":"SMITH"},{"floor":15,"key":"REST"},{"data":"Devotion","floor":23,"key":"SMITH"},{"data":"Collect","floor":25,"key":"SMITH"},{"floor":29,"key":"REST"}],"circlet_count":0,"master_deck":["Strike_P","Strike_P","Strike_P","Strike_P","Defend_P","Defend_P","Defend_P","Defend_P","Eruption+1","Vigilance","Freischutz","ReachHeaven","Conclude+1","ReachHeaven","BlackSwan","WheelKick","TalkToTheHand+1","Adaptation","SpiderBud","InnerPeace","MeatLantern","Collect+1","Devotion+1","GalaxyChild","ThirdEye+1","MeltingLove","Meditate","Meditate","Meditate+1"],"relics":["PureWater","CogitoBucket","Prayer Wheel","StoneCalendar","PreservedInsect","Tiny Chest","Odd Mushroom","FleshIdol","Sozu","Art of War","ResearcherNote","Ancient Tea Set","Damaru"],"acts_visited":["Exordium","TheCity"],"potions_floor_usage":[13],"damage_taken":[{"damage":0,"enemies":"Jaw Worm","floor":1,"turns":3},{"damage":0,"enemies":"Small Slimes","floor":5,"turns":2},{"damage":2,"enemies":"3 Sentries","floor":7,"turns":3},{"damage":12,"enemies":"Gremlin Nob","floor":11,"turns":3},{"damage":0,"enemies":"The Mushroom Lair","floor":13,"turns":1},{"damage":22,"enemies":"2 Louse","floor":14,"turns":5},{"damage":13,"enemies":"Hexaghost","floor":16,"turns":9},{"damage":1,"enemies":"Chosen","floor":18,"turns":4},{"damage":19,"enemies":"3 Byrds","floor":19,"turns":4},{"damage":25,"enemies":"Centurion and Healer","floor":21,"turns":7},{"damage":23,"enemies":"Chosen and Byrds","floor":24,"turns":5},{"damage":18,"enemies":"3 Cultists","floor":27,"turns":5},{"damage":23,"enemies":"Slavers","floor":28,"turns":5},{"damage":15,"enemies":"Sentry and Sphere","floor":30,"turns":4},{"damage":29,"enemies":"Book of Stabbing","floor":31,"turns":4}],"seed_played":"8964285723648568886","potions_obtained":[{"floor":5,"key":"AttackPotion"},{"floor":11,"key":"DuplicationPotion"},{"floor":14,"key":"Ambrosia"},{"floor":16,"key":"BlessingOfTheForge"}],"is_trial":false,"path_per_floor":["M","?","?","?","M","R","E","R","T","$","E","R","?","M","R","B",null,"M","M","?","M","?","R","M","R","T","M","E","R","M","E"],"character_chosen":"WATCHER","items_purchased":["TalkToTheHand","PreservedInsect"],"campfire_rested":2,"item_purchase_floors":[10,10],"current_hp_per_floor":[72,61,54,54,54,54,52,52,52,52,40,40,40,18,39,34,63,62,43,43,22,82,82,61,61,61,43,20,44,29,0,0],"gold":207,"neow_bonus":"","is_daily":false,"chose_seed":false,"campfire_upgraded":5,"win_rate":0.0,"timestamp":1607692612,"path_taken":["M","?","?","?","M","R","E","R","T","$","E","R","?","M","R","BOSS","M","M","?","M","?","R","M","R","T","M","E","R","M","E"],"items_purchased_type":["Card","Relic"],"build_version":"2020-11-30","purchased_purges":0,"victory":false,"max_hp_per_floor":[72,72,72,72,72,72,72,72,72,72,72,72,72,72,72,72,72,72,72,72,72,82,82,82,82,82,82,82,82,82,82,82],"relic_stats":{"Sozu":4,"counters":[17,66],"Prayer Wheel":8,"StoneCalendar":[52],"Tiny Chest":0,"PreservedInsect":101,"Art of War":[3],"obtain_stats":[{"Damaru":28,"StoneCalendar":7,"FleshIdol":14,"ResearcherNote":24,"PreservedInsect":10,"Odd Mushroom":13,"Ancient Tea Set":26,"Sozu":17,"CogitoBucket":0,"Prayer Wheel":3,"Tiny Chest":11,"Art of War":20,"PureWater":0},{"Damaru":15,"StoneCalendar":3,"FleshIdol":7,"ResearcherNote":13,"PreservedInsect":3,"Odd Mushroom":5,"Ancient Tea Set":13,"Sozu":8,"CogitoBucket":0,"Prayer Wheel":1,"Tiny Chest":4,"Art of War":10,"PureWater":0},{"Damaru":58,"StoneCalendar":8,"FleshIdol":18,"ResearcherNote":48,"PreservedInsect":8,"Odd Mushroom":12,"Ancient Tea Set":48,"Sozu":27,"CogitoBucket":0,"Prayer Wheel":3,"Tiny Chest":11,"Art of War":35,"PureWater":0}]},"card_choices":[{"not_picked":["CherryBlossoms","ShyLook"],"picked":"Freischutz","floor":1},{"not_picked":["Study","ClearTheMind"],"picked":"ReachHeaven","floor":1},{"not_picked":["Pray","Nirvana"],"picked":"Conclude","floor":5},{"not_picked":["PathToVictory","Pray"],"picked":"ReachHeaven","floor":5},{"not_picked":["HappyTeddy","BeautyBeast"],"picked":"BlackSwan","floor":5},{"not_picked":["Halt","ClearTheMind"],"picked":"WheelKick","floor":7},{"not_picked":["Evaluate","SignatureMove"],"picked":"Adaptation","floor":11},{"not_picked":["DespairKnight","GreedKing"],"picked":"SpiderBud","floor":11},{"not_picked":["Evaluate","SignatureMove"],"picked":"InnerPeace","floor":14},{"not_picked":["LaLuna","Porccubus"],"picked":"MeatLantern","floor":14},{"not_picked":["Evaluate","FlurryOfBlows","EmptyBody"],"picked":"SKIP","floor":14},{"not_picked":["SpiritShield","Wish"],"picked":"Blasphemy","floor":16},{"not_picked":["PathToVictory+1","WheelKick"],"picked":"Collect","floor":18},{"not_picked":["JustLucky","Collect","Consecrate+1"],"picked":"SKIP","floor":18},{"not_picked":["ClearTheMind","JustLucky+1"],"picked":"Devotion","floor":19},{"not_picked":["Wellcheers","VoidDream"],"picked":"GalaxyChild","floor":19},{"not_picked":["EmptyBody+1","Halt+1","PathToVictory"],"picked":"SKIP","floor":19},{"not_picked":["ReachHeaven","BowlingBash"],"picked":"ThirdEye+1","floor":21},{"not_picked":["Vengeance","Tantrum","FlurryOfBlows+1"],"picked":"SKIP","floor":21},{"not_picked":["UniverseFragment","CrumblingArmor"],"picked":"MeltingLove","floor":24},{"not_picked":["CarveReality","Swivel"],"picked":"Meditate","floor":24},{"not_picked":["FollowUp","Tantrum"],"picked":"Meditate","floor":24},{"not_picked":["CutThroughFate","JustLucky"],"picked":"Meditate+1","floor":27},{"not_picked":["ThirdEye","Collect","CarveReality"],"picked":"SKIP","floor":27},{"not_picked":["SandsOfTime+1","Meditate+1","CrushJoints+1"],"picked":"SKIP","floor":28},{"not_picked":["JustLucky","Prostrate","Evaluate"],"picked":"SKIP","floor":30},{"not_picked":["Crescendo+1","FearNoEvil+1","CrushJoints"],"picked":"SKIP","floor":30}],"player_experience":621424,"relics_obtained":[{"floor":7,"key":"StoneCalendar"},{"floor":11,"key":"Tiny Chest"},{"floor":13,"key":"Odd Mushroom"},{"floor":26,"key":"Ancient Tea Set"},{"floor":28,"key":"Damaru"}],"event_choices":[{"damage_healed":0,"gold_gain":75,"player_choice":"Gather Gold","damage_taken":11,"max_hp_gain":0,"max_hp_loss":0,"event_name":"World of Goop","floor":2,"gold_loss":0},{"damage_healed":0,"gold_gain":0,"player_choice":"Success","damage_taken":7,"relics_obtained":["Prayer Wheel"],"max_hp_gain":0,"max_hp_loss":0,"event_name":"Scrap Ooze","floor":3,"gold_loss":0},{"damage_healed":0,"gold_gain":75,"player_choice":"Gained Gold","damage_taken":0,"max_hp_gain":0,"max_hp_loss":0,"event_name":"Golden Wing","floor":4,"gold_loss":0},{"damage_healed":0,"gold_gain":0,"player_choice":"Fought Mushrooms","damage_taken":0,"max_hp_gain":0,"max_hp_loss":0,"event_name":"Mushrooms","floor":13,"gold_loss":0},{"damage_healed":0,"gold_gain":0,"player_choice":"Obtained Relic","damage_taken":0,"relics_obtained":["Art of War"],"max_hp_gain":0,"max_hp_loss":0,"event_name":"Addict","floor":20,"gold_loss":85},{"cards_removed":["Blasphemy"],"damage_healed":50,"gold_gain":0,"player_choice":"Offered Rare","damage_taken":0,"max_hp_gain":10,"max_hp_loss":0,"event_name":"Bonfire Elementals","floor":22,"gold_loss":0}],"is_beta":false,"boss_relics":[{"not_picked":["Tiny House","SacredBark"],"picked":"Sozu"}],"items_purged_floors":[],"is_endless":false,"potions_floor_spawned":[5,11,14,16,19,27,28,30],"killed_by":"Book of Stabbing","ascension_level":5}}