{"host":"yvb207ks1sg3cxef","time":1607726086,"event":{"mods":["BaseMod","Bestiary","Colored Powertips","Minty Spire (QoL Compilation)","Permanent Neow","Quick Restart","Relic Stats"],"gold_per_floor":[118,129,142,48,66,92,92,118,196,209,209,238,252,292,292,421,421,440,440,440,456,474,474,474],"floor_reached":23,"playtime":1363,"items_purged":[],"score":298,"play_id":"9941f74c-017f-4ce8-97d4-debfafc0c659","local_time":"20201212040446","is_ascension_mode":true,"campfire_choices":[{"data":"Devotion","floor":7.0,"key":"SMITH"},{"floor":15.0,"key":"REST"}],"circlet_count":0,"master_deck":["Strike_P","Strike_P+1","Strike_P","Strike_P","Defend_P","Defend_P","Defend_P","Defend_P","Eruption","Vigilance+1","EmptyBody","FlyingSleeves","FearNoEvil","LikeWater","CrushJoints","Protect","Devotion+1","Sanctity","Evaluate","Vault","FlurryOfBlows","LessonLearned","Study+1","Evaluate+1","Tantrum","ClearTheMind","Perseverance","InnerPeace+1"],"relics":["VioletLotus","Prayer Wheel","Pocketwatch","Golden Idol","Odd Mushroom","Boot","Black Star","Toy Ornithopter"],"acts_visited":["Exordium","TheCity"],"potions_floor_usage":[],"damage_taken":[{"damage":0.0,"enemies":"Jaw Worm","floor":1.0,"turns":3.0},{"damage":0.0,"enemies":"2 Louse","floor":2.0,"turns":2.0},{"damage":0.0,"enemies":"Small Slimes","floor":3.0,"turns":2.0},{"damage":11.0,"enemies":"Exordium Thugs","floor":5.0,"turns":4.0},{"damage":16.0,"enemies":"Gremlin Nob","floor":6.0,"turns":3.0},{"damage":23.0,"enemies":"3 Sentries","floor":8.0,"turns":10.0},{"damage":7.0,"enemies":"Gremlin Gang","floor":10.0,"turns":5.0},{"damage":2.0,"enemies":"The Mushroom Lair","floor":12.0,"turns":5.0},{"damage":3.0,"enemies":"Blue Slaver","floor":13.0,"turns":4.0},{"damage":0.0,"enemies":"Lagavulin","floor":14.0,"turns":5.0},{"damage":4.0,"enemies":"Hexaghost","floor":16.0,"turns":8.0},{"damage":8.0,"enemies":"3 Byrds","floor":18.0,"turns":4.0},{"damage":0.0,"enemies":"Shell Parasite","floor":21.0,"turns":7.0},{"damage":15.0,"enemies":"Cultist and Chosen","floor":22.0,"turns":9.0},{"damage":28,"enemies":"Book of Stabbing","floor":23,"turns":6}],"seed_played":"8407857104239572743","potions_obtained":[{"floor":1.0,"key":"Block Potion"},{"floor":5.0,"key":"SkillPotion"},{"floor":6.0,"key":"LiquidMemories"},{"floor":14.0,"key":"LiquidBronze"}],"is_trial":false,"path_per_floor":["M","M","M","$","M","E","R","E","T","M","?","?","M","E","R","B",null,"M","?","?","M","M","E"],"character_chosen":"WATCHER","items_purchased":["LikeWater","CrushJoints"],"campfire_rested":1,"item_purchase_floors":[4,4],"current_hp_per_floor":[72,72,72,72,61,45,45,22,22,15,15,13,10,10,30,26,57,49,49,43,43,28,0,0],"gold":474,"neow_bonus":"BOSS_RELIC","is_daily":false,"chose_seed":false,"campfire_upgraded":1,"win_rate":0.0,"timestamp":1607726086,"path_taken":["M","M","M","$","M","E","R","E","T","M","?","?","M","E","R","BOSS","M","?","?","?","?","E"],"items_purchased_type":["Card","Card"],"build_version":"2020-11-30","purchased_purges":0,"victory":false,"max_hp_per_floor":[72,72,72,72,72,72,72,72,72,72,67,67,67,67,67,67,67,67,67,67,67,67,67,67],"relic_stats":{"counters":[15,77],"Golden Idol":54,"Prayer Wheel":5,"VioletLotus":[24],"Black Star":0,"Boot":[39],"obtain_stats":[{"Golden Idol":11,"Prayer Wheel":6,"VioletLotus":0,"Black Star":17,"PureWater":0,"Odd Mushroom":12,"Boot":14,"Toy Ornithopter":19,"Pocketwatch":8},{"Golden Idol":7,"Prayer Wheel":5,"VioletLotus":0,"Black Star":11,"PureWater":0,"Odd Mushroom":8,"Boot":10,"Toy Ornithopter":12,"Pocketwatch":6},{"Golden Idol":29,"Prayer Wheel":14,"VioletLotus":0,"Black Star":51,"PureWater":0,"Odd Mushroom":34,"Boot":43,"Toy Ornithopter":55,"Pocketwatch":24}],"Toy Ornithopter":0,"Pocketwatch":[76]},"card_choices":[{"not_picked":["FollowUp","Worship"],"picked":"EmptyBody","floor":1.0},{"not_picked":["Halt","CrushJoints"],"picked":"FlyingSleeves","floor":2.0},{"not_picked":["CarveReality","Wireheading"],"picked":"FearNoEvil","floor":3.0},{"not_picked":["Consecrate","ClearTheMind"],"picked":"Protect","floor":5.0},{"not_picked":["SashWhip","Collect"],"picked":"Devotion","floor":6.0},{"not_picked":["SignatureMove","BowlingBash","Halt"],"picked":"SKIP","floor":8.0},{"not_picked":["WreathOfFlame","FlyingSleeves"],"picked":"Sanctity","floor":10.0},{"not_picked":["ClearTheMind","Vengeance"],"picked":"Evaluate","floor":10.0},{"not_picked":["FlyingSleeves","ReachHeaven"],"picked":"Vault","floor":12.0},{"not_picked":["Protect","SashWhip"],"picked":"FlurryOfBlows","floor":13.0},{"not_picked":["Consecrate","ThirdEye","SignatureMove"],"picked":"SKIP","floor":13.0},{"not_picked":["Consecrate","WreathOfFlame","ForeignInfluence"],"picked":"SKIP","floor":14.0},{"not_picked":["Blasphemy","MasterReality"],"picked":"LessonLearned","floor":16.0},{"not_picked":["EmptyFist","Halt"],"picked":"Study+1","floor":18.0},{"not_picked":["PathToVictory","FlurryOfBlows"],"picked":"Evaluate+1","floor":18.0},{"not_picked":["Consecrate","Crescendo+1"],"picked":"Tantrum","floor":21.0},{"not_picked":["CrushJoints","SignatureMove"],"picked":"ClearTheMind","floor":21.0},{"not_picked":["Consecrate","Nirvana"],"picked":"Perseverance","floor":22.0},{"not_picked":["Wish","Halt"],"picked":"InnerPeace+1","floor":22.0}],"player_experience":168942,"relics_obtained":[{"floor":6.0,"key":"Prayer Wheel"},{"floor":8.0,"key":"Pocketwatch"},{"floor":12.0,"key":"Odd Mushroom"},{"floor":14.0,"key":"Boot"}],"event_choices":[{"damage_healed":0.0,"max_hp_gain":0.0,"max_hp_loss":5.0,"gold_gain":0.0,"event_name":"Golden Idol","player_choice":"Lose Max HP","floor":11.0,"gold_loss":0.0,"damage_taken":0.0,"relics_obtained":["Golden Idol"]},{"damage_healed":0.0,"max_hp_gain":0.0,"max_hp_loss":0.0,"gold_gain":0.0,"event_name":"Mushrooms","player_choice":"Fought Mushrooms","floor":12.0,"gold_loss":0.0,"damage_taken":0.0},{"damage_healed":0.0,"max_hp_gain":0.0,"max_hp_loss":0.0,"gold_gain":0.0,"event_name":"The Mausoleum","player_choice":"Opened","floor":19.0,"gold_loss":0.0,"damage_taken":0.0,"relics_obtained":["Toy Ornithopter"]},{"damage_healed":0.0,"max_hp_gain":0.0,"max_hp_loss":0.0,"gold_gain":0.0,"event_name":"Wheel of Change","player_choice":"Damaged","floor":20.0,"gold_loss":0.0,"damage_taken":6.0}],"is_beta":false,"boss_relics":[{"not_picked":["Tiny House","Philosopher\u0027s Stone"],"picked":"Black Star"}],"items_purged_floors":[],"is_endless":false,"potions_floor_spawned":[1,5,6,14],"killed_by":"Book of Stabbing","ascension_level":5}}