{"host":"x0g9zc8ypjv50zb0","time":1607698403,"event":{"mods":["BaseMod","Better Third Choice","Downfall","KomeijiMod","Minty Spire (QoL Compilation)","Replay The Spire","Shop Mod","Spicy Shops","StSLib","The Bug Knight","The Cursed","The Servant 0.9.4","WarShipGirlsR/战舰少女R mod","[IsaacMod]以撒尖塔","【遗物卡牌】REMEMod"],"gold_per_floor":[113,124,124,224,271,271,20,54,54,64,96,117,159,178,178,227,227],"floor_reached":16,"playtime":1167,"items_purged":["Regret"],"score":112,"play_id":"e8e386c8-9a11-427a-b52c-37505664cbef","local_time":"20201211225323","is_ascension_mode":false,"campfire_choices":[{"data":"DoctorFetus","floor":6.0,"key":"SMITH"},{"data":"HollowMod:MantisMark","floor":15,"key":"SMITH"}],"circlet_count":0,"master_deck":["HollowMod:NailStrikeStart","HollowMod:NailStrikeStart","HollowMod:NailStrikeStart","HollowMod:NailStrikeStart","HollowMod:QuickDashStart","HollowMod:QuickDashStart","HollowMod:QuickDashStart","HollowMod:QuickDashStart","HollowMod:FocusHealStart","HollowMod:PogoStrike","DoctorFetus+1","WheelKick","HollowMod:AbyssShriek","HollowMod:ZotesMagnificence","HollowMod:DescendingDark","HollowMod:SiblingsSouls+1","HollowMod:CloakDash","HollowMod:DoubleDash","HollowMod:WraithStrike","HollowMod:MantisMark","HollowMod:MantisMark+1"],"relics":["HollowMod:VesselMask","HushsDoor","REME_ComplimentaryCards","NineVolt","PreservedInsect","SalivaCoin","KyoryuNoHagoromo","Bottled Flame","Garlic"],"acts_visited":["Exordium"],"potions_floor_usage":[8,11],"damage_taken":[{"damage":3.0,"enemies":"Small Slimes","floor":1.0,"turns":3.0},{"damage":0.0,"enemies":"2 Louse","floor":2.0,"turns":1.0},{"damage":2,"enemies":"Gremlin Nob","floor":8,"turns":3},{"damage":0,"enemies":"Jaw Worm","floor":10,"turns":1},{"damage":9,"enemies":"Gremlin Gang","floor":11,"turns":3},{"damage":2,"enemies":"Exordium Thugs","floor":12,"turns":3},{"damage":25,"enemies":"Lagavulin","floor":13,"turns":6},{"damage":2,"enemies":"Looter","floor":14,"turns":2},{"damage":49,"enemies":"HollowMod:FalseKnight","floor":16,"turns":6}],"seed_played":"-1778935109411121765","potions_obtained":[{"floor":1.0,"key":"Weak Potion"},{"floor":2.0,"key":"Block Potion"},{"floor":12,"key":"Swift Potion"},{"floor":14,"key":"SmokeBomb"}],"is_trial":false,"path_per_floor":["M","M","?","?","T","R","$","E","T","M","M","M","E","M","R","B"],"character_chosen":"THE_BUGKNIGHT","items_purchased":["HollowMod:SiblingsSouls+1","SalivaCoin"],"campfire_rested":0,"item_purchase_floors":[7,7],"current_hp_per_floor":[79,79,79,79,79,79,79,77,77,77,68,66,41,39,39,0,0],"gold":227,"neow_bonus":"TEN_PERCENT_HP_BONUS","is_daily":false,"chose_seed":false,"campfire_upgraded":2,"win_rate":0.0,"timestamp":1607698403,"path_taken":["M","M","?","?","?","R","?","E","T","M","M","M","E","M","R","BOSS"],"items_purchased_type":["Undefined","Relic"],"build_version":"2020-11-30","purchased_purges":1,"victory":false,"max_hp_per_floor":[82,82,82,82,82,82,82,82,82,82,82,82,82,82,82,82,82],"card_choices":[{"not_picked":[],"picked":"DoctorFetus","floor":0.0},{"not_picked":["HollowMod:ChannelNail","Bomb"],"picked":"HollowMod:AbyssShriek","floor":1.0},{"not_picked":["HollowMod:InfectedAttack","HollowMod:MothsMistake"],"picked":"HollowMod:ZotesMagnificence","floor":2.0},{"not_picked":["HollowMod:NewLittleFool","HollowMod:SoulVessel"],"picked":"HollowMod:DescendingDark","floor":4.0},{"not_picked":["HollowMod:SoulSplash","HollowMod:NewJinnsSoul"],"picked":"HollowMod:CloakDash","floor":8},{"not_picked":["HollowMod:SoulVessel","HollowMod:HowlingWraiths"],"picked":"HollowMod:DoubleDash","floor":10},{"not_picked":["HollowMod:SiblingsSouls","HollowMod:ChannelNail"],"picked":"HollowMod:WraithStrike","floor":11},{"not_picked":["HollowMod:HowlingWraiths","HollowMod:QuirrelsAssistance"],"picked":"HollowMod:MantisMark","floor":12},{"not_picked":["HollowMod:DreamGate","HollowMod:InfectedCysts"],"picked":"HollowMod:MantisMark","floor":13},{"not_picked":["HollowMod:HowlingWraiths","HollowMod:GoodIntentions","HollowMod:InfectedAttack"],"picked":"SKIP","floor":14}],"player_experience":136684,"relics_obtained":[{"floor":8,"key":"KyoryuNoHagoromo"},{"floor":9,"key":"Bottled Flame"},{"floor":13,"key":"Garlic"}],"event_choices":[{"damage_healed":0.0,"max_hp_gain":0.0,"max_hp_loss":0.0,"gold_gain":0.0,"event_name":"Big Fish","player_choice":"Box","floor":3.0,"gold_loss":0.0,"damage_taken":0.0,"relics_obtained":["PreservedInsect"],"cards_obtained":["Regret"]}],"is_beta":false,"boss_relics":[],"items_purged_floors":[7],"is_endless":false,"potions_floor_spawned":[1,2,12,14],"killed_by":"HollowMod:FalseKnight","ascension_level":0}}