{"host":"1tl36azeqm6yhdgj","time":1607726808,"event":{"mods":["AchievementEnabler","BaseMod","Minty Spire (QoL Compilation)","StSLib","The IronCluck","everything is the same but u backflip on backflip"],"gold_per_floor":[13,13,28,38,113,113,113,130,157,177,197,229,0,44,44,155,155,147,174,26,26,26],"floor_reached":21,"playtime":770,"items_purged":["Strike_R"],"score":335,"play_id":"f05f5ae2-af9f-47a7-9e02-bdce350af7aa","local_time":"20201211174648","is_ascension_mode":true,"campfire_choices":[{"data":"Double Tap","floor":6.0,"key":"SMITH"},{"floor":15.0,"key":"REST"}],"circlet_count":0,"master_deck":["AscendersBane","Strike_R","Strike_R","Defend_R","Defend_R","Defend_R","Defend_R","Bash","Magnetism","Dropkick","PanicButton","Double Tap+1","Searing Blow","Thunderclap","Barricade","Anger","Fire Breathing","Demon Form","Burning Pact","Shrug It Off"],"relics":["Burning Blood","Vajra","Regal Pillow","ClockworkSouvenir","CeramicFish","Empty Cage","Lantern"],"acts_visited":["Exordium","TheCity"],"potions_floor_usage":[21],"damage_taken":[{"damage":12.0,"enemies":"Jaw Worm","floor":1.0,"turns":4.0},{"damage":11.0,"enemies":"Cultist","floor":3.0,"turns":4.0},{"damage":0.0,"enemies":"Small Slimes","floor":4.0,"turns":4.0},{"damage":11.0,"enemies":"Looter","floor":8.0,"turns":2.0},{"damage":14.0,"enemies":"Exordium Wildlife","floor":10.0,"turns":4.0},{"damage":19.0,"enemies":"Lots of Slimes","floor":11.0,"turns":6.0},{"damage":19.0,"enemies":"3 Sentries","floor":12.0,"turns":4.0},{"damage":0.0,"enemies":"Lagavulin","floor":14.0,"turns":7.0},{"damage":69,"enemies":"The Guardian","floor":16,"turns":13},{"damage":31,"enemies":"2 Thieves","floor":18,"turns":4},{"damage":7,"enemies":"Chosen","floor":19,"turns":5},{"damage":37,"enemies":"Snake Plant","floor":21,"turns":5}],"seed_played":"9189727391971062408","potions_obtained":[{"floor":1.0,"key":"BloodPotion"},{"floor":8.0,"key":"Weak Potion"},{"floor":10.0,"key":"PowerPotion"},{"floor":18,"key":"Explosive Potion"},{"floor":19,"key":"Swift Potion"}],"is_trial":false,"path_per_floor":["M","?","M","M","?","R","?","M","T","M","M","E","$","E","R","B",null,"M","M","$","M"],"character_chosen":"IRONCLAD","items_purchased":["ClockworkSouvenir","Lantern"],"campfire_rested":1,"item_purchase_floors":[13,20],"current_hp_per_floor":[66,66,61,67,56,56,49,44,44,36,23,26,26,32,71,8,62,37,36,36,0,0],"gold":26,"neow_bonus":"RANDOM_COLORLESS_2","is_daily":false,"chose_seed":false,"campfire_upgraded":1,"win_rate":0.0,"timestamp":1607726808,"path_taken":["M","?","M","?","?","R","?","M","T","M","M","E","?","E","R","BOSS","M","M","?","M"],"items_purchased_type":["Relic","Relic"],"build_version":"2020-11-30","purchased_purges":1,"victory":false,"max_hp_per_floor":[80,80,80,80,80,80,80,80,80,80,80,80,80,80,80,80,80,80,80,80,80,80],"card_choices":[{"not_picked":["Secret Weapon","Thinking Ahead"],"picked":"Magnetism","floor":0.0},{"not_picked":["Clash","Rupture"],"picked":"Dropkick","floor":1.0},{"not_picked":["Dark Embrace","Wild Strike","True Grit"],"picked":"SKIP","floor":3.0},{"not_picked":["Bloodletting","Second Wind","Sever Soul"],"picked":"SKIP","floor":4.0},{"not_picked":["Shrug It Off","Armaments","Rupture"],"picked":"SKIP","floor":8.0},{"not_picked":["Searing Blow","Clothesline"],"picked":"Thunderclap","floor":10.0},{"not_picked":["Whirlwind","Dropkick"],"picked":"Barricade","floor":11.0},{"not_picked":["Armaments","Twin Strike"],"picked":"Anger","floor":12.0},{"not_picked":["Entrench","Twin Strike"],"picked":"Fire Breathing","floor":14.0},{"not_picked":["Berserk","Corruption"],"picked":"Demon Form","floor":16},{"not_picked":["Cleave","Battle Trance"],"picked":"Burning Pact","floor":18},{"not_picked":["Reckless Charge","Bloodletting"],"picked":"Shrug It Off","floor":19}],"player_experience":1909169,"relics_obtained":[{"floor":12.0,"key":"Regal Pillow"},{"floor":14.0,"key":"CeramicFish"}],"event_choices":[{"damage_healed":0.0,"max_hp_gain":0.0,"max_hp_loss":0.0,"gold_gain":0.0,"event_name":"Match and Keep!","player_choice":"3 cards matched","floor":2.0,"gold_loss":0.0,"damage_taken":0.0,"cards_obtained":["PanicButton","Double Tap","Searing Blow"]},{"damage_healed":0.0,"max_hp_gain":0.0,"max_hp_loss":0.0,"gold_gain":75.0,"event_name":"World of Goop","player_choice":"Gather Gold","floor":5.0,"gold_loss":0.0,"damage_taken":11.0},{"damage_healed":0.0,"max_hp_gain":0.0,"max_hp_loss":0.0,"gold_gain":0.0,"event_name":"Scrap Ooze","player_choice":"Success","floor":7.0,"gold_loss":0.0,"damage_taken":7.0,"relics_obtained":["Vajra"]}],"is_beta":false,"boss_relics":[{"not_picked":["Busted Crown","Runic Pyramid"],"picked":"Empty Cage"}],"items_purged_floors":[13],"is_endless":false,"potions_floor_spawned":[1,8,10,18,19],"killed_by":"Snake Plant","ascension_level":11}}