{"host":"vfg9szunmpjwj08o","time":1607713223,"event":{"mods":["Act Like it!","BaseMod","Challenge The Spire","Colored Map","Colored Powertips","Minty Spire (QoL Compilation)","StSLib","Waifu the Spire"],"gold_per_floor":[121,133,164,196,218,230,258,270,282,326,355,347,18,34,34,34,34],"floor_reached":16,"playtime":458,"items_purged":[],"score":198,"play_id":"77e3a5c4-4027-4c1f-8379-e8cd96cf2022","local_time":"20201211200023","is_ascension_mode":true,"campfire_choices":[{"data":"Zap","floor":6.0,"key":"SMITH"},{"data":"Dualcast","floor":8.0,"key":"SMITH"},{"data":"White Noise","floor":15,"key":"SMITH"}],"circlet_count":0,"master_deck":["AscendersBane","Strike_B","Strike_B","Strike_B","Strike_B","Defend_B","Defend_B","Defend_B","Defend_B","Zap+1","Dualcast+1","Echo Form","Glacier","Ball Lightning","Skim","White Noise+1","Storm+1","Chill"],"relics":["Cracked Core","MawBank","Letter Opener","Question Card","Vajra","Frozen Egg 2"],"acts_visited":["Exordium"],"potions_floor_usage":[10,16],"damage_taken":[{"damage":5.0,"enemies":"2 Louse","floor":1.0,"turns":2.0},{"damage":1.0,"enemies":"Cultist","floor":3.0,"turns":3.0},{"damage":0.0,"enemies":"Small Slimes","floor":4.0,"turns":4.0},{"damage":8.0,"enemies":"3 Louse","floor":5.0,"turns":4.0},{"damage":4.0,"enemies":"2 Fungi Beasts","floor":7.0,"turns":4.0},{"damage":15,"enemies":"3 Sentries","floor":10,"turns":9},{"damage":14,"enemies":"Red Slaver","floor":11,"turns":3},{"damage":3,"enemies":"Blue Slaver","floor":14,"turns":4},{"damage":16,"enemies":"The Guardian","floor":16,"turns":4}],"seed_played":"-1563057287438908491","potions_obtained":[{"floor":5.0,"key":"Ancient Potion"},{"floor":7.0,"key":"SteroidPotion"},{"floor":10,"key":"BlessingOfTheForge"},{"floor":11,"key":"AttackPotion"}],"is_trial":false,"path_per_floor":["M","?","M","M","M","R","M","R","T","E","M","?","$","M","R","B"],"character_chosen":"DEFECT","items_purchased":["Frozen Egg 2","Storm+1"],"campfire_rested":0,"item_purchase_floors":[13,13],"current_hp_per_floor":[59,59,58,58,50,50,46,46,46,31,17,17,17,14,14,0,0],"gold":34,"neow_bonus":"RANDOM_COMMON_RELIC","is_daily":false,"chose_seed":false,"campfire_upgraded":3,"win_rate":0.0,"timestamp":1607713223,"path_taken":["M","?","M","M","M","R","?","R","T","E","?","?","$","?","R","BOSS"],"items_purchased_type":["Relic","Card"],"build_version":"2020-11-30","purchased_purges":0,"victory":false,"max_hp_per_floor":[71,71,71,71,71,71,71,71,71,71,71,71,71,71,71,71,71],"card_choices":[{"not_picked":["Hologram","Rebound"],"picked":"Cold Snap","floor":1.0},{"not_picked":["Coolheaded","Steam"],"picked":"Echo Form","floor":3.0},{"not_picked":["Scrape","Leap"],"picked":"Glacier","floor":4.0},{"not_picked":["Barrage","Stack","Consume"],"picked":"SKIP","floor":5.0},{"not_picked":["Force Field","Coolheaded"],"picked":"Ball Lightning","floor":7.0},{"not_picked":["Beam Cell","Genetic Algorithm","Leap"],"picked":"Skim","floor":10},{"not_picked":["Barrage","Cold Snap","Conserve Battery"],"picked":"White Noise","floor":11},{"not_picked":["Lockon","Sweeping Beam","Go for the Eyes"],"picked":"Chill","floor":14}],"player_experience":975571,"relics_obtained":[{"floor":9.0,"key":"Question Card"},{"floor":10,"key":"Vajra"}],"event_choices":[{"cards_removed":["Cold Snap"],"damage_healed":0.0,"max_hp_gain":0.0,"max_hp_loss":0.0,"gold_gain":0.0,"event_name":"WeMeetAgain","player_choice":"Gave Card","floor":2.0,"gold_loss":0.0,"damage_taken":0.0,"relics_obtained":["Letter Opener"]},{"damage_healed":0,"gold_gain":0,"player_choice":"Bought 1 Potion","damage_taken":0,"max_hp_gain":0,"max_hp_loss":0,"event_name":"The Woman in Blue","floor":12,"gold_loss":0}],"is_beta":false,"boss_relics":[],"items_purged_floors":[],"is_endless":false,"potions_floor_spawned":[5,7,10,11],"killed_by":"The Guardian","ascension_level":18}}