{"host":"ci7ivtocgfxh0ueo","time":1607664232,"event":{"mods":["BaseMod","GifTheSpireLib","Minty Spire (QoL Compilation)","StSLib"],"gold_per_floor":[114,114,124,124,139,167,84,84,155,174,174,204,204,74,74,74,74],"floor_reached":16,"playtime":333,"items_purged":[],"score":200,"play_id":"27fb9aa6-5fa9-4ba1-b278-ed29de5e9d46","local_time":"20201211132352","is_ascension_mode":true,"campfire_choices":[{"data":"Uppercut","floor":11,"key":"SMITH"},{"floor":15,"key":"REST"}],"circlet_count":0,"master_deck":["AscendersBane","Strike_R","Strike_R","Strike_R","Strike_R","Strike_R","Defend_R","Defend_R","Bash","Shockwave","Uppercut+1","Rampage","Pommel Strike","Iron Wave","Pommel Strike+1","Dropkick+1"],"relics":["Burning Blood","Oddly Smooth Stone","Molten Egg 2","Darkstone Periapt"],"acts_visited":["Exordium"],"potions_floor_usage":[12,16],"damage_taken":[{"damage":7,"enemies":"2 Louse","floor":1,"turns":3},{"damage":0,"enemies":"Cultist","floor":3,"turns":3},{"damage":11,"enemies":"Jaw Worm","floor":5,"turns":3},{"damage":30,"enemies":"Lagavulin","floor":6,"turns":5},{"damage":38,"enemies":"Large Slime","floor":10,"turns":7},{"damage":12,"enemies":"Gremlin Nob","floor":12,"turns":3},{"damage":69,"enemies":"Slime Boss","floor":16,"turns":9}],"seed_played":"4947650919912058301","potions_obtained":[{"floor":1,"key":"SmokeBomb"},{"floor":10,"key":"DistilledChaos"}],"is_trial":false,"path_per_floor":["M","?","M","?","M","E","$","?","T","M","R","E","?","$","R","B"],"character_chosen":"IRONCLAD","items_purchased":["DuplicationPotion","Dropkick+1","BloodPotion"],"campfire_rested":1,"item_purchase_floors":[7,14,14],"current_hp_per_floor":[49,85,85,85,80,56,56,56,56,24,24,18,18,18,43,0,0],"gold":74,"neow_bonus":"TRANSFORM_TWO_CARDS","is_daily":false,"chose_seed":false,"campfire_upgraded":1,"win_rate":0.0,"timestamp":1607664232,"path_taken":["M","?","?","?","M","E","$","?","T","M","R","E","?","?","R","BOSS"],"items_purchased_type":["Potion","Undefined","Potion"],"build_version":"2020-11-30","purchased_purges":0,"victory":false,"max_hp_per_floor":[75,85,85,85,85,85,85,85,85,85,85,85,85,85,85,85,85],"card_choices":[{"not_picked":["Evolve","Warcry"],"picked":"Uppercut","floor":1},{"not_picked":["Headbutt","Perfected Strike"],"picked":"Rampage","floor":3},{"not_picked":["Anger","Shrug It Off"],"picked":"Pommel Strike","floor":5},{"not_picked":["Headbutt","Berserk"],"picked":"Iron Wave","floor":6},{"not_picked":["Flex","Twin Strike+1"],"picked":"Pommel Strike+1","floor":10},{"not_picked":["Reckless Charge+1","Burning Pact","True Grit"],"picked":"SKIP","floor":12}],"player_experience":1247228,"relics_obtained":[{"floor":6,"key":"Oddly Smooth Stone"},{"floor":9,"key":"Molten Egg 2"},{"floor":12,"key":"Darkstone Periapt"}],"event_choices":[{"cards_removed":["Berserk"],"damage_healed":26,"gold_gain":0,"player_choice":"Offered Rare","damage_taken":0,"max_hp_gain":10,"max_hp_loss":0,"event_name":"Bonfire Elementals","floor":2,"gold_loss":0},{"damage_healed":0,"gold_gain":0,"player_choice":"Leave","damage_taken":0,"max_hp_gain":0,"max_hp_loss":0,"event_name":"The Cleric","floor":4,"gold_loss":0},{"damage_healed":0,"gold_gain":0,"player_choice":"Ignored","damage_taken":0,"max_hp_gain":0,"max_hp_loss":0,"event_name":"Golden Idol","floor":8,"gold_loss":0},{"damage_healed":0,"gold_gain":0,"player_choice":"Searched \u00271\u0027 times","damage_taken":0,"max_hp_gain":0,"max_hp_loss":0,"event_name":"Dead Adventurer","floor":13,"gold_loss":0}],"is_beta":false,"boss_relics":[],"items_purged_floors":[],"is_endless":false,"potions_floor_spawned":[1,10],"killed_by":"Slime Boss","ascension_level":17}}