{"host":"xenpv6dj5x1yxp66","time":1607726477,"event":{"mods":["AchievementEnabler","Aspiration","BaseMod","Better Altar","Better Sensory Stone","Better Skull","Better Third Choice","BetterRewards","Colored Map","Colored Powertips","Conspire","Downfall","Highlight Path","Hubris","Marisa????????","Minty Spire (QoL Compilation)","Quick Restart","READ ME - Guardian Mod","Replay The Spire","Shade Mod","StSLib","The Animator","The Bug Knight","The Construct","The Cursed","The Disciple","The Necromancer","The Runesmith","The Servant 0.9.4"],"gold_per_floor":[111,111,219,230,245,245,245,245,296,296,296,296,312,325,325,421,421,433,152,152,163,191,191,206,206,206,206,51,78,78,3,3,3,3],"floor_reached":33,"playtime":1464,"items_purged":["Spreading Infection"],"score":251,"play_id":"7816b8d1-b049-4a2e-9057-3899ba545356","local_time":"20201211234117","is_ascension_mode":false,"campfire_choices":[{"data":"UpSweep","floor":6,"key":"SMITH"},{"floor":8,"key":"REST"},{"data":"NonDirectionalLaser","floor":10,"key":"SMITH"},{"data":"Strike_MRS","floor":12,"key":"SMITH"},{"data":"Defend_MRS","floor":15,"key":"SMITH"},{"floor":23,"key":"REST"},{"data":"OortCloud","floor":25,"key":"SMITH"},{"floor":27,"key":"REST"},{"floor":32,"key":"REST"}],"circlet_count":0,"master_deck":["Strike_MRS","Strike_MRS","Strike_MRS+1","Strike_MRS+1","Defend_MRS+1","Defend_MRS","Defend_MRS","Defend_MRS","MasterSpark+1","UpSweep+1","NonDirectionalLaser+1","WitchLeyline+1","DC+1","DoubleSpark+1","StarBarrage+1","BlazingStar+1","OortCloud+1","FairyDestructionRay+1","OrrerysSun+1","GrandCross+1","GrandCross+1","6A+1","WitchLeyline+1","RefractionSpark+1"],"relics":["MiniHakkero","NeowsBlessing","Molten Egg 2","Replay:Mystery Machine","aspiration:Lifesprig","Replay:Ancient Bell","Omamori","Replay:Bottled Flurry","hubris:64BitClover","Lantern","HollowMod:LifeEnderRelic","Onion Ring","DollysMirror","Toy Ornithopter"],"acts_visited":["Exordium","TheCity"],"potions_floor_usage":[16,16,29,29],"damage_taken":[{"damage":0,"enemies":"Small Slimes","floor":1,"turns":1},{"damage":0,"enemies":"Cultist","floor":4,"turns":1},{"damage":0,"enemies":"2 Louse","floor":5,"turns":1},{"damage":7,"enemies":"Blue Slaver","floor":13,"turns":2},{"damage":0,"enemies":"Looter","floor":14,"turns":1},{"damage":52,"enemies":"The Guardian","floor":16,"turns":11},{"damage":12,"enemies":"Shell Parasite","floor":18,"turns":2},{"damage":10,"enemies":"2 Thieves","floor":21,"turns":2},{"damage":15,"enemies":"conspire:MimicChest","floor":22,"turns":4},{"damage":22,"enemies":"Shelled Parasite and Fungi","floor":24,"turns":3},{"damage":16,"enemies":"Slavers","floor":29,"turns":3},{"damage":73,"enemies":"Champ","floor":33,"turns":5}],"seed_played":"5228425110232249567","potions_obtained":[{"floor":4,"key":"Adrenaline Potion"},{"floor":14,"key":"AttackPotion"},{"floor":16,"key":"EssenceOfSteel"},{"floor":22,"key":"Explosive Potion"}],"is_trial":false,"path_per_floor":["M","?","?","M","M","R","?","R","T","R","?","R","M","M","R","B",null,"M","$","?","M","?","R","M","R","T","R","$","E","?","$","R","B"],"character_chosen":"MARISA","items_purchased":["Lantern","FairyDestructionRay+1","OrrerysSun+1","DollysMirror"],"campfire_rested":4,"item_purchase_floors":[19,19,19,28],"current_hp_per_floor":[75,75,50,50,50,50,43,65,65,65,65,65,58,58,58,6,75,63,63,63,53,38,60,38,38,38,60,60,44,44,44,66,0,0],"gold":3,"neow_bonus":"THREE_ENEMY_KILL","is_daily":false,"chose_seed":false,"campfire_upgraded":5,"win_rate":0.0,"timestamp":1607726477,"path_taken":["M","?","?","M","?","R","?","R","T","R","?","R","M","M","R","BOSS","M","$","?","M","?","R","?","R","T","R","$","E","?","?","R","BOSS"],"items_purchased_type":["Relic","Card","Card","Relic"],"build_version":"2020-11-30","purchased_purges":1,"victory":false,"max_hp_per_floor":[75,75,75,75,75,75,75,75,75,75,75,75,75,75,75,75,75,75,75,75,75,75,75,75,75,75,75,75,75,75,75,75,75,75],"card_choices":[{"not_picked":["Orbital","ChargeUpSpray"],"picked":"NonDirectionalLaser","floor":1},{"not_picked":["LuminesStrike+1","WitchOfGreed"],"picked":"WitchLeyline+1","floor":4},{"not_picked":["AsteroidBelt","MysteriousBeam+1"],"picked":"DC+1","floor":5},{"not_picked":["OortCloud","PropBag"],"picked":"DoubleSpark+1","floor":13},{"not_picked":["EarthLightRay","AsteroidBelt"],"picked":"StarBarrage+1","floor":14},{"not_picked":["BigCrunch","SatelliteIllusion"],"picked":"BlazingStar+1","floor":16},{"not_picked":["Regret","Parasite"],"picked":"Injury","floor":17},{"not_picked":["Doubt","CommonCold"],"picked":"CurseOfTheBell","floor":17},{"not_picked":["ReplayTheSpireMod:Restless Dread","Slimebound:Icky"],"picked":"Spreading Infection","floor":17},{"not_picked":["BigCrunch","PowerUp"],"picked":"OortCloud","floor":18},{"not_picked":["StarlightTyphoon","MysteriousBeam+1"],"picked":"GrandCross+1","floor":21},{"not_picked":["Occultation","GalacticHalo"],"picked":"GrandCross+1","floor":22},{"not_picked":["ShootingEcho+1","Singularity+1"],"picked":"6A+1","floor":24},{"not_picked":["BigCrunch","Occultation"],"picked":"RefractionSpark+1","floor":29}],"player_experience":131608,"relics_obtained":[{"floor":9,"key":"aspiration:Lifesprig"},{"floor":22,"key":"HollowMod:LifeEnderRelic"},{"floor":26,"key":"Onion Ring"},{"floor":29,"key":"Toy Ornithopter"}],"event_choices":[{"damage_healed":0,"gold_gain":108,"player_choice":"RE GO ","damage_taken":28,"relics_obtained":["Replay:Mystery Machine"],"max_hp_gain":0,"max_hp_loss":0,"event_name":"betterSkull:BetterSkull","floor":3,"gold_loss":0,"cards_upgraded":[]},{"cards_removed":["Injury"],"damage_healed":0,"gold_gain":0,"player_choice":"Card Removal","damage_taken":7,"max_hp_gain":0,"max_hp_loss":0,"event_name":"Golden Wing","floor":7,"gold_loss":0},{"damage_healed":0,"gold_gain":0,"player_choice":"Grow","damage_taken":0,"max_hp_gain":0,"max_hp_loss":0,"event_name":"Living Wall","floor":11,"gold_loss":0,"cards_upgraded":["MasterSpark"]},{"damage_healed":0,"gold_gain":0,"player_choice":"Leave","damage_taken":0,"max_hp_gain":0,"max_hp_loss":0,"event_name":"conspire:Investor","floor":20,"gold_loss":0},{"damage_healed":0,"gold_gain":0,"player_choice":"Forge","damage_taken":0,"max_hp_gain":0,"max_hp_loss":0,"event_name":"Accursed Blacksmith","floor":30,"gold_loss":0,"cards_upgraded":["Strike_MRS"]}],"is_beta":false,"boss_relics":[{"not_picked":["conspire:RunicOctahedron","conspire:SeveredTorchhead"],"picked":"Replay:Ancient Bell"},{"not_picked":["Blue Doll","Oddly Smooth Stone"],"picked":"Omamori"},{"not_picked":["Chameleon Ring","hubris:DisguiseKit"],"picked":"Replay:Bottled Flurry"},{"not_picked":["aspiration:AnachronicSnailShell","conspire:Boomerang"],"picked":"hubris:64BitClover"}],"items_purged_floors":[31],"is_endless":false,"potions_floor_spawned":[4,14,16,22],"killed_by":"Champ","ascension_level":0}}