{"host":"j1scnswqkwb5ezp5","time":1607696835,"event":{"mods":["Act Like it!","BaseMod","Hallownest","Minty Spire (QoL Compilation)","StSLib","The Bug Knight"],"gold_per_floor":[111,41,41,41,56,81,81,92,92,103,137,156,156,171,171,266,266,277,277,277,289,209,235,235,235,235,84,84,111,131,131,131,233,233,244,244,244,258,272,306,181,181,181,181,208,56,56,67,67,67,67],"floor_reached":50,"playtime":2635,"items_purged":[],"score":672,"play_id":"db36dce0-2184-471e-ad8c-5fe6e319a173","local_time":"20201211222715","is_ascension_mode":true,"campfire_choices":[{"data":"ThirdEye","floor":7.0,"key":"SMITH"},{"data":"BattleHymn","floor":15.0,"key":"SMITH"},{"data":"Eruption","floor":25.0,"key":"SMITH"},{"data":"Conclude","floor":28.0,"key":"SMITH"},{"data":"Hallownest:skillCityofTearsMap","floor":32.0,"key":"SMITH"},{"data":"CrushJoints","floor":42,"key":"SMITH"},{"data":"FlurryOfBlows","floor":44,"key":"SMITH"},{"data":"FlyingSleeves","floor":49,"key":"SMITH"}],"circlet_count":0,"master_deck":["Strike_P","Strike_P","Strike_P+1","Defend_P+1","Defend_P+1","Defend_P","Eruption+1","Vigilance","Blasphemy+1","FlyingSleeves+1","ThirdEye+1","Evaluate","BowlingBash","Conclude+1","FlurryOfBlows+1","WindmillStrike+1","BattleHymn+1","DeusExMachina","CurseOfTheBell","FlyingSleeves+1","Hallownest:skillCityofTearsMap+1","BowlingBash+1","Perseverance+1","CrushJoints+1","SashWhip+1","WindmillStrike+1","DeusExMachina","ThirdEye+1"],"relics":["PureWater","Hallownest:StagBellRelic1","Bottled Lightning","Oddly Smooth Stone","Juzu Bracelet","Calling Bell","Boot","Mercury Hourglass","FossilizedHelix","Red Mask","PreservedInsect","War Paint","Orichalcum","Meat on the Bone","Busted Crown","Potion Belt","Hallownest:SoulVesselRelic","Eternal Feather","HollowMod:PaleOreRelic","Bronze Scales"],"acts_visited":["Hallownest:Greenpath","Hallownest:CityofTears","Hallownest:KingdomsEdge"],"potions_floor_usage":[39,50],"damage_taken":[{"damage":10.0,"enemies":"Hallownest:monsterHuskGuard","floor":1.0,"turns":4.0},{"damage":0.0,"enemies":"Hallownest:monsterHuskWarrior","floor":5.0,"turns":2.0},{"damage":7.0,"enemies":"Hallownest:eliteVengeflyKing","floor":6.0,"turns":7.0},{"damage":4.0,"enemies":"2_ Uuma","floor":8.0,"turns":5.0},{"damage":5.0,"enemies":"Hallownest:monsterFoolEater","floor":10.0,"turns":3.0},{"damage":3.0,"enemies":"Hallownest:eliteCrystalGuardian","floor":11.0,"turns":5.0},{"damage":2.0,"enemies":"Hallownest:MossCreep_and_Mosskin","floor":12.0,"turns":4.0},{"damage":0.0,"enemies":"Hallownest:Wandering_and_Horned","floor":14.0,"turns":2.0},{"damage":15.0,"enemies":"Hallownest:BossBrokenVessel","floor":16.0,"turns":6.0},{"damage":0.0,"enemies":"Hallownest:Flukemon_and_Top","floor":18.0,"turns":3.0},{"damage":0.0,"enemies":"Hallownest:Guard_and_Sentry","floor":21.0,"turns":4.0},{"damage":3.0,"enemies":"Hallownest:eliteSoulWarrior","floor":23.0,"turns":5.0},{"damage":0.0,"enemies":"Hallownest:Nosk","floor":29.0,"turns":3.0},{"damage":0.0,"enemies":"Hallownest:Warrior_and_Youth","floor":30.0,"turns":3.0},{"damage":51.0,"enemies":"Hallownest:BossMantisLord","floor":33.0,"turns":8.0},{"damage":3.0,"enemies":"Hallownest:Shield_Heavy","floor":35.0,"turns":4.0},{"damage":10.0,"enemies":"Hallownest:3_Siblings","floor":38.0,"turns":4.0},{"damage":0,"enemies":"Hallownest:2_Great","floor":39,"turns":3},{"damage":0,"enemies":"Hallownest:StalkingDevout","floor":40,"turns":4},{"damage":0,"enemies":"Hallownest:eliteCollector","floor":45,"turns":3},{"damage":0,"enemies":"Hallownest:2_Wandering_and_1_Horned","floor":48,"turns":4},{"damage":68,"enemies":"Hallownest:BossHollowKnight","floor":50,"turns":5}],"seed_played":"4621176055720554280","potions_obtained":[{"floor":5.0,"key":"EssenceOfSteel"},{"floor":6.0,"key":"AttackPotion"},{"floor":11.0,"key":"SkillPotion"},{"floor":16.0,"key":"Regen Potion"},{"floor":18.0,"key":"Explosive Potion"},{"floor":29.0,"key":"DistilledChaos"},{"floor":33.0,"key":"Regen Potion"},{"floor":35.0,"key":"AttackPotion"},{"floor":40,"key":"SpeedPotion"},{"floor":48,"key":"FearPotion"}],"is_trial":false,"path_per_floor":["M","?","?","?","M","E","R","M","T","M","E","M","?","M","R","B",null,"M","?","?","M","?","E","?","R","T","$","R","E","M","?","R","B",null,"M","?","?","M","M","E","?","R","T","R","E","$","?","M","R","B"],"character_chosen":"WATCHER","items_purchased":["Orichalcum","Bronze Scales"],"campfire_rested":0,"item_purchase_floors":[27,46],"current_hp_per_floor":[62,62,62,62,62,55,55,51,51,46,43,41,41,41,41,26,72,72,72,72,72,72,69,65,65,65,65,65,65,65,65,65,26,72,69,69,67,57,66,66,66,66,66,67,67,67,67,67,67,0,0],"gold":67,"neow_bonus":"THREE_RARE_CARDS","is_daily":false,"chose_seed":false,"campfire_upgraded":8,"win_rate":0.0,"timestamp":1607696835,"path_taken":["M","?","?","?","M","E","R","M","T","M","E","M","?","M","R","BOSS","M","?","?","M","?","E","?","R","T","$","R","E","M","?","R","BOSS","M","?","?","M","M","E","?","R","T","R","E","$","?","M","R","BOSS"],"items_purchased_type":["Relic","Relic"],"build_version":"2020-11-30","purchased_purges":0,"victory":false,"max_hp_per_floor":[72,72,72,72,72,72,72,72,72,72,72,72,72,72,72,72,72,72,72,72,72,72,72,72,72,72,72,72,72,72,72,72,72,72,72,72,67,67,67,67,67,67,67,67,67,67,67,67,67,67,67],"card_choices":[{"not_picked":["Establishment","LessonLearned"],"picked":"Blasphemy","floor":0.0},{"not_picked":["Sanctity","Protect"],"picked":"FlyingSleeves","floor":1.0},{"not_picked":["WheelKick","EmptyFist"],"picked":"ThirdEye","floor":5.0},{"not_picked":["Worship","Prostrate"],"picked":"Evaluate","floor":6.0},{"not_picked":["TalkToTheHand","Evaluate"],"picked":"BowlingBash","floor":8.0},{"not_picked":["EmptyMind","JustLucky"],"picked":"Conclude","floor":10.0},{"not_picked":["BowlingBash","SignatureMove"],"picked":"FlurryOfBlows","floor":11.0},{"not_picked":["ClearTheMind","Consecrate"],"picked":"WindmillStrike","floor":12.0},{"not_picked":["ReachHeaven","Crescendo"],"picked":"BattleHymn","floor":14.0},{"not_picked":["Blasphemy","Devotion"],"picked":"DeusExMachina","floor":16.0},{"not_picked":["Protect","Prostrate+1"],"picked":"FlyingSleeves+1","floor":18.0},{"not_picked":["Study","FlyingSleeves","BowlingBash"],"picked":"SKIP","floor":21.0},{"not_picked":["Weave","WaveOfTheHand"],"picked":"BowlingBash+1","floor":23.0},{"not_picked":["FollowUp","Indignation"],"picked":"Perseverance+1","floor":29.0},{"not_picked":["Crescendo","Prostrate"],"picked":"CrushJoints","floor":30.0},{"not_picked":["Collect+1","Sanctity+1"],"picked":"SashWhip+1","floor":31.0},{"not_picked":["SashWhip","Collect"],"picked":"WindmillStrike+1","floor":31.0},{"not_picked":["Ragnarok","Brilliance"],"picked":"DeusExMachina","floor":33.0},{"not_picked":["Crescendo+1"],"picked":"SKIP","floor":35.0},{"not_picked":["Protect+1"],"picked":"SKIP","floor":38.0},{"not_picked":["Study"],"picked":"SKIP","floor":39},{"not_picked":["Meditate+1"],"picked":"SKIP","floor":40},{"not_picked":["LikeWater+1"],"picked":"SKIP","floor":45},{"not_picked":[],"picked":"ThirdEye+1","floor":48}],"player_experience":276085,"relics_obtained":[{"floor":6.0,"key":"Bottled Lightning"},{"floor":9.0,"key":"Oddly Smooth Stone"},{"floor":11.0,"key":"Juzu Bracelet"},{"floor":17.0,"key":"Boot"},{"floor":17.0,"key":"Mercury Hourglass"},{"floor":17.0,"key":"FossilizedHelix"},{"floor":23.0,"key":"PreservedInsect"},{"floor":26.0,"key":"War Paint"},{"floor":29.0,"key":"Meat on the Bone"},{"floor":40,"key":"Potion Belt"},{"floor":43,"key":"Eternal Feather"},{"floor":45,"key":"HollowMod:PaleOreRelic"}],"event_choices":[],"is_beta":false,"boss_relics":[{"not_picked":["Ectoplasm","Runic Dome"],"picked":"Calling Bell"},{"not_picked":["Velvet Choker","Astrolabe"],"picked":"Busted Crown"}],"items_purged_floors":[],"is_endless":false,"potions_floor_spawned":[5,6,11,12,16,18,29,30,33,35,40,48],"killed_by":"Hallownest:BossHollowKnight","ascension_level":1}}