{"host":"Jinnai","time":1607724417,"event":{"mods":["BaseMod","Bestiary","Block Reminder","Colored Map","Colored Powertips","Highlight Path","Keyboard Shortcuts","Minty Spire (QoL Compilation)","Quick Restart","Relic Stats"],"gold_per_floor":[119,119,139,139,149,149,169,169,169],"floor_reached":8,"playtime":289,"items_purged":[],"score":89,"play_id":"dc154a43-9019-4550-925e-b7fcc9897573","local_time":"20201211170657","is_ascension_mode":true,"campfire_choices":[{"floor":6,"key":"REST"}],"circlet_count":0,"master_deck":["AscendersBane","Strike_G","Strike_G","Strike_G","Strike_G","Strike_G+1","Defend_G","Defend_G+1","Defend_G","Defend_G","Survivor","Neutralize","Acrobatics","Quick Slash","Storm of Steel","Accuracy"],"relics":["HoveringKite"],"acts_visited":["Exordium"],"potions_floor_usage":[8],"damage_taken":[{"damage":11,"enemies":"2 Louse","floor":1,"turns":5},{"damage":2,"enemies":"Jaw Worm","floor":3,"turns":6},{"damage":3,"enemies":"Small Slimes","floor":5,"turns":4},{"damage":15,"enemies":"Exordium Thugs","floor":7,"turns":4},{"damage":25,"enemies":"Gremlin Nob","floor":8,"turns":3}],"seed_played":"88950199071894015","potions_obtained":[{"floor":1,"key":"Poison Potion"}],"is_trial":false,"path_per_floor":["M","?","M","?","M","R","M","E"],"character_chosen":"THE_SILENT","items_purchased":[],"campfire_rested":1,"item_purchase_floors":[],"current_hp_per_floor":[48,41,39,19,16,35,20,0,0],"gold":169,"neow_bonus":"BOSS_RELIC","is_daily":false,"chose_seed":false,"campfire_upgraded":0,"win_rate":0.0,"timestamp":1607724417,"path_taken":["M","?","M","?","M","R","M","E"],"items_purchased_type":[],"build_version":"2020-12-07","purchased_purges":0,"victory":false,"max_hp_per_floor":[66,66,66,66,66,66,66,66,66],"relic_stats":{"counters":[5,22],"HoveringKite":[9],"obtain_stats":[{"HoveringKite":0,"Ring of the Snake":0},{"HoveringKite":0,"Ring of the Snake":0},{"HoveringKite":0,"Ring of the Snake":0}]},"card_choices":[{"not_picked":["Riddle With Holes","Deadly Poison"],"picked":"Acrobatics","floor":1},{"not_picked":["Reflex","Accuracy"],"picked":"Quick Slash","floor":3},{"not_picked":["Outmaneuver","Eviscerate"],"picked":"Storm of Steel","floor":5},{"not_picked":["Poisoned Stab","Dodge and Roll"],"picked":"Accuracy","floor":7}],"player_experience":1474049,"relics_obtained":[],"event_choices":[{"cards_removed":["Defend_G"],"damage_healed":0,"gold_gain":0,"player_choice":"Card Removal","damage_taken":7,"max_hp_gain":0,"max_hp_loss":0,"event_name":"Golden Wing","floor":2,"gold_loss":0},{"damage_healed":0,"gold_gain":0,"player_choice":"Entered Light","damage_taken":20,"max_hp_gain":0,"max_hp_loss":0,"event_name":"Shining Light","floor":4,"gold_loss":0,"cards_upgraded":["Strike_G","Defend_G"]}],"is_beta":true,"boss_relics":[],"items_purged_floors":[],"is_endless":false,"potions_floor_spawned":[1],"killed_by":"Gremlin Nob","ascension_level":17}}