{"host":"qgpuimdto8vl2dfg","time":1607666005,"event":{"mods":["Act Like it!","BaseMod","Colored Powertips","Gensokyo","Marisa£®ÏF”Í°°ƒß¿Ì…≥£©","Minty Spire (QoL Compilation)","Quick Restart","Relic Stats","StSLib","The Bug Knight"],"gold_per_floor":[114,114,36,36,71,71,121,158,158,202,202,202,246,287,287,414,414,430,755,765,1015,311,346,346,346,346,381,381,399,433,433,433,532,532,552,552,567,586,598,598,610,642,642,656,556,575,575,606,606,606,606,606,105,140,140,140],"floor_reached":55,"playtime":3249,"items_purged":["Strike_MRS","GalacticHalo"],"score":900,"play_id":"f09b31aa-eaff-46e6-b4b5-851d2f49c0d6","local_time":"20201211135325","is_ascension_mode":true,"campfire_choices":[{"data":"WitchOfGreed","floor":6.0,"key":"SMITH"},{"data":"Gensokyo:CrescentMoonSlash","floor":15.0,"key":"SMITH"},{"data":"MagicChant","floor":24.0,"key":"SMITH"},{"data":"EscapeVelocity","floor":28.0,"key":"SMITH"},{"data":"PropBag","floor":32.0,"key":"SMITH"},{"data":"SuperNova","floor":40.0,"key":"SMITH"},{"floor":49.0,"key":"RECALL"},{"data":"Madness","floor":52.0,"key":"SMITH"}],"circlet_count":0,"master_deck":["Defend_MRS","Defend_MRS","Defend_MRS","Defend_MRS","UpSweep","RefractionSpark","MagicChant+1","PropBag+1","SporeBomb","Gensokyo:CrescentMoonSlash+1","MachineGunSpark","BlazeAway+1","StarlightTyphoon+1","UltimateShortwave+1","Parasite","Parasite","PowerUp","EscapeVelocity+1","GasGiant","MaximisePower","AsteroidBelt+1","SuperNova+1","WitchLeyline","DoubleSpark","Madness+1","Madness","DeepEcoloBomb"],"relics":["MiniHakkero","NeowsBlessing","Happy Flower","Dream Catcher","Unceasing Top","Astrolabe","Medical Kit","ShroomBag","FossilizedHelix","Eternal Feather","Gensokyo:ConquerorOfFear","Sundial","Anchor","Pantograph","Gensokyo:DirgeOfMelancholy","Ancient Tea Set","Prayer Wheel","OrangePellets","Vajra","Blood Vial","AmplifyWand","Letter Opener"],"acts_visited":["Gensokyo:Gensokyo","Gensokyo:Gensokyoer","TheBeyond","TheEnding"],"potions_floor_usage":[55,55,55],"damage_taken":[{"damage":0.0,"enemies":"Gensokyo:2_Kodama","floor":1.0,"turns":1.0},{"damage":0.0,"enemies":"Gensokyo:Gryphon","floor":5.0,"turns":1.0},{"damage":0.0,"enemies":"Gensokyo:Aya","floor":7.0,"turns":1.0},{"damage":0.0,"enemies":"Gensokyo:3_Fairies","floor":8.0,"turns":4.0},{"damage":18.0,"enemies":"Gensokyo:2_Rabbits","floor":10.0,"turns":6.0},{"damage":0.0,"enemies":"Gensokyo:LivingMonolith","floor":13.0,"turns":3.0},{"damage":3.0,"enemies":"Gensokyo:VengefulSpirit","floor":14.0,"turns":4.0},{"damage":16.0,"enemies":"Gensokyo:Reimu","floor":16.0,"turns":5.0},{"damage":9.0,"enemies":"Gensokyo:Chomper","floor":18.0,"turns":4.0},{"damage":35.0,"enemies":"Gensokyo:3_Dogs","floor":20.0,"turns":5.0},{"damage":22.0,"enemies":"Gensokyo:Tenshi","floor":23.0,"turns":3.0},{"damage":0.0,"enemies":"Gensokyo:Reisen","floor":27.0,"turns":3.0},{"damage":12.0,"enemies":"Gensokyo:Wraith","floor":29.0,"turns":4.0},{"damage":15.0,"enemies":"Gensokyo:Koishi","floor":30.0,"turns":5.0},{"damage":50.0,"enemies":"Gensokyo:Eiki","floor":33.0,"turns":7.0},{"damage":0.0,"enemies":"Orb Walker","floor":35.0,"turns":3.0},{"damage":0.0,"enemies":"3 Shapes","floor":37.0,"turns":3.0},{"damage":14.0,"enemies":"Transient","floor":38.0,"turns":5.0},{"damage":15.0,"enemies":"Sphere and 2 Shapes","floor":39.0,"turns":4.0},{"damage":0.0,"enemies":"Jaw Worm Horde","floor":41.0,"turns":2.0},{"damage":23.0,"enemies":"Reptomancer","floor":42.0,"turns":4.0},{"damage":5.0,"enemies":"3 Darklings","floor":44.0,"turns":3.0},{"damage":0.0,"enemies":"Spire Growth","floor":46.0,"turns":3.0},{"damage":10.0,"enemies":"Nemesis","floor":48.0,"turns":5.0},{"damage":35.0,"enemies":"Time Eater","floor":50.0,"turns":7.0},{"damage":52.0,"enemies":"Shield and Spear","floor":54.0,"turns":5.0},{"damage":60,"enemies":"The Heart","floor":55,"turns":2}],"seed_played":"2391993125851419257","potions_obtained":[{"floor":5.0,"key":"BottledSpark"},{"floor":7.0,"key":"SkillPotion"},{"floor":8.0,"key":"Weak Potion"},{"floor":20.0,"key":"Regen Potion"},{"floor":27.0,"key":"Swift Potion"},{"floor":42.0,"key":"ShroomBrew"}],"is_trial":false,"path_per_floor":["M","?","$","?","M","R","E","M","T","M","?","?","M","M","R","B",null,"M","?","M","?","$","E","R","?","T","E","R","M","E","?","R","B",null,"M","?","M","M","M","R","M","E","T","M","$","M","?","E","R","B",null,"R","$","E","B"],"character_chosen":"MARISA","items_purchased":["RefractionSpark","Medical Kit","ShroomBag","FossilizedHelix","GalacticHalo","OrangePellets","Vajra","BlessingOfTheForge","Blood Vial"],"campfire_rested":0,"item_purchase_floors":[3,22,22,22,22,53,53,53,53],"current_hp_per_floor":[75,75,75,70,70,70,70,70,70,52,52,44,44,41,41,25,85,76,76,41,41,41,32,41,41,41,45,57,49,38,38,50,29,80,80,80,80,68,57,69,71,52,52,51,51,55,45,39,54,47,80,80,80,30,0,0],"gold":140,"neow_bonus":"THREE_ENEMY_KILL","is_daily":false,"chose_seed":false,"campfire_upgraded":7,"win_rate":0.0,"timestamp":1607666005,"path_taken":["M","?","$","?","M","R","E","?","T","M","?","?","?","M","R","BOSS","M","?","?","?","$","E","R","?","T","E","R","M","E","?","R","BOSS","M","?","M","M","M","R","M","E","T","M","$","?","?","E","R","BOSS","R","$","E","BOSS"],"items_purchased_type":["Card","Relic","Relic","Relic","Card","Relic","Relic","Potion","Relic"],"build_version":"2020-11-30","purchased_purges":2,"victory":false,"max_hp_per_floor":[75,75,75,85,85,85,85,85,85,85,85,85,85,85,85,85,85,85,85,85,80,80,80,80,80,80,80,80,80,80,80,80,80,80,80,80,80,80,80,80,80,80,80,80,80,80,80,80,80,80,80,80,80,80,80,80],"relic_stats":{"Happy Flower":[33],"counters":[27,102],"Astrolabe":["BlazeAway","StarlightTyphoon","UltimateShortwave"],"Eternal Feather":60,"Letter Opener":[15],"Medical Kit":[19],"Blood Vial":2,"OrangePellets":[0],"Dream Catcher":0,"Sundial":[12],"Pantograph":75,"Prayer Wheel":0,"obtain_stats":[{"AmplifyWand":13,"Gremlin Horn":23,"Gensokyo:UndefinedDarkness":25,"Vajra":53,"Ancient Tea Set":42,"Blood Vial":53,"Frozen Eye":30,"Dream Catcher":7,"Sundial":16,"Pantograph":30,"Prayer Wheel":48,"Kunai":44,"Pear":4,"Gensokyo:DirgeOfMelancholy":31,"NeowsBlessing":0,"Happy Flower":2,"Astrolabe":17,"Blue Candle":38,"Eternal Feather":23,"Letter Opener":10,"Gensokyo:ConquerorOfFear":27,"Medical Kit":22,"Mercury Hourglass":33,"ShroomBag":22,"OrangePellets":53,"Anchor":27,"Ornamental Fan":20,"Shuriken":27,"MiniHakkero":0,"Unceasing Top":9,"FossilizedHelix":22,"Meat on the Bone":39},{"AmplifyWand":6,"Gremlin Horn":11,"Gensokyo:UndefinedDarkness":11,"Vajra":25,"Ancient Tea Set":21,"Blood Vial":25,"Frozen Eye":13,"Dream Catcher":3,"Sundial":8,"Pantograph":14,"Prayer Wheel":24,"Kunai":22,"Pear":1,"Gensokyo:DirgeOfMelancholy":14,"NeowsBlessing":0,"Happy Flower":1,"Astrolabe":8,"Blue Candle":18,"Eternal Feather":11,"Letter Opener":5,"Gensokyo:ConquerorOfFear":12,"Medical Kit":10,"Mercury Hourglass":15,"ShroomBag":10,"OrangePellets":25,"Anchor":12,"Ornamental Fan":10,"Shuriken":12,"MiniHakkero":0,"Unceasing Top":4,"FossilizedHelix":10,"Meat on the Bone":19},{"AmplifyWand":14,"Gremlin Horn":37,"Gensokyo:UndefinedDarkness":37,"Vajra":95,"Ancient Tea Set":77,"Blood Vial":95,"Frozen Eye":44,"Dream Catcher":3,"Sundial":21,"Pantograph":49,"Prayer Wheel":88,"Kunai":78,"Pear":1,"Gensokyo:DirgeOfMelancholy":49,"NeowsBlessing":0,"Happy Flower":1,"Astrolabe":25,"Blue Candle":63,"Eternal Feather":37,"Letter Opener":9,"Gensokyo:ConquerorOfFear":40,"Medical Kit":34,"Mercury Hourglass":50,"ShroomBag":34,"OrangePellets":95,"Anchor":40,"Ornamental Fan":31,"Shuriken":38,"MiniHakkero":0,"Unceasing Top":7,"FossilizedHelix":34,"Meat on the Bone":68}],"Unceasing Top":[63]},"card_choices":[{"not_picked":["MagicChant","6A"],"picked":"WitchOfGreed","floor":1.0},{"not_picked":["NonDirectionalLaser","MysteriousBeam","MeteoricShower"],"picked":"SKIP","floor":5.0},{"not_picked":["BlazeAway","EarthLightRay"],"picked":"MagicChant","floor":7.0},{"not_picked":["OpenUniverse","NonDirectionalLaser"],"picked":"PropBag","floor":8.0},{"not_picked":["DragonMeteor","GrandCross"],"picked":"SporeBomb","floor":10.0},{"not_picked":["CollectingQuirk","6A","ShootingEcho"],"picked":"SKIP","floor":13.0},{"not_picked":["GravityBeat","UnstableBomb"],"picked":"MachineGunSpark","floor":14.0},{"not_picked":["LuminesStrike","DeepEcoloBomb+1","ShootingEcho"],"picked":"SKIP","floor":18.0},{"not_picked":["Robbery","Acceleration","GravityBeat"],"picked":"SKIP","floor":20.0},{"not_picked":["FairyDestructionRay","SporeBomb"],"picked":"PowerUp","floor":23.0},{"not_picked":["SuperPerseids","PowerUp"],"picked":"EscapeVelocity","floor":27.0},{"not_picked":["UnstableBomb","PowerUp"],"picked":"GasGiant","floor":29.0},{"not_picked":["OrrerysSun","AlicesGift","StarlightTyphoon"],"picked":"SKIP","floor":30.0},{"not_picked":["EscapeVelocity","MillisecondPulsars"],"picked":"MaximisePower","floor":33.0},{"not_picked":["UnstableBomb","WitchOfGreed"],"picked":"AsteroidBelt+1","floor":35.0},{"not_picked":["DeepEcoloBomb","MachineGunSpark"],"picked":"WitchLeyline","floor":37.0},{"not_picked":["IllusionStar+1","Acceleration","EscapeVelocity"],"picked":"SKIP","floor":38.0},{"not_picked":["OrrerysSun+1","DC","GrandCross+1"],"picked":"SKIP","floor":39.0},{"not_picked":["OrrerysSun","ManaConvection"],"picked":"DoubleSpark","floor":41.0},{"not_picked":["GrandCross","Acceleration","IllusionStar+1"],"picked":"SKIP","floor":42.0},{"not_picked":["GravityBeat","DoubleSpark","SporeBomb"],"picked":"SKIP","floor":44.0},{"not_picked":["SatelliteIllusion","Acceleration+1","DC+1"],"picked":"SKIP","floor":46.0},{"not_picked":["Acceleration","OpenUniverse","JA"],"picked":"SKIP","floor":48.0},{"not_picked":["EscapeVelocity","RefractionSpark+1"],"picked":"DeepEcoloBomb","floor":54.0}],"player_experience":385138,"relics_obtained":[{"floor":7.0,"key":"Dream Catcher"},{"floor":9.0,"key":"Unceasing Top"},{"floor":23.0,"key":"Eternal Feather"},{"floor":26.0,"key":"Sundial"},{"floor":27.0,"key":"Gensokyo:ConquerorOfFear"},{"floor":27.0,"key":"Anchor"},{"floor":30.0,"key":"Pantograph"},{"floor":42.0,"key":"Ancient Tea Set"},{"floor":48.0,"key":"Prayer Wheel"},{"floor":54.0,"key":"AmplifyWand"}],"event_choices":[{"damage_healed":0.0,"max_hp_gain":0.0,"max_hp_loss":0.0,"gold_gain":0.0,"cards_transformed":["Strike_MRS"],"event_name":"Transmorgrifier","player_choice":"Transformed","floor":36.0,"gold_loss":0.0,"damage_taken":0.0,"cards_obtained":["SuperNova"]},{"damage_healed":0.0,"max_hp_gain":0.0,"max_hp_loss":0.0,"gold_gain":0.0,"event_name":"Winding Halls","player_choice":"Embrace Madness","floor":47.0,"gold_loss":0.0,"damage_taken":10.0,"cards_obtained":["Madness","Madness"]}],"is_beta":false,"boss_relics":[{"not_picked":["Ectoplasm","RampagingMagicTools"],"picked":"Astrolabe"},{"not_picked":["Snecko Eye","Pandora\u0027s Box","Velvet Choker"]}],"items_purged_floors":[22,45],"is_endless":false,"potions_floor_spawned":[8,13,14,20,27,33,35,37,42,46,54],"killed_by":"The Heart","ascension_level":1}}