{"host":"j0xplkvqphkjqyt2","time":1607693165,"event":{"mods":["Act Like it!","BaseMod","Library of Ruina","Library of Ruina Extra","Lobotomy","LobotomyExtend","Minty Spire (QoL Compilation)","MostiFishMod","Replay The Spire","RumiaBox-露米娅的神秘盒子","Spicy Shops","StSLib","TestMod","Waifu the Spire","【遗物卡牌】REMEMod"],"gold_per_floor":[112,123,123,123,136,164,164,111,111,140,154,188,247,267,267,372,372,372,312,312,330,137,170,187,218,218,100,100,100],"floor_reached":28,"playtime":940,"items_purged":["Dodge"],"score":471,"play_id":"0fadaf84-b2fc-487a-b34f-7cd98bc6a229","local_time":"20201211212605","is_ascension_mode":true,"campfire_choices":[{"floor":7,"key":"REST"},{"floor":15,"key":"REST"}],"circlet_count":0,"master_deck":["LightDefense","LightAttack","LightDefense","LightDefense","ChargeAndCover","FocusedStrikes","REME_BuildACard","InnerArdor","TendonChords","Discovery","Unlock1","Multislash","SwordSharpenedByTears","Unlock1","TendonChords","MostiFishMod:Neurotoxin","BizarreAttack+1","SmokingPipe+1","GuidanceOfTheGears"],"relics":["PageOfLibrarian","testmod-TestBox","DaveBox","REME_ComplimentaryCards","xbg","testmod-Register","RabbitCall","Baka","Question Card","PrismaticShard","LetterFromLob","BargainBundle","GodSword5","ReplayTheSpireMod:Shallot","GodSword6","Oddly Smooth Stone","GodSword7","Bag of Marbles","ImportantClient","Astrolabe","PageOfGreed","PageOfTheQueenOfHatred","PageOfTheKnightOfDespair","PageOfWrath","PageOfSnowWhitesApple"],"acts_visited":["Exordium","TheCity"],"potions_floor_usage":[12,14,16,25,28],"damage_taken":[{"damage":7,"enemies":"Jaw Worm","floor":1,"turns":3},{"damage":0,"enemies":"Cultist","floor":2,"turns":3},{"damage":12,"enemies":"2 Louse","floor":5,"turns":7},{"damage":21,"enemies":"3 Sentries","floor":6,"turns":4},{"damage":16,"enemies":"Replay:BlueRogue","floor":8,"turns":3},{"damage":32,"enemies":"Gremlin Nob","floor":10,"turns":5},{"damage":10,"enemies":"Large Slime","floor":11,"turns":5},{"damage":0,"enemies":"3 Sentries","floor":12,"turns":2},{"damage":2,"enemies":"Gremlin Nob","floor":13,"turns":3},{"damage":0,"enemies":"Blue Slaver","floor":14,"turns":1},{"damage":10,"enemies":"Fading Forest","floor":16,"turns":11},{"damage":0,"enemies":"3 Byrds","floor":21,"turns":3},{"damage":2,"enemies":"Replay:Snechameleon","floor":23,"turns":4},{"damage":0,"enemies":"Shell Parasite","floor":24,"turns":4},{"damage":51,"enemies":"Gremlin Leader","floor":25,"turns":5},{"damage":110,"enemies":"Book of Stabbing","floor":28,"turns":3}],"seed_played":"-2057893971439684107","potions_obtained":[{"floor":2,"key":"Explosive Potion"},{"floor":3,"key":"CultistPotion"},{"floor":3,"key":"Toxic Potion"},{"floor":13,"key":"Adrenaline Potion"},{"floor":14,"key":"testmod-SpacePotion"},{"floor":16,"key":"Swift Potion"},{"floor":25,"key":"Energy Potion"}],"is_trial":false,"path_per_floor":["M","M","?","$","M","E","R","E","T","E","M","E","?","M","R","B",null,"M","?","?","M","$","E","M","E","T","$","E"],"character_chosen":"Librarian","items_purchased":["BargainBundle","Discovery","PageOfGreed","PageOfSnowWhitesApple"],"campfire_rested":2,"item_purchase_floors":[4,4,22,27],"current_hp_per_floor":[53,53,53,53,50,32,73,64,64,34,30,36,38,38,79,97,111,111,111,111,111,111,95,98,52,52,52,0,0],"gold":100,"neow_bonus":"","is_daily":false,"chose_seed":false,"campfire_upgraded":0,"win_rate":0.0,"timestamp":1607693165,"path_taken":["M","M","?","?","M","E","R","E","T","E","M","E","?","M","R","BOSS","M","?","?","M","$","E","M","E","T","$","E"],"items_purchased_type":["Relic","Card","Relic","Relic"],"build_version":"2020-11-30","purchased_purges":1,"victory":false,"max_hp_per_floor":[81,111,111,111,111,111,111,111,111,111,111,111,111,98,111,111,111,111,111,111,114,114,95,98,96,96,96,96,96],"card_choices":[{"not_picked":["WaitUp","Eject","Faith","KeepItFresh","ClassAndRespect","GuidanceOfTheGears","Quickness","UnavoidableGaze"],"picked":"InnerArdor","floor":1},{"not_picked":["Dagger Spray","DesperateStruggle","Acrobatics","Parry","CutThroughFate","GaleKick","Fire Breathing","Blind","Undo"],"picked":"TendonChords","floor":2},{"not_picked":["Deadly Poison","BlowItUp","Combust","Laetitia_ego","Dramatic Entrance","Double Tap","Ball Lightning","DeceiveReality","Sucker Punch"],"picked":"Unlock1","floor":5},{"not_picked":["FleetFootsteps","Leap","SpearedSweep","CrimsonScar","Protect","Replay:BluntJabs","Cold Snap","Deflect","Dagger Spray"],"picked":"Multislash","floor":6},{"not_picked":["FearNoEvil","Self Repair","Bane","Faith","CherryBlossom","Prepared","PreemptiveStrike","FTL","Storm","Leap"],"picked":"SKIP","floor":8},{"not_picked":["UpbeatPerformance","RepressedFlesh","Scrape","EndlessBattle","Flex","NightInTheBackstreets","Masterful Stab","Feast","Impatience"],"picked":"Multislash","floor":10},{"not_picked":["Reckless Charge","FleetFootsteps","CrimsonScar","Heavy Blade","Compile Driver","Warcry","Survey Options","ClassAndRespect","MostiFishMod:InvigoratingSolution"],"picked":"SwordSharpenedByTears","floor":11},{"not_picked":["Chill","ProselytesBlade","Rampage","Loneliness","QuickAttack","Deadly Poison","Lantern","Jack Of All Trades","HeavyPeaks"],"picked":"Unlock1","floor":12},{"not_picked":["Accuracy","ReplayTheSpireMod:Corrosion Curse","Sword Boomerang","Protect","BlackSwan_ego","StructuralAnalysis","BindingArms","Thunderclap","SilentMist"],"picked":"TendonChords","floor":13},{"not_picked":["ProselytesBlade","HighSpeedStabbing","Wallop_lor","True Grit","Trip","Finesse","Hello World","Beak","Conserve Battery","BearPaw"],"picked":"SKIP","floor":14},{"not_picked":["Creative AI","Hemogenesis","MostiFishMod:DarkDeal"],"picked":"MostiFishMod:Neurotoxin","floor":16},{"not_picked":["Reload","BlackSwan_ego","Prostrate","Lantern","Run Through+1","Sentinel+1","Reflex","Consecrate","MostiFishMod:TemporaryOutbreak"],"picked":"Bvapour+1","floor":21},{"not_picked":["Coolheaded","CUTE","TodaysExpression","WillOfThePrescript","ClearTheMind","YourShield+1","HiddenBlade","REME_MagicPocketWatch","Unlock1","SweepTheBackstreets"],"picked":"SKIP","floor":23},{"not_picked":["Doom and Gloom","testmod-PocketStoneCalender","Bouncing Flask","GoldRush","FleetEdge","Forethought+1","Hidden Blade","ProselytesBlade+1","Intimidate"],"picked":"GuidanceOfTheGears","floor":24},{"not_picked":["SwordSharpenedByTears+1","MostiFishMod:BrandingRite+1","CUTE+1","Bane","REME_Whirling+1","MostiFishMod:ElfcollectionBox","ClearTheMind","WaveOfTheHand+1","True Grit","Slice_lor"],"picked":"SKIP","floor":25}],"player_experience":101703,"relics_obtained":[{"floor":1,"key":"Baka"},{"floor":1,"key":"Question Card"},{"floor":1,"key":"PrismaticShard"},{"floor":1,"key":"LetterFromLob"},{"floor":6,"key":"GodSword5"},{"floor":8,"key":"ReplayTheSpireMod:Shallot"},{"floor":9,"key":"GodSword6"},{"floor":10,"key":"Oddly Smooth Stone"},{"floor":12,"key":"GodSword7"},{"floor":16,"key":"ImportantClient"},{"floor":23,"key":"PageOfTheQueenOfHatred"},{"floor":25,"key":"PageOfTheKnightOfDespair"},{"floor":26,"key":"PageOfWrath"}],"event_choices":[{"damage_healed":0,"gold_gain":0,"player_choice":"Got Potions","damage_taken":0,"max_hp_gain":0,"max_hp_loss":0,"event_name":"Lab","floor":3,"gold_loss":0},{"damage_healed":0,"gold_gain":0,"player_choice":"Searched \u00272\u0027 times","damage_taken":0,"relics_obtained":["Bag of Marbles"],"max_hp_gain":0,"max_hp_loss":0,"event_name":"Dead Adventurer","floor":13,"gold_loss":0},{"cards_removed":["WaitUp"],"damage_healed":0,"gold_gain":0,"player_choice":"Purged","damage_taken":0,"max_hp_gain":0,"max_hp_loss":0,"event_name":"Purifier","floor":20,"gold_loss":0}],"is_beta":false,"boss_relics":[{"not_picked":["Empty Cage","Velvet Choker"],"picked":"Astrolabe"}],"items_purged_floors":[4],"is_endless":false,"potions_floor_spawned":[2,10,13,14,16,25],"killed_by":"Book of Stabbing","ascension_level":4}}