{"host":"0oumjlzv5vsa909w","time":1607674035,"event":{"mods":["AchievementEnabler","BaseMod","Colored Map","Colored Powertips","DeckTracker","Minty Spire (QoL Compilation)","Quick Restart","StSLib","SuperFastMode"],"gold_per_floor":[116,116,116,127,143,173,192,206,232,232,251,269,269,302,302,406,406,426,439,439,27,39,72,72,92,92,92,92],"floor_reached":27,"playtime":761,"items_purged":["Brutality"],"score":358,"play_id":"df7682b0-1c2f-46dd-93d7-3ff61a24e210","local_time":"20201211170715","is_ascension_mode":true,"campfire_choices":[{"data":"Spot Weakness","floor":10.0,"key":"SMITH"},{"floor":15,"key":"REST"},{"floor":24,"key":"REST"}],"circlet_count":0,"master_deck":["Strike_R","Strike_R+1","Strike_R+1","Strike_R","Defend_R","Defend_R","Defend_R","Defend_R","Bash","Pommel Strike+1","Spot Weakness+1","Pommel Strike","Power Through","Sword Boomerang","Armaments","Inflame","Seeing Red","Cleave","Exhume","Heavy Blade+1","Bludgeon","Evolve","Flex+1","Battle Trance","Pummel"],"relics":["Burning Blood","NeowsBlessing","Whetstone","Bronze Scales","Dream Catcher","Bag of Marbles","Snecko Eye","ClockworkSouvenir","Lantern","WingedGreaves"],"acts_visited":["Exordium","TheCity"],"potions_floor_usage":[14,22,23,25,27],"damage_taken":[{"damage":0.0,"enemies":"2 Louse","floor":1.0,"turns":1.0},{"damage":0.0,"enemies":"Jaw Worm","floor":4.0,"turns":1.0},{"damage":0.0,"enemies":"Cultist","floor":5.0,"turns":1.0},{"damage":37.0,"enemies":"Gremlin Nob","floor":6.0,"turns":4.0},{"damage":8.0,"enemies":"Exordium Wildlife","floor":7.0,"turns":4.0},{"damage":6.0,"enemies":"Exordium Thugs","floor":8.0,"turns":5.0},{"damage":8.0,"enemies":"3 Louse","floor":11.0,"turns":2.0},{"damage":1.0,"enemies":"2 Fungi Beasts","floor":12.0,"turns":4.0},{"damage":20,"enemies":"Lagavulin","floor":14,"turns":7},{"damage":61,"enemies":"Slime Boss","floor":16,"turns":11},{"damage":20,"enemies":"Spheric Guardian","floor":18,"turns":5},{"damage":4,"enemies":"Shell Parasite","floor":19,"turns":3},{"damage":18,"enemies":"3 Cultists","floor":22,"turns":3},{"damage":15,"enemies":"Gremlin Leader","floor":23,"turns":6},{"damage":25,"enemies":"Centurion and Healer","floor":25,"turns":6},{"damage":40,"enemies":"Snake Plant","floor":27,"turns":2}],"seed_played":"-2056516862310038543","potions_obtained":[{"floor":5.0,"key":"Regen Potion"},{"floor":7.0,"key":"Block Potion"},{"floor":8.0,"key":"SkillPotion"},{"floor":16,"key":"Swift Potion"},{"floor":19,"key":"GamblersBrew"},{"floor":23,"key":"Weak Potion"}],"is_trial":false,"path_per_floor":["M","?","?","M","M","E","M","M","T","R","M","M","?","E","R","B",null,"M","M","?","$","M","E","R","M","T","M"],"character_chosen":"IRONCLAD","items_purchased":["ClockworkSouvenir","Bludgeon","Evolve"],"campfire_rested":2,"item_purchase_floors":[21,21,21],"current_hp_per_floor":[78,78,78,80,80,49,47,47,47,47,45,50,50,45,69,14,64,50,52,52,52,40,31,55,36,36,0,0],"gold":92,"neow_bonus":"THREE_ENEMY_KILL","is_daily":false,"chose_seed":false,"campfire_upgraded":1,"win_rate":0.0,"timestamp":1607674035,"path_taken":["M","?","?","M","?","E","M","M","T","R","M","M","?","E","R","BOSS","M","M","?","$","M","E","R","M","T","M"],"items_purchased_type":["Relic","Card","Card"],"build_version":"2020-11-30","purchased_purges":1,"victory":false,"max_hp_per_floor":[80,80,80,80,80,80,80,80,80,80,80,80,80,80,80,80,80,80,80,80,80,80,80,80,80,80,80,80],"card_choices":[{"not_picked":["Headbutt","Anger"],"picked":"Pommel Strike","floor":1.0},{"not_picked":["Clothesline","Second Wind"],"picked":"Spot Weakness","floor":4.0},{"not_picked":["Sword Boomerang","Havoc"],"picked":"Pommel Strike","floor":5.0},{"not_picked":["Blood for Blood","Feel No Pain"],"picked":"Power Through","floor":6.0},{"not_picked":["Offering","Warcry"],"picked":"Sword Boomerang","floor":7.0},{"not_picked":["Body Slam","Burning Pact"],"picked":"Armaments","floor":8.0},{"not_picked":["Havoc","Clash","Searing Blow"],"picked":"SKIP","floor":11.0},{"not_picked":["Whirlwind","Iron Wave"],"picked":"Inflame","floor":12.0},{"not_picked":["Fire Breathing","Twin Strike"],"picked":"Seeing Red","floor":14},{"not_picked":["Headbutt","Searing Blow"],"picked":"Cleave","floor":15},{"not_picked":["Berserk","Immolate"],"picked":"Exhume","floor":16},{"not_picked":["Ghostly Armor","Rampage","Hemokinesis"],"picked":"SKIP","floor":18},{"not_picked":["Body Slam","Cleave+1"],"picked":"Heavy Blade+1","floor":19},{"not_picked":["Sever Soul","Ghostly Armor+1"],"picked":"Flex+1","floor":22},{"not_picked":["Ghostly Armor+1","Twin Strike","Combust+1"],"picked":"SKIP","floor":23},{"not_picked":["Seeing Red","Havoc"],"picked":"Battle Trance","floor":24},{"not_picked":["Cleave","Anger"],"picked":"Pummel","floor":25}],"player_experience":455989,"relics_obtained":[{"floor":6.0,"key":"Whetstone"},{"floor":9.0,"key":"Bronze Scales"},{"floor":14,"key":"Bag of Marbles"},{"floor":23,"key":"Lantern"},{"floor":26,"key":"WingedGreaves"}],"event_choices":[{"damage_healed":0.0,"max_hp_gain":0.0,"max_hp_loss":0.0,"gold_gain":0.0,"cards_transformed":["Strike_R"],"event_name":"Living Wall","player_choice":"Change","floor":2.0,"gold_loss":0.0,"damage_taken":0.0,"cards_obtained":["Brutality"]},{"damage_healed":0.0,"max_hp_gain":0.0,"max_hp_loss":0.0,"gold_gain":0.0,"event_name":"Upgrade Shrine","player_choice":"Upgraded","floor":3.0,"gold_loss":0.0,"damage_taken":0.0,"cards_upgraded":["Pommel Strike"]},{"damage_healed":0,"gold_gain":0,"player_choice":"Gave Potion","damage_taken":0,"relics_obtained":["Dream Catcher"],"max_hp_gain":0,"max_hp_loss":0,"event_name":"WeMeetAgain","floor":13,"gold_loss":0},{"damage_healed":0,"gold_gain":0,"player_choice":"Ignored","damage_taken":0,"max_hp_gain":0,"max_hp_loss":0,"event_name":"Vampires","floor":20,"gold_loss":0}],"is_beta":false,"boss_relics":[{"not_picked":["Mark of Pain","Pandora\u0027s Box"],"picked":"Snecko Eye"}],"items_purged_floors":[21],"is_endless":false,"potions_floor_spawned":[5,7,8,12,16,19,23],"killed_by":"Snake Plant","ascension_level":9}}