{"host":"27hat5v0dffgaxzm","time":1607697829,"event":{"mods":["BaseMod","Colored Map","Colored Powertips","Highlight Path","Minty Spire (QoL Compilation)","Permanent Neow","Quick Restart"],"gold_per_floor":[112,112,126,139,64,64,24,24,48,82,82,82,82,93,93,164,164,182,200,290,57,57,57,57,57],"floor_reached":24,"playtime":712,"items_purged":["Defend_G"],"score":484,"play_id":"8b1b174c-5fd3-429a-8839-5255ab846c96","local_time":"20201211234349","is_ascension_mode":true,"campfire_choices":[{"floor":6.0,"key":"REST"},{"data":"Neutralize","floor":8.0,"key":"SMITH"},{"data":"Well Laid Plans","floor":12.0,"key":"SMITH"},{"floor":15.0,"key":"REST"},{"floor":23,"key":"REST"}],"circlet_count":0,"master_deck":["AscendersBane","Strike_G","Strike_G","Strike_G","Strike_G+1","Defend_G","Defend_G+1","Defend_G","Survivor","Neutralize+1","Corpse Explosion","Well Laid Plans+1","Bane","Acrobatics","Noxious Fumes","Flying Knee","PiercingWail","Die Die Die","CurseOfTheBell","Blade Dance+1","Catalyst","Writhe"],"relics":["Ring of the Snake","Snake Skull","Sundial","Kunai","Calling Bell","PreservedInsect","Question Card","The Specimen","Sling","Bag of Marbles"],"acts_visited":["Exordium","TheCity"],"potions_floor_usage":[19,19],"damage_taken":[{"damage":10.0,"enemies":"Small Slimes","floor":1.0,"turns":3.0},{"damage":2.0,"enemies":"Jaw Worm","floor":3.0,"turns":5.0},{"damage":0.0,"enemies":"2 Louse","floor":4.0,"turns":3.0},{"damage":20.0,"enemies":"Gremlin Nob","floor":10.0,"turns":5.0},{"damage":0.0,"enemies":"Exordium Wildlife","floor":14.0,"turns":3.0},{"damage":0.0,"enemies":"Hexaghost","floor":16.0,"turns":9.0},{"damage":27.0,"enemies":"3 Byrds","floor":18.0,"turns":4.0},{"damage":13,"enemies":"2 Thieves","floor":19,"turns":4},{"damage":29,"enemies":"Book of Stabbing","floor":24,"turns":3}],"seed_played":"-1910901005635867712","potions_obtained":[{"floor":3.0,"key":"Ancient Potion"},{"floor":10.0,"key":"BlessingOfTheForge"},{"floor":14.0,"key":"Fire Potion"},{"floor":18.0,"key":"CultistPotion"}],"is_trial":false,"path_per_floor":["M","?","M","M","?","R","$","R","T","E","T","R","?","M","R","B",null,"M","M","?","$","?","R","E"],"character_chosen":"THE_SILENT","items_purchased":["Noxious Fumes","Sling"],"campfire_rested":3,"item_purchase_floors":[7,21],"current_hp_per_floor":[34,14,12,12,12,31,31,31,31,11,11,11,4,4,23,23,55,28,15,3,3,3,22,0,0],"gold":57,"neow_bonus":"THREE_RARE_CARDS","is_daily":false,"chose_seed":false,"campfire_upgraded":2,"win_rate":0.0,"timestamp":1607697829,"path_taken":["M","?","M","M","?","R","$","R","T","E","?","R","?","M","R","BOSS","M","M","?","?","?","R","E"],"items_purchased_type":["Card","Relic"],"build_version":"2020-11-30","purchased_purges":1,"victory":false,"max_hp_per_floor":[66,66,66,66,66,66,66,66,66,66,66,66,66,66,66,66,66,66,66,66,66,66,66,66,66],"card_choices":[{"not_picked":["Bullet Time","Storm of Steel"],"picked":"Corpse Explosion","floor":0.0},{"not_picked":["Flying Knee","Prepared"],"picked":"Well Laid Plans","floor":1.0},{"not_picked":["Dodge and Roll","Flechettes"],"picked":"Bane","floor":3.0},{"not_picked":["Infinite Blades","Underhanded Strike"],"picked":"Acrobatics","floor":4.0},{"not_picked":["Underhanded Strike","Cloak And Dagger"],"picked":"Flying Knee","floor":10.0},{"not_picked":["Acrobatics","A Thousand Cuts"],"picked":"PiercingWail","floor":14.0},{"not_picked":["Wraith Form v2","Night Terror"],"picked":"Die Die Die","floor":16.0},{"not_picked":["Dodge and Roll+1","Deadly Poison","Underhanded Strike"],"picked":"Blade Dance+1","floor":18.0},{"not_picked":["Terror","Heel Hook","Sucker Punch"],"picked":"Catalyst","floor":19}],"player_experience":299274,"relics_obtained":[{"floor":9.0,"key":"Snake Skull"},{"floor":10.0,"key":"Sundial"},{"floor":11.0,"key":"Kunai"},{"floor":17.0,"key":"PreservedInsect"},{"floor":17.0,"key":"Question Card"},{"floor":17.0,"key":"The Specimen"}],"event_choices":[{"damage_healed":0.0,"max_hp_gain":0.0,"max_hp_loss":0.0,"gold_gain":0.0,"event_name":"Shining Light","player_choice":"Entered Light","floor":2.0,"gold_loss":0.0,"damage_taken":20.0,"cards_upgraded":["Strike_G","Defend_G"]},{"cards_removed":["Strike_G"],"damage_healed":0.0,"max_hp_gain":0.0,"max_hp_loss":0.0,"gold_gain":0.0,"event_name":"The Cleric","player_choice":"Card Removal","floor":5.0,"gold_loss":75.0,"damage_taken":0.0},{"cards_removed":["Defend_G"],"damage_healed":0.0,"max_hp_gain":0.0,"max_hp_loss":0.0,"gold_gain":0.0,"event_name":"Golden Wing","player_choice":"Card Removal","floor":13.0,"gold_loss":0.0,"damage_taken":7.0},{"damage_healed":0,"gold_gain":90,"player_choice":"GOLD ","damage_taken":12,"max_hp_gain":0,"max_hp_loss":0,"event_name":"Knowing Skull","floor":20,"potions_obtained":[],"gold_loss":0,"cards_obtained":[]},{"damage_healed":0,"gold_gain":0,"player_choice":"Opened","damage_taken":0,"relics_obtained":["Bag of Marbles"],"max_hp_gain":0,"max_hp_loss":0,"event_name":"The Mausoleum","floor":22,"gold_loss":0,"cards_obtained":["Writhe"]}],"is_beta":false,"boss_relics":[{"not_picked":["SlaversCollar","Sozu"],"picked":"Calling Bell"}],"items_purged_floors":[21],"is_endless":false,"potions_floor_spawned":[3,10,14,18],"killed_by":"Book of Stabbing","ascension_level":20}}