{"host":"2yqfi47fogfu1ic4","time":1607711019,"event":{"mods":["AchievementEnabler","BaseMod","Colored Map","Colored Powertips","Highlight Path","Minty Spire (QoL Compilation)","Permanent Neow","Relic Stats","StSLib"],"gold_per_floor":[114,114,130,55,70,102,102,121,121,145,145,176,186,206,206,278,278,289,214,225,225,250,277,277,307,354,366,366,5,35,35,35,112,112,125,0,0,0,11,11,42,54,130,160,174,174,226,243,243,243,243,243,243,26,51,51],"floor_reached":57,"playtime":5463,"items_purged":["Strike_G","Strike_G","Defend_G"],"score":2856,"play_id":"6232211c-9317-49d8-ac39-4348e0b0854c","local_time":"20201211192339","is_ascension_mode":true,"campfire_choices":[{"data":"Glass Knife","floor":7,"key":"SMITH"},{"data":"Footwork","floor":11,"key":"SMITH"},{"data":"Backstab","floor":15,"key":"SMITH"},{"data":"Night Terror","floor":28,"key":"SMITH"},{"data":"Catalyst","floor":32,"key":"SMITH"},{"data":"Catalyst","floor":40,"key":"SMITH"},{"data":"Night Terror","floor":46,"key":"SMITH"},{"floor":49,"key":"RECALL"},{"data":"Master of Strategy","floor":53,"key":"SMITH"}],"circlet_count":0,"master_deck":["AscendersBane","Defend_G+1","Defend_G","Defend_G","Survivor+1","Neutralize+1","Quick Slash","Backflip","Glass Knife+1","Footwork+1","All Out Attack","Backstab+1","Wraith Form v2+1","Night Terror+1","Dodge and Roll","Backflip","Noxious Fumes+1","Catalyst+1","Calculated Gamble","Catalyst+1","Master of Strategy+1","Acrobatics","Corpse Explosion","Deadly Poison+1","Expertise+1","Distraction","Deadly Poison+1","Leg Sweep","Night Terror+1","Venomology","Wraith Form v2+1","Acrobatics","Acrobatics"],"relics":["Coffee Dripper","Meat on the Bone","Gremlin Horn","Odd Mushroom","Frozen Egg 2","Philosopher\u0027s Stone","Red Mask","Bag of Preparation","Lizard Tail","CaptainsWheel","War Paint","Mercury Hourglass","Astrolabe","Boot","Blue Candle","Oddly Smooth Stone","DollysMirror","Snake Skull"],"acts_visited":["Exordium","TheCity","TheBeyond","TheEnding"],"potions_floor_usage":[12,20,23,39,42,51,56,56,56],"damage_taken":[{"damage":9,"enemies":"Small Slimes","floor":1,"turns":4},{"damage":0,"enemies":"Cultist","floor":3,"turns":4},{"damage":0,"enemies":"Jaw Worm","floor":5,"turns":3},{"damage":25,"enemies":"Lagavulin","floor":6,"turns":11},{"damage":0,"enemies":"Looter","floor":8,"turns":2},{"damage":15,"enemies":"The Mushroom Lair","floor":10,"turns":3},{"damage":2,"enemies":"3 Sentries","floor":12,"turns":6},{"damage":12,"enemies":"3 Louse","floor":13,"turns":3},{"damage":0,"enemies":"2 Fungi Beasts","floor":14,"turns":2},{"damage":36,"enemies":"Slime Boss","floor":16,"turns":12},{"damage":2,"enemies":"3 Byrds","floor":18,"turns":6},{"damage":9,"enemies":"2 Thieves","floor":20,"turns":4},{"damage":7,"enemies":"Masked Bandits","floor":22,"turns":5},{"damage":5,"enemies":"Book of Stabbing","floor":23,"turns":5},{"damage":0,"enemies":"Gremlin Leader","floor":25,"turns":6},{"damage":13,"enemies":"Centurion and Healer","floor":27,"turns":7},{"damage":10,"enemies":"Book of Stabbing","floor":30,"turns":5},{"damage":26,"enemies":"Collector","floor":33,"turns":7},{"damage":0,"enemies":"3 Darklings","floor":35,"turns":3},{"damage":2,"enemies":"Orb Walker","floor":39,"turns":4},{"damage":0,"enemies":"Nemesis","floor":41,"turns":5},{"damage":0,"enemies":"3 Darklings","floor":42,"turns":4},{"damage":0,"enemies":"Giant Head","floor":44,"turns":5},{"damage":3,"enemies":"Transient","floor":45,"turns":6},{"damage":0,"enemies":"Maw","floor":48,"turns":4},{"damage":16,"enemies":"Awakened One","floor":50,"turns":10},{"damage":50,"enemies":"Donu and Deca","floor":51,"turns":5},{"damage":2,"enemies":"Shield and Spear","floor":55,"turns":3},{"damage":23,"enemies":"The Heart","floor":56,"turns":9}],"seed_played":"7863762698140315649","potions_obtained":[{"floor":8,"key":"SteroidPotion"},{"floor":10,"key":"CunningPotion"},{"floor":12,"key":"SteroidPotion"},{"floor":18,"key":"CultistPotion"},{"floor":20,"key":"Ancient Potion"},{"floor":25,"key":"ColorlessPotion"},{"floor":41,"key":"Fire Potion"},{"floor":44,"key":"Swift Potion"},{"floor":55,"key":"SpeedPotion"}],"is_trial":false,"path_per_floor":["M","?","M","?","M","E","R","M","T","?","R","E","M","M","R","B",null,"M","$","M","?","?","E","T","E","T","M","R","$","E","?","R","B",null,"M","$","?","?","M","R","E","M","T","E","M","R","T","M","R","B","B",null,"R","$","E","B",null],"character_chosen":"THE_SILENT","items_purchased":["Catalyst","Master of Strategy","DollysMirror","Acrobatics"],"campfire_rested":0,"item_purchase_floors":[29,29,54,54],"current_hp_per_floor":[50,50,50,50,50,25,25,37,37,34,34,44,44,44,44,20,55,53,53,44,44,37,44,44,44,44,43,43,43,45,45,45,31,57,57,57,57,57,55,55,55,55,55,55,52,52,52,52,52,36,31,57,57,57,55,44],"gold":51,"neow_bonus":"BOSS_RELIC","is_daily":false,"chose_seed":false,"campfire_upgraded":8,"win_rate":0.0,"timestamp":1607711019,"path_taken":["M","?","?","?","M","E","R","M","T","?","R","E","M","M","R","BOSS","M","$","M","?","?","E","?","E","T","M","R","?","E","?","R","BOSS","M","$","?","?","?","R","E","M","T","E","M","R","?","M","R","BOSS","BOSS","R","$","E","BOSS"],"items_purchased_type":["Card","Card","Relic","Card"],"build_version":"2020-11-30","purchased_purges":3,"victory":true,"max_hp_per_floor":[66,66,66,66,66,66,66,66,66,66,66,66,66,66,66,66,66,66,66,66,66,66,66,66,66,66,66,66,66,66,66,66,66,66,66,66,66,66,66,66,66,66,66,66,66,66,66,66,66,66,66,66,66,66,66,66],"relic_stats":{"Lizard Tail":33,"Gremlin Horn":[28,28],"counters":[29,153],"Astrolabe":["Deadly Poison","Expertise","Predator"],"Blue Candle":[0],"Snake Skull":[13],"Bag of Preparation":[30],"War Paint":["Defend_G","Survivor"],"Boot":[19],"obtain_stats":[{"Gremlin Horn":9,"Astrolabe":34,"Blue Candle":44,"Oddly Smooth Stone":47,"Snake Skull":55,"Bag of Preparation":23,"Odd Mushroom":10,"Frozen Egg 2":12,"War Paint":26,"Boot":41,"Mercury Hourglass":30,"Lizard Tail":24,"CaptainsWheel":25,"DollysMirror":54,"Philosopher\u0027s Stone":17,"Coffee Dripper":0,"Red Mask":22,"Ring of the Snake":0,"Meat on the Bone":6},{"Gremlin Horn":5,"Astrolabe":18,"Blue Candle":23,"Oddly Smooth Stone":24,"Snake Skull":28,"Bag of Preparation":14,"Odd Mushroom":6,"Frozen Egg 2":7,"War Paint":15,"Boot":21,"Mercury Hourglass":17,"Lizard Tail":14,"CaptainsWheel":15,"DollysMirror":27,"Philosopher\u0027s Stone":10,"Coffee Dripper":0,"Red Mask":13,"Ring of the Snake":0,"Meat on the Bone":4},{"Gremlin Horn":24,"Astrolabe":95,"Blue Candle":116,"Oddly Smooth Stone":122,"Snake Skull":144,"Bag of Preparation":70,"Odd Mushroom":27,"Frozen Egg 2":33,"War Paint":76,"Boot":107,"Mercury Hourglass":88,"Lizard Tail":70,"CaptainsWheel":76,"DollysMirror":141,"Philosopher\u0027s Stone":50,"Coffee Dripper":0,"Red Mask":65,"Ring of the Snake":0,"Meat on the Bone":22}],"Meat on the Bone":132,"Mercury Hourglass":[251]},"card_choices":[{"not_picked":["PiercingWail","Blade Dance"],"picked":"Quick Slash","floor":1},{"not_picked":["Cloak And Dagger","Deadly Poison"],"picked":"Backflip","floor":3},{"not_picked":["Sucker Punch","Caltrops"],"picked":"Finisher","floor":5},{"not_picked":["Masterful Stab","Slice"],"picked":"Glass Knife","floor":6},{"not_picked":["Blade Dance","Sucker Punch"],"picked":"Footwork","floor":8},{"not_picked":["Bane","Quick Slash"],"picked":"Masterful Stab","floor":10},{"not_picked":["Slice","Prepared"],"picked":"All Out Attack","floor":12},{"not_picked":["Flying Knee","Dagger Spray"],"picked":"Backstab","floor":13},{"not_picked":["Outmaneuver","Backflip"],"picked":"Wraith Form v2+1","floor":14},{"not_picked":["Bullet Time","Phantasmal Killer"],"picked":"Night Terror","floor":16},{"not_picked":["Accuracy+1","Prepared"],"picked":"Dodge and Roll","floor":18},{"not_picked":["Dagger Throw","Underhanded Strike"],"picked":"Backflip","floor":20},{"not_picked":["Choke","Reflex","Dagger Throw"],"picked":"SKIP","floor":23},{"not_picked":["Malaise","Footwork+1"],"picked":"Catalyst","floor":25},{"not_picked":["Finisher","Distraction+1"],"picked":"Calculated Gamble","floor":27},{"not_picked":["Bane+1","Slice"],"picked":"Acrobatics","floor":30},{"not_picked":["Grand Finale","Doppelganger"],"picked":"Corpse Explosion","floor":33},{"not_picked":["Dash","Infinite Blades+1","Deflect"],"picked":"SKIP","floor":35},{"not_picked":["Reflex","PiercingWail"],"picked":"Deadly Poison+1","floor":39},{"not_picked":["Deadly Poison","Quick Slash"],"picked":"Leg Sweep","floor":41},{"not_picked":["Cloak And Dagger","Expertise","Masterful Stab"],"picked":"SKIP","floor":42},{"not_picked":["Flying Knee","Heel Hook"],"picked":"Night Terror","floor":44},{"not_picked":["Prepared","Dagger Throw","Outmaneuver"],"picked":"SKIP","floor":45},{"not_picked":["Infinite Blades+1","Bane"],"picked":"Venomology","floor":48},{"not_picked":["Sucker Punch","Blade Dance+1"],"picked":"Acrobatics","floor":55}],"player_experience":1720334,"relics_obtained":[{"floor":6,"key":"Meat on the Bone"},{"floor":9,"key":"Gremlin Horn"},{"floor":10,"key":"Odd Mushroom"},{"floor":12,"key":"Frozen Egg 2"},{"floor":22,"key":"Red Mask"},{"floor":23,"key":"Bag of Preparation"},{"floor":24,"key":"Lizard Tail"},{"floor":25,"key":"CaptainsWheel"},{"floor":26,"key":"War Paint"},{"floor":30,"key":"Mercury Hourglass"},{"floor":41,"key":"Boot"},{"floor":44,"key":"Blue Candle"},{"floor":47,"key":"Oddly Smooth Stone"},{"floor":55,"key":"Snake Skull"}],"event_choices":[{"damage_healed":0,"gold_gain":0,"player_choice":"Upgraded","damage_taken":0,"max_hp_gain":0,"max_hp_loss":0,"event_name":"Upgrade Shrine","floor":2,"gold_loss":0,"cards_upgraded":["Neutralize"]},{"cards_removed":["Strike_G"],"damage_healed":0,"gold_gain":0,"player_choice":"Card Removal","damage_taken":0,"max_hp_gain":0,"max_hp_loss":0,"event_name":"The Cleric","floor":4,"gold_loss":75},{"damage_healed":0,"gold_gain":0,"player_choice":"Fought Mushrooms","damage_taken":0,"max_hp_gain":0,"max_hp_loss":0,"event_name":"Mushrooms","floor":10,"gold_loss":0},{"damage_healed":0,"gold_gain":0,"cards_transformed":["Strike_G","Strike_G"],"player_choice":"Became Test Subject","damage_taken":0,"max_hp_gain":0,"max_hp_loss":0,"event_name":"Drug Dealer","floor":21,"gold_loss":0,"cards_obtained":["Masterful Stab","Noxious Fumes"]},{"damage_healed":0,"gold_gain":0,"player_choice":"Fought Bandits","damage_taken":0,"max_hp_gain":0,"max_hp_loss":0,"event_name":"Masked Bandits","floor":22,"gold_loss":0},{"damage_healed":0,"gold_gain":0,"player_choice":"Ignored","damage_taken":0,"max_hp_gain":0,"max_hp_loss":0,"event_name":"Vampires","floor":31,"gold_loss":0},{"cards_removed":["Predator"],"damage_healed":0,"gold_gain":0,"player_choice":"Removed Attack","damage_taken":0,"max_hp_gain":0,"max_hp_loss":0,"event_name":"Falling","floor":37,"gold_loss":0},{"damage_healed":0,"gold_gain":0,"cards_transformed":["Masterful Stab"],"player_choice":"Transformed","damage_taken":0,"max_hp_gain":0,"max_hp_loss":0,"event_name":"Transmorgrifier","floor":38,"gold_loss":0,"cards_obtained":["Distraction"]}],"is_beta":false,"boss_relics":[{"not_picked":["Busted Crown","Fusion Hammer"],"picked":"Philosopher\u0027s Stone"},{"not_picked":["Tiny House","WristBlade"],"picked":"Astrolabe"}],"items_purged_floors":[19,29,36],"is_endless":false,"potions_floor_spawned":[8,10,12,14,16,18,20,25,33,41,44,48,55],"ascension_level":20}}