{"host":"kyy1kus4tsuq869y","time":1607657661,"event":{"mods":["BaseMod","Downfall","GifTheSpireLib","HololiveMod","Hubris","Jorbs\u0027s Wanderer Trilogy","Marisa£®ÏF”Í°°ƒß¿Ì…≥£©","Minty Spire (QoL Compilation)","Quick Restart","READ ME - Guardian Mod","READ ME - Snecko Mod","Reimu£®≤©¿ˆ¡È√Œ£©","Remilia£®¿Ÿ√◊¿Ú—«£©","Replay The Spire","StSLib","Td1madao Mod","The Administrix","The Animator","The Bug Knight","The Construct","The Cursed","The Hierophant","The Runesmith","The Senshi","The Servant 0.9.4","Youmu£®ªÍ∆«—˝√Œ£©"],"gold_per_floor":[20,70,88,99,99,99,114,38,38,38,52,69,80,80,80,80,80],"floor_reached":16,"playtime":404,"items_purged":[],"score":174,"play_id":"442d2180-d6c3-48ae-9b8a-493eaf93fa22","local_time":"20201211113421","is_ascension_mode":true,"campfire_choices":[{"data":"Armaments","floor":6,"key":"SMITH"},{"data":"Barricade","floor":10,"key":"SMITH"},{"data":"Entrench","floor":15,"key":"SMITH"}],"circlet_count":0,"master_deck":["AscendersBane","Strike_R","Strike_R","Strike_R","Strike_R","Defend_R","Defend_R","Defend_R","Defend_R","Bash","Barricade+1","Armaments+1","Second Wind","Power Through","Entrench+1","Demon Form"],"relics":["Burning Blood"],"acts_visited":["Exordium"],"potions_floor_usage":[12,12,13,16],"damage_taken":[{"damage":6,"enemies":"2 Louse","floor":1,"turns":3},{"damage":12,"enemies":"Cultist","floor":3,"turns":4},{"damage":7,"enemies":"Small Slimes","floor":4,"turns":3},{"damage":21,"enemies":"Red Slaver","floor":7,"turns":5},{"damage":13,"enemies":"2 Fungi Beasts","floor":11,"turns":6},{"damage":3,"enemies":"Blue Slaver","floor":12,"turns":7},{"damage":25,"enemies":"3 Louse","floor":13,"turns":8},{"damage":28,"enemies":"Slime Boss","floor":16,"turns":3}],"seed_played":"9183946477704073300","potions_obtained":[{"floor":1,"key":"Adrenaline Potion"},{"floor":4,"key":"Slimebound:ThreeZeroPotion"},{"floor":12,"key":"Fruit Juice"},{"floor":13,"key":"Fire Potion"}],"is_trial":false,"path_per_floor":["M","?","M","M","?","R","M","$","T","R","M","M","M","$","R","B"],"character_chosen":"IRONCLAD","items_purchased":["Power Through"],"campfire_rested":0,"item_purchase_floors":[8],"current_hp_per_floor":[68,68,62,61,61,61,46,46,46,46,39,47,28,28,28,0,0],"gold":80,"neow_bonus":"THREE_RARE_CARDS","is_daily":false,"chose_seed":false,"campfire_upgraded":3,"win_rate":0.0,"timestamp":1607657661,"path_taken":["M","?","?","M","?","R","?","?","T","R","M","M","M","?","R","BOSS"],"items_purchased_type":["Card"],"build_version":"2020-11-30","purchased_purges":0,"victory":false,"max_hp_per_floor":[75,75,75,75,75,75,75,75,75,75,75,80,80,80,80,80,80],"card_choices":[{"not_picked":["Double Tap","hubris:StunningStrike"],"picked":"Barricade","floor":0},{"not_picked":["Infernal Blade","Sever Soul"],"picked":"Armaments","floor":1},{"not_picked":["Hemokinesis","Abandon","Wild Strike"],"picked":"SKIP","floor":3},{"not_picked":["Havoc","Flex","Spot Weakness"],"picked":"SKIP","floor":4},{"not_picked":["Spot Weakness","Wild Strike"],"picked":"Second Wind","floor":7},{"not_picked":["Warcry","Headbutt"],"picked":"Entrench","floor":11},{"not_picked":["Run Through","Perfected Strike","Twin Strike"],"picked":"SKIP","floor":12},{"not_picked":["Flex","Carnage"],"picked":"Demon Form","floor":13}],"player_experience":439630,"relics_obtained":[],"event_choices":[{"damage_healed":0,"gold_gain":50,"player_choice":"Pray","damage_taken":0,"max_hp_gain":0,"max_hp_loss":0,"event_name":"Golden Shrine","floor":2,"gold_loss":0},{"cards_removed":["Strike_R"],"damage_healed":0,"gold_gain":0,"player_choice":"Purged","damage_taken":0,"max_hp_gain":0,"max_hp_loss":0,"event_name":"Purifier","floor":5,"gold_loss":0}],"is_beta":false,"boss_relics":[],"items_purged_floors":[],"is_endless":false,"potions_floor_spawned":[1,4,12,13],"killed_by":"Slime Boss","ascension_level":17}}