{"host":"87fdiiwflhrwsj8a","time":1607714118,"event":{"mods":["Aspiration","BaseMod","Better Match","Better Note","Better Third Choice","BetterRewards","Colored Map","GifTheSpireLib","Infinite Spire","Minty Spire (QoL Compilation)","Relic Sorter","Replay The Spire","Robot Space Explorer","StSLib","Stuff the Spire","The Cursed"],"gold_per_floor":[112,187,187,32,51,81,98,98,122,449,449,460,482,212,212,312,312,328,342,342,362,362,362,362],"floor_reached":23,"playtime":798,"items_purged":[],"score":224,"play_id":"e1a47e29-a95d-433e-8fa0-7c3ebe62cf2e","local_time":"20201211141517","is_ascension_mode":false,"campfire_choices":[{"data":"TheCursedMod:HellfireBreathing","floor":8.0,"key":"SMITH"},{"data":"TheCursedMod:CursedBlade","floor":11.0,"key":"SMITH"},{"data":"TheCursedMod:TacticalStrike","floor":15.0,"key":"SMITH"}],"circlet_count":0,"master_deck":["TheCursedMod:Strike_TheCursed","TheCursedMod:Strike_TheCursed","TheCursedMod:Strike_TheCursed","TheCursedMod:Strike_TheCursed","TheCursedMod:Defend_TheCursed","TheCursedMod:Defend_TheCursed","TheCursedMod:Defend_TheCursed","TheCursedMod:Defend_TheCursed","TheCursedMod:CursedWand","TheCursedMod:CleanUpWorkshop","TheCursedMod:Dregs","TheCursedMod:CursedBlade+1","StuffTheSpire:CuriosityCurse","TheCursedMod:CursedShiv","TheCursedMod:CircleOfFlame","TheCursedMod:HellfireBreathing+1","TheCursedMod:CircleOfFlame","TheCursedMod:RapidMovement","TheCursedMod:TacticalStrike+1","TheCursedMod:DemonSword","TheCursedMod:OutForBlood+1","TheCursedMod:CircleOfFlame","TheCursedMod:WearCloak"],"relics":["TheCursedMod:BlackMagic101","NeowsBlessing","TheCursedMod:DemonicMark","Membership Card","infinitespire:Lucky Rock","TheCursedMod:Tack","Old Coin","Odd Mushroom","Replay:Baseball","Frozen Egg 2","TheCursedMod:OminousMark"],"acts_visited":["Exordium","TheCity"],"potions_floor_usage":[23,23],"damage_taken":[{"damage":0.0,"enemies":"Small Slimes","floor":1.0,"turns":1.0},{"damage":0.0,"enemies":"Jaw Worm","floor":5.0,"turns":1.0},{"damage":0.0,"enemies":"3 Sentries","floor":6.0,"turns":2.0},{"damage":0.0,"enemies":"Cultist","floor":7.0,"turns":4.0},{"damage":4.0,"enemies":"Replay:BlueRogue","floor":10.0,"turns":4.0},{"damage":2.0,"enemies":"Blue Slaver","floor":12.0,"turns":2.0},{"damage":9.0,"enemies":"The Mushroom Lair","floor":13.0,"turns":1.0},{"damage":27.0,"enemies":"Hexaghost","floor":16.0,"turns":7.0},{"damage":17.0,"enemies":"Shell Parasite","floor":18.0,"turns":3.0},{"damage":8.0,"enemies":"2 Thieves","floor":19.0,"turns":3.0},{"damage":16.0,"enemies":"Centurion and Healer","floor":21.0,"turns":6.0},{"damage":35,"enemies":"Book of Stabbing","floor":23,"turns":4}],"seed_played":"-1950989281132954203","potions_obtained":[{"floor":6.0,"key":"CultistPotion"},{"floor":12.0,"key":"Elixir"},{"floor":13.0,"key":"Ancient Potion"}],"is_trial":false,"path_per_floor":["M","?","?","$","M","E","M","R","T","E","R","M","?","$","R","B",null,"M","M","?","M","?","E"],"character_chosen":"THE_CURSED","items_purchased":["Membership Card","TheCursedMod:CursedShiv","TheCursedMod:DemonSword","Replay:Baseball","Frozen Egg 2"],"campfire_rested":0,"item_purchase_floors":[4,4,14,14,14],"current_hp_per_floor":[75,64,64,64,64,64,64,64,64,60,60,58,49,49,49,22,75,58,50,50,34,34,0,0],"gold":362,"neow_bonus":"THREE_ENEMY_KILL","is_daily":false,"chose_seed":false,"campfire_upgraded":3,"win_rate":0.0,"timestamp":1607714117,"path_taken":["M","?","?","$","?","E","M","R","T","E","R","M","?","?","R","BOSS","M","M","?","M","?","E"],"items_purchased_type":["Relic","Card","Card","Relic","Relic"],"build_version":"2020-11-30","purchased_purges":0,"victory":false,"max_hp_per_floor":[75,75,75,75,75,75,75,75,75,75,75,75,75,75,75,75,75,75,75,75,75,75,75,75],"card_choices":[{"not_picked":["TheCursedMod:CursedAmulet","TheCursedMod:Stretching"],"picked":"TheCursedMod:CursedBlade","floor":1.0},{"not_picked":["TheCursedMod:SmokeScreen","TheCursedMod:CursedAmulet"],"picked":"TheCursedMod:CircleOfFlame","floor":5.0},{"not_picked":["TheCursedMod:StunningStrike","TheCursedMod:DoubleShield","TheCursedMod:Mangle"],"picked":"SKIP","floor":6.0},{"not_picked":["TheCursedMod:TacticalStrike","TheCursedMod:CursedShiv"],"picked":"TheCursedMod:HellfireBreathing","floor":7.0},{"not_picked":["TheCursedMod:SpitefulStrike","TheCursedMod:CursedArmor"],"picked":"TheCursedMod:CircleOfFlame","floor":10.0},{"not_picked":["TheCursedMod:CursedShiv","TheCursedMod:CursedAmulet"],"picked":"TheCursedMod:RapidMovement","floor":12.0},{"not_picked":["TheCursedMod:Grudge","TheCursedMod:RavingStaff"],"picked":"TheCursedMod:TacticalStrike","floor":13.0},{"not_picked":["TheCursedMod:CollectTribute+1","TheCursedMod:DemonSword"],"picked":"TheCursedMod:OutForBlood+1","floor":16.0},{"not_picked":["TheCursedMod:StingEye","TheCursedMod:RavingStaff"],"picked":"TheCursedMod:CircleOfFlame","floor":18.0},{"not_picked":["TheCursedMod:DoubleShield","TheCursedMod:SmokeScreen+1"],"picked":"TheCursedMod:WearCloak","floor":19.0},{"not_picked":["TheCursedMod:ReleasedKnowledge","TheCursedMod:CursedStaff","TheCursedMod:BlessingInDisguise+1"],"picked":"SKIP","floor":21.0}],"player_experience":2530883,"relics_obtained":[{"floor":6.0,"key":"infinitespire:Lucky Rock"},{"floor":9.0,"key":"TheCursedMod:Tack"},{"floor":10.0,"key":"Old Coin"},{"floor":13.0,"key":"Odd Mushroom"}],"event_choices":[{"damage_healed":0.0,"max_hp_gain":0.0,"max_hp_loss":0.0,"gold_gain":75.0,"event_name":"betterThird:BetterGoop","player_choice":"Gold","floor":2.0,"gold_loss":0.0,"damage_taken":11.0},{"damage_healed":0.0,"max_hp_gain":0.0,"max_hp_loss":0.0,"gold_gain":0.0,"event_name":"Mushrooms","player_choice":"Fought Mushrooms","floor":13.0,"gold_loss":0.0,"damage_taken":0.0},{"damage_healed":0.0,"max_hp_gain":0.0,"max_hp_loss":0.0,"gold_gain":0.0,"event_name":"betterNote:BetterNote","player_choice":"Ignored","floor":20.0,"gold_loss":0.0,"damage_taken":0.0,"cards_obtained":["Strike_B"]},{"damage_healed":0.0,"max_hp_gain":0.0,"max_hp_loss":0.0,"gold_gain":0.0,"event_name":"The Woman in Blue","player_choice":"Bought 0 Potions","floor":22.0,"gold_loss":0.0,"damage_taken":0.0}],"is_beta":false,"boss_relics":[{"not_picked":["Cursed Key","Fusion Hammer"],"picked":"TheCursedMod:OminousMark"}],"items_purged_floors":[],"is_endless":false,"potions_floor_spawned":[6,12,13,16,19],"killed_by":"Book of Stabbing","ascension_level":0}}