{"host":"9ndbo4kgsfoemf7y","time":1607680291,"event":{"mods":["BaseMod","AchievementEnabler","Colored Map","DeckTracker","Minty Spire (QoL Compilation)","Permanent Neow","Quick Restart","StSLib","SuperFastMode","Keyboard Shortcuts","Relic Stats"],"gold_per_floor":[119,5,55,68,87,104,104,104,104,104,130,130,155,171,171,249,249,263,52,52,52,69,69,99,99,99,109,109,109],"floor_reached":28,"playtime":712,"items_purged":["Strike_G"],"score":431,"play_id":"ee7380ff-7a01-4764-915c-aa67b7abde00","local_time":"20201211185131","is_ascension_mode":true,"campfire_choices":[{"data":"Neutralize","floor":10.0,"key":"SMITH"},{"data":"Terror","floor":12.0,"key":"SMITH"},{"data":"Prepared","floor":15.0,"key":"SMITH"},{"data":"RitualDagger","floor":23.0,"key":"SMITH"},{"data":"Panache","floor":25.0,"key":"SMITH"}],"circlet_count":0,"master_deck":["AscendersBane","Strike_G","Strike_G","Strike_G","Strike_G","Defend_G","Defend_G","Defend_G","Defend_G","Defend_G","Survivor","Neutralize+1","Clumsy","Blade Dance","Infinite Blades","Deadly Poison","Blade Dance","Heel Hook","Terror+1","Die Die Die","Prepared+1","A Thousand Cuts","Footwork","Panache+1","Shame","RitualDagger+1","Grand Finale"],"special_seed":0,"relics":["Ring of the Snake","Bird Faced Urn","Incense Burner","Pocketwatch","Calipers","Coffee Dripper","Gremlin Horn","Pantograph","Toy Ornithopter"],"acts_visited":["Exordium","TheCity"],"potions_floor_usage":[],"damage_taken":[{"damage":5.0,"enemies":"Cultist","floor":1.0,"turns":5.0},{"damage":0.0,"enemies":"Jaw Worm","floor":4.0,"turns":4.0},{"damage":0.0,"enemies":"Small Slimes","floor":5.0,"turns":4.0},{"damage":14.0,"enemies":"Exordium Wildlife","floor":6.0,"turns":6.0},{"damage":13.0,"enemies":"Gremlin Nob","floor":11.0,"turns":3.0},{"damage":1.0,"enemies":"Lagavulin","floor":13.0,"turns":4.0},{"damage":4.0,"enemies":"Looter","floor":14.0,"turns":3.0},{"damage":22.0,"enemies":"Hexaghost","floor":16.0,"turns":9.0},{"damage":18.0,"enemies":"2 Thieves","floor":18.0,"turns":3.0},{"damage":2.0,"enemies":"3 Byrds","floor":22.0,"turns":2.0},{"damage":43.0,"enemies":"Book of Stabbing","floor":24.0,"turns":5.0},{"damage":17,"enemies":"Cultist and Chosen","floor":27,"turns":6},{"damage":12,"enemies":"Slavers","floor":28,"turns":2}],"seed_played":"-895827359079907422","potions_obtained":[{"floor":1.0,"key":"Swift Potion"},{"floor":4.0,"key":"FearPotion"},{"floor":16.0,"key":"Block Potion"},{"floor":18.0,"key":"SteroidPotion"},{"floor":22.0,"key":"Regen Potion"}],"is_trial":false,"path_per_floor":["M","$","?","M","M","M","?","?","T","R","E","R","E","M","R","B",null,"M","$","?","?","M","R","E","R","T","M","E"],"character_chosen":"THE_SILENT","items_purchased":["Infinite Blades","Footwork","Panache"],"campfire_rested":0,"item_purchase_floors":[2,19,19],"current_hp_per_floor":[54,54,54,56,58,46,51,51,51,51,40,40,41,39,39,19,58,42,42,42,36,38,38,17,17,17,8,0,0],"gold":109,"neow_bonus":"ONE_RARE_RELIC","is_daily":false,"chose_seed":false,"campfire_upgraded":5,"win_rate":0,"timestamp":1607680291,"path_taken":["M","?","?","M","M","?","?","?","T","R","E","R","E","M","R","BOSS","M","$","?","?","M","R","E","R","T","M","E"],"build_version":"2020-11-30","purchased_purges":1,"victory":false,"max_hp_per_floor":[66,66,66,66,66,66,71,71,71,71,71,71,71,71,71,71,71,71,71,71,71,71,71,71,71,71,71,71,71],"relic_stats":{"Gremlin Horn":[2,2],"counters":[13,56],"Bird Faced Urn":[36],"Pantograph":0,"obtain_stats":[{"Calipers":13,"Gremlin Horn":20,"Bird Faced Urn":0,"Pantograph":24,"Incense Burner":9,"Coffee Dripper":17,"Toy Ornithopter":26,"Ring of the Snake":0,"Pocketwatch":11},{"Calipers":6,"Gremlin Horn":9,"Bird Faced Urn":0,"Pantograph":11,"Incense Burner":4,"Coffee Dripper":8,"Toy Ornithopter":11,"Ring of the Snake":0,"Pocketwatch":5},{"Calipers":26,"Gremlin Horn":41,"Bird Faced Urn":0,"Pantograph":48,"Incense Burner":19,"Coffee Dripper":38,"Toy Ornithopter":48,"Ring of the Snake":0,"Pocketwatch":22}],"Toy Ornithopter":0,"Ring of the Snake":[26],"Pocketwatch":[12]},"card_choices":[{"not_picked":["Backflip","Cloak And Dagger"],"picked":"Blade Dance","floor":1.0},{"not_picked":["Dagger Throw","Prepared"],"picked":"Deadly Poison","floor":4.0},{"not_picked":["Bouncing Flask","Calculated Gamble"],"picked":"Blade Dance","floor":5.0},{"not_picked":["Outmaneuver","Dodge and Roll"],"picked":"Heel Hook","floor":6.0},{"not_picked":["Quick Slash","Infinite Blades"],"picked":"Terror","floor":11.0},{"not_picked":["Slice","PiercingWail"],"picked":"Die Die Die","floor":13.0},{"not_picked":["Acrobatics","Choke"],"picked":"Prepared","floor":14.0},{"not_picked":["Glass Knife","Night Terror"],"picked":"A Thousand Cuts","floor":16.0},{"not_picked":["Bane","Deadly Poison","PiercingWail"],"picked":"SKIP","floor":18.0},{"not_picked":["Poisoned Stab+1","Bane","Acrobatics"],"picked":"SKIP","floor":22.0},{"not_picked":["PiercingWail","Slice"],"picked":"Grand Finale","floor":24.0},{"not_picked":["Eviscerate","Predator","Dagger Throw"],"picked":"SKIP","floor":27}],"player_experience":669241,"relics_obtained":[{"floor":9.0,"key":"Incense Burner"},{"floor":11.0,"key":"Pocketwatch"},{"floor":13.0,"key":"Calipers"},{"floor":24.0,"key":"Pantograph"},{"floor":26.0,"key":"Toy Ornithopter"}],"event_choices":[{"damage_healed":0.0,"max_hp_gain":0.0,"max_hp_loss":0.0,"gold_gain":50.0,"event_name":"Golden Shrine","player_choice":"Pray","floor":3.0,"gold_loss":0.0,"damage_taken":0.0},{"damage_healed":0.0,"max_hp_gain":5.0,"max_hp_loss":0.0,"gold_gain":0.0,"event_name":"Big Fish","player_choice":"Donut","floor":7.0,"gold_loss":0.0,"damage_taken":0.0},{"damage_healed":0.0,"max_hp_gain":0.0,"max_hp_loss":0.0,"gold_gain":0.0,"event_name":"Liars Game","player_choice":"Ignored","floor":8.0,"gold_loss":0.0,"damage_taken":0.0},{"damage_healed":0.0,"max_hp_gain":0.0,"max_hp_loss":0.0,"gold_gain":0.0,"event_name":"Addict","player_choice":"Stole Relic","floor":20.0,"gold_loss":0.0,"damage_taken":0.0,"relics_obtained":["Gremlin Horn"],"cards_obtained":["Shame"]},{"damage_healed":0.0,"max_hp_gain":0.0,"max_hp_loss":0.0,"gold_gain":0.0,"event_name":"Nest","player_choice":"Joined the Cult","floor":21.0,"gold_loss":0.0,"damage_taken":6.0,"cards_obtained":["RitualDagger"]}],"is_beta":false,"boss_relics":[{"not_picked":["Black Star","Runic Dome"],"picked":"Coffee Dripper"}],"items_purged_floors":[2],"is_endless":false,"potions_floor_spawned":[1,4,5,16,18,22],"killed_by":"Slavers","ascension_level":15}}