{"host":"fr59kc135u003izd","time":1607671715,"event":{"mods":["AchievementEnabler","BaseMod","Better Note","Better Third Choice","BetterRewards","Colored Map","Colored Powertips","Custom Start","Hermit","Lobotomy","Marisa????????","Minty Spire (QoL Compilation)","Permanent Neow","Rare Cards Sparkle","Relic Stats","StSLib","The Bug Knight","The Poker Player","Uncapped"],"gold_per_floor":[119,133,152,167,167,197,197,526,526,255,265,280,290,290,290,394,394,394,394,106,106,106,106,106,106,106,106,106,106,106,106,106,106,106,106,106,106,106,106,106,106,106,106,106,106,106,106,106,106,106,106,106,6,6,6],"floor_reached":56,"playtime":5183,"items_purged":["Regret","Parasite"],"score":1375,"play_id":"ed3e8192-b9e0-484c-af33-90596a9d16b1","local_time":"20201211012835","is_ascension_mode":false,"metric_token":1234,"campfire_choices":[{"data":"PokerPlayerMod:Spade1","floor":7.0,"key":"SMITH"},{"data":"PokerPlayerMod:Mulligan","floor":15.0,"key":"SMITH"},{"data":"PokerPlayerMod:Diamond1","floor":27,"key":"SMITH"},{"floor":29,"key":"REST"},{"floor":32,"key":"REST"},{"floor":44,"key":"RECALL"},{"floor":49,"key":"REST"},{"floor":52,"key":"REST"}],"circlet_count":0,"master_deck":["PokerPlayerMod:Diamond2","PokerPlayerMod:Diamond2","PokerPlayerMod:Diamond3","PokerPlayerMod:Diamond4","PokerPlayerMod:Diamond5","PokerPlayerMod:Spade2","PokerPlayerMod:Spade2","PokerPlayerMod:Spade3","PokerPlayerMod:Spade4","PokerPlayerMod:Club1","PokerPlayerMod:Club2","PokerPlayerMod:Heart2","PokerPlayerMod:TrumpStrike","PokerPlayerMod:BadJoker","PokerPlayerMod:Mulligan+1","PokerPlayerMod:VarietyAttack","PokerPlayerMod:Diamond4","PokerPlayerMod:Spade8","PokerPlayerMod:Diamond4","PokerPlayerMod:Spade5","PokerPlayerMod:WildCard+1","PokerPlayerMod:Club5","PokerPlayerMod:Diamond4","Finesse+1","PokerPlayerMod:Spade5","PokerPlayerMod:Heart2","PokerPlayerMod:CardBurn+1","PokerPlayerMod:Duplicate+1","PokerPlayerMod:Spade10+","PokerPlayerMod:Heart3","Apotheosis+1","PokerPlayerMod:CloakAndDiamond+1","PokerPlayerMod:Diamond2","PokerPlayerMod:Spade5","PokerPlayerMod:SecondChance+1","PokerPlayerMod:Harden","PokerPlayerMod:Spade8","PokerPlayerMod:JackOfSpades+1","PokerPlayerMod:Extraction+1","PokerPlayerMod:Diamond4","PokerPlayerMod:Sharpen","PokerPlayerMod:CloakAndDiamond+1","PokerPlayerMod:MagicTrick+1","Madness+1","Madness+1","PokerPlayerMod:FlyingCard+1","PokerPlayerMod:Sharpen"],"relics":["PokerPlayerMod:DeckCase","Toxic Egg 2","Toy Ornithopter","Old Coin","WarpedTongs","Mercury Hourglass","Ectoplasm","PreservedInsect","Oddly Smooth Stone","Kunai","MawBank","FossilizedHelix","Ornamental Fan","Fusion Hammer","Potion Belt","Calipers","Thread and Needle","TungstenRod"],"acts_visited":["Exordium","TheCity","TheBeyond","TheEnding"],"potions_floor_usage":[33,33,54,54,55],"damage_taken":[{"damage":0.0,"enemies":"Jaw Worm","floor":1.0,"turns":3.0},{"damage":1.0,"enemies":"Small Slimes","floor":2.0,"turns":2.0},{"damage":0.0,"enemies":"2 Louse","floor":3.0,"turns":1.0},{"damage":10.0,"enemies":"Looter","floor":4.0,"turns":3.0},{"damage":0.0,"enemies":"3 Sentries","floor":6.0,"turns":1.0},{"damage":4.0,"enemies":"Gremlin Nob","floor":8.0,"turns":2.0},{"damage":0.0,"enemies":"Blue Slaver","floor":11.0,"turns":3.0},{"damage":0.0,"enemies":"Lots of Slimes","floor":12.0,"turns":1.0},{"damage":0.0,"enemies":"Exordium Wildlife","floor":13.0,"turns":3.0},{"damage":16.0,"enemies":"The Guardian","floor":16.0,"turns":9.0},{"damage":10.0,"enemies":"3 Byrds","floor":18.0,"turns":2.0},{"damage":14.0,"enemies":"Centurion and Healer","floor":19.0,"turns":5.0},{"damage":0.0,"enemies":"Chosen and Byrds","floor":21.0,"turns":4.0},{"damage":7.0,"enemies":"Slavers","floor":23.0,"turns":4.0},{"damage":0.0,"enemies":"3 Cultists","floor":24.0,"turns":2.0},{"damage":0,"enemies":"Sentry and Sphere","floor":25,"turns":1},{"damage":21,"enemies":"Snake Plant","floor":28,"turns":4},{"damage":4,"enemies":"Centurion and Healer","floor":30,"turns":3},{"damage":8,"enemies":"Colosseum Slavers","floor":31,"turns":2},{"damage":16,"enemies":"Colosseum Nobs","floor":31,"turns":3},{"damage":0,"enemies":"Automaton","floor":33,"turns":8},{"damage":0,"enemies":"Orb Walker","floor":35,"turns":4},{"damage":0,"enemies":"3 Shapes","floor":36,"turns":3},{"damage":20,"enemies":"Jaw Worm Horde","floor":37,"turns":6},{"damage":0,"enemies":"Transient","floor":38,"turns":5},{"damage":0,"enemies":"3 Darklings","floor":39,"turns":4},{"damage":0,"enemies":"Nemesis","floor":40,"turns":3},{"damage":0,"enemies":"Writhing Mass","floor":41,"turns":5},{"damage":1,"enemies":"Reptomancer","floor":42,"turns":6},{"damage":19,"enemies":"Giant Head","floor":48,"turns":8},{"damage":38,"enemies":"Awakened One","floor":50,"turns":14},{"damage":13,"enemies":"Shield and Spear","floor":54,"turns":5},{"damage":55,"enemies":"The Heart","floor":55,"turns":13}],"seed_played":"555340407171883431","potions_obtained":[{"floor":2.0,"key":"AttackPotion"},{"floor":4.0,"key":"FairyPotion"},{"floor":8.0,"key":"Dexterity Potion"},{"floor":33,"key":"GamblersBrew"},{"floor":35,"key":"CultistPotion"},{"floor":36,"key":"Block Potion"},{"floor":41,"key":"SteroidPotion"}],"is_trial":false,"path_per_floor":["M","M","M","M","?","E","R","E","T","$","M","M","M","?","R","B",null,"M","M","$","M","?","E","M","M","T","R","M","R","M","?","R","B",null,"M","M","M","M","M","E","M","E","T","R","?","?","?","E","R","B",null,"R","$","E","B",null],"character_chosen":"THE_POKER_PLAYER","items_purchased":["PokerPlayerMod:Club5","PokerPlayerMod:Diamond4","Finesse+1","PreservedInsect","Oddly Smooth Stone"],"campfire_rested":4,"item_purchase_floors":[10,10,10,20,20],"current_hp_per_floor":[52,51,51,41,41,41,41,37,37,37,40,40,48,48,48,35,52,42,30,30,30,30,23,35,38,38,38,17,32,28,9,24,51,52,52,52,49,52,52,52,52,52,52,52,52,45,45,33,48,16,52,52,49,49,26],"gold":6,"neow_bonus":"ONE_RANDOM_RARE_CARD","is_daily":false,"chose_seed":false,"campfire_upgraded":3,"win_rate":0.0,"timestamp":1607671715,"path_taken":["M","M","M","M","?","E","R","E","T","$","M","M","M","?","R","BOSS","M","M","$","M","?","E","M","M","T","R","M","R","M","?","R","BOSS","M","M","M","M","M","E","M","E","T","R","?","?","?","E","R","BOSS","R","$","E","BOSS"],"items_purchased_type":["Card","Card","Undefined","Relic","Relic"],"build_version":"2020-11-30","purchased_purges":2,"victory":true,"max_hp_per_floor":[52,52,52,52,52,52,52,52,52,52,52,52,52,52,52,52,52,52,52,52,52,52,52,52,52,52,52,52,52,52,52,52,52,52,52,52,52,52,52,52,52,52,52,52,52,52,52,52,52,52,52,52,49,49,49],"relic_stats":{"counters":[33,141],"Ornamental Fan":[16],"Ectoplasm":888,"PreservedInsect":382,"Kunai":[4],"MawBank":0,"obtain_stats":[{"Potion Belt":40,"Calipers":42,"Oddly Smooth Stone":20,"Thread and Needle":48,"PreservedInsect":20,"MawBank":26,"Old Coin":8,"WarpedTongs":8,"Mercury Hourglass":9,"PokerPlayerMod:DeckCase":0,"Ornamental Fan":31,"Ectoplasm":17,"Fusion Hammer":34,"Kunai":23,"Toxic Egg 2":5,"Toy Ornithopter":6,"FossilizedHelix":31,"TungstenRod":54},{"Potion Belt":27,"Calipers":29,"Oddly Smooth Stone":12,"Thread and Needle":30,"PreservedInsect":12,"MawBank":16,"Old Coin":6,"WarpedTongs":6,"Mercury Hourglass":6,"PokerPlayerMod:DeckCase":0,"Ornamental Fan":20,"Ectoplasm":10,"Fusion Hammer":21,"Kunai":14,"Toxic Egg 2":4,"Toy Ornithopter":5,"FossilizedHelix":20,"TungstenRod":32},{"Potion Belt":90,"Calipers":101,"Oddly Smooth Stone":34,"Thread and Needle":109,"PreservedInsect":34,"MawBank":45,"Old Coin":12,"WarpedTongs":12,"Mercury Hourglass":12,"PokerPlayerMod:DeckCase":0,"Ornamental Fan":57,"Ectoplasm":27,"Fusion Hammer":65,"Kunai":42,"Toxic Egg 2":9,"Toy Ornithopter":10,"FossilizedHelix":57,"TungstenRod":128}],"Toy Ornithopter":18,"TungstenRod":16,"WarpedTongs":[128],"Mercury Hourglass":[524]},"card_choices":[{"not_picked":["PokerPlayerMod:Club1","PokerPlayerMod:Diamond3"],"picked":"PokerPlayerMod:Diamond4","floor":1.0},{"not_picked":["PokerPlayerMod:SpadeStrike","PokerPlayerMod:Club9"],"picked":"PokerPlayerMod:Spade8","floor":2.0},{"not_picked":["PokerPlayerMod:RiskyBet","PokerPlayerMod:Spade3"],"picked":"PokerPlayerMod:Diamond4","floor":3.0},{"not_picked":["PokerPlayerMod:Club2","PokerPlayerMod:ClubsClub"],"picked":"PokerPlayerMod:Spade5","floor":4.0},{"not_picked":["PokerPlayerMod:CardPrinter","PokerPlayerMod:FillThePot+1"],"picked":"PokerPlayerMod:WildCard+1","floor":6.0},{"not_picked":["PokerPlayerMod:ClubsClub","PokerPlayerMod:FlyingCard","PokerPlayerMod:Fold+1"],"picked":"SKIP","floor":8.0},{"not_picked":["PokerPlayerMod:Diamond2","PokerPlayerMod:Spade4"],"picked":"PokerPlayerMod:Spade5","floor":11.0},{"not_picked":["PokerPlayerMod:Diamond4","PokerPlayerMod:Spade4"],"picked":"PokerPlayerMod:Heart2","floor":12.0},{"not_picked":["PokerPlayerMod:SecondChance","PokerPlayerMod:Diamond3"],"picked":"PokerPlayerMod:CardBurn+1","floor":13.0},{"not_picked":["PokerPlayerMod:ChangeRules","PokerPlayerMod:ItsShowtime+1"],"picked":"PokerPlayerMod:Duplicate+1","floor":16.0},{"not_picked":["PokerPlayerMod:Club4","PokerPlayerMod:Heart2"],"picked":"PokerPlayerMod:Spade10+","floor":18.0},{"not_picked":["PokerPlayerMod:CardBurn+1","PokerPlayerMod:Spade3"],"picked":"PokerPlayerMod:Diamond1","floor":19.0},{"not_picked":["PokerPlayerMod:Diamond3","PokerPlayerMod:Heart1"],"picked":"PokerPlayerMod:Heart3","floor":21.0},{"not_picked":["PokerPlayerMod:CloakAndDiamond+1","PokerPlayerMod:Club3","PokerPlayerMod:Fold+1"],"picked":"SKIP","floor":23.0},{"not_picked":["PokerPlayerMod:SpadeStrike+1","PokerPlayerMod:DiamondStrike"],"picked":"PokerPlayerMod:CloakAndDiamond+1","floor":24.0},{"not_picked":["PokerPlayerMod:Spade2","PokerPlayerMod:Club5"],"picked":"PokerPlayerMod:Diamond2","floor":25},{"not_picked":["PokerPlayerMod:Club3","PokerPlayerMod:SpadeStrike+1"],"picked":"PokerPlayerMod:Spade5","floor":28},{"not_picked":["PokerPlayerMod:DiamondStrike+1","PokerPlayerMod:SpadeStrike+1"],"picked":"PokerPlayerMod:SecondChance+1","floor":30},{"not_picked":["PokerPlayerMod:DiamondStrike+1","PokerPlayerMod:Spade4"],"picked":"PokerPlayerMod:Harden","floor":31},{"not_picked":["PokerPlayerMod:WasteCollection+1","PokerPlayerMod:Diamond9"],"picked":"PokerPlayerMod:Spade8","floor":33},{"not_picked":["PokerPlayerMod:CloakAndDiamond+1","PokerPlayerMod:Heart2"],"picked":"PokerPlayerMod:JackOfSpades+1","floor":35},{"not_picked":["PokerPlayerMod:Configure+1","PokerPlayerMod:Club4","PokerPlayerMod:FlyingCard"],"picked":"SKIP","floor":36},{"not_picked":["PokerPlayerMod:DiamondStrike","PokerPlayerMod:Diamond1"],"picked":"PokerPlayerMod:Extraction+1","floor":37},{"not_picked":["PokerPlayerMod:Diamond2","PokerPlayerMod:Spade8"],"picked":"PokerPlayerMod:CardPrinter+1","floor":38},{"not_picked":["PokerPlayerMod:DiamondStrike","PokerPlayerMod:Spade2"],"picked":"PokerPlayerMod:Diamond4","floor":39},{"not_picked":["PokerPlayerMod:Diamond4","PokerPlayerMod:HotShotCut"],"picked":"PokerPlayerMod:Sharpen","floor":40},{"not_picked":["PokerPlayerMod:Configure+1","PokerPlayerMod:Club3"],"picked":"PokerPlayerMod:CloakAndDiamond+1","floor":41},{"not_picked":["PokerPlayerMod:PoorCopy+1","PokerPlayerMod:ClubStrike"],"picked":"PokerPlayerMod:MagicTrick+1","floor":42},{"not_picked":["PokerPlayerMod:Diamond6","PokerPlayerMod:Trickery"],"picked":"PokerPlayerMod:FlyingCard+1","floor":48},{"not_picked":["PokerPlayerMod:Spade4","PokerPlayerMod:FlyingCard"],"picked":"PokerPlayerMod:Sharpen","floor":54}],"player_experience":166033,"relics_obtained":[{"floor":6.0,"key":"Toy Ornithopter"},{"floor":8.0,"key":"Old Coin"},{"floor":9.0,"key":"Mercury Hourglass"},{"floor":23.0,"key":"Kunai"},{"floor":26,"key":"MawBank"},{"floor":31,"key":"FossilizedHelix"},{"floor":31,"key":"Ornamental Fan"},{"floor":40,"key":"Potion Belt"},{"floor":42,"key":"Calipers"},{"floor":48,"key":"Thread and Needle"},{"floor":54,"key":"TungstenRod"}],"event_choices":[{"damage_healed":0.0,"max_hp_gain":0.0,"max_hp_loss":0.0,"gold_gain":0.0,"event_name":"Big Fish","player_choice":"Box","floor":5.0,"gold_loss":0.0,"damage_taken":0.0,"relics_obtained":["Toxic Egg 2"],"cards_obtained":["Regret"]},{"damage_healed":0.0,"max_hp_gain":0.0,"max_hp_loss":0.0,"gold_gain":0.0,"event_name":"betterThird:BetterSerpent","player_choice":"Ignored","floor":14.0,"gold_loss":0.0,"damage_taken":290.0},{"cards_removed":["PokerPlayerMod:WildCard"],"damage_healed":0.0,"max_hp_gain":0.0,"max_hp_loss":0.0,"gold_gain":0.0,"event_name":"betterNote:BetterNote","player_choice":"Take \u0026 Give","floor":22.0,"gold_loss":0.0,"damage_taken":0.0,"cards_obtained":["Apotheosis"]},{"damage_healed":0,"gold_gain":0,"player_choice":"Fight","damage_taken":0,"max_hp_gain":0,"max_hp_loss":0,"event_name":"Colosseum","floor":31,"gold_loss":0},{"damage_healed":0,"gold_gain":0,"player_choice":"Fought Nobs","damage_taken":0,"max_hp_gain":0,"max_hp_loss":0,"event_name":"Colosseum","floor":31,"gold_loss":0},{"cards_removed":["PokerPlayerMod:CardPrinter"],"damage_healed":0,"gold_gain":0,"player_choice":"Removed Power","damage_taken":0,"max_hp_gain":0,"max_hp_loss":0,"event_name":"Falling","floor":45,"gold_loss":0},{"damage_healed":0,"gold_gain":0,"player_choice":"Embrace Madness","damage_taken":7,"max_hp_gain":0,"max_hp_loss":0,"event_name":"Winding Halls","floor":46,"gold_loss":0,"cards_obtained":["Madness","Madness"]},{"cards_removed":["PokerPlayerMod:Diamond1"],"damage_healed":0,"gold_gain":0,"player_choice":"Purged","damage_taken":0,"max_hp_gain":0,"max_hp_loss":0,"event_name":"Purifier","floor":47,"gold_loss":0}],"is_beta":false,"boss_relics":[{"not_picked":["SlaversCollar","Empty Cage"],"picked":"Ectoplasm"},{"not_picked":["Black Star","SacredBark"],"picked":"Fusion Hammer"}],"items_purged_floors":[10,53],"is_endless":false,"potions_floor_spawned":[2,4,8,13,16,21,24,25,31,31,33,35,36,37,38,41],"ascension_level":0}}