{"host":"9544bpadt41uu5ar","time":1607683608,"event":{"mods":["Act Like it!","Aspiration","BaseMod","Conspire","Gensokyo","Hallownest","Highlight Path","KinomotoSakuraMod(木之本樱)","KomeijiMod","Luminous","Marisa（F雨　魔理沙）","Minty Spire (QoL Compilation)","Reimu（博丽灵梦）","Remilia（蕾米莉亚）","Replay The Spire","RumiaBox-露米娅的神秘盒子","StSLib","The Bug Knight","The Gatherer","The Servant 0.9.4","Youmu（魂魄妖梦）","Yuyuko","【东方二次创作】八云紫mod","【遗物卡牌】REMEMod"],"gold_per_floor":[178,195,125,136,147,179,179,193,217,217,217,217,416,296,296,296,296],"floor_reached":16,"playtime":689,"items_purged":["Strike_Remiria"],"score":100,"play_id":"f553fa17-818e-4b5c-803d-f9b57a081ac0","local_time":"20201211184648","is_ascension_mode":false,"campfire_choices":[{"data":"YoungDemonLord","floor":7,"key":"SMITH"},{"floor":11,"key":"REST"},{"data":"VampireClaw","floor":15,"key":"SMITH"}],"circlet_count":0,"master_deck":["Strike_Remiria","Strike_Remiria","Strike_Remiria","Defend_Remirira","Defend_Remirira","Defend_Remirira","Defend_Remirira","Absorbed","Scratch","VampireClaw+1","DoubleEdge","BloodCleaner","YoungDemonLord+1","PainBurst","RocketKickup","Warpath","Feint"],"relics":["REME_ComplimentaryCards","Runic Pyramid","AddBug","SecretRecord","SecretRecord","SecretRecord"],"acts_visited":["Gensokyo:Gensokyo"],"potions_floor_usage":[],"damage_taken":[{"damage":0,"enemies":"Gensokyo:Gryphon","floor":1,"turns":4},{"damage":0,"enemies":"Gensokyo:Python","floor":2,"turns":3},{"damage":4,"enemies":"Gensokyo:2_Kodama","floor":4,"turns":4},{"damage":0,"enemies":"Gensokyo:LivingMonolith","floor":5,"turns":3},{"damage":55,"enemies":"Gensokyo:Cirno","floor":6,"turns":8},{"damage":0,"enemies":"Gensokyo:2_Rabbits","floor":8,"turns":4},{"damage":0,"enemies":"Gensokyo:Yukari","floor":16,"turns":2}],"seed_played":"-282768592915873838","potions_obtained":[{"floor":5,"key":"Strength Potion"}],"is_trial":false,"path_per_floor":["M","M","?","M","M","E","R","M","T","?","R","?","?","$","R","B"],"character_chosen":"RemiriaScarlet","items_purchased":["Feint"],"campfire_rested":1,"item_purchase_floors":[14],"current_hp_per_floor":[100,100,100,96,96,42,42,42,42,42,72,72,72,72,72,72,72],"gold":296,"neow_bonus":"BOSS_RELIC","is_daily":false,"chose_seed":false,"campfire_upgraded":2,"win_rate":0.0,"timestamp":1607683608,"path_taken":["M","M","?","M","M","E","R","?","T","?","R","?","?","?","R","BOSS"],"items_purchased_type":["Card"],"build_version":"2020-11-30","purchased_purges":1,"victory":false,"max_hp_per_floor":[100,100,100,100,100,100,100,100,100,100,100,100,100,100,100,100,100],"card_choices":[{"not_picked":["RocketKickup","BodyStrengthen"],"picked":"VampireClaw","floor":1},{"not_picked":["Feint","Cripple"],"picked":"DoubleEdge","floor":2},{"not_picked":["BombardNight","ServantFlier"],"picked":"BloodCleaner","floor":4},{"not_picked":["DoubleEdge","Warpath"],"picked":"YoungDemonLord","floor":5},{"not_picked":["NightDance","SeparateFleshBlood"],"picked":"PainBurst","floor":6},{"not_picked":["BodyStrengthen","BloodCollect"],"picked":"RocketKickup","floor":8},{"not_picked":["Cripple","CurseofVladTepes"],"picked":"Warpath","floor":13}],"player_experience":54507,"relics_obtained":[{"floor":1,"key":"AddBug"},{"floor":5,"key":"SecretRecord"},{"floor":6,"key":"SecretRecord"},{"floor":6,"key":"ReplayTheSpireMod:TigerMarble"},{"floor":10,"key":"Ring of Hypnosis"}],"event_choices":[],"is_beta":false,"boss_relics":[],"items_purged_floors":[14],"is_endless":false,"potions_floor_spawned":[5],"killed_by":"Gensokyo:Yukari","ascension_level":0}}