{"host":"zjxcc3u4aqpoowwq","time":1607721778,"event":{"mods":["2.2 Compatiblity","AchievementEnabler","BaseMod","Better Third Choice","CapriCore","Colored Map","Keyboard Shortcuts","Minty Spire (QoL Compilation)","StSLib","The Dragon Tamer"],"gold_per_floor":[17,17,33,57,0,0,41,41,65,90,90,90,115,134,134,257,257,281,206,206,126,144,187,187,221,221,236,257,281,301,52,52,52,52,52],"floor_reached":33,"playtime":1670,"items_purged":["DTMod:Strike"],"score":314,"play_id":"7450efdc-fc9d-479d-8e65-1963c839923c","local_time":"20201212062258","is_ascension_mode":false,"metric_token":671,"campfire_choices":[{"data":"Enlightenment","floor":6.0,"key":"SMITH"},{"data":"DTMod:DragonDance","floor":8.0,"key":"SMITH"},{"floor":12.0,"key":"REST"},{"data":"DTMod:MagiciansMark","floor":15.0,"key":"SMITH"},{"data":"DTMod:Inferno","floor":24,"key":"SMITH"},{"floor":32,"key":"REST"}],"dtmod_dragon_data":[19,56,0,-1,4,0],"circlet_count":0,"master_deck":["DTMod:DoubleHit","DTMod:TargetDefense","DTMod:TargetDefense","DTMod:TargetDefense","DTMod:SwitchingTactic","DTMod:Hide","DTMod:ShieldDrain","DTMod:ComboAttack","Enlightenment+1","DTMod:DragonDance+1","DTMod:Shift","DTMod:ExcessFootwork","DTMod:MagiciansMark+1","DTMod:Inferno+1","DTMod:Prediction+1","DTMod:Coolant+1","DTMod:FierySynthesis+1","DTMod:Weaken","DTMod:BlueScale","DTMod:CalculatedDefense","DTMod:MaximumCharge","DTMod:Weaken+1","DTMod:BurningEnergy","DTMod:WarmUp","Dark Shackles"],"relics":["DTMod:PactStone","Unceasing Top","Golden Idol","Toy Ornithopter","Orichalcum","Astrolabe","Blue Candle","Gambling Chip","Ginger"],"acts_visited":["Exordium","TheCity"],"potions_floor_usage":[25],"damage_taken":[{"damage":6.0,"enemies":"Jaw Worm","floor":1.0,"turns":4.0},{"damage":0.0,"enemies":"Small Slimes","floor":3.0,"turns":4.0},{"damage":0.0,"enemies":"Cultist","floor":4.0,"turns":4.0},{"damage":17.0,"enemies":"Lagavulin","floor":7.0,"turns":9.0},{"damage":0.0,"enemies":"2 Fungi Beasts","floor":10.0,"turns":5.0},{"damage":0.0,"enemies":"3 Louse","floor":13.0,"turns":4.0},{"damage":0.0,"enemies":"Looter","floor":14.0,"turns":3.0},{"damage":15.0,"enemies":"The Guardian","floor":16.0,"turns":11.0},{"damage":0.0,"enemies":"2 Thieves","floor":18.0,"turns":2.0},{"damage":0.0,"enemies":"Chosen","floor":22.0,"turns":4.0},{"damage":0,"enemies":"Gremlin Leader","floor":23,"turns":6},{"damage":5,"enemies":"Slavers","floor":25,"turns":4},{"damage":0,"enemies":"Snake Plant","floor":27,"turns":2},{"damage":0,"enemies":"Centurion and Healer","floor":28,"turns":4},{"damage":5,"enemies":"Cultist and Chosen","floor":29,"turns":5},{"damage":10,"enemies":"Shelled Parasite and Fungi","floor":30,"turns":5},{"damage":52,"enemies":"Champ","floor":33,"turns":10}],"seed_played":"-8809593956494167142","potions_obtained":[{"floor":3.0,"key":"DuplicationPotion"},{"floor":10.0,"key":"Dexterity Potion"},{"floor":13.0,"key":"Fire Potion"},{"floor":16.0,"key":"SkillPotion"},{"floor":22.0,"key":"Energy Potion"},{"floor":23,"key":"SpeedPotion"},{"floor":29,"key":"Fire Potion"}],"is_trial":false,"path_per_floor":["M","?","M","M","?","R","E","R","T","M","?","R","M","M","R","B",null,"M","?","?","$","M","E","R","E","T","M","M","M","M","$","R","B"],"character_chosen":"THE_DT","items_purchased":["DTMod:BlueScale","DTMod:WarmUp","Dark Shackles"],"campfire_rested":2,"item_purchase_floors":[21,31,31],"current_hp_per_floor":[39,28,28,28,34,34,17,17,17,17,17,32,32,32,32,17,51,51,51,51,51,51,51,51,46,46,46,46,41,31,31,46,0,0,0],"gold":52,"neow_bonus":"ONE_RARE_RELIC","is_daily":false,"chose_seed":false,"campfire_upgraded":4,"win_rate":0.0,"timestamp":1607721778,"path_taken":["M","?","M","M","?","R","E","R","T","M","?","R","?","M","R","BOSS","M","?","?","?","M","E","R","E","T","?","M","M","M","$","R","BOSS"],"items_purchased_type":["Card","Card","Card"],"build_version":"2020-11-30","purchased_purges":1,"victory":false,"max_hp_per_floor":[45,45,45,45,51,51,51,51,51,51,51,51,51,51,51,51,51,51,51,51,51,51,51,51,51,51,51,51,51,51,51,51,51,51,51],"card_choices":[{"not_picked":["DTMod:MasterPlan","DTMod:Observe"],"picked":"DTMod:Hide","floor":1.0},{"not_picked":["DTMod:ForkedFire","DTMod:BizarreTactic"],"picked":"DTMod:ShieldDrain","floor":3.0},{"not_picked":["DTMod:Astonish","DTMod:DarkBreath"],"picked":"DTMod:ComboAttack","floor":4.0},{"not_picked":["DTMod:CleansingStrike","DTMod:HeatWave"],"picked":"DTMod:DragonDance","floor":7.0},{"not_picked":["DTMod:Overwhelm","DTMod:Threaten"],"picked":"DTMod:Shift","floor":10.0},{"not_picked":["DTMod:TagTeam","DTMod:Punisher"],"picked":"DTMod:MagiciansMark","floor":13.0},{"not_picked":["DTMod:Punisher","DTMod:DarkBreath"],"picked":"DTMod:Coolant","floor":14.0},{"not_picked":["DTMod:Safeguard","DTMod:FierySynthesis"],"picked":"DTMod:Inferno","floor":16.0},{"not_picked":["DTMod:BreakAttack","DTMod:Cover+1"],"picked":"DTMod:Weaken","floor":18.0},{"not_picked":["DTMod:QuickFly+1","DTMod:Cover","DTMod:ComboAttack"],"picked":"SKIP","floor":22.0},{"not_picked":["DTMod:CleansingStrike+1","DTMod:ShieldDrain"],"picked":"DTMod:CalculatedDefense","floor":23},{"not_picked":["DTMod:ForkedFire","DTMod:MagicField+1"],"picked":"DTMod:MaximumCharge","floor":25},{"not_picked":["DTMod:QuickFly+1","DTMod:BreakAttack","DTMod:Feint+1"],"picked":"SKIP","floor":27},{"not_picked":["DTMod:CalculatedDefense+1","DTMod:Safeguard"],"picked":"DTMod:Weaken+1","floor":28},{"not_picked":["DTMod:BuildUp","DTMod:CleansingStrike","DTMod:Haste"],"picked":"SKIP","floor":29},{"not_picked":["DTMod:ComboAttack","DTMod:MasterPlan"],"picked":"DTMod:BurningEnergy","floor":30}],"player_experience":784259,"relics_obtained":[{"floor":7.0,"key":"Toy Ornithopter"},{"floor":9.0,"key":"Orichalcum"},{"floor":23,"key":"Blue Candle"},{"floor":25,"key":"Gambling Chip"},{"floor":26,"key":"Ginger"}],"event_choices":[{"damage_healed":0.0,"max_hp_gain":0.0,"max_hp_loss":0.0,"gold_gain":0.0,"event_name":"Golden Idol","player_choice":"Take Damage","floor":2.0,"gold_loss":0.0,"damage_taken":11.0,"relics_obtained":["Golden Idol"]},{"damage_healed":0.0,"max_hp_gain":0.0,"max_hp_loss":0.0,"gold_gain":0.0,"event_name":"betterThird:BetterSerpent","player_choice":"RENOUNCE","floor":5.0,"gold_loss":57.0,"damage_taken":57.0,"cards_obtained":["Enlightenment"]},{"damage_healed":0.0,"max_hp_gain":0.0,"max_hp_loss":0.0,"gold_gain":0.0,"cards_transformed":["DTMod:Strike"],"event_name":"Living Wall","player_choice":"Change","floor":11.0,"gold_loss":0.0,"damage_taken":0.0,"cards_obtained":["DTMod:ExcessFootwork"]},{"cards_removed":["DTMod:Coolant"],"damage_healed":0.0,"max_hp_gain":0.0,"max_hp_loss":0.0,"gold_gain":0.0,"event_name":"Beggar","player_choice":"Gave Gold","floor":19.0,"gold_loss":75.0,"damage_taken":0.0},{"damage_healed":0.0,"max_hp_gain":0.0,"max_hp_loss":0.0,"gold_gain":0.0,"event_name":"Vampires","player_choice":"Ignored","floor":20.0,"gold_loss":0.0,"damage_taken":0.0}],"is_beta":false,"boss_relics":[{"not_picked":["Velvet Choker","Ectoplasm"],"picked":"Astrolabe"}],"items_purged_floors":[31],"is_endless":false,"potions_floor_spawned":[3,10,13,16,22,23,29],"killed_by":"Champ","ascension_level":0}}