{"host":"lwwqbwdzs2rnn16y","time":1607649334,"event":{"mods":["Act Like it!","BaseMod","Hallownest","Hermit","Jorbs\u0027s Wanderer Trilogy","Minty Spire (QoL Compilation)","StSLib","The Animator","The Bug Knight","The Cursed","The Necromancer","The Runesmith","[IsaacMod]????"],"gold_per_floor":[111,41,41,41,54,54,85,101,155,172,206,206,224,39,39,39,39],"floor_reached":16,"playtime":999,"items_purged":[],"score":141,"play_id":"90f31cd3-bedf-46c1-a7b9-8d98257bcbd2","local_time":"20201210221534","is_ascension_mode":true,"campfire_choices":[{"data":"HollowMod:TaintedHusks","floor":6,"key":"SMITH"},{"data":"HollowMod:SiblingsSouls","floor":12,"key":"SMITH"},{"data":"BettingIsNotGood","floor":15,"key":"SMITH"}],"circlet_count":0,"master_deck":["HollowMod:NailStrikeStart","HollowMod:NailStrikeStart","HollowMod:NailStrikeStart","HollowMod:NailStrikeStart","HollowMod:QuickDashStart","HollowMod:QuickDashStart","HollowMod:QuickDashStart","HollowMod:QuickDashStart","HollowMod:FocusHealStart","HollowMod:PogoStrike","BettingIsNotGood+1","HollowMod:SharpenedNail","HollowMod:TaintedHusks+1","HollowMod:InfectedAttack","HollowMod:SiblingsSouls+1","HollowMod:LuriensSpire","HollowMod:PerfectDash","HollowMod:NewGlowingWomb"],"relics":["HollowMod:VesselMask","HushsDoor","DeathBook","NeowsBlessing","Hallownest:StagBellRelic1","Hallownest:DreamNailRelic","Kunai","Centennial Puzzle","HollowMod:MillibellesNoteRelic","TheBattery"],"acts_visited":["Hallownest:Greenpath"],"potions_floor_usage":[16,16,16],"damage_taken":[{"damage":0,"enemies":"Hallownest:monsterHuskGuard","floor":1,"turns":1},{"damage":0,"enemies":"Hallownest:2_Baldur","floor":5,"turns":1},{"damage":0,"enemies":"Hallownest:eliteVengeflyKing","floor":7,"turns":1},{"damage":12,"enemies":"Hallownest:monsterHuskWarrior","floor":8,"turns":2},{"damage":4,"enemies":"Hallownest:monsterFoolEater","floor":10,"turns":4},{"damage":26,"enemies":"Hallownest:eliteMossKnight","floor":11,"turns":4},{"damage":24,"enemies":"Hallownest:MossCreep_and_Mosskin","floor":13,"turns":5},{"damage":69,"enemies":"Hallownest:BossHornet","floor":16,"turns":5}],"seed_played":"-6802616905373820177","potions_obtained":[{"floor":1,"key":"CultistPotion"},{"floor":7,"key":"GamblersBrew"},{"floor":10,"key":"Dexterity Potion"},{"floor":11,"key":"Swift Potion"}],"is_trial":false,"path_per_floor":["M","?","?","T","M","R","E","M","T","M","E","R","M","$","R","B"],"character_chosen":"THE_BUGKNIGHT","items_purchased":["TheBattery","HollowMod:NewGlowingWomb"],"campfire_rested":0,"item_purchase_floors":[14,14],"current_hp_per_floor":[75,75,75,75,75,75,75,63,63,64,44,44,31,31,31,0,0],"gold":39,"neow_bonus":"THREE_ENEMY_KILL","is_daily":false,"chose_seed":false,"campfire_upgraded":3,"win_rate":0.0,"timestamp":1607649334,"path_taken":["M","?","?","?","?","R","E","M","T","?","E","R","M","$","R","BOSS"],"items_purchased_type":["Relic","Card"],"build_version":"2020-11-30","purchased_purges":0,"victory":false,"max_hp_per_floor":[75,75,75,75,75,75,75,75,75,75,75,75,75,75,75,75,75],"card_choices":[{"not_picked":[],"picked":"BettingIsNotGood","floor":0},{"not_picked":["HollowMod:LifebloodCore","HollowMod:VengefulVoid"],"picked":"HollowMod:SharpenedNail","floor":1},{"not_picked":["HollowMod:DescendingDark","HollowMod:GoodIntentions"],"picked":"HollowMod:TaintedHusks","floor":5},{"not_picked":["HollowMod:ChannelNail","HollowMod:Grubsong"],"picked":"HollowMod:InfectedAttack","floor":7},{"not_picked":["HollowMod:DreamGate","HollowMod:ShadowDash","HollowMod:ElderbugsWisdom"],"picked":"SKIP","floor":8},{"not_picked":["HollowMod:DoubleDash","HollowMod:CornifersMapStart"],"picked":"HollowMod:SiblingsSouls","floor":10},{"not_picked":["HollowMod:SharpenedNail","HollowMod:CycloneSlash"],"picked":"HollowMod:LuriensSpire","floor":11},{"not_picked":["HollowMod:DreamGate","HollowMod:AbyssShriek"],"picked":"HollowMod:PerfectDash","floor":13}],"player_experience":432506,"relics_obtained":[{"floor":7,"key":"Kunai"},{"floor":9,"key":"Centennial Puzzle"},{"floor":11,"key":"HollowMod:MillibellesNoteRelic"}],"event_choices":[],"is_beta":false,"boss_relics":[],"items_purged_floors":[],"is_endless":false,"potions_floor_spawned":[1,7,10,11],"killed_by":"Hallownest:BossHornet","ascension_level":1}}