{"host":"i2z4n8754xwu57nm","time":1607678395,"event":{"mods":["BaseMod","Minty Spire (QoL Compilation)"],"gold_per_floor":[367,367,367,73,86,86,86,86,86,113,113,144,164,180,180,253,253,269,279,7,7,7],"floor_reached":21,"playtime":1701,"items_purged":["Defend_B","Cold Snap"],"score":365,"play_id":"532619af-82f3-4d7f-aa16-5b94050e7350","local_time":"20201211181955","is_ascension_mode":true,"campfire_choices":[{"data":"Capacitor","floor":6,"key":"SMITH"},{"data":"Zap","floor":8,"key":"SMITH"},{"data":"Recycle","floor":11,"key":"SMITH"},{"data":"Dualcast","floor":15,"key":"SMITH"}],"circlet_count":0,"master_deck":["AscendersBane","Defend_B","Defend_B","Zap+1","Dualcast+1","Capacitor+1","Cold Snap","Conserve Battery","Recycle+1","Ball Lightning","Electrodynamics","Rebound+1","Self Repair+1","Rebound+1","Sunder"],"relics":["Cracked Core","Torii","Strawberry","InkBottle","Bag of Marbles","Astrolabe","MealTicket"],"acts_visited":["Exordium","TheCity"],"potions_floor_usage":[4,10,12,19],"damage_taken":[{"damage":3,"enemies":"Small Slimes","floor":1,"turns":2},{"damage":1,"enemies":"Jaw Worm","floor":5,"turns":4},{"damage":16,"enemies":"3 Sentries","floor":10,"turns":10},{"damage":9,"enemies":"Lagavulin","floor":12,"turns":5},{"damage":0,"enemies":"Cultist","floor":13,"turns":2},{"damage":9,"enemies":"Blue Slaver","floor":14,"turns":3},{"damage":48,"enemies":"Hexaghost","floor":16,"turns":13},{"damage":21,"enemies":"3 Byrds","floor":18,"turns":3},{"damage":19,"enemies":"2 Thieves","floor":19,"turns":4},{"damage":42,"enemies":"Shelled Parasite and Fungi","floor":21,"turns":3}],"seed_played":"7497514403598205528","potions_obtained":[{"floor":1,"key":"DistilledChaos"},{"floor":10,"key":"ColorlessPotion"},{"floor":12,"key":"FairyPotion"},{"floor":16,"key":"FearPotion"}],"is_trial":false,"path_per_floor":["M","?","T","$","M","R","?","R","T","E","R","E","M","M","R","B",null,"M","M","$","M"],"character_chosen":"DEFECT","items_purchased":["Fruit Juice","Cold Snap","Conserve Battery","MealTicket"],"campfire_rested":0,"item_purchase_floors":[4,4,4,20],"current_hp_per_floor":[61,61,61,66,65,65,65,65,72,56,56,47,47,38,38,12,60,49,40,40,0,0],"gold":7,"neow_bonus":"TWO_FIFTY_GOLD","is_daily":false,"chose_seed":false,"campfire_upgraded":4,"win_rate":0.0,"timestamp":1607678395,"path_taken":["M","?","?","$","M","R","?","R","T","E","R","E","?","M","R","BOSS","M","M","$","M"],"items_purchased_type":["Potion","Card","Card","Relic"],"build_version":"2020-11-30","purchased_purges":2,"victory":false,"max_hp_per_floor":[64,64,64,69,69,69,69,69,76,76,76,76,76,76,76,76,76,76,76,76,76,76],"card_choices":[{"not_picked":["Turbo","Steam Power"],"picked":"Capacitor","floor":1},{"not_picked":["White Noise","Turbo","Gash"],"picked":"SKIP","floor":5},{"not_picked":["Beam Cell","Redo"],"picked":"Recycle","floor":10},{"not_picked":["Conserve Battery","Rebound"],"picked":"Cold Snap","floor":12},{"not_picked":["Compile Driver","Coolheaded"],"picked":"Ball Lightning","floor":13},{"not_picked":["Compile Driver","Turbo","Steam"],"picked":"SKIP","floor":14},{"not_picked":["Buffer","Echo Form"],"picked":"Electrodynamics","floor":16},{"not_picked":["Turbo","Redo"],"picked":"Sunder","floor":18},{"not_picked":["Aggregate","Tempest","Rebound"],"picked":"SKIP","floor":19}],"player_experience":920400,"relics_obtained":[{"floor":3,"key":"Torii"},{"floor":9,"key":"Strawberry"},{"floor":10,"key":"InkBottle"},{"floor":12,"key":"Bag of Marbles"}],"event_choices":[{"cards_removed":["Strike_B"],"damage_healed":0,"gold_gain":0,"player_choice":"Forget","damage_taken":0,"max_hp_gain":0,"max_hp_loss":0,"event_name":"Living Wall","floor":2,"gold_loss":0},{"cards_removed":["Strike_B"],"damage_healed":0,"gold_gain":0,"player_choice":"Purged","damage_taken":0,"max_hp_gain":0,"max_hp_loss":0,"event_name":"Purifier","floor":7,"gold_loss":0}],"is_beta":false,"boss_relics":[{"not_picked":["Pandora\u0027s Box","Black Star"],"picked":"Astrolabe"}],"items_purged_floors":[4,20],"is_endless":false,"potions_floor_spawned":[1,10,12,16],"killed_by":"Shelled Parasite and Fungi","ascension_level":19}}