{"host":"qwttrqaysb380yri","time":1607723962,"event":{"mods":["BaseMod","Custom Start","Minty Spire (QoL Compilation)","Puzzle Mod","Relic Stats","StSLib","The Cursed","The Hierophant"],"gold_per_floor":[216,234,244,260,260,295,306,333,333,335,352,352,380,392,392,402,402],"floor_reached":16,"playtime":624,"items_purged":[],"score":264,"play_id":"57a7f2fb-3136-4829-a72f-67c8c899448e","local_time":"20201211225922","is_ascension_mode":true,"campfire_choices":[{"data":"hierophant:HammerAndAnvil","floor":12,"key":"SMITH"},{"data":"hierophant:Purify","floor":15,"key":"SMITH"}],"circlet_count":0,"master_deck":["AscendersBane","hierophant:Strike_Hierophant","hierophant:Strike_Hierophant","hierophant:Strike_Hierophant","hierophant:Strike_Hierophant","hierophant:Punish","hierophant:Defend_Hierophant","hierophant:Defend_Hierophant","hierophant:Defend_Hierophant","hierophant:Defend_Hierophant","hierophant:ChurchCoffers","hierophant:Zeal","hierophant:HammerAndAnvil+1","hierophant:Shelter","hierophant:Smite","hierophant:RepressedViolence","hierophant:Zeal","hierophant:MirrorShield","hierophant:ThreeLashes","hierophant:Endure","hierophant:Shelter","hierophant:Purify+1","hierophant:Embezzle"],"relics":["hierophant:PropheticMaskRelic","Potion Belt","PreservedInsect","Calipers","Prayer Wheel"],"acts_visited":["Exordium"],"potions_floor_usage":[6,6,13],"damage_taken":[{"damage":6,"enemies":"Cultist","floor":1,"turns":4},{"damage":0,"enemies":"2 Louse","floor":2,"turns":1},{"damage":9,"enemies":"Jaw Worm","floor":3,"turns":4},{"damage":3,"enemies":"Exordium Wildlife","floor":4,"turns":6},{"damage":0,"enemies":"Lagavulin","floor":6,"turns":2},{"damage":6,"enemies":"2 Fungi Beasts","floor":7,"turns":3},{"damage":22,"enemies":"3 Sentries","floor":8,"turns":7},{"damage":1,"enemies":"Looter","floor":10,"turns":2},{"damage":13,"enemies":"Exordium Wildlife","floor":11,"turns":3},{"damage":5,"enemies":"Gremlin Nob","floor":13,"turns":3},{"damage":1,"enemies":"3 Louse","floor":14,"turns":3},{"damage":24,"enemies":"Slime Boss","floor":16,"turns":7}],"seed_played":"-6458480321150709924","potions_obtained":[{"floor":3,"key":"LiquidMemories"},{"floor":4,"key":"BlessingOfTheForge"},{"floor":7,"key":"SpeedPotion"},{"floor":8,"key":"SneckoOil"},{"floor":11,"key":"LiquidBronze"},{"floor":13,"key":"Ancient Potion"}],"is_trial":false,"path_per_floor":["M","M","M","M","?","E","M","E","T","M","M","R","E","M","R","B"],"character_chosen":"HIEROPHANT","items_purchased":[],"campfire_rested":0,"item_purchase_floors":[],"current_hp_per_floor":[62,62,53,50,75,75,69,47,47,46,33,33,28,27,27,3,3],"gold":402,"neow_bonus":"HUNDRED_GOLD","is_daily":false,"chose_seed":false,"campfire_upgraded":2,"win_rate":0.0,"timestamp":1607723962,"path_taken":["M","M","?","M","?","E","M","E","T","M","?","R","E","M","R","BOSS"],"items_purchased_type":[],"build_version":"2020-11-30","purchased_purges":0,"victory":false,"max_hp_per_floor":[75,75,75,75,75,75,75,75,75,75,75,75,75,75,75,75,75],"relic_stats":{"counters":[12,45],"Prayer Wheel":1,"PreservedInsect":22,"obtain_stats":[{"Potion Belt":6,"Calipers":9,"hierophant:PropheticMaskRelic":0,"Prayer Wheel":13,"PreservedInsect":8},{"Potion Belt":5,"Calipers":7,"hierophant:PropheticMaskRelic":0,"Prayer Wheel":10,"PreservedInsect":7},{"Potion Belt":17,"Calipers":27,"hierophant:PropheticMaskRelic":0,"Prayer Wheel":35,"PreservedInsect":27}]},"card_choices":[{"not_picked":["hierophant:Smite","hierophant:Glossolalia"],"picked":"hierophant:Zeal","floor":1},{"not_picked":["hierophant:Repentance","hierophant:RepressedViolence"],"picked":"hierophant:HammerAndAnvil","floor":2},{"not_picked":["hierophant:Mercenaries","hierophant:PassingBell"],"picked":"hierophant:Shelter","floor":3},{"not_picked":["hierophant:SealAway","hierophant:EyeForCoin"],"picked":"hierophant:Smite","floor":4},{"not_picked":["hierophant:Sermon","hierophant:FaithHealing"],"picked":"hierophant:RepressedViolence","floor":6},{"not_picked":["hierophant:AuricBeam","hierophant:Generosity"],"picked":"hierophant:Zeal","floor":7},{"not_picked":["hierophant:RustyCrate","hierophant:Kindle"],"picked":"hierophant:MirrorShield","floor":8},{"not_picked":["hierophant:Purify","hierophant:FaithHealing"],"picked":"hierophant:ThreeLashes","floor":10},{"not_picked":["hierophant:Community","hierophant:RustyCrate"],"picked":"hierophant:Endure","floor":11},{"not_picked":["hierophant:Bribe","hierophant:AuricShield"],"picked":"hierophant:Shelter","floor":13},{"not_picked":["hierophant:Zeal","hierophant:RustyCrate"],"picked":"hierophant:Purify","floor":14},{"not_picked":["hierophant:SolarFlare","hierophant:Community"],"picked":"hierophant:Embezzle","floor":14}],"player_experience":1813497,"relics_obtained":[{"floor":6,"key":"Potion Belt"},{"floor":8,"key":"PreservedInsect"},{"floor":9,"key":"Calipers"},{"floor":13,"key":"Prayer Wheel"}],"event_choices":[{"damage_healed":25,"gold_gain":0,"player_choice":"Full Heal","damage_taken":0,"max_hp_gain":0,"max_hp_loss":0,"event_name":"Wheel of Change","floor":5,"gold_loss":0}],"is_beta":false,"boss_relics":[],"items_purged_floors":[],"is_endless":false,"potions_floor_spawned":[3,4,7,8,11,13],"killed_by":"Slime Boss","ascension_level":15}}