{"host":"p7j7o00jacnw7qzt","time":1607704967,"event":{"mods":["BaseMod","Colored Map","Colored Powertips","DeckTracker","Highlight Path","Minty Spire (QoL Compilation)","Relic Stats"],"gold_per_floor":[10,24,43,54,104,104,129,145,145,158,158,158,158,194,194,194,194],"floor_reached":16,"playtime":821,"items_purged":[],"score":224,"play_id":"36085696-1366-42a8-8964-5ce93afea39e","local_time":"20201211114247","is_ascension_mode":true,"campfire_choices":[{"data":"Armaments","floor":6.0,"key":"SMITH"},{"data":"Dark Embrace","floor":13.0,"key":"SMITH"},{"data":"Burning Pact","floor":15,"key":"SMITH"}],"circlet_count":0,"master_deck":["AscendersBane","Strike_R","Strike_R","Strike_R","Strike_R","Strike_R","Defend_R","Defend_R","Defend_R","Defend_R","Bash","Body Slam","Bloodletting","Shrug It Off","Burning Pact+1","Dark Embrace+1","Armaments+1","Burning Pact","Seeing Red"],"relics":["Burning Blood","Prayer Wheel","Blood Vial","Golden Idol","Akabeko"],"acts_visited":["Exordium"],"potions_floor_usage":[14,16],"damage_taken":[{"damage":9.0,"enemies":"Jaw Worm","floor":1.0,"turns":4.0},{"damage":12.0,"enemies":"Cultist","floor":2.0,"turns":4.0},{"damage":6.0,"enemies":"2 Louse","floor":3.0,"turns":3.0},{"damage":14.0,"enemies":"Blue Slaver","floor":4.0,"turns":6.0},{"damage":16.0,"enemies":"Lagavulin","floor":7.0,"turns":7.0},{"damage":10.0,"enemies":"Looter","floor":8.0,"turns":3.0},{"damage":11.0,"enemies":"Exordium Thugs","floor":10.0,"turns":5.0},{"damage":42,"enemies":"Gremlin Nob","floor":14,"turns":4},{"damage":36,"enemies":"Slime Boss","floor":16,"turns":6}],"seed_played":"-4447557322913008851","potions_obtained":[{"floor":2.0,"key":"Explosive Potion"},{"floor":3.0,"key":"DistilledChaos"},{"floor":7.0,"key":"SneckoOil"},{"floor":14,"key":"BloodPotion"}],"is_trial":false,"path_per_floor":["M","M","M","M","?","R","E","M","T","M","?","?","R","E","R","B"],"character_chosen":"IRONCLAD","items_purchased":[],"campfire_rested":0,"item_purchase_floors":[],"current_hp_per_floor":[65,59,59,51,51,51,41,39,39,36,61,61,61,27,27,6,6],"gold":194,"neow_bonus":"ONE_RARE_RELIC","is_daily":false,"chose_seed":false,"campfire_upgraded":3,"win_rate":0.0,"timestamp":1607704967,"path_taken":["M","M","M","M","?","R","E","M","T","?","?","?","R","E","R","BOSS"],"items_purchased_type":[],"build_version":"2020-11-30","purchased_purges":0,"victory":false,"max_hp_per_floor":[75,75,75,75,75,75,75,75,75,75,75,68,68,68,68,68,68],"relic_stats":{"Blood Vial":8,"counters":[9,42],"Golden Idol":7,"Prayer Wheel":7,"obtain_stats":[{"Blood Vial":7,"Golden Idol":12,"Prayer Wheel":0,"Burning Blood":0,"Akabeko":14},{"Blood Vial":5,"Golden Idol":7,"Prayer Wheel":0,"Burning Blood":0,"Akabeko":8},{"Blood Vial":24,"Golden Idol":32,"Prayer Wheel":0,"Burning Blood":0,"Akabeko":36}],"Burning Blood":48},"card_choices":[{"not_picked":["Warcry","Wild Strike"],"picked":"Body Slam","floor":1.0},{"not_picked":["Cleave","True Grit","Carnage"],"picked":"SKIP","floor":1.0},{"not_picked":["Sword Boomerang","Flex"],"picked":"Bloodletting","floor":2.0},{"not_picked":["Sever Soul","Rage","Sword Boomerang"],"picked":"SKIP","floor":2.0},{"not_picked":["Thunderclap","Sentinel"],"picked":"Shrug It Off","floor":3.0},{"not_picked":["Immolate","Thunderclap"],"picked":"Burning Pact","floor":3.0},{"not_picked":["Dual Wield","Pummel"],"picked":"Dark Embrace","floor":4.0},{"not_picked":["Headbutt","Wild Strike"],"picked":"Armaments","floor":4.0},{"not_picked":["Dual Wield","Wild Strike"],"picked":"Burning Pact","floor":7.0},{"not_picked":["Sever Soul","Perfected Strike","Flex"],"picked":"SKIP","floor":8.0},{"not_picked":["Ghostly Armor","Hemokinesis","Cleave"],"picked":"SKIP","floor":8.0},{"not_picked":["Hemokinesis","Shrug It Off"],"picked":"Seeing Red","floor":10.0},{"not_picked":["Anger","Flex","Havoc"],"picked":"SKIP","floor":10.0},{"not_picked":["Perfected Strike","Havoc","Heavy Blade"],"picked":"SKIP","floor":14}],"player_experience":769849,"relics_obtained":[{"floor":7.0,"key":"Blood Vial"},{"floor":14,"key":"Akabeko"}],"event_choices":[{"damage_healed":0.0,"max_hp_gain":0.0,"max_hp_loss":0.0,"gold_gain":50.0,"event_name":"Golden Shrine","player_choice":"Pray","floor":5.0,"gold_loss":0.0,"damage_taken":0.0},{"damage_healed":25.0,"max_hp_gain":0.0,"max_hp_loss":0.0,"gold_gain":0.0,"event_name":"Big Fish","player_choice":"Banana","floor":11.0,"gold_loss":0.0,"damage_taken":0.0},{"damage_healed":0.0,"max_hp_gain":0.0,"max_hp_loss":7.0,"gold_gain":0.0,"event_name":"Golden Idol","player_choice":"Lose Max HP","floor":12.0,"gold_loss":0.0,"damage_taken":0.0,"relics_obtained":["Golden Idol"]}],"is_beta":false,"boss_relics":[],"items_purged_floors":[],"is_endless":false,"potions_floor_spawned":[2,3,7,14],"killed_by":"Slime Boss","ascension_level":20}}