{"host":"yvb207ks1sg3cxef","time":1607728375,"event":{"mods":["BaseMod","Bestiary","Colored Powertips","Minty Spire (QoL Compilation)","Permanent Neow","Quick Restart","Relic Stats"],"gold_per_floor":[119,132,82,7,21,21,54,66,66,66,78,78,78,118,118,239,239,262,187,201,54,54,54,89,89,134,177,22,22,46,82,82,82,82],"floor_reached":33,"playtime":1993,"items_purged":["Weave"],"score":414,"play_id":"a40845fe-b016-4f61-8f7a-a6dc39c3eb45","local_time":"20201212044255","is_ascension_mode":true,"campfire_choices":[{"data":"EmptyFist","floor":6.0,"key":"SMITH"},{"data":"Vault","floor":10.0,"key":"SMITH"},{"data":"Scrawl","floor":12.0,"key":"SMITH"},{"data":"LikeWater","floor":15.0,"key":"SMITH"},{"data":"CrushJoints","floor":23,"key":"SMITH"},{"data":"SpiritShield","floor":25,"key":"SMITH"},{"data":"Wireheading","floor":29,"key":"SMITH"},{"floor":32,"key":"DIG"}],"circlet_count":0,"master_deck":["Eruption","Vigilance+1","BowlingBash","LikeWater+1","Scrawl+1","Wallop","Vault+1","EmptyFist+1","CrushJoints+1","SpiritShield+1","Evaluate","CutThroughFate","Protect","Blasphemy+1","ClearTheMind","Adaptation+1","Perseverance","Wireheading+1","Ghostly","Ghostly","Ghostly","Ghostly","Ghostly","Indignation","WheelKick+1"],"relics":["Pandora\u0027s Box","Omamori","Yang","Golden Idol","Pantograph","Runic Pyramid","Torii","War Paint","FossilizedHelix","Medical Kit","Shovel","Toy Ornithopter"],"acts_visited":["Exordium","TheCity"],"potions_floor_usage":[31],"damage_taken":[{"damage":0.0,"enemies":"Cultist","floor":1.0,"turns":2.0},{"damage":0.0,"enemies":"Jaw Worm","floor":2.0,"turns":3.0},{"damage":0.0,"enemies":"Small Slimes","floor":5.0,"turns":2.0},{"damage":23.0,"enemies":"3 Sentries","floor":7.0,"turns":6.0},{"damage":4.0,"enemies":"3 Louse","floor":8.0,"turns":2.0},{"damage":1.0,"enemies":"Gremlin Gang","floor":11.0,"turns":4.0},{"damage":13.0,"enemies":"Lagavulin","floor":14.0,"turns":10.0},{"damage":48.0,"enemies":"Hexaghost","floor":16.0,"turns":16.0},{"damage":2.0,"enemies":"3 Byrds","floor":18.0,"turns":4.0},{"damage":9.0,"enemies":"2 Thieves","floor":20.0,"turns":3.0},{"damage":5,"enemies":"Gremlin Leader","floor":24,"turns":7},{"damage":8,"enemies":"Book of Stabbing","floor":27,"turns":7},{"damage":1,"enemies":"3 Cultists","floor":30,"turns":6},{"damage":6,"enemies":"Gremlin Leader","floor":31,"turns":6},{"damage":46,"enemies":"Champ","floor":33,"turns":20}],"seed_played":"7731976525679077442","potions_obtained":[{"floor":7.0,"key":"Block Potion"},{"floor":8.0,"key":"Swift Potion"},{"floor":11.0,"key":"DistilledChaos"},{"floor":18.0,"key":"GamblersBrew"}],"is_trial":false,"path_per_floor":["M","M","?","$","M","R","E","M","T","R","M","R","?","E","R","B",null,"M","?","M","$","?","R","E","R","T","E","$","R","M","E","R","B"],"character_chosen":"WATCHER","items_purchased":["Perseverance","Wireheading","Medical Kit"],"campfire_rested":0,"item_purchase_floors":[21,21,28],"current_hp_per_floor":[72,72,72,72,72,72,49,45,45,45,44,44,44,31,31,8,56,54,54,45,45,36,36,31,31,31,23,23,23,22,16,16,0,0],"gold":82,"neow_bonus":"BOSS_RELIC","is_daily":false,"chose_seed":false,"campfire_upgraded":7,"win_rate":0.0,"timestamp":1607728375,"path_taken":["M","?","?","$","M","R","E","M","T","R","M","R","?","E","R","BOSS","M","?","M","$","?","R","E","R","T","E","$","R","M","E","R","BOSS"],"items_purchased_type":["Card","Card","Relic"],"build_version":"2020-11-30","purchased_purges":1,"victory":false,"max_hp_per_floor":[72,72,72,72,72,72,72,72,72,72,72,72,72,72,72,72,72,72,72,72,72,36,36,36,36,36,36,36,36,36,36,36,36,36],"relic_stats":{"Shovel":1,"Torii":5,"counters":[15,98],"Golden Idol":68,"Pantograph":45,"Pandora\u0027s Box":["BowlingBash","EmptyMind","Weave","LikeWater","Scrawl","Wallop","Vault","EmptyFist"],"Yang":[109],"War Paint":["Vigilance","Blasphemy"],"Medical Kit":[0],"obtain_stats":[{"Torii":24,"Golden Idol":13,"Yang":9,"Omamori":7,"War Paint":26,"Medical Kit":28,"Shovel":31,"Pantograph":14,"Pandora\u0027s Box":0,"PureWater":0,"FossilizedHelix":27,"Toy Ornithopter":32,"Runic Pyramid":17},{"Torii":11,"Golden Idol":6,"Yang":5,"Omamori":4,"War Paint":11,"Medical Kit":12,"Shovel":14,"Pantograph":7,"Pandora\u0027s Box":0,"PureWater":0,"FossilizedHelix":12,"Toy Ornithopter":14,"Runic Pyramid":8},{"Torii":59,"Golden Idol":19,"Yang":15,"Omamori":13,"War Paint":59,"Medical Kit":66,"Shovel":78,"Pantograph":29,"Pandora\u0027s Box":0,"PureWater":0,"FossilizedHelix":66,"Toy Ornithopter":78,"Runic Pyramid":45}],"Toy Ornithopter":0},"card_choices":[{"not_picked":["BowlingBash","Prostrate"],"picked":"CrushJoints","floor":1.0},{"not_picked":["JustLucky","Prostrate","Nirvana"],"picked":"SKIP","floor":2.0},{"not_picked":["Consecrate","Vengeance"],"picked":"FlyingSleeves","floor":5.0},{"not_picked":["Vengeance","Halt"],"picked":"SpiritShield","floor":7.0},{"not_picked":["Halt","FollowUp"],"picked":"Evaluate","floor":8.0},{"not_picked":["CrushJoints","Wireheading"],"picked":"CutThroughFate","floor":11.0},{"not_picked":["CarveReality","EmptyBody"],"picked":"Protect","floor":14.0},{"not_picked":["Brilliance","SpiritShield"],"picked":"Blasphemy","floor":16.0},{"not_picked":["JustLucky+1","Nirvana"],"picked":"ClearTheMind","floor":18.0},{"not_picked":["Evaluate","Sanctity+1"],"picked":"Adaptation+1","floor":20.0},{"not_picked":["Establishment","CarveReality","FollowUp"],"picked":"SKIP","floor":24},{"not_picked":["InnerPeace","EmptyMind"],"picked":"Indignation","floor":27},{"not_picked":["EmptyBody+1","Meditate"],"picked":"WheelKick+1","floor":30},{"not_picked":["CarveReality","Vengeance","FlurryOfBlows"],"picked":"SKIP","floor":31}],"player_experience":170305,"relics_obtained":[{"floor":7.0,"key":"Omamori"},{"floor":9.0,"key":"Yang"},{"floor":14.0,"key":"Pantograph"},{"floor":24,"key":"Torii"},{"floor":26,"key":"War Paint"},{"floor":27,"key":"FossilizedHelix"},{"floor":31,"key":"Shovel"},{"floor":32,"key":"Toy Ornithopter"}],"event_choices":[{"cards_removed":["EmptyMind"],"damage_healed":0.0,"max_hp_gain":0.0,"max_hp_loss":0.0,"gold_gain":0.0,"event_name":"The Cleric","player_choice":"Card Removal","floor":3.0,"gold_loss":50.0,"damage_taken":0.0},{"damage_healed":0.0,"max_hp_gain":0.0,"max_hp_loss":0.0,"gold_gain":0.0,"event_name":"Golden Idol","player_choice":"Take Wound","floor":13.0,"gold_loss":0.0,"damage_taken":0.0,"relics_obtained":["Golden Idol"],"cards_obtained":["Injury"]},{"cards_removed":["FlyingSleeves"],"damage_healed":0.0,"max_hp_gain":0.0,"max_hp_loss":0.0,"gold_gain":0.0,"event_name":"Beggar","player_choice":"Gave Gold","floor":19.0,"gold_loss":75.0,"damage_taken":0.0},{"damage_healed":0.0,"max_hp_gain":0.0,"max_hp_loss":36.0,"gold_gain":0.0,"event_name":"Ghosts","player_choice":"Became a Ghost","floor":22.0,"gold_loss":0.0,"damage_taken":0.0,"cards_obtained":["Ghostly","Ghostly","Ghostly","Ghostly","Ghostly"]}],"is_beta":false,"boss_relics":[{"not_picked":["Tiny House","Fusion Hammer"],"picked":"Runic Pyramid"}],"items_purged_floors":[4],"is_endless":false,"potions_floor_spawned":[7,8,11,18,20,27],"killed_by":"Champ","ascension_level":5}}