{"host":"b0dcklafnoly879c","time":1607681981,"event":{"mods":["BaseMod","Hermit","Minty Spire (QoL Compilation)","StSLib","The Jungle"],"gold_per_floor":[369,379,28,48,68,96,96,126,126,159,159,159,5,15,15,123,123,143,168,168,185,185,219,219,219,219],"floor_reached":25,"playtime":2951,"items_purged":[],"score":278,"play_id":"ac18fa76-d917-4bb6-8270-8437ef7feeab","local_time":"20201211191941","is_ascension_mode":true,"campfire_choices":[{"data":"hermit:Deadeye","floor":7,"key":"SMITH"},{"data":"hermit:Gestalt","floor":11,"key":"SMITH"},{"data":"hermit:Scavenge","floor":15,"key":"SMITH"},{"data":"hermit:HighNoon","floor":24,"key":"SMITH"}],"circlet_count":0,"master_deck":["hermit:Strike_Hermit","hermit:Strike_Hermit","hermit:Strike_Hermit+1","hermit:Strike_Hermit","hermit:Defend_Hermit","hermit:Defend_Hermit","hermit:Defend_Hermit","hermit:Defend_Hermit","hermit:Snapshot","hermit:Covet","hermit:Coalescence+1","hermit:Deadeye+1","hermit:Gestalt+1","hermit:Scavenge+1","hermit:HighNoon+1","hermit:SprayPray","hermit:Magnum"],"relics":["hermit:Momento","Gremlin Horn","Vajra","Lantern","hermit:Horseshoe","Ornamental Fan","Lee\u0027s Waffle","Sozu","White Beast Statue","Spirit Poop","Question Card"],"acts_visited":["Exordium","TheCity"],"potions_floor_usage":[6,8,10,16,23],"damage_taken":[{"damage":0,"enemies":"2 Louse","floor":1,"turns":2},{"damage":0,"enemies":"Small Slimes","floor":2,"turns":5},{"damage":2,"enemies":"Cultist","floor":4,"turns":4},{"damage":3,"enemies":"Blue Slaver","floor":5,"turns":5},{"damage":10,"enemies":"3 Sentries","floor":6,"turns":8},{"damage":2,"enemies":"Lagavulin","floor":8,"turns":5},{"damage":0,"enemies":"Gremlin Nob","floor":10,"turns":3},{"damage":1,"enemies":"2 Fungi Beasts","floor":14,"turns":3},{"damage":27,"enemies":"The Guardian","floor":16,"turns":12},{"damage":22,"enemies":"Shell Parasite","floor":18,"turns":6},{"damage":21,"enemies":"3 Byrds","floor":19,"turns":5},{"damage":2,"enemies":"Snecko","floor":21,"turns":6},{"damage":14,"enemies":"Slavers","floor":23,"turns":5},{"damage":25,"enemies":"Book of Stabbing","floor":25,"turns":3}],"seed_played":"971751002149462270","potions_obtained":[{"floor":2,"key":"Weak Potion"},{"floor":4,"key":"Block Potion"},{"floor":8,"key":"PowerPotion"},{"floor":10,"key":"Block Potion"},{"floor":14,"key":"SteroidPotion"}],"is_trial":false,"path_per_floor":["M","M","$","M","M","E","R","E","T","E","R","?","$","M","R","B",null,"M","M","?","M","?","E","R","E"],"character_chosen":"HERMIT","items_purchased":["Gremlin Horn","hermit:Deadeye","hermit:Gestalt","Lee\u0027s Waffle"],"campfire_rested":0,"item_purchase_floors":[3,3,3,13],"current_hp_per_floor":[54,54,54,52,49,39,39,37,37,37,37,22,82,81,81,54,82,60,39,39,37,37,23,23,0,0],"gold":219,"neow_bonus":"TWO_FIFTY_GOLD","is_daily":false,"chose_seed":false,"campfire_upgraded":4,"win_rate":0.0,"timestamp":1607681981,"path_taken":["M","M","$","M","M","E","R","E","T","E","R","?","$","M","R","BOSS","M","M","?","M","?","E","R","E"],"items_purchased_type":["Relic","Card","Card","Relic"],"build_version":"2020-11-30","purchased_purges":0,"victory":false,"max_hp_per_floor":[75,75,75,75,75,75,75,75,75,75,75,75,82,82,82,82,82,82,82,82,82,82,82,82,82,82],"card_choices":[{"not_picked":["hermit:Manifest","hermit:TrackingShot","hermit:Desperado"],"picked":"SKIP","floor":1},{"not_picked":["hermit:Feint","hermit:Snipe"],"picked":"hermit:Coalescence","floor":2},{"not_picked":["hermit:LowProfile","hermit:Headshot","hermit:Coalescence"],"picked":"SKIP","floor":4},{"not_picked":["hermit:Feint","hermit:Headshot","hermit:Ricochet"],"picked":"SKIP","floor":5},{"not_picked":["hermit:Coalescence","hermit:LoneWolf","hermit:HoleUp"],"picked":"SKIP","floor":6},{"not_picked":["hermit:HoleUp","hermit:ItchyTrigger","hermit:Spite"],"picked":"SKIP","floor":8},{"not_picked":["hermit:Desperado","hermit:LowProfile","hermit:Roughhouse"],"picked":"SKIP","floor":10},{"not_picked":["hermit:Grudge","hermit:Glare"],"picked":"hermit:Scavenge","floor":14},{"not_picked":["hermit:Roughhouse","hermit:DeadOrAlive"],"picked":"hermit:HighNoon","floor":16},{"not_picked":["hermit:DeadMansHand","hermit:Quickdraw","hermit:Gestalt"],"picked":"SKIP","floor":18},{"not_picked":["hermit:Cheat","hermit:Coalescence","hermit:LowProfile"],"picked":"SKIP","floor":19},{"not_picked":["hermit:BigShot","hermit:Glare+1"],"picked":"hermit:SprayPray","floor":21},{"not_picked":["hermit:Headshot","hermit:GoldenBullet"],"picked":"hermit:Magnum","floor":23}],"player_experience":281391,"relics_obtained":[{"floor":6,"key":"Vajra"},{"floor":8,"key":"Lantern"},{"floor":9,"key":"hermit:Horseshoe"},{"floor":10,"key":"Ornamental Fan"},{"floor":23,"key":"Question Card"}],"event_choices":[{"damage_healed":0,"gold_gain":0,"player_choice":"Entered Light","damage_taken":15,"max_hp_gain":0,"max_hp_loss":0,"event_name":"Shining Light","floor":12,"gold_loss":0,"cards_upgraded":["hermit:Coalescence","hermit:Strike_Hermit"]},{"damage_healed":0,"gold_gain":0,"player_choice":"Opened","damage_taken":0,"relics_obtained":["White Beast Statue"],"max_hp_gain":0,"max_hp_loss":0,"event_name":"The Mausoleum","floor":20,"gold_loss":0,"cards_obtained":["Writhe"]},{"cards_removed":["Writhe"],"damage_healed":0,"gold_gain":0,"player_choice":"Offered Curse","damage_taken":0,"relics_obtained":["Spirit Poop"],"max_hp_gain":0,"max_hp_loss":0,"event_name":"Bonfire Elementals","floor":22,"gold_loss":0}],"is_beta":false,"boss_relics":[{"not_picked":["Fusion Hammer","SacredBark"],"picked":"Sozu"}],"items_purged_floors":[],"is_endless":false,"potions_floor_spawned":[2,4,8,10,14,21,23],"killed_by":"Book of Stabbing","ascension_level":1}}