{"host":"fq9q35as5g8xdsoo","time":1607647817,"event":{"mods":["2.2 Compatiblity","AchievementEnabler","Act Like it!","Aspiration","BaseMod","Beaked The Cultist","Better Skull","Card Forge","Colored Map","Colored Powertips","Conspire","Dota2Spire","Energized Spire","Gensokyo","Halation","Hermit","Hubris","Marked Mod","Menagerie","Minty Spire (QoL Compilation)","Pale of the Ancients","Permanent Neow","Quick Restart","Relic Filter","Replay The Spire","Robot Space Explorer","Spicy Shops","Spikes Relics","StSLib","SuperFastMode","The Blue Laboratory","The Construct","The Disciple","The Factory","The Gatherer","The Jungle","The Runesmith","The Servant 0.9.4","Trackpad","WarShipGirlsR/????R mod","vexMod"],"gold_per_floor":[111,111,111,127,227,252,252,281,306,12,25,25,18,34,34,132,132,144,156,156,171,271,271,271,271,271,284,319,864,876,891,891,989,989,1001,533,552,552,552,552,527,545,569,413,413,413,474,487,487,517,567,615,631,704,704,746,746,1046,1046,1106],"floor_reached":61,"playtime":5076,"items_purged":[],"score":1662,"play_id":"7051ee4b-dae0-45bb-b440-38d74846831e","local_time":"20201210165017","is_ascension_mode":true,"metric_token":2641,"campfire_choices":[{"data":"Gatherer:VenomBarrier","floor":7.0,"key":"SMITH"},{"data":"Gatherer:Duality","floor":12.0,"key":"SMITH"},{"data":"Gatherer:Enchant","floor":15.0,"key":"SMITH"},{"data":"Gatherer:FinishingStrike","floor":23.0,"key":"SMITH"},{"floor":25.0,"key":"RECALL"},{"floor":32.0,"key":"REST"},{"floor":40.0,"key":"REST"},{"floor":49.0,"key":"DIG"},{"floor":55.0,"key":"DIG"},{"floor":57,"key":"DIG"}],"circlet_count":0,"master_deck":["Gatherer:VenomBarrier+1","Gatherer:Duality+1","Gatherer:FinishingStrike+1","Gatherer:Enchant+1","Gatherer:Uplift+1"],"relics":["Gatherer:AlchemyBag","Hammer of Thor","Seething Fire","Anvil of the Gods","CaptainsWheel","Replay:Bottled Snecko","Potion Belt","ReplayTheSpireMod:CursedCoin","Replay:Baseball","energizedSpire:NeverEndingSparkler","StoneCalendar","Dota2Spire:OctarineCore","trackpad:RapidFire","trackpad:WritersBlock","CherryCoatedStake","SlaversCollar","aspiration:Nostalgia","rmod:firstchargereward","hubris:PeanutButter","ClockworkSouvenir","hubris:Icosahedron","Runesmith:AutoHammer","Dota2Spire:HandOfMidas","hubris:CrystalStatue","Shovel","trackpad:PetRock","paleoftheancients:Timepiece","paleoftheancients:KeyRelic","Anchor","Gremlin Horn","paleoftheancients:SoulOfTheThorton","construct:FoamFinger","paleoftheancients:SoulOfTheVixen","halation:Toothbrush","hubris:NiceRug","trackpad:WondrousWand","Gatherer:MistGenerator","vexMod:PaidLearning","Nunchaku","Lizard Tail"],"acts_visited":["Gensokyo:Gensokyo","Gensokyo:Gensokyoer","TheBeyond","paleoftheancients:PaleOfTheAncients"],"potions_floor_usage":[60,60,60,60,60],"damage_taken":[{"damage":25.0,"enemies":"Gensokyo:Python","floor":1.0,"turns":4.0},{"damage":0.0,"enemies":"Gensokyo:2_Kodama","floor":4.0,"turns":4.0},{"damage":25.0,"enemies":"Gensokyo:Cirno","floor":6.0,"turns":10.0},{"damage":6.0,"enemies":"Gensokyo:Mamizou","floor":8.0,"turns":7.0},{"damage":0.0,"enemies":"Gensokyo:Gryphon","floor":11.0,"turns":2.0},{"damage":0.0,"enemies":"Gensokyo:Python_and_Kodama","floor":14.0,"turns":2.0},{"damage":19.0,"enemies":"Gensokyo:Yukari","floor":16.0,"turns":7.0},{"damage":0.0,"enemies":"Gensokyo:3_Dogs","floor":18.0,"turns":2.0},{"damage":0.0,"enemies":"Gensokyo:CosmicMonolith","floor":19.0,"turns":1.0},{"damage":0.0,"enemies":"Gensokyo:Chomper_and_Gloop","floor":21.0,"turns":2.0},{"damage":5.0,"enemies":"Gensokyo:Chomper_and_Gloop","floor":22.0,"turns":4.0},{"damage":0.0,"enemies":"Gensokyo:Swordslinger","floor":27.0,"turns":2.0},{"damage":16.0,"enemies":"Gensokyo:Reisen","floor":28.0,"turns":4.0},{"damage":0.0,"enemies":"Gensokyo:3_Gloops","floor":30.0,"turns":6.0},{"damage":0.0,"enemies":"Gensokyo:Monolith_and_Dog","floor":31.0,"turns":3.0},{"damage":38.0,"enemies":"Gensokyo:Kaguya","floor":33.0,"turns":9.0},{"damage":1.0,"enemies":"3 Darklings","floor":35.0,"turns":4.0},{"damage":0.0,"enemies":"Orb Walker","floor":37.0,"turns":1.0},{"damage":0.0,"enemies":"R_Hoarder","floor":41.0,"turns":5.0},{"damage":0.0,"enemies":"3 Darklings","floor":42.0,"turns":2.0},{"damage":0.0,"enemies":"beaked:SuperParasite","floor":47.0,"turns":5.0},{"damage":0.0,"enemies":"Writhing Mass","floor":48.0,"turns":3.0},{"damage":0.0,"enemies":"hubris:GrandSnecko","floor":50.0,"turns":6.0},{"damage":0.0,"enemies":"hubris:GrandSnecko","floor":51.0,"turns":7.0},{"damage":11.0,"enemies":"hubris:GrandSnecko","floor":52.0,"turns":6.0},{"damage":0.0,"enemies":"paleoftheancients:Thorton1","floor":53.0,"turns":1.0},{"damage":0,"enemies":"paleoftheancients:Thorton1","floor":56,"turns":6},{"damage":0,"enemies":"hubris:Merchant","floor":58,"turns":3},{"damage":108,"enemies":"paleoftheancients:N","floor":60,"turns":11}],"seed_played":"-7157602228994391675","potions_obtained":[{"floor":1.0,"key":"Reflective Coating"},{"floor":6.0,"key":"Weak Potion"},{"floor":8.0,"key":"Flashbang"},{"floor":16.0,"key":"BlessingOfTheForge"},{"floor":21.0,"key":"blueLaboratory:HummingbirdPotion"},{"floor":22.0,"key":"Fruit Juice"},{"floor":28.0,"key":"Languid Potion"},{"floor":35.0,"key":"Toxic Potion"},{"floor":51.0,"key":"Elixir"},{"floor":56,"key":"blueLaboratory:FruitPunch"},{"floor":58,"key":"Adrenaline Potion"}],"is_trial":false,"path_per_floor":["M","?","?","M","?","E","R","E","T","$","M","R","$","M","R","B",null,"M","M","?","M","?","R","?","R","T","M","E","?","M","M","R","B",null,"M","$","M","?","?","R","E","M","T","$","?","?","E","M","R","B","M","M","M","T","R","M","R","$","?","B",null],"character_chosen":"THE_GATHERER","items_purchased":["Potion Belt","Gatherer:Enchant","Gatherer:Uplift+1","ReplayTheSpireMod:CursedCoin","Replay:Baseball","aspiration:Nostalgia","hubris:PeanutButter","ClockworkSouvenir","hubris:CrystalStatue","Gatherer:Uplift+1"],"campfire_rested":2,"item_purchase_floors":[10,10,10,13,13,36,36,36,44,44],"current_hp_per_floor":[47,69,69,69,69,44,44,38,38,38,38,38,38,38,38,19,72,72,72,72,72,72,72,77,77,77,77,61,3,11,14,37,16,77,77,77,77,77,77,77,77,77,77,77,77,77,77,77,77,77,77,66,68,68,68,70,70,75,75,48],"gold":1106,"neow_bonus":"ONE_RARE_RELIC","is_daily":false,"chose_seed":false,"campfire_upgraded":4,"win_rate":0.0,"timestamp":1607647817,"path_taken":["M","?","?","M","?","E","R","E","T","?","M","R","$","?","R","BOSS","M","M","?","M","?","R","?","R","T","M","E","?","M","?","R","BOSS","M","$","M","?","?","R","E","?","T","$","?","?","E","M","R","BOSS","M","M","?","T","R","M","R","$","?","BOSS"],"items_purchased_type":["Relic","Card","Undefined","Relic","Relic","Relic","Relic","Relic","Relic","Undefined"],"build_version":"2020-11-30","purchased_purges":0,"victory":true,"max_hp_per_floor":[72,72,72,72,72,72,72,72,72,72,72,72,72,72,72,72,72,72,72,72,72,77,77,77,77,77,77,77,77,77,77,77,77,77,77,77,77,77,77,77,77,77,77,77,77,77,77,77,77,77,77,77,77,77,77,77,77,77,77,79],"card_choices":[{"not_picked":["Gatherer:Herbalism","Gatherer:Transmute"],"picked":"Gatherer:VenomBarrier","floor":1.0},{"not_picked":["Gatherer:Frenzy","Gatherer:RecipeChange","Gatherer:GatherMaterial"],"picked":"SKIP","floor":4.0},{"not_picked":["Gatherer:WoolGloves","Gatherer:ScrollOfWall"],"picked":"Gatherer:Duality","floor":6.0},{"not_picked":["Gatherer:Duality","Gatherer:Misfortune"],"picked":"Gatherer:FinishingStrike","floor":8.0},{"not_picked":["Gatherer:Solidify","Gatherer:PotentialSlash","Gatherer:WoolGloves"],"picked":"SKIP","floor":11.0},{"not_picked":["Gatherer:FlowerShield","Gatherer:FlowerPower","Gatherer:WitheringStrike"],"picked":"SKIP","floor":14.0},{"not_picked":["Gatherer:BambuSword","Gatherer:BalancedGrowth","Gatherer:AromaProtection+1"],"picked":"SKIP","floor":18.0},{"not_picked":["Gatherer:RottenStipe","Gatherer:FruitForce","Gatherer:QuickSynthesis+1"],"picked":"SKIP","floor":19.0},{"not_picked":["Gatherer:EnergyBasket","Gatherer:ScentOfRosmari","Gatherer:Polymorphism"],"picked":"SKIP","floor":21.0},{"not_picked":["Gatherer:SaveValuables","Gatherer:ScentOfRosmari","Gatherer:QuickSynthesis"],"picked":"SKIP","floor":27.0},{"not_picked":["Gatherer:FlowerFalling+1","Gatherer:SaveValuables","Gatherer:AromaProtection"],"picked":"SKIP","floor":28.0},{"not_picked":["Gatherer:Herbalism","Gatherer:EnergyBasket","Gatherer:Misfortune"],"picked":"SKIP","floor":30.0},{"not_picked":["Gatherer:Duplicator","Gatherer:FlowerFalling+1","Gatherer:Nutrients"],"picked":"SKIP","floor":31.0},{"not_picked":["Gatherer:Frenzy","Gatherer:SaveValuables","Gatherer:AromaProtection+1"],"picked":"SKIP","floor":35.0},{"not_picked":["Gatherer:SealedBomb","Gatherer:OddSpoils","Gatherer:AcidicSpray+1"],"picked":"SKIP","floor":37.0},{"not_picked":["Gatherer:TacticalStrike","Gatherer:QuickSynthesis","Gatherer:BigPouch+1"],"picked":"SKIP","floor":41.0},{"not_picked":["Gatherer:SealedBomb","Gatherer:PotentialSlash+1","Gatherer:Photoscythe"],"picked":"SKIP","floor":42.0},{"not_picked":["Gatherer:GrowBook","Gatherer:Bulldoze","Gatherer:BigPouch+1"],"picked":"SKIP","floor":47.0},{"not_picked":["Gatherer:WoolGloves","Gatherer:FruitForce","Gatherer:AlchemyTrial+1"],"picked":"SKIP","floor":48.0},{"not_picked":["Gatherer:PotentialSlash+1","Gatherer:Convert","Gatherer:SaveValuables+1"],"picked":"SKIP","floor":51.0},{"not_picked":["Gatherer:PotentialSlash+1","Gatherer:Convert","Gatherer:SaveValuables+1"],"picked":"SKIP","floor":51.0},{"not_picked":["Gatherer:EnergyBasket+1","Gatherer:SaveValuables","Gatherer:Frenzy+1"],"picked":"SKIP","floor":52.0},{"not_picked":["Gatherer:DrugPower","Gatherer:ScherryThrow","Gatherer:FlowerFalling"],"picked":"SKIP","floor":53.0},{"not_picked":["Gatherer:TacticalStrike+1","Gatherer:Convert","Gatherer:SealedBomb"],"picked":"SKIP","floor":56},{"not_picked":["Gatherer:FinishingStrike"],"picked":"SKIP","floor":58},{"not_picked":["Gatherer:Frenzy"],"picked":"SKIP","floor":58},{"not_picked":["Gatherer:SaveValuables"],"picked":"SKIP","floor":58},{"not_picked":["Gatherer:Herbalism"],"picked":"SKIP","floor":58},{"not_picked":["Gatherer:Liquidism"],"picked":"SKIP","floor":58},{"not_picked":["Impatience"],"picked":"SKIP","floor":58},{"not_picked":["HandOfGreed"],"picked":"SKIP","floor":58},{"not_picked":["Gatherer:FinishingStrike"],"picked":"SKIP","floor":58},{"not_picked":["Gatherer:Frenzy"],"picked":"SKIP","floor":58},{"not_picked":["Gatherer:SaveValuables"],"picked":"SKIP","floor":58},{"not_picked":["Gatherer:Herbalism"],"picked":"SKIP","floor":58},{"not_picked":["Gatherer:Liquidism"],"picked":"SKIP","floor":58},{"not_picked":["Impatience"],"picked":"SKIP","floor":58},{"not_picked":["HandOfGreed"],"picked":"SKIP","floor":58}],"player_experience":919137,"relics_obtained":[{"floor":6.0,"key":"Replay:Bottled Snecko"},{"floor":22.0,"key":"StoneCalendar"},{"floor":22.0,"key":"Dota2Spire:OctarineCore"},{"floor":26.0,"key":"trackpad:RapidFire"},{"floor":28.0,"key":"trackpad:WritersBlock"},{"floor":41.0,"key":"Runesmith:AutoHammer"},{"floor":43.0,"key":"Dota2Spire:HandOfMidas"},{"floor":47.0,"key":"Shovel"},{"floor":49.0,"key":"trackpad:PetRock"},{"floor":53.0,"key":"paleoftheancients:SoulOfTheThorton"},{"floor":54.0,"key":"construct:FoamFinger"},{"floor":56,"key":"paleoftheancients:SoulOfTheVixen"},{"floor":57,"key":"halation:Toothbrush"},{"floor":58,"key":"trackpad:WondrousWand"},{"floor":58,"key":"Gatherer:MistGenerator"},{"floor":58,"key":"vexMod:PaidLearning"},{"floor":58,"key":"Nunchaku"},{"floor":58,"key":"Lizard Tail"}],"event_choices":[{"damage_healed":0.0,"max_hp_gain":0.0,"max_hp_loss":0.0,"gold_gain":0.0,"event_name":"conspire:Investor","player_choice":"Leave","floor":3.0,"gold_loss":0.0,"damage_taken":0.0},{"damage_healed":0.0,"max_hp_gain":0.0,"max_hp_loss":0.0,"gold_gain":545.0,"event_name":"betterSkull:BetterSkull","player_choice":"RE GO GO GO GO GO ","floor":29.0,"gold_loss":0.0,"damage_taken":65.0,"cards_upgraded":[],"relics_obtained":["CherryCoatedStake"]},{"damage_healed":0.0,"max_hp_gain":0.0,"max_hp_loss":0.0,"gold_gain":0.0,"event_name":"Wheel of Change","player_choice":"Full Heal","floor":39.0,"gold_loss":0.0,"damage_taken":0.0},{"damage_healed":19.0,"max_hp_gain":0.0,"max_hp_loss":0.0,"gold_gain":0.0,"event_name":"Winding Halls","player_choice":"Writhe","floor":45.0,"gold_loss":0.0,"damage_taken":0.0,"cards_obtained":["Writhe"]},{"damage_healed":0.0,"max_hp_gain":0.0,"max_hp_loss":0.0,"gold_gain":0.0,"event_name":"Match and Keep!","player_choice":"0 cards matched","floor":46.0,"gold_loss":0.0,"damage_taken":0.0,"cards_obtained":[]}],"is_beta":false,"boss_relics":[{"not_picked":["aspiration:BeakedSkillbook","conspire:RunicOctahedron"],"picked":"energizedSpire:NeverEndingSparkler"},{"not_picked":["energizedSpire:EnergizedDie","Runic Dome"],"picked":"SlaversCollar"}],"items_purged_floors":[],"is_endless":false,"potions_floor_spawned":[1,6,8,16,21,22,28,35,37,42,48,51,56,60],"ascension_level":1}}