{"host":"1lcvmslm5dvu1wk7","time":1607696083,"event":{"mods":["BaseMod","Colored Powertips","Minty Spire (QoL Compilation)","Remilia£®¿Ÿ√◊¿Ú—«£©","Replay The Spire","Shop Mod","StSLib"],"gold_per_floor":[112,112,126,76,76,102,102,130,130,2,16,46,57,85,85,180,180,194,211,58,58,20,52,52,87,87,87,114,125,125,125,125,230,330,341,396,396,409,428,456,474,474,474,509,527,527,503,532,532,532],"floor_reached":51,"playtime":4008,"items_purged":["Defend_RM","Strike_RM","Defend_RM"],"score":1796,"play_id":"7efab495-96c5-4eb7-abb1-bef00d3f7d74","local_time":"20201211221443","is_ascension_mode":true,"campfire_choices":[{"data":"ScarletShoot","floor":7.0,"key":"SMITH"},{"data":"BloodAndWine","floor":15.0,"key":"SMITH"},{"data":"1","floor":24.0,"key":"LIFT"},{"data":"2","floor":32,"key":"LIFT"},{"data":"3","floor":42,"key":"LIFT"},{"floor":49,"key":"DIG"}],"circlet_count":0,"master_deck":["Strike_RM+1","Strike_RM+1","ScarletShoot+1","EndlessAdversity","HunterOfTheNight+1","MillenniumVampire","RedMagic","DiffusionOfMisfortune","BloodAndWine+1","Pot Of Greed+1","Pot Of Greed","CurseOfTheBell","UnderTheZenith","MastersStateliness","Finesse","Master of Strategy","MastersStateliness","EndlessAdversity+1","ScarletImprint+1","ScarletSymphony+1","ScarletDevil+1","BlasphemousPunishment+1","Pot Of Greed+1","ForbiddenFruit+1","ScarletSymphony+1","MastersStateliness+1","MastersStateliness+1","ReplayTheSpireMod:IOU","Finesse+1","ScarletImprint+1"],"relics":["ScarletHat","ReplayTheSpireMod:Lightbulb","Thread and Needle","Darkstone Periapt","Replay:Ringing Soul","Grinning Jar","Coffee Dripper","ChewingGum","Black Star","Girya","MerchantsRug","Membership Card","Nunchaku","MutagenicStrength","BargainBundle","Potion Belt","Whetstone","Chameleon Ring","Replay:Bottled Flurry","StoneCalendar","Toxic Egg 2","FairyMaid","Pocketwatch","Ring of Misfortune","Ring of Peace","Replay:Wanted Poster","Bird Faced Urn","Replay:Rubber Ducky","ReplayFunnel","Pet Ghost","Mummified Hand","Mango","ReplayTheSpireMod:CursedCoin","Iron Hammer","Mirror","Vajra","InkBottle"],"acts_visited":["Exordium","TheCity","TheBeyond"],"potions_floor_usage":[41,41,50],"damage_taken":[{"damage":0.0,"enemies":"Jaw Worm","floor":1.0,"turns":5.0},{"damage":0.0,"enemies":"Small Slimes","floor":3.0,"turns":3.0},{"damage":10.0,"enemies":"Lagavulin","floor":6.0,"turns":5.0},{"damage":2.0,"enemies":"Gremlin Nob","floor":8.0,"turns":4.0},{"damage":0.0,"enemies":"2 Louse","floor":11.0,"turns":2.0},{"damage":9.0,"enemies":"Replay:BlueRogue","floor":12.0,"turns":4.0},{"damage":0.0,"enemies":"Blue Slaver","floor":13.0,"turns":2.0},{"damage":18.0,"enemies":"3 Sentries","floor":14.0,"turns":6.0},{"damage":27.0,"enemies":"The Guardian","floor":16.0,"turns":9.0},{"damage":0.0,"enemies":"Chosen","floor":18.0,"turns":3.0},{"damage":0.0,"enemies":"3 Byrds","floor":19.0,"turns":6.0},{"damage":0.0,"enemies":"Book of Stabbing","floor":23.0,"turns":3.0},{"damage":3.0,"enemies":"Slavers","floor":25.0,"turns":2.0},{"damage":0,"enemies":"Replay:Snechameleon","floor":28,"turns":4},{"damage":0,"enemies":"Centurion and Healer","floor":29,"turns":3},{"damage":0,"enemies":"Automaton","floor":33,"turns":3},{"damage":0,"enemies":"3 Shapes","floor":35,"turns":1},{"damage":0,"enemies":"2 Orb Walkers","floor":36,"turns":3},{"damage":0,"enemies":"3 Darklings","floor":38,"turns":3},{"damage":0,"enemies":"4 Shapes","floor":39,"turns":2},{"damage":0,"enemies":"R_Hoarder","floor":40,"turns":2},{"damage":18,"enemies":"Sphere and 2 Shapes","floor":41,"turns":2},{"damage":0,"enemies":"Giant Head","floor":44,"turns":3},{"damage":0,"enemies":"Transient","floor":45,"turns":3},{"damage":0,"enemies":"Nemesis","floor":48,"turns":1},{"damage":0,"enemies":"Donu and Deca","floor":50,"turns":3}],"seed_played":"-2358048260123552123","potions_obtained":[{"floor":6.0,"key":"SpeedPotion"},{"floor":8.0,"key":"SkillPotion"},{"floor":11.0,"key":"SneckoOil"},{"floor":16.0,"key":"SpeedPotion"},{"floor":18.0,"key":"Energy Potion"},{"floor":29,"key":"BlessingOfTheForge"},{"floor":33,"key":"SpeedPotion"},{"floor":39,"key":"Block Potion"},{"floor":40,"key":"SpeedPotion"},{"floor":41,"key":"Fruit Juice"},{"floor":48,"key":"PowerPotion"}],"is_trial":false,"path_per_floor":["M","?","M","?","?","E","R","E","T","$","M","E","M","E","R","B",null,"M","M","$","?","$","E","R","E","T","?","E","M","?","?","R","B",null,"M","?","?","M","M","E","M","R","T","E","M","?","$","E","R","B",null],"character_chosen":"REMILIA","items_purchased":["DiffusionOfMisfortune","MerchantsRug","Membership Card","Finesse","Nunchaku","BargainBundle","Master of Strategy","ReplayTheSpireMod:CursedCoin","Iron Hammer","Finesse+1","EssenceOfSteel"],"campfire_rested":0,"item_purchase_floors":[10,20,20,20,20,22,22,47,47,47,47],"current_hp_per_floor":[68,68,68,68,68,63,63,62,62,62,62,57,60,45,45,29,77,80,85,88,88,91,96,96,96,96,96,100,105,105,105,105,108,108,111,114,108,111,114,117,111,111,111,144,147,147,156,159,159,159],"gold":532,"neow_bonus":"RANDOM_COMMON_RELIC","is_daily":false,"chose_seed":false,"campfire_upgraded":2,"win_rate":0.0,"timestamp":1607696083,"path_taken":["M","?","M","?","?","E","R","E","T","?","M","E","?","E","R","BOSS","M","M","$","?","$","E","R","E","T","?","E","?","?","?","R","BOSS","M","?","?","M","M","E","M","R","T","E","M","?","$","E","R","BOSS"],"items_purchased_type":["Card","Relic","Relic","Card","Relic","Relic","Card","Relic","Relic","Undefined","Potion"],"build_version":"2020-11-30","purchased_purges":3,"victory":true,"max_hp_per_floor":[75,75,75,75,75,75,75,75,75,75,75,78,78,81,81,81,90,93,96,99,99,102,102,102,102,102,102,105,108,108,108,108,108,108,111,114,108,111,114,117,127,127,127,144,147,147,156,159,159,159],"card_choices":[{"not_picked":["BlasphemousPunishment","RedNightlessCastle"],"picked":"EndlessAdversity","floor":1.0},{"not_picked":["BloodyTrap","ForbiddenFruit","BlasphemousPunishment"],"picked":"SKIP","floor":3.0},{"not_picked":["UnstableMagic","EndlessAdversity"],"picked":"MillenniumVampire","floor":6.0},{"not_picked":["Stigmanizer","BadLadyScramble"],"picked":"RedMagic","floor":8.0},{"not_picked":["Stigmanizer","DevilSight","ScarletGensokyo"],"picked":"SKIP","floor":11.0},{"not_picked":["CeilingFear","CharismaGuard"],"picked":"BloodAndWine","floor":12.0},{"not_picked":["VampireKiss","FavorOfDestiny","RedNightlessCastle"],"picked":"SKIP","floor":13.0},{"not_picked":["FavorOfDestiny","HunterOfTheNight","NightLord"],"picked":"SKIP","floor":14.0},{"not_picked":["BloodHunter+1","StarOfDavid+1"],"picked":"UnderTheZenith","floor":18.0},{"not_picked":["Septette","Ultimatum+1"],"picked":"MastersStateliness","floor":19.0},{"not_picked":["HeartBreak","BloodyMagicSquare","VampireKiss+1"],"picked":"SKIP","floor":23.0},{"not_picked":["RedNightlessCastle","BlasphemousPunishment","VampireKiss+1"],"picked":"SKIP","floor":25.0},{"not_picked":["RedNightlessCastle","NightDance"],"picked":"MastersStateliness","floor":28},{"not_picked":["RedNightlessCastle","StarOfDavid"],"picked":"EndlessAdversity+1","floor":29},{"not_picked":["Maim+1","BloodHunter+1"],"picked":"ScarletImprint+1","floor":35},{"not_picked":["UltimateOffering","CharismaGuard+1"],"picked":"ScarletSymphony+1","floor":36},{"not_picked":["CharismaGuard+1","FavorOfDestiny+1"],"picked":"ScarletDevil+1","floor":38},{"not_picked":["Stigmanizer","MiserableFate+1"],"picked":"BlasphemousPunishment+1","floor":39},{"not_picked":["LeisurelyOfLord","EndlessAdversity"],"picked":"ForbiddenFruit+1","floor":40},{"not_picked":["ScarletNetherworld","LeisurelyOfLord"],"picked":"ScarletSymphony+1","floor":41},{"not_picked":["RedRainbow+1","VampirishNight+1"],"picked":"MastersStateliness+1","floor":44},{"not_picked":["ForecastOfChange","BloodAndWine+1"],"picked":"MastersStateliness+1","floor":45},{"not_picked":["BloodHunter+1","EndlessAdversity"],"picked":"ScarletImprint+1","floor":48}],"player_experience":160193,"relics_obtained":[{"floor":6.0,"key":"Thread and Needle"},{"floor":8.0,"key":"StrikeDummy"},{"floor":9.0,"key":"Darkstone Periapt"},{"floor":12.0,"key":"Replay:Ringing Soul"},{"floor":14.0,"key":"Grinning Jar"},{"floor":17.0,"key":"Replay:Mystery Machine"},{"floor":17.0,"key":"Letter Opener"},{"floor":17.0,"key":"Girya"},{"floor":23.0,"key":"Potion Belt"},{"floor":23.0,"key":"Whetstone"},{"floor":25.0,"key":"Chameleon Ring"},{"floor":25.0,"key":"Replay:Bottled Flurry"},{"floor":26.0,"key":"StoneCalendar"},{"floor":28,"key":"FairyMaid"},{"floor":28,"key":"Pocketwatch"},{"floor":30,"key":"Ring of Misfortune"},{"floor":30,"key":"Ring of Peace"},{"floor":36,"key":"Bird Faced Urn"},{"floor":40,"key":"Replay:Rubber Ducky"},{"floor":40,"key":"ReplayFunnel"},{"floor":43,"key":"Pet Ghost"},{"floor":44,"key":"Mummified Hand"},{"floor":44,"key":"Mango"},{"floor":48,"key":"Mirror"},{"floor":48,"key":"Vajra"},{"floor":49,"key":"InkBottle"}],"event_choices":[{"cards_removed":["Defend_RM"],"damage_healed":0.0,"max_hp_gain":0.0,"max_hp_loss":0.0,"gold_gain":0.0,"event_name":"The Cleric","player_choice":"Card Removal","floor":4.0,"gold_loss":50.0,"damage_taken":0.0},{"damage_healed":0.0,"max_hp_gain":0.0,"max_hp_loss":0.0,"gold_gain":0.0,"event_name":"Liars Game","player_choice":"Ignored","floor":5.0,"gold_loss":0.0,"damage_taken":0.0},{"damage_healed":0.0,"max_hp_gain":0.0,"max_hp_loss":0.0,"gold_gain":0.0,"event_name":"Drug Dealer","player_choice":"Inject Mutagens","floor":21.0,"gold_loss":0.0,"damage_taken":0.0,"relics_obtained":["MutagenicStrength"]},{"cards_removed":["Strike_RM"],"damage_healed":0,"gold_gain":0,"player_choice":"Elegance","damage_taken":0,"max_hp_gain":0,"max_hp_loss":0,"event_name":"Back to Basics","floor":31,"gold_loss":0},{"damage_healed":0,"gold_gain":0,"player_choice":"Fight","damage_taken":0,"max_hp_gain":0,"max_hp_loss":0,"event_name":"Mysterious Sphere","floor":36,"gold_loss":0},{"damage_healed":0,"gold_gain":0,"player_choice":"Max HP","damage_taken":0,"max_hp_gain":0,"max_hp_loss":6,"event_name":"Winding Halls","floor":37,"gold_loss":0},{"cards_removed":["RedMoon"],"damage_healed":0,"gold_gain":0,"player_choice":"Removed Skill","damage_taken":0,"max_hp_gain":0,"max_hp_loss":0,"event_name":"Falling","floor":46,"gold_loss":0}],"is_beta":false,"boss_relics":[{"not_picked":["Ring of Chaos","SacredBark"],"picked":"Replay:Grab Bag"},{"not_picked":["Philosopher\u0027s Stone","Runic Dome"],"picked":"Coffee Dripper"},{"not_picked":["Fusion Hammer","Velvet Choker"],"picked":"ChewingGum"},{"not_picked":["Snecko Eye","Kintsugi"],"picked":"Black Star"},{"not_picked":["Pandora\u0027s Box","Empty Cage"],"picked":"Calling Bell"},{"not_picked":["Replay:Bronze Core","Replay:Drink Me"],"picked":"Replay:Wanted Poster"}],"items_purged_floors":[10,20,22],"is_endless":false,"potions_floor_spawned":[6,8,11,16,18,29,33,39,40,41,48],"ascension_level":7}}