{"host":"cuc3wnex0wexwxxi","time":1607648187,"event":{"mods":["BaseMod","BetterRewards","Colored Powertips","Minty Spire (QoL Compilation)","Relic Stats","StSLib"],"gold_per_floor":[111,111,129,129,141,141,173,173,199,228,241,261,286,300,300,395,395,406,416,416,429,441,441,472,472,472],"floor_reached":25,"playtime":1107,"items_purged":[],"score":393,"play_id":"99ef9130-540f-4929-b0bc-42263bce95fc","local_time":"20201210195627","is_ascension_mode":true,"campfire_choices":[{"data":"Bash","floor":6,"key":"SMITH"},{"floor":8,"key":"REST"},{"floor":15,"key":"REST"},{"floor":23,"key":"REST"}],"circlet_count":0,"master_deck":["AscendersBane","Strike_R","Strike_R","Strike_R","Strike_R","Defend_R","Defend_R","Defend_R","Defend_R","Bash+1","Pommel Strike","Cleave","Headbutt","Spot Weakness","Offering","Seeing Red","Thunderclap","Cleave","Demon Form","Reckless Charge","Twin Strike+1","Flex+1","Inflame","Inflame"],"relics":["Burning Blood","Tiny Chest","Potion Belt","Vajra","Pantograph","Fusion Hammer","Gremlin Horn","Bottled Lightning"],"acts_visited":["Exordium","TheCity"],"potions_floor_usage":[12,13,16,19,21,22,24],"damage_taken":[{"damage":23,"enemies":"Small Slimes","floor":1,"turns":3},{"damage":0,"enemies":"2 Louse","floor":3,"turns":3},{"damage":7,"enemies":"Jaw Worm","floor":5,"turns":3},{"damage":32,"enemies":"Gremlin Nob","floor":7,"turns":4},{"damage":35,"enemies":"Lagavulin","floor":10,"turns":5},{"damage":14,"enemies":"Red Slaver","floor":11,"turns":2},{"damage":7,"enemies":"Gremlin Gang","floor":12,"turns":3},{"damage":21,"enemies":"3 Sentries","floor":13,"turns":4},{"damage":12,"enemies":"Looter","floor":14,"turns":2},{"damage":47,"enemies":"The Guardian","floor":16,"turns":8},{"damage":10,"enemies":"3 Byrds","floor":18,"turns":4},{"damage":33,"enemies":"2 Thieves","floor":19,"turns":3},{"damage":33,"enemies":"Snake Plant","floor":21,"turns":3},{"damage":7,"enemies":"3 Cultists","floor":22,"turns":3},{"damage":26,"enemies":"Gremlin Leader","floor":24,"turns":3},{"damage":33,"enemies":"Centurion and Healer","floor":25,"turns":2}],"seed_played":"4239330142835200735","potions_obtained":[{"floor":1,"key":"DuplicationPotion"},{"floor":7,"key":"ColorlessPotion"},{"floor":11,"key":"EssenceOfSteel"},{"floor":12,"key":"Strength Potion"},{"floor":16,"key":"Block Potion"},{"floor":18,"key":"FearPotion"},{"floor":19,"key":"Energy Potion"},{"floor":22,"key":"Swift Potion"}],"is_trial":false,"path_per_floor":["M","?","M","?","M","R","E","R","T","E","M","M","E","M","R","B",null,"M","M","T","M","M","R","E","M"],"character_chosen":"IRONCLAD","items_purchased":[],"campfire_rested":3,"item_purchase_floors":[],"current_hp_per_floor":[71,71,77,70,69,69,43,71,71,42,34,33,18,12,40,24,78,74,47,47,20,19,47,27,0,0],"gold":472,"neow_bonus":"TWENTY_PERCENT_HP_BONUS","is_daily":false,"chose_seed":false,"campfire_upgraded":1,"win_rate":0.0,"timestamp":1607648187,"path_taken":["M","?","M","?","M","R","E","R","T","E","?","M","E","M","R","BOSS","M","M","?","?","M","R","E","M"],"items_purchased_type":[],"build_version":"2020-11-30","purchased_purges":0,"victory":false,"max_hp_per_floor":[96,96,96,96,96,96,96,96,96,96,96,96,96,96,96,96,96,96,96,96,96,96,96,96,96,96],"relic_stats":{"Gremlin Horn":[5,5],"counters":[52,220],"Pantograph":25,"Tiny Chest":0,"obtain_stats":[{"Gremlin Horn":6,"Singing Bowl":23,"Vajra":10,"StoneCalendar":6,"Cursed Key":34,"Burning Blood":0,"Nunchaku":25,"Dream Catcher":0,"DollysMirror":0,"Pantograph":13,"Tiny Chest":7,"Fusion Hammer":17,"Toxic Egg 2":46,"Red Skull":46,"Potion Belt":9,"Lee\u0027s Waffle":0,"NeowsBlessing":0,"Golden Idol":3,"Eternal Feather":3,"MawBank":36,"Mercury Hourglass":21,"CaptainsWheel":8,"Shuriken":9,"Art of War":26,"Membership Card":38,"Bottled Lightning":43,"Pocketwatch":0},{"Gremlin Horn":4,"Singing Bowl":13,"Vajra":41,"StoneCalendar":31,"Cursed Key":18,"Burning Blood":0,"Nunchaku":14,"Dream Catcher":26,"DollysMirror":26,"Pantograph":44,"Tiny Chest":40,"Fusion Hammer":46,"Toxic Egg 2":23,"Red Skull":23,"Potion Belt":40,"Lee\u0027s Waffle":26,"NeowsBlessing":1,"Golden Idol":2,"Eternal Feather":28,"MawBank":19,"Mercury Hourglass":12,"CaptainsWheel":5,"Shuriken":5,"Art of War":14,"Membership Card":20,"Bottled Lightning":22,"Pocketwatch":0},{"Gremlin Horn":6,"Singing Bowl":47,"Vajra":183,"StoneCalendar":141,"Cursed Key":79,"Burning Blood":0,"Nunchaku":52,"Dream Catcher":118,"DollysMirror":118,"Pantograph":192,"Tiny Chest":178,"Fusion Hammer":202,"Toxic Egg 2":98,"Red Skull":98,"Potion Belt":178,"Lee\u0027s Waffle":118,"NeowsBlessing":3,"Golden Idol":4,"Eternal Feather":126,"MawBank":84,"Mercury Hourglass":43,"CaptainsWheel":13,"Shuriken":13,"Art of War":52,"Membership Card":87,"Bottled Lightning":94,"Pocketwatch":0}],"Burning Blood":300},"card_choices":[{"not_picked":["Cleave","Entrench"],"picked":"Pommel Strike","floor":1},{"not_picked":["Havoc","Heavy Blade"],"picked":"Cleave","floor":3},{"not_picked":["Sever Soul","Pummel"],"picked":"Headbutt","floor":5},{"not_picked":["Berserk","Cleave"],"picked":"Spot Weakness","floor":7},{"not_picked":["Cleave","Feel No Pain"],"picked":"Offering","floor":10},{"not_picked":["Wild Strike","Perfected Strike"],"picked":"Seeing Red","floor":11},{"not_picked":["Fire Breathing","Searing Blow","Wild Strike"],"picked":"SKIP","floor":12},{"not_picked":["Clash","Feel No Pain"],"picked":"Thunderclap","floor":13},{"not_picked":["Clothesline","Rupture"],"picked":"Cleave","floor":14},{"not_picked":["Corruption","Juggernaut"],"picked":"Demon Form","floor":16},{"not_picked":["Body Slam+1","Perfected Strike+1"],"picked":"Reckless Charge","floor":18},{"not_picked":["Anger","Uppercut"],"picked":"Twin Strike+1","floor":19},{"not_picked":["Dropkick","Clash"],"picked":"Flex+1","floor":21},{"not_picked":["Perfected Strike","Body Slam"],"picked":"Inflame","floor":22},{"not_picked":["Whirlwind","Clothesline"],"picked":"Inflame","floor":24}],"player_experience":573141,"relics_obtained":[{"floor":7,"key":"Tiny Chest"},{"floor":9,"key":"Potion Belt"},{"floor":10,"key":"Vajra"},{"floor":13,"key":"Pantograph"},{"floor":20,"key":"Gremlin Horn"},{"floor":24,"key":"Bottled Lightning"}],"event_choices":[{"cards_removed":["Regret"],"damage_healed":0,"gold_gain":0,"player_choice":"Forget","damage_taken":0,"max_hp_gain":0,"max_hp_loss":0,"event_name":"Living Wall","floor":2,"gold_loss":0},{"cards_removed":["Strike_R"],"damage_healed":0,"gold_gain":0,"player_choice":"Card Removal","damage_taken":7,"max_hp_gain":0,"max_hp_loss":0,"event_name":"Golden Wing","floor":4,"gold_loss":0}],"is_beta":false,"boss_relics":[{"not_picked":["Runic Dome","Pandora\u0027s Box"],"picked":"Fusion Hammer"}],"items_purged_floors":[],"is_endless":false,"potions_floor_spawned":[1,7,11,12,16,18,19,22],"killed_by":"Centurion and Healer","ascension_level":10}}