{"host":"9ndbo4kgsfoemf7y","time":1607699752,"event":{"mods":["AchievementEnabler","BaseMod","Colored Map","DeckTracker","Keyboard Shortcuts","Minty Spire (QoL Compilation)","Permanent Neow","Quick Restart","Relic Stats","StSLib","SuperFastMode"],"gold_per_floor":[118,135,151,76,88,88,138,138,163,191,209,70,84,84,84,156,156,170,45,62,62,62],"floor_reached":21,"playtime":620,"items_purged":["Doubt","Strike_G","Defend_G"],"score":317,"play_id":"97d28c1a-db96-4753-aa67-9be86d21ee96","local_time":"20201212001552","is_ascension_mode":true,"campfire_choices":[{"floor":6.0,"key":"REST"},{"data":"Calculated Gamble","floor":8.0,"key":"SMITH"},{"floor":15,"key":"REST"}],"circlet_count":0,"master_deck":["AscendersBane","Strike_G","Strike_G","Strike_G","Defend_G","Defend_G","Defend_G","Defend_G","Survivor","Neutralize","Noxious Fumes","Footwork","Deadly Poison","Calculated Gamble+1","Blur","Prepared","Well Laid Plans","Reflex","Adrenaline"],"relics":["Ring of the Snake","Lizard Tail","Bronze Scales","Anchor","Runic Pyramid"],"acts_visited":["Exordium","TheCity"],"potions_floor_usage":[10,10,20],"damage_taken":[{"damage":1.0,"enemies":"Cultist","floor":1.0,"turns":6.0},{"damage":7.0,"enemies":"Jaw Worm","floor":2.0,"turns":6.0},{"damage":8.0,"enemies":"Small Slimes","floor":3.0,"turns":5.0},{"damage":23.0,"enemies":"Gremlin Gang","floor":5.0,"turns":5.0},{"damage":36,"enemies":"3 Sentries","floor":10,"turns":8},{"damage":0,"enemies":"Looter","floor":11,"turns":4},{"damage":0,"enemies":"Blue Slaver","floor":13,"turns":5},{"damage":8,"enemies":"Hexaghost","floor":16,"turns":12},{"damage":22,"enemies":"Spheric Guardian","floor":18,"turns":5},{"damage":21,"enemies":"2 Thieves","floor":20,"turns":4},{"damage":16,"enemies":"Chosen and Byrds","floor":21,"turns":5}],"seed_played":"921990072022981613","potions_obtained":[{"floor":1.0,"key":"Fruit Juice"},{"floor":5.0,"key":"BlessingOfTheForge"},{"floor":10,"key":"BlessingOfTheForge"},{"floor":11,"key":"SkillPotion"},{"floor":13,"key":"AttackPotion"}],"is_trial":false,"path_per_floor":["M","M","M","$","M","R","?","R","T","E","M","$","M","?","R","B",null,"M","$","M","M"],"character_chosen":"THE_SILENT","items_purchased":["Well Laid Plans"],"campfire_rested":2,"item_purchase_floors":[12],"current_hp_per_floor":[58,51,43,43,20,39,39,39,39,8,8,8,8,8,29,21,59,37,37,16,35,35],"gold":62,"neow_bonus":"ONE_RARE_RELIC","is_daily":false,"chose_seed":false,"campfire_upgraded":1,"win_rate":0.0,"timestamp":1607699752,"path_taken":["M","M","M","$","?","R","?","R","T","E","M","?","?","?","R","BOSS","M","$","?","M"],"items_purchased_type":["Card"],"build_version":"2020-11-30","purchased_purges":3,"victory":false,"max_hp_per_floor":[66,66,66,66,66,66,66,66,66,71,71,71,71,71,71,71,71,71,71,71,71,71],"relic_stats":{"Lizard Tail":35,"counters":[11,65],"Bronze Scales":[164],"obtain_stats":[{"Lizard Tail":0,"Anchor":10,"Bronze Scales":9,"Ring of the Snake":0,"Runic Pyramid":17},{"Lizard Tail":0,"Anchor":5,"Bronze Scales":4,"Ring of the Snake":0,"Runic Pyramid":8},{"Lizard Tail":0,"Anchor":30,"Bronze Scales":22,"Ring of the Snake":0,"Runic Pyramid":51}],"Ring of the Snake":[22]},"card_choices":[{"not_picked":["Deflect","Accuracy"],"picked":"Noxious Fumes","floor":1.0},{"not_picked":["Acrobatics","Sucker Punch"],"picked":"Footwork","floor":2.0},{"not_picked":["Bane","Concentrate"],"picked":"Deadly Poison","floor":3.0},{"not_picked":["Finisher","Footwork"],"picked":"Calculated Gamble","floor":5.0},{"not_picked":["Calculated Gamble","Sucker Punch"],"picked":"Blur","floor":10},{"not_picked":["Acrobatics","Masterful Stab"],"picked":"Prepared","floor":11},{"not_picked":["Outmaneuver","Slice"],"picked":"Reflex","floor":13},{"not_picked":["Night Terror","Storm of Steel"],"picked":"Adrenaline","floor":16},{"not_picked":["Slice","Concentrate","Backflip"],"picked":"SKIP","floor":18},{"not_picked":["Dagger Spray","Infinite Blades","Bouncing Flask"],"picked":"SKIP","floor":20}],"player_experience":672012,"relics_obtained":[{"floor":9.0,"key":"Bronze Scales"},{"floor":10,"key":"Anchor"}],"event_choices":[{"damage_healed":0.0,"max_hp_gain":0.0,"max_hp_loss":0.0,"gold_gain":50.0,"event_name":"Golden Shrine","player_choice":"Pray","floor":7.0,"gold_loss":0.0,"damage_taken":0.0},{"cards_removed":["Strike_G"],"damage_healed":0,"gold_gain":0,"player_choice":"Offered Basic","damage_taken":0,"max_hp_gain":0,"max_hp_loss":0,"event_name":"Bonfire Elementals","floor":14,"gold_loss":0}],"is_beta":false,"boss_relics":[{"not_picked":["Fusion Hammer","HoveringKite"],"picked":"Runic Pyramid"}],"items_purged_floors":[4,12,19],"is_endless":false,"potions_floor_spawned":[1,5,10,11,13],"killed_by":"Chosen and Byrds","ascension_level":15}}