{"host":"5pvsezzv96u4cz40","time":1607725581,"event":{"mods":["Act Like it!","BaseMod","BetterRewards","CapriCore","Colored Map","Colored Powertips","GifTheSpireLib","Hubris","Menagerie","Minty Spire (QoL Compilation)","Remilia??????","Replay The Spire","Shop Mod","StSLib","[IsaacMod]????"],"gold_per_floor":[112,112,125,140,86,86,97,97,97,116,116,130,142,162,162,265,265,278,161,177,196,496,507,523,538,619,619,644,644,268,268,268,371,371,384,395,395,197,247,247,247,247,247,247,276,292,292,319,319,319,319,319,319,344,344,344],"floor_reached":55,"playtime":10773,"items_purged":[],"score":866,"play_id":"28826ebb-e8fc-4ee2-af6f-869fb24bbe61","local_time":"20201211232621","is_ascension_mode":false,"campfire_choices":[{"data":"VampireClaw","floor":6,"key":"SMITH"},{"data":"BloodHunter","floor":8,"key":"SMITH"},{"data":"ScarletImprint","floor":11,"key":"SMITH"},{"floor":27,"key":"REST"},{"floor":29,"key":"REST"},{"data":"ForecastOfChange","floor":32,"key":"SMITH"},{"floor":40,"key":"REST"},{"floor":44,"key":"RECALL"},{"data":"EternalNight","floor":47,"key":"SMITH"},{"data":"NightLord","floor":49,"key":"SMITH"},{"data":"MastersStateliness","floor":52,"key":"SMITH"}],"circlet_count":0,"master_deck":["Strike_RM","Strike_RM","Strike_RM","Strike_RM","Defend_RM","Defend_RM","Defend_RM","Defend_RM","RedMoon","ScarletShoot","hubris:Strike_Merchant","ForecastOfChange+1","Ultimatum","VampireClaw+1","MiserableFate","MastersStateliness+1","BloodHunter+1","BombardNight","ScarletImprint+1","ScarletDevil","ScarletSymphony","EquivalentExchange+1","KillingBlow+1","StarOfDavid","BombardNight+1","BombardNight+1","VampirishNight+1","NightLord+1","VampireKiss+1","UnstableMagic","VampireKiss+1","VampireKiss+1","VampireClaw","VampireFantasy+1","BloodySeventeenLaser+1","UnstableMagic+1","DiffusionOfMisfortune","EternalNight+1"],"relics":["ScarletHat","HushsDoor","DoctorsRemote","Golden Egg","ScarletEmblem","Quantum Egg","hubris:BottledRain","hubris:TenFootPole","MerchantsRug","Busted Crown","Boot","Replay:Towering Pillar of Hats","hubris:NiceRug","Replay:Accelerometer","Bottled Lightning","Replay:Rubber Ducky"],"acts_visited":["Menagerie:Menagerie","TheCity","TheBeyond","TheEnding"],"potions_floor_usage":[5,16,16,33,39,39,41,41,50,55],"damage_taken":[{"damage":0,"enemies":"Menagerie:2_RABBITS","floor":1,"turns":3},{"damage":0,"enemies":"Menagerie:StygianBoar","floor":3,"turns":3},{"damage":0,"enemies":"Menagerie:WhisperingWraith","floor":4,"turns":7},{"damage":1,"enemies":"Menagerie:MENAGERIE_WILDLIFE","floor":7,"turns":4},{"damage":0,"enemies":"Menagerie:BEAST_MAGE_AND_PROWLING_AMALGAM","floor":10,"turns":7},{"damage":0,"enemies":"Menagerie:3_RABBITS","floor":12,"turns":2},{"damage":0,"enemies":"Menagerie:RedMage","floor":13,"turns":7},{"damage":0,"enemies":"Menagerie:Hexasnake","floor":14,"turns":4},{"damage":0,"enemies":"Menagerie:Chimera","floor":16,"turns":7},{"damage":0,"enemies":"Spheric Guardian","floor":18,"turns":4},{"damage":34,"enemies":"Chosen","floor":20,"turns":7},{"damage":9,"enemies":"Snake Plant","floor":21,"turns":4},{"damage":0,"enemies":"3 Cultists","floor":23,"turns":4},{"damage":19,"enemies":"Shelled Parasite and Fungi","floor":24,"turns":4},{"damage":0,"enemies":"Centurion and Healer","floor":25,"turns":4},{"damage":27,"enemies":"Slavers","floor":28,"turns":4},{"damage":27,"enemies":"Champ","floor":33,"turns":12},{"damage":0,"enemies":"Orb Walker","floor":35,"turns":3},{"damage":26,"enemies":"3 Shapes","floor":36,"turns":2},{"damage":41,"enemies":"Mind Bloom Boss Battle","floor":39,"turns":5},{"damage":0,"enemies":"Sphere and 2 Shapes","floor":41,"turns":3},{"damage":0,"enemies":"hubris:Merchant","floor":42,"turns":2},{"damage":21,"enemies":"Giant Head","floor":45,"turns":5},{"damage":19,"enemies":"4 Shapes","floor":46,"turns":5},{"damage":0,"enemies":"Reptomancer","floor":48,"turns":5},{"damage":77,"enemies":"Awakened One","floor":50,"turns":9},{"damage":44,"enemies":"Shield and Spear","floor":54,"turns":6},{"damage":191,"enemies":"Delirium","floor":55,"turns":15}],"seed_played":"-959004111228035966","potions_obtained":[{"floor":4,"key":"Fruit Juice"},{"floor":10,"key":"Toxic Potion"},{"floor":14,"key":"Explosive Potion"},{"floor":24,"key":"Block Potion"},{"floor":25,"key":"SmokeBomb"},{"floor":33,"key":"FearPotion"},{"floor":35,"key":"Explosive Potion"},{"floor":39,"key":"Flashbang"},{"floor":45,"key":"Fire Potion"},{"floor":54,"key":"SkillPotion"}],"is_trial":false,"path_per_floor":["M","?","M","M","$","R","M","R","T","M","R","M","M","M","R_BF","B",null,"M","$","M","M","?","M","M","M","T","R","E","R","$","?","R","B",null,"M","M","?","$","?","R","M","$","T","R","E","M","R","E","R","B",null,"R","$","E","B"],"character_chosen":"REMILIA","items_purchased":["BloodHunter","BombardNight","VampirishNight","hubris:TenFootPole","VampireFantasy","MerchantsRug","Boot","UnstableMagic"],"campfire_rested":3,"item_purchase_floors":[5,19,19,30,30,30,38,38],"current_hp_per_floor":[89,89,89,92,97,97,97,97,97,97,97,97,97,97,97,97,97,97,97,68,63,63,67,58,59,59,89,69,99,99,99,99,77,101,101,82,82,82,60,91,91,91,91,91,89,77,77,92,92,48,108,108,108,92,0,0],"gold":344,"neow_bonus":"TWENTY_PERCENT_HP_BONUS","is_daily":false,"chose_seed":false,"campfire_upgraded":7,"win_rate":0.0,"timestamp":1607725581,"path_taken":["M","?","M","M","$","R","M","R","T","M","R","M","M","M","R_BF","BOSS","M","$","M","M","?","M","M","M","T","R","E","R","$","?","R","BOSS","M","M","?","$","?","R","M","?","T","R","E","?","R","E","R","BOSS","R","$","E","BOSS"],"items_purchased_type":["Card","Card","Card","Relic","Card","Relic","Relic","Card"],"build_version":"2020-11-30","purchased_purges":0,"victory":false,"max_hp_per_floor":[89,89,89,92,97,97,97,97,97,97,97,97,97,97,97,97,97,97,97,101,101,101,101,101,101,101,101,101,101,101,101,101,101,101,101,105,105,105,105,105,105,105,105,105,105,108,108,108,108,108,108,108,108,112,112,112],"card_choices":[{"not_picked":[],"picked":"ChaosCard","floor":0},{"not_picked":["RedNightlessCastle","BlasphemousPunishment"],"picked":"ForecastOfChange","floor":1},{"not_picked":["ScarletDevil","Stigmanizer"],"picked":"VampireClaw","floor":3},{"not_picked":["VampireKiss","BlasphemousPunishment"],"picked":"MiserableFate","floor":3},{"not_picked":["Maim","Stigmanizer"],"picked":"MastersStateliness","floor":4},{"not_picked":["NightLord","StarOfDavid"],"picked":"BombardNight","floor":7},{"not_picked":["Septette","BatForm"],"picked":"ScarletImprint","floor":10},{"not_picked":["ScarletImprint","RedRainbow"],"picked":"ScarletDevil","floor":12},{"not_picked":["Septette","ForbiddenFruit"],"picked":"ScarletSymphony","floor":13},{"not_picked":["BloodyCatastrophe","MastersStateliness","Stigmanizer"],"picked":"SKIP","floor":14},{"not_picked":["BloodRain","BatForm"],"picked":"KillingBlow","floor":16},{"not_picked":["ReincarnationDial+1","VampireSweep"],"picked":"StarOfDavid","floor":18},{"not_picked":["ScarletDream","Stigmanizer","TwelveNightmare"],"picked":"SKIP","floor":20},{"not_picked":["ChainGang","DiffusionOfMisfortune"],"picked":"NightLord","floor":21},{"not_picked":["BombardNight","VampireFantasy"],"picked":"VampireKiss+1","floor":23},{"not_picked":["BatForm","UnderTheZenith"],"picked":"UnstableMagic","floor":24},{"not_picked":["NightDance","BombardNight"],"picked":"VampireKiss","floor":25},{"not_picked":["VampireClaw","NightDance+1"],"picked":"VampireKiss+1","floor":25},{"not_picked":["MastersStateliness","HunterOfTheNight"],"picked":"VampireClaw","floor":28},{"not_picked":["DemonKingCradle","HeartBreak"],"picked":"BloodySeventeenLaser","floor":33},{"not_picked":["DiffusionOfMisfortune"],"picked":"SKIP","floor":35},{"not_picked":["MastersStateliness+1"],"picked":"SKIP","floor":36},{"not_picked":[],"picked":"DiffusionOfMisfortune","floor":39},{"not_picked":["GlobalNightmare"],"picked":"SKIP","floor":45},{"not_picked":[],"picked":"EternalNight","floor":46},{"not_picked":["VampireSweep+1"],"picked":"SKIP","floor":48},{"not_picked":["UltimateOffering"],"picked":"SKIP","floor":54}],"player_experience":32040,"relics_obtained":[{"floor":9,"key":"Golden Egg"},{"floor":26,"key":"Quantum Egg"},{"floor":28,"key":"hubris:BottledRain"},{"floor":39,"key":"Replay:Towering Pillar of Hats"},{"floor":45,"key":"Replay:Accelerometer"},{"floor":48,"key":"Bottled Lightning"},{"floor":54,"key":"Replay:Rubber Ducky"}],"event_choices":[{"damage_healed":0,"gold_gain":0,"player_choice":"Upgraded","damage_taken":0,"max_hp_gain":0,"max_hp_loss":0,"event_name":"Upgrade Shrine","floor":31,"gold_loss":0,"cards_upgraded":["VampireKiss"]},{"damage_healed":0,"gold_gain":0,"player_choice":"Fight","damage_taken":0,"max_hp_gain":0,"max_hp_loss":0,"event_name":"MindBloom","floor":39,"gold_loss":0}],"is_beta":false,"boss_relics":[{"not_picked":["Astrolabe","Replay:Drink Me"],"picked":"ScarletEmblem"},{"not_picked":[]},{"not_picked":["Kintsugi","Ring of Chaos"],"picked":"Busted Crown"},{"not_picked":[]}],"items_purged_floors":[],"is_endless":false,"potions_floor_spawned":[4,10,14,24,25,33,35,39,41,45,54],"killed_by":"Delirium","ascension_level":0}}