{"host":"x4yihwynwtwjbvbe","time":1607665407,"event":{"mods":["AchievementEnabler","BaseMod","Colored Map","Colored Powertips","Keyboard Shortcuts","Minty Spire (QoL Compilation)","Quick Restart","Relic Stats"],"gold_per_floor":[118,118,133,133,153,179,179,194,220,252,252,262,250,10,10,10,10],"floor_reached":16,"playtime":361,"items_purged":["Strike_B"],"score":151,"play_id":"a7c67cc1-aa1a-4adb-a0bd-e62a92e51486","local_time":"20201211144327","is_ascension_mode":true,"campfire_choices":[{"data":"Chill","floor":7.0,"key":"SMITH"},{"data":"Dualcast","floor":11.0,"key":"SMITH"},{"data":"Rainbow","floor":15.0,"key":"SMITH"}],"circlet_count":0,"master_deck":["Strike_B","Strike_B","Defend_B","Defend_B","Defend_B","Defend_B","Zap","Dualcast+1","Chill+1","Turbo","Auto Shields","Self Repair","Coolheaded","Hologram","Rainbow+1"],"relics":["Cracked Core","NeowsBlessing","Smiling Mask","Blood Vial","Potion Belt"],"acts_visited":[],"potions_floor_usage":[],"damage_taken":[{"damage":0.0,"enemies":"2 Louse","floor":1.0,"turns":1.0},{"damage":0.0,"enemies":"Cultist","floor":3.0,"turns":1.0},{"damage":0.0,"enemies":"Jaw Worm","floor":5.0,"turns":1.0},{"damage":23.0,"enemies":"3 Sentries","floor":6.0,"turns":8.0},{"damage":4.0,"enemies":"3 Louse","floor":8.0,"turns":5.0},{"damage":14.0,"enemies":"Gremlin Nob","floor":10.0,"turns":4.0},{"damage":20.0,"enemies":"Exordium Wildlife","floor":12.0,"turns":6.0},{"damage":0.0,"enemies":"Exordium Thugs","floor":13.0,"turns":4.0},{"damage":0,"enemies":"Slime Boss","floor":16,"turns":1}],"seed_played":"1216056754724237096","potions_obtained":[{"floor":1.0,"key":"AttackPotion"},{"floor":5.0,"key":"Fire Potion"},{"floor":8.0,"key":"SteroidPotion"}],"is_trial":false,"path_per_floor":["M","?","M","?","M","E","R","M","T","E","R","M","M","$","R","B"],"character_chosen":"DEFECT","items_purchased":["Rainbow","Block Potion"],"campfire_rested":0,"item_purchase_floors":[14,14],"current_hp_per_floor":[68,68,68,68,68,45,45,41,41,29,29,18,27,27,27,29,29],"gold":10,"neow_bonus":"THREE_ENEMY_KILL","is_daily":false,"chose_seed":false,"campfire_upgraded":3,"win_rate":0.0,"timestamp":1607665407,"path_taken":["M","?","M","?","M","E","R","M","T","E","R","?","M","$","R","BOSS"],"items_purchased_type":["Card","Potion"],"build_version":"2020-11-30","purchased_purges":1,"victory":false,"max_hp_per_floor":[75,75,75,75,75,75,75,75,75,75,75,75,75,75,75,75,75],"relic_stats":{"Blood Vial":6,"counters":[9,30],"Smiling Mask":25,"obtain_stats":[{"Blood Vial":9,"Potion Belt":10,"NeowsBlessing":0,"Cracked Core":0,"Smiling Mask":6},{"Blood Vial":5,"Potion Belt":6,"NeowsBlessing":0,"Cracked Core":0,"Smiling Mask":4},{"Blood Vial":16,"Potion Belt":20,"NeowsBlessing":0,"Cracked Core":0,"Smiling Mask":11}]},"card_choices":[{"not_picked":["BootSequence","Conserve Battery"],"picked":"Chill","floor":1.0},{"not_picked":["Turbo","Beam Cell","Leap"],"picked":"SKIP","floor":3.0},{"not_picked":["Beam Cell","Leap"],"picked":"Turbo","floor":3.0},{"not_picked":["Skim","Beam Cell","Sweeping Beam"],"picked":"SKIP","floor":5.0},{"not_picked":["Reboot","Darkness"],"picked":"Auto Shields","floor":6.0},{"not_picked":["Gash","Fusion","Sweeping Beam"],"picked":"SKIP","floor":8.0},{"not_picked":["Undo","BootSequence"],"picked":"Self Repair","floor":10.0},{"not_picked":["FTL","Chaos"],"picked":"Coolheaded","floor":12.0},{"not_picked":["Gash","Ball Lightning"],"picked":"Hologram","floor":13.0}],"player_experience":204443,"relics_obtained":[{"floor":6.0,"key":"Smiling Mask"},{"floor":9.0,"key":"Blood Vial"},{"floor":10.0,"key":"Potion Belt"}],"event_choices":[{"damage_healed":0.0,"max_hp_gain":0.0,"max_hp_loss":0.0,"gold_gain":0.0,"event_name":"Liars Game","player_choice":"Ignored","floor":2.0,"gold_loss":0.0,"damage_taken":0.0},{"cards_removed":["Strike_B"],"damage_healed":0.0,"max_hp_gain":0.0,"max_hp_loss":0.0,"gold_gain":0.0,"event_name":"Purifier","player_choice":"Purged","floor":4.0,"gold_loss":0.0,"damage_taken":0.0}],"is_beta":false,"boss_relics":[],"items_purged_floors":[14],"is_endless":false,"potions_floor_spawned":[1,5,8],"killed_by":"Slime Boss","ascension_level":7}}