{"host":"fr59kc135u003izd","time":1607721574,"event":{"mods":["AchievementEnabler","BaseMod","Better Note","Better Third Choice","BetterRewards","Colored Map","Colored Powertips","Custom Start","Hermit","Lobotomy","Marisa????????","Minty Spire (QoL Compilation)","Permanent Neow","Rare Cards Sparkle","Relic Stats","StSLib","The Bug Knight","The Poker Player","Uncapped"],"gold_per_floor":[11,21,36,56,56,56,73,73,149,160,195,209,225,235,235,330,330,342,342,113,113,113,113,159,182,182,182,201,201,229,274,274,279,279],"floor_reached":33,"playtime":1985,"items_purged":[],"score":296,"play_id":"adc13270-d3d4-413d-aa85-a157a3e78158","local_time":"20201211151934","is_ascension_mode":false,"campfire_choices":[{"data":"hermit:ShadowCloak","floor":6,"key":"SMITH"},{"data":"hermit:Determination","floor":15,"key":"SMITH"},{"data":"hermit:ShadowCloak","floor":23,"key":"SMITH"},{"floor":27,"key":"REST"},{"data":"hermit:EyeOfTheStorm","floor":29,"key":"SMITH"},{"floor":32,"key":"REST"}],"circlet_count":0,"master_deck":["hermit:Snapshot","hermit:Covet","hermit:Roughhouse","hermit:ItchyTrigger","hermit:ShadowCloak+1","hermit:Spite","hermit:CursedWeapon","Injury","Flash of Steel","hermit:ShadowCloak+1","hermit:BigShot","hermit:DeadMansHand","hermit:TakeAim","hermit:Determination+1","hermit:Dissolve","hermit:LowProfile","hermit:Deadeye","hermit:Scavenge","hermit:HeroicBravado","hermit:Midnight","hermit:Feint","hermit:Purgatory","hermit:Virtue+1","hermit:Virtue+1","hermit:ItchyTrigger+1","hermit:Quickdraw","hermit:EyeOfTheStorm+1","hermit:WideOpen","Bite","Bite","Bite","Bite","Bite"],"relics":["hermit:Momento","Mercury Hourglass","Lizard Tail","Pandora\u0027s Box","Pen Nib","CeramicFish"],"acts_visited":["Exordium","TheCity"],"potions_floor_usage":[16,18,25,25,25,33,33],"damage_taken":[{"damage":1,"enemies":"Jaw Worm","floor":1,"turns":4},{"damage":13,"enemies":"Cultist","floor":2,"turns":5},{"damage":13,"enemies":"2 Louse","floor":3,"turns":3},{"damage":4,"enemies":"Blue Slaver","floor":4,"turns":4},{"damage":12,"enemies":"2 Fungi Beasts","floor":7,"turns":5},{"damage":2,"enemies":"Looter","floor":10,"turns":2},{"damage":7,"enemies":"HollowMod:MossKnight","floor":11,"turns":8},{"damage":8,"enemies":"3 Louse","floor":12,"turns":2},{"damage":3,"enemies":"2 Fungi Beasts","floor":13,"turns":3},{"damage":0,"enemies":"Large Slime","floor":14,"turns":3},{"damage":41,"enemies":"The Guardian","floor":16,"turns":12},{"damage":21,"enemies":"Shell Parasite","floor":18,"turns":4},{"damage":14,"enemies":"HollowMod:Nosk","floor":24,"turns":8},{"damage":30,"enemies":"3 Byrds","floor":25,"turns":4},{"damage":34,"enemies":"Snake Plant","floor":28,"turns":5},{"damage":11,"enemies":"Centurion and Healer","floor":30,"turns":6},{"damage":66,"enemies":"Collector","floor":33,"turns":6}],"seed_played":"7825387268939681343","potions_obtained":[{"floor":3,"key":"Dexterity Potion"},{"floor":7,"key":"DistilledChaos"},{"floor":10,"key":"Fire Potion"},{"floor":13,"key":"PowerPotion"},{"floor":24,"key":"SkillPotion"},{"floor":25,"key":"SpeedPotion"},{"floor":28,"key":"FearPotion"}],"is_trial":false,"path_per_floor":["M","M","M","M","?","R","M","?","T","M","E","M","M","M","R","B",null,"M","?","$","?","?","R","E","M","T","R","M","R","M","?","R","B"],"character_chosen":"HERMIT","items_purchased":["Pen Nib","DistilledChaos"],"campfire_rested":2,"item_purchase_floors":[20,20],"current_hp_per_floor":[74,61,48,44,75,75,63,63,63,61,54,46,43,43,43,2,75,54,54,54,54,54,54,40,10,10,32,35,35,24,24,39,0,0],"gold":279,"neow_bonus":"THREE_RARE_CARDS","is_daily":false,"chose_seed":false,"campfire_upgraded":4,"win_rate":0.0,"timestamp":1607721574,"path_taken":["M","M","M","M","?","R","?","?","T","?","E","M","M","M","R","BOSS","M","?","$","?","?","R","E","?","T","R","M","R","M","?","R","BOSS"],"items_purchased_type":["Relic","Potion"],"build_version":"2020-11-30","purchased_purges":0,"victory":false,"max_hp_per_floor":[75,75,75,75,75,75,75,75,75,75,75,75,75,75,75,75,75,75,75,75,75,75,75,75,75,75,75,75,75,75,52,52,52,52],"relic_stats":{"Lizard Tail":37,"counters":[17,82],"CeramicFish":81,"Pandora\u0027s Box":["hermit:Brawl","hermit:LowProfile","hermit:Deadeye","hermit:Scavenge","hermit:HeroicBravado","hermit:Midnight","hermit:Feint","hermit:Purgatory"],"Pen Nib":[4],"obtain_stats":[{"Lizard Tail":11,"CeramicFish":24,"Pandora\u0027s Box":17,"Pen Nib":20,"hermit:Momento":0,"Mercury Hourglass":9},{"Lizard Tail":7,"CeramicFish":13,"Pandora\u0027s Box":11,"Pen Nib":12,"hermit:Momento":0,"Mercury Hourglass":5},{"Lizard Tail":31,"CeramicFish":62,"Pandora\u0027s Box":50,"Pen Nib":54,"hermit:Momento":0,"Mercury Hourglass":21}],"Mercury Hourglass":[212]},"card_choices":[{"not_picked":["hermit:Reprieve","hermit:BlackWind"],"picked":"hermit:Roughhouse","floor":0},{"not_picked":["hermit:Manifest","hermit:TakeAim"],"picked":"hermit:Midnight","floor":1},{"not_picked":["hermit:CalledShot","hermit:CursedWeapon"],"picked":"hermit:ItchyTrigger","floor":2},{"not_picked":["hermit:Virtue","hermit:FlashPowder"],"picked":"hermit:ShadowCloak","floor":3},{"not_picked":["hermit:HoleUp","hermit:Manifest"],"picked":"hermit:Spite","floor":4},{"not_picked":["hermit:Dive","hermit:Headshot"],"picked":"hermit:CursedWeapon","floor":7},{"not_picked":["hermit:HoleUp","hermit:Midnight"],"picked":"hermit:ShadowCloak","floor":10},{"not_picked":["hermit:Gestalt","hermit:Glare"],"picked":"hermit:BigShot","floor":11},{"not_picked":["hermit:Manifest","hermit:Desperado"],"picked":"hermit:DeadMansHand","floor":12},{"not_picked":["hermit:Glare","hermit:Gambit"],"picked":"hermit:TakeAim","floor":13},{"not_picked":["hermit:Ricochet","hermit:SprayPray"],"picked":"hermit:Determination","floor":14},{"not_picked":["hermit:Purgatory","hermit:HighNoon"],"picked":"hermit:Dissolve","floor":16},{"not_picked":["hermit:Maintenance+1","hermit:Desperado"],"picked":"hermit:Virtue","floor":18},{"not_picked":["hermit:Combo","hermit:BigShot+1"],"picked":"hermit:ItchyTrigger+1","floor":24},{"not_picked":["hermit:Desperado","hermit:HoleUp"],"picked":"hermit:Quickdraw","floor":25},{"not_picked":["hermit:Glare+1","hermit:TakeAim+1"],"picked":"hermit:EyeOfTheStorm","floor":28},{"not_picked":["hermit:Glare+1","hermit:ItchyTrigger"],"picked":"hermit:WideOpen","floor":30}],"player_experience":171219,"relics_obtained":[{"floor":9,"key":"Mercury Hourglass"},{"floor":11,"key":"Lizard Tail"},{"floor":24,"key":"CeramicFish"}],"event_choices":[{"cards_removed":["hermit:Midnight"],"damage_healed":31,"gold_gain":0,"player_choice":"Offered Uncommon","damage_taken":0,"max_hp_gain":0,"max_hp_loss":0,"event_name":"Bonfire Elementals","floor":5,"gold_loss":0},{"damage_healed":0,"gold_gain":0,"player_choice":"2 cards matched","damage_taken":0,"max_hp_gain":0,"max_hp_loss":0,"event_name":"Match and Keep!","floor":8,"gold_loss":0,"cards_obtained":["Injury","Flash of Steel"]},{"cards_removed":["hermit:Brawl"],"damage_healed":0,"gold_gain":0,"player_choice":"Purged","damage_taken":0,"max_hp_gain":0,"max_hp_loss":0,"event_name":"Purifier","floor":19,"gold_loss":0},{"damage_healed":0,"gold_gain":0,"player_choice":"Upgraded","damage_taken":0,"max_hp_gain":0,"max_hp_loss":0,"event_name":"Upgrade Shrine","floor":21,"gold_loss":0,"cards_upgraded":["hermit:Virtue"]},{"damage_healed":0,"gold_gain":0,"player_choice":"Copied","damage_taken":0,"max_hp_gain":0,"max_hp_loss":0,"event_name":"Duplicator","floor":22,"gold_loss":0,"cards_obtained":["hermit:Virtue"]},{"damage_healed":0,"gold_gain":0,"player_choice":"Became a vampire","damage_taken":0,"max_hp_gain":0,"max_hp_loss":23,"event_name":"Vampires","floor":31,"gold_loss":0,"cards_obtained":["Bite","Bite","Bite","Bite","Bite"]}],"is_beta":false,"boss_relics":[{"not_picked":["Calling Bell","Snecko Eye"],"picked":"Pandora\u0027s Box"}],"items_purged_floors":[],"is_endless":false,"potions_floor_spawned":[3,7,10,11,13,24,25,28],"killed_by":"Collector","ascension_level":0}}