{"host":"k1s7ceisg8awo2gn","time":1607724146,"event":{"mods":["Act Like it!","Ascension Reborn","Aspiration","BaseMod","Colored Map","Colored Powertips","Conspire","Downfall","Hermit","Hubris","Minty Spire (QoL Compilation)","Quick Restart","Random Character Button","Replay The Spire","StSLib","The Animator","The Cursed","The Jungle","The Servant 0.9.4","slay the spire mod where everything is the same but ironclad has a cowboy hat","vexMod"],"gold_per_floor":[118,118,118,65,81,81,4,32,83,83,101,101,75,95,95,199,199,216,233,51,51,51],"floor_reached":21,"playtime":1375,"items_purged":[],"score":179,"play_id":"38963f17-0c4e-4c8b-9b0b-3048d6918bc1","local_time":"20201211170226","is_ascension_mode":true,"campfire_choices":[{"floor":6,"key":"RECALL"},{"data":"ReplayTheSpireMod:Calculation Training","floor":10,"key":"SMITH"},{"floor":15,"key":"REST"}],"circlet_count":0,"master_deck":["Strike_B","Strike_B","Strike_B","Defend_B","Defend_B","Defend_B","Zap","Dualcast","Coolheaded","ReplayTheSpireMod:Dual Polarity+1","Regret","Cold Snap","ReplayTheSpireMod:Calculation Training+1","Chaos","Storm","BasicCrystalCard","Skim","Scrape","Creative AI","Skim","Redo","hubris:SpecializedCircuitry","Ball Lightning"],"relics":["Cracked Core","vexMod:MemoryStick","vexMod:FocusSash","Replay:Bronze Core"],"acts_visited":["Exordium","TheCity"],"potions_floor_usage":[16,16,16,21],"damage_taken":[{"damage":2,"enemies":"Small Slimes","floor":1,"turns":3},{"damage":7,"enemies":"Jaw Worm","floor":5,"turns":4},{"damage":11,"enemies":"3 Sentries","floor":8,"turns":8},{"damage":5,"enemies":"Cultist","floor":11,"turns":4},{"damage":12,"enemies":"Exordium Thugs","floor":13,"turns":5},{"damage":21,"enemies":"Looter","floor":14,"turns":3},{"damage":36,"enemies":"The Guardian","floor":16,"turns":15},{"damage":29,"enemies":"conspire:FuzzyDice","floor":18,"turns":12},{"damage":23,"enemies":"3 Byrds","floor":19,"turns":5},{"damage":30,"enemies":"Snake Plant","floor":21,"turns":2}],"seed_played":"5352725679629910507","potions_obtained":[{"floor":5,"key":"Block Potion"},{"floor":13,"key":"AttackPotion"},{"floor":14,"key":"FocusPotion"},{"floor":19,"key":"ColorlessPotion"}],"is_trial":false,"path_per_floor":["M","?","?","$","M","R","$","E","T","R","M","?","M","M","R","B",null,"M","M","$","M"],"character_chosen":"DEFECT","items_purchased":["Cold Snap","Chaos","hubris:SpecializedCircuitry","Ball Lightning"],"campfire_rested":1,"item_purchase_floors":[4,7,20,20],"current_hp_per_floor":[80,80,80,80,73,73,73,62,62,62,57,57,45,24,48,12,82,53,30,30,0,0],"gold":51,"neow_bonus":"TEN_PERCENT_HP_BONUS","is_daily":false,"chose_seed":false,"campfire_upgraded":1,"win_rate":0.0,"timestamp":1607724146,"path_taken":["M","?","?","?","M","R","$","E","T","R","?","?","M","M","R","BOSS","M","M","$","?"],"items_purchased_type":["Card","Card","Card","Card"],"build_version":"2020-11-30","purchased_purges":0,"victory":false,"max_hp_per_floor":[82,82,82,82,82,82,82,82,82,82,82,82,82,82,82,82,82,82,82,82,82,82],"card_choices":[{"not_picked":["Go for the Eyes","conspire:SharedLibrary"],"picked":"Coolheaded","floor":1},{"not_picked":["Conserve Battery","Steam Power"],"picked":"ReplayTheSpireMod:Calculation Training","floor":5},{"not_picked":["Conserve Battery","conspire:Rain"],"picked":"Storm","floor":8},{"not_picked":["ReplayGash","ReplayTheSpireMod:Repulse"],"picked":"BasicCrystalCard","floor":11},{"not_picked":["Reinforced Body","Streamline","Rebound"],"picked":"SKIP","floor":13},{"not_picked":["Compile Driver","Steam"],"picked":"Scrape","floor":14},{"not_picked":["Reboot","Thunder Strike"],"picked":"Creative AI","floor":16},{"not_picked":["hubris:PowerSurge","Gash"],"picked":"Skim","floor":18},{"not_picked":["Compile Driver","Machine Learning"],"picked":"Redo","floor":19}],"player_experience":109885,"relics_obtained":[{"floor":8,"key":"vexMod:FocusSash"}],"event_choices":[{"damage_healed":0,"gold_gain":0,"player_choice":"Box","damage_taken":0,"relics_obtained":["vexMod:MemoryStick"],"max_hp_gain":0,"max_hp_loss":0,"event_name":"Big Fish","floor":3,"gold_loss":0,"cards_obtained":["Regret"]},{"damage_healed":0,"gold_gain":0,"cards_transformed":["Defend_B"],"player_choice":"Transformed","damage_taken":0,"max_hp_gain":0,"max_hp_loss":0,"event_name":"Transmorgrifier","floor":12,"gold_loss":0,"cards_obtained":["Skim"]}],"is_beta":false,"boss_relics":[{"not_picked":["Tiny House","Empty Cage"],"picked":"Replay:Bronze Core"}],"items_purged_floors":[],"is_endless":false,"potions_floor_spawned":[5,13,14,19],"killed_by":"Snake Plant","ascension_level":0}}