{"host":"2pgz2fctomabfk86","time":1607709448,"event":{"mods":["AchievementEnabler","BaseMod","Colored Map","DeckTracker","Minty Spire (QoL Compilation)","StSLib","SuperFastMode"],"gold_per_floor":[111,126,140,140,215,215,215,215,238,249,283,283,41,55,55,134,134,152,169,183,183,183,183],"floor_reached":22,"playtime":2267,"items_purged":["Defend_B"],"score":344,"play_id":"60d00604-b441-4229-adcd-e00814a0a2ea","local_time":"20201212025728","is_ascension_mode":true,"campfire_choices":[{"data":"Reinforced Body","floor":6.0,"key":"SMITH"},{"data":"Go for the Eyes","floor":8.0,"key":"SMITH"},{"data":"Coolheaded","floor":15.0,"key":"SMITH"}],"circlet_count":0,"master_deck":["AscendersBane","Defend_B","Defend_B","Defend_B","Zap+1","Dualcast","Fusion+1","Fission+1","Rebound+1","Go for the Eyes+1","Turbo","Reinforced Body+1","Ball Lightning+1","Buffer","Compile Driver","Glacier","Coolheaded+1","Self Repair","White Noise","Rainbow","Redo","Undo"],"relics":["Astrolabe","Mummified Hand","DataDisk","Whetstone","Orrery","Inserter"],"acts_visited":["Exordium","TheCity"],"potions_floor_usage":[19],"damage_taken":[{"damage":4.0,"enemies":"2 Louse","floor":1.0,"turns":3.0},{"damage":4.0,"enemies":"Small Slimes","floor":2.0,"turns":4.0},{"damage":2.0,"enemies":"Jaw Worm","floor":3.0,"turns":3.0},{"damage":7.0,"enemies":"2 Fungi Beasts","floor":10.0,"turns":5.0},{"damage":16.0,"enemies":"Gremlin Nob","floor":11.0,"turns":5.0},{"damage":6.0,"enemies":"Exordium Thugs","floor":14.0,"turns":6.0},{"damage":8.0,"enemies":"Hexaghost","floor":16.0,"turns":13.0},{"damage":6,"enemies":"Chosen","floor":18,"turns":5},{"damage":6,"enemies":"2 Thieves","floor":19,"turns":4},{"damage":26,"enemies":"Snake Plant","floor":20,"turns":4},{"damage":17,"enemies":"Chosen and Byrds","floor":22,"turns":5}],"seed_played":"4894932137660804292","potions_obtained":[{"floor":10.0,"key":"EssenceOfSteel"},{"floor":11.0,"key":"Regen Potion"},{"floor":18,"key":"Swift Potion"}],"is_trial":false,"path_per_floor":["M","M","M","?","?","R","T","R","T","M","E","?","$","M","R","B",null,"M","M","M","?","M"],"character_chosen":"DEFECT","items_purchased":["Orrery"],"campfire_rested":0,"item_purchase_floors":[13],"current_hp_per_floor":[60,56,54,54,43,43,43,43,43,36,20,20,20,36,36,35,62,63,57,38,38,21,21],"gold":183,"neow_bonus":"BOSS_RELIC","is_daily":false,"chose_seed":false,"campfire_upgraded":3,"win_rate":0.0,"timestamp":1607709448,"path_taken":["M","M","M","?","?","R","?","R","T","M","E","?","$","M","R","BOSS","M","M","M","?","?"],"items_purchased_type":["Relic"],"build_version":"2020-11-30","purchased_purges":1,"victory":false,"max_hp_per_floor":[71,71,71,71,71,71,71,71,71,71,71,71,71,71,71,71,71,71,71,71,71,71,71],"card_choices":[{"not_picked":["Streamline","Stack"],"picked":"Go for the Eyes","floor":1.0},{"not_picked":["Hologram","Reinforced Body"],"picked":"Turbo","floor":2.0},{"not_picked":["Streamline","Turbo"],"picked":"Reinforced Body","floor":3.0},{"not_picked":["Cold Snap","Conserve Battery"],"picked":"Ball Lightning","floor":10.0},{"not_picked":["Turbo","Rebound"],"picked":"Buffer","floor":11.0},{"not_picked":["Auto Shields","Beam Cell"],"picked":"Compile Driver","floor":13.0},{"not_picked":["Machine Learning","Compile Driver"],"picked":"Glacier","floor":13.0},{"not_picked":["Fusion","Gash"],"picked":"Coolheaded","floor":13.0},{"not_picked":["Turbo","Scrape"],"picked":"Self Repair","floor":13.0},{"not_picked":["Turbo","Compile Driver"],"picked":"White Noise","floor":14.0},{"not_picked":["Buffer","Hyperbeam"],"picked":"Rainbow","floor":16.0},{"not_picked":["Rip and Tear","Hello World"],"picked":"Redo","floor":18},{"not_picked":["Leap","Ball Lightning","Chaos"],"picked":"SKIP","floor":19},{"not_picked":["Hologram","Heatsinks"],"picked":"Undo","floor":20}],"player_experience":911340,"relics_obtained":[{"floor":7.0,"key":"Mummified Hand"},{"floor":9.0,"key":"DataDisk"},{"floor":11.0,"key":"Whetstone"}],"event_choices":[{"damage_healed":0.0,"max_hp_gain":0.0,"max_hp_loss":0.0,"gold_gain":0.0,"event_name":"Shining Light","player_choice":"Ignored","floor":4.0,"gold_loss":0.0,"damage_taken":0.0},{"damage_healed":0.0,"max_hp_gain":0.0,"max_hp_loss":0.0,"gold_gain":75.0,"event_name":"World of Goop","player_choice":"Gather Gold","floor":5.0,"gold_loss":0.0,"damage_taken":11.0},{"damage_healed":0.0,"max_hp_gain":0.0,"max_hp_loss":0.0,"gold_gain":0.0,"event_name":"Accursed Blacksmith","player_choice":"Forge","floor":12.0,"gold_loss":0.0,"damage_taken":0.0,"cards_upgraded":["Zap"]},{"cards_removed":["Strike_B"],"damage_healed":0,"gold_gain":0,"player_choice":"Purged","damage_taken":0,"max_hp_gain":0,"max_hp_loss":0,"event_name":"Purifier","floor":21,"gold_loss":0}],"is_beta":false,"boss_relics":[{"not_picked":["Nuclear Battery","Black Star"],"picked":"Inserter"}],"items_purged_floors":[13],"is_endless":false,"potions_floor_spawned":[10,11,18],"killed_by":"Chosen and Byrds","ascension_level":17}}