{"host":"j1scnswqkwb5ezp5","time":1607698112,"event":{"mods":["Act Like it!","BaseMod","Hallownest","Minty Spire (QoL Compilation)","StSLib","The Bug Knight"],"gold_per_floor":[117,11,11,22,22,22,49,49,49,66,98,98,128,203,203,302,302,317,328,340,355,355,355,369,369,393,393,393],"floor_reached":27,"playtime":1046,"items_purged":[],"score":321,"play_id":"e8911eda-6eb1-40c5-864b-fedc61d244fc","local_time":"20201211224832","is_ascension_mode":true,"campfire_choices":[{"data":"Prostrate","floor":6.0,"key":"SMITH"},{"data":"ThirdEye","floor":8.0,"key":"SMITH"},{"data":"Prostrate","floor":12.0,"key":"SMITH"},{"data":"Scrawl","floor":15.0,"key":"SMITH"},{"floor":23,"key":"REST"}],"circlet_count":0,"master_deck":["Strike_P","Strike_P","Strike_P","Defend_P","Defend_P","Defend_P","Defend_P","Eruption","Vigilance","Prostrate+1","ThirdEye+1","CutThroughFate","Prostrate+1","FearNoEvil","Scrawl+1","Alpha","BowlingBash","MentalFortress+1","FollowUp"],"relics":["PureWater","NeowsBlessing","Vajra","HollowMod:StagPassRelic","Sundial","Gremlin Horn","Mercury Hourglass","VioletLotus","HollowMod:PaleOreRelic"],"acts_visited":["Exordium","TheCity"],"potions_floor_usage":[16,19,20,21,21],"damage_taken":[{"damage":0.0,"enemies":"Jaw Worm","floor":1.0,"turns":1.0},{"damage":0.0,"enemies":"Cultist","floor":4.0,"turns":2.0},{"damage":0.0,"enemies":"Gremlin Nob","floor":7.0,"turns":2.0},{"damage":0.0,"enemies":"2 Louse","floor":10.0,"turns":2.0},{"damage":32.0,"enemies":"3 Sentries","floor":11.0,"turns":7.0},{"damage":13.0,"enemies":"Lagavulin","floor":13.0,"turns":7.0},{"damage":0,"enemies":"Slime Boss","floor":16,"turns":6},{"damage":3,"enemies":"2 Thieves","floor":18,"turns":3},{"damage":12,"enemies":"Snecko","floor":19,"turns":6},{"damage":28,"enemies":"Centurion and Healer","floor":20,"turns":5},{"damage":27,"enemies":"Chosen and Byrds","floor":21,"turns":5},{"damage":31,"enemies":"Snake Plant","floor":24,"turns":5},{"damage":8,"enemies":"Gremlin Leader","floor":27,"turns":1}],"seed_played":"-8346863881489208806","potions_obtained":[{"floor":4.0,"key":"SneckoOil"},{"floor":11.0,"key":"Ancient Potion"},{"floor":13.0,"key":"Weak Potion"},{"floor":16,"key":"SkillPotion"},{"floor":18,"key":"Energy Potion"},{"floor":20,"key":"Regen Potion"}],"is_trial":false,"path_per_floor":["M","?","$","M","$","R","E","R","T","M","E","R","E","?","R","B",null,"M","M","M","M","?","R","M","?","T","E"],"character_chosen":"WATCHER","items_purchased":[],"campfire_rested":1,"item_purchase_floors":[],"current_hp_per_floor":[72,72,72,72,72,72,72,72,72,72,40,40,27,20,20,20,72,69,57,29,17,17,38,7,7,7,0,0],"gold":393,"neow_bonus":"THREE_ENEMY_KILL","is_daily":false,"chose_seed":false,"campfire_upgraded":4,"win_rate":0.0,"timestamp":1607698112,"path_taken":["M","?","$","M","$","R","E","R","T","?","E","R","E","?","R","BOSS","M","?","M","M","?","R","?","?","T","E"],"items_purchased_type":[],"build_version":"2020-11-30","purchased_purges":0,"victory":false,"max_hp_per_floor":[72,72,72,72,72,72,72,72,72,72,72,72,72,72,72,72,72,72,72,72,72,72,72,72,72,72,72,72],"card_choices":[{"not_picked":["Halt","EmptyFist"],"picked":"Prostrate","floor":1.0},{"not_picked":["Vengeance","Adaptation"],"picked":"ThirdEye","floor":4.0},{"not_picked":["Crescendo","WheelKick"],"picked":"CutThroughFate","floor":7.0},{"not_picked":["JustLucky","CutThroughFate"],"picked":"Prostrate","floor":10.0},{"not_picked":["Evaluate","Halt"],"picked":"FearNoEvil","floor":11.0},{"not_picked":["FollowUp","Sanctity"],"picked":"Scrawl","floor":13.0},{"not_picked":["ConjureBlade","Scrawl"],"picked":"Alpha","floor":16},{"not_picked":["ThirdEye","Prostrate"],"picked":"BowlingBash","floor":18},{"not_picked":["Adaptation","Prostrate"],"picked":"Wallop","floor":19},{"not_picked":["Tantrum","Halt","CarveReality"],"picked":"SKIP","floor":20},{"not_picked":["Fasting2","PathToVictory"],"picked":"MentalFortress+1","floor":21},{"not_picked":["Adaptation","Tantrum+1"],"picked":"FollowUp","floor":24}],"player_experience":278763,"relics_obtained":[{"floor":7.0,"key":"HollowMod:StagPassRelic"},{"floor":9.0,"key":"Sundial"},{"floor":11.0,"key":"Gremlin Horn"},{"floor":13.0,"key":"Mercury Hourglass"},{"floor":26,"key":"HollowMod:PaleOreRelic"}],"event_choices":[{"damage_healed":0.0,"max_hp_gain":0.0,"max_hp_loss":0.0,"gold_gain":0.0,"event_name":"WeMeetAgain","player_choice":"Paid Gold","floor":2.0,"gold_loss":106.0,"damage_taken":0.0,"relics_obtained":["Vajra"]},{"damage_healed":0.0,"max_hp_gain":0.0,"max_hp_loss":0.0,"gold_gain":75.0,"event_name":"FaceTrader","player_choice":"Touch","floor":14.0,"gold_loss":0.0,"damage_taken":7.0},{"cards_removed":["Wallop"],"damage_healed":0,"gold_gain":0,"player_choice":"Purged","damage_taken":0,"max_hp_gain":0,"max_hp_loss":0,"event_name":"Purifier","floor":22,"gold_loss":0},{"cards_removed":["Strike_P"],"damage_healed":0,"gold_gain":0,"player_choice":"Offered Basic","damage_taken":0,"max_hp_gain":0,"max_hp_loss":0,"event_name":"Bonfire Elementals","floor":25,"gold_loss":0}],"is_beta":false,"boss_relics":[{"not_picked":["Tiny House","Fusion Hammer"],"picked":"VioletLotus"}],"items_purged_floors":[],"is_endless":false,"potions_floor_spawned":[4,11,13,16,18,20],"killed_by":"Gremlin Leader","ascension_level":1}}