{"host":"vnl36uww64nupfve","time":1607661001,"event":{"mods":["Act Like it!","BaseMod","Better Third Choice","BetterRewards","Colored Map","Colored Powertips","Conspire","Downfall","GifTheSpireLib","Hubris","Minty Spire (QoL Compilation)","Rare Cards Sparkle","Replay The Spire","StSLib","Wandering Minibosses"],"gold_per_floor":[118,136,12,12,28,54,71,92,92,92,92,107,107,121,121,219,319,334,334,334,347,391,391,423,662,662,662,662],"floor_reached":27,"playtime":1118,"items_purged":["Defend_R"],"score":237,"play_id":"7bd45688-784d-466c-82a6-582201cac1cf","local_time":"20201210233001","is_ascension_mode":false,"campfire_choices":[{"floor":11,"key":"REST"},{"floor":13,"key":"REST"},{"data":"Regret","floor":15,"key":"PURGE"},{"data":"Seeing Red","floor":23,"key":"SMITH"}],"circlet_count":0,"master_deck":["Strike_R","Strike_R","Strike_R+1","Strike_R","Strike_R","Defend_R","Defend_R","Defend_R","Bash","Dropkick","Searing Blow","Anger","Shrug It Off","Rampage","Perfected Strike+1","Perfected Strike","Bloodletting","Demon Form","Seeing Red+1","Battle Trance","Run Through+1"],"relics":["Burning Blood","Bag of Preparation","Gremlin Food","Incense Burner","Replay:Wanted Poster","Replay:Bottled Steam","Paper Frog"],"acts_visited":["Exordium","TheCity"],"potions_floor_usage":[16,16,24],"damage_taken":[{"damage":1,"enemies":"2 Louse","floor":1,"turns":3},{"damage":9,"enemies":"conspire:RoseBush","floor":2,"turns":2},{"damage":0,"enemies":"Cultist","floor":5,"turns":2},{"damage":61,"enemies":"3 Sentries","floor":6,"turns":9},{"damage":2,"enemies":"Looter","floor":7,"turns":3},{"damage":7,"enemies":"Blue Slaver","floor":8,"turns":4},{"damage":15,"enemies":"Large Slime","floor":12,"turns":4},{"damage":8,"enemies":"Red Slaver","floor":14,"turns":2},{"damage":50,"enemies":"Fading Forest","floor":16,"turns":11},{"damage":0,"enemies":"Spheric Guardian","floor":18,"turns":3},{"damage":5,"enemies":"Chosen","floor":21,"turns":3},{"damage":5,"enemies":"Snecko","floor":22,"turns":5},{"damage":30,"enemies":"Slavers","floor":24,"turns":4},{"damage":36,"enemies":"Snake Plant","floor":25,"turns":7},{"damage":36,"enemies":"Centurion and Healer","floor":27,"turns":6}],"seed_played":"-4436940319994751571","potions_obtained":[{"floor":1,"key":"Weak Potion"},{"floor":5,"key":"SneckoOil"},{"floor":6,"key":"ColorlessPotion"},{"floor":20,"key":"Death Potion"},{"floor":20,"key":"AttackPotion"},{"floor":20,"key":"Reflective Coating"}],"is_trial":false,"path_per_floor":["M","M","$","?","M","E","M","M","T","?","R","M","R","M","R_BF","B",null,"M","$","?","M","M","R","E","M","T","M"],"character_chosen":"IRONCLAD","items_purchased":["Anger"],"campfire_rested":2,"item_purchase_floors":[3],"current_hp_per_floor":[88,85,85,85,88,33,37,36,36,36,62,53,79,77,77,43,88,88,88,88,88,88,88,64,34,34,0,0],"gold":662,"neow_bonus":"TEN_PERCENT_HP_BONUS","is_daily":false,"chose_seed":false,"campfire_upgraded":1,"win_rate":0.0,"timestamp":1607661001,"path_taken":["M","M","$","?","M","E","M","M","T","?","R","M","R","M","R_BF","BOSS","M","$","?","M","M","R","E","M","T","?"],"items_purchased_type":["Card"],"build_version":"2020-11-30","purchased_purges":1,"victory":false,"max_hp_per_floor":[88,88,88,88,88,88,88,88,88,88,88,88,88,88,88,88,88,88,88,88,88,88,88,88,88,88,88,88],"card_choices":[{"not_picked":["Defy Death","ReplayTheSpireMod:Strike From Hell"],"picked":"Dropkick","floor":1},{"not_picked":["Run Through","Warcry"],"picked":"Searing Blow","floor":2},{"not_picked":["Heavy Blade","Run Through"],"picked":"Shrug It Off","floor":5},{"not_picked":["Anger","True Grit"],"picked":"Rampage","floor":6},{"not_picked":["Heavy Blade","Shrug It Off","Reckless Charge"],"picked":"SKIP","floor":7},{"not_picked":["Armaments","Pommel Strike"],"picked":"Perfected Strike","floor":8},{"not_picked":["Combust","Bloodletting"],"picked":"Perfected Strike","floor":12},{"not_picked":["Warcry","hubris:ReadiedAction"],"picked":"Bloodletting","floor":14},{"not_picked":["Berserk","Fiend Fire"],"picked":"Demon Form","floor":16},{"not_picked":["Inflame+1","ReplayTheSpireMod:Strike From Hell"],"picked":"Seeing Red","floor":18},{"not_picked":["Cleave","Hemokinesis+1"],"picked":"Battle Trance","floor":21},{"not_picked":["True Grit","Iron Wave"],"picked":"Run Through+1","floor":22},{"not_picked":["Iron Wave","Fire Breathing+1","Searing Blow+1"],"picked":"SKIP","floor":24},{"not_picked":["Anger","ReplayTheSpireMod:Strike From Hell","Eclipse"],"picked":"SKIP","floor":25}],"player_experience":2793,"relics_obtained":[{"floor":6,"key":"Bag of Preparation"},{"floor":9,"key":"Gremlin Food"},{"floor":24,"key":"Replay:Bottled Steam"},{"floor":26,"key":"Paper Frog"}],"event_choices":[{"damage_healed":0,"gold_gain":0,"player_choice":"Leave","damage_taken":0,"max_hp_gain":0,"max_hp_loss":0,"event_name":"conspire:Investor","floor":4,"gold_loss":0},{"damage_healed":0,"gold_gain":0,"player_choice":"Box","damage_taken":0,"relics_obtained":["Incense Burner"],"max_hp_gain":0,"max_hp_loss":0,"event_name":"Big Fish","floor":10,"gold_loss":0,"cards_obtained":["Regret"]},{"damage_healed":0,"gold_gain":0,"player_choice":"Got Potions","damage_taken":0,"max_hp_gain":0,"max_hp_loss":0,"event_name":"Lab","floor":20,"gold_loss":0}],"is_beta":false,"boss_relics":[{"not_picked":["Calling Bell","Ectoplasm"],"picked":"Replay:Wanted Poster"}],"items_purged_floors":[3],"is_endless":false,"potions_floor_spawned":[1,5,6,12,22],"killed_by":"Centurion and Healer","ascension_level":0}}