{"host":"buuozll9zukolitn","time":1607714718,"event":{"mods":["BaseMod","Googly Eyes","Minty Spire (QoL Compilation)","StSLib","everything is the same but u backflip on backflip","slay the spire mod where everything is the same but ironclad has a cowboy hat"],"gold_per_floor":[112,112,112,130,149,149,165,230,303,338,338,372,385,46,46,147,147,165,58,58,68,78,113,133,133,205,305,83,83,100,100,100,201,201,220,57,107,119,136,136,167,186,239,239,239,265,277,312,312,312],"floor_reached":51,"playtime":3627,"items_purged":["Strike_G","Strike_G"],"score":901,"play_id":"7b5b5bb2-6636-4339-9768-c2689db98db6","local_time":"20201211202518","is_ascension_mode":true,"campfire_choices":[{"data":"Infinite Blades","floor":6,"key":"SMITH"},{"floor":11,"key":"REST"},{"floor":15,"key":"REST"},{"floor":25,"key":"REST"},{"floor":32,"key":"REST"},{"data":"After Image","floor":40,"key":"SMITH"},{"floor":49,"key":"REST"}],"circlet_count":0,"master_deck":["Strike_G","Strike_G+1","Defend_G","Defend_G","Defend_G","Defend_G","Defend_G+1","Survivor","Neutralize","Unload","Blade Dance","Infinite Blades+1","Footwork","Dash","Terror","Tactician","Burst","Noxious Fumes","Backflip","After Image+1","Dagger Spray","Accuracy","Blur","Deadly Poison","Underhanded Strike","Dodge and Roll","After Image","Footwork","Shame","Burst","CurseOfTheBell","Leg Sweep","Well Laid Plans","Cloak And Dagger+1","Finisher+1","Leg Sweep+1","Backflip+1"],"relics":["Ring of the Snake","Gremlin Horn","Oddly Smooth Stone","Happy Flower","Letter Opener","Busted Crown","Pocketwatch","Paper Crane","StoneCalendar","Darkstone Periapt","White Beast Statue","Calling Bell","Snake Skull","The Courier","Lizard Tail","Dead Branch","Dream Catcher","Omamori","Prayer Wheel","Blood Vial","Boot"],"acts_visited":["Exordium","TheCity","TheBeyond"],"potions_floor_usage":[10,23,27,27,33,35,37,38,39,41,41,41,42,48,50,50],"damage_taken":[{"damage":6,"enemies":"2 Louse","floor":1,"turns":2},{"damage":0,"enemies":"Small Slimes","floor":4,"turns":4},{"damage":0,"enemies":"Cultist","floor":5,"turns":3},{"damage":7,"enemies":"Exordium Wildlife","floor":7,"turns":4},{"damage":3,"enemies":"3 Sentries","floor":10,"turns":6},{"damage":11,"enemies":"Lagavulin","floor":12,"turns":5},{"damage":6,"enemies":"2 Fungi Beasts","floor":13,"turns":3},{"damage":15,"enemies":"Slime Boss","floor":16,"turns":11},{"damage":0,"enemies":"Shell Parasite","floor":18,"turns":6},{"damage":2,"enemies":"2 Thieves","floor":21,"turns":4},{"damage":7,"enemies":"Shelled Parasite and Fungi","floor":22,"turns":6},{"damage":18,"enemies":"Gremlin Leader","floor":23,"turns":6},{"damage":8,"enemies":"Cultist and Chosen","floor":24,"turns":5},{"damage":8,"enemies":"Colosseum Slavers","floor":27,"turns":5},{"damage":0,"enemies":"Colosseum Nobs","floor":27,"turns":4},{"damage":0,"enemies":"Centurion and Healer","floor":30,"turns":6},{"damage":40,"enemies":"Automaton","floor":33,"turns":11},{"damage":0,"enemies":"3 Shapes","floor":35,"turns":5},{"damage":0,"enemies":"Mind Bloom Boss Battle","floor":37,"turns":7},{"damage":1,"enemies":"Orb Walker","floor":38,"turns":3},{"damage":17,"enemies":"Jaw Worm Horde","floor":39,"turns":5},{"damage":11,"enemies":"Reptomancer","floor":41,"turns":6},{"damage":15,"enemies":"Transient","floor":42,"turns":5},{"damage":12,"enemies":"Giant Head","floor":46,"turns":9},{"damage":0,"enemies":"Maw","floor":47,"turns":7},{"damage":0,"enemies":"Nemesis","floor":48,"turns":7},{"damage":54,"enemies":"Time Eater","floor":50,"turns":11}],"seed_played":"3505320650037009534","potions_obtained":[{"floor":1,"key":"Explosive Potion"},{"floor":5,"key":"FearPotion"},{"floor":7,"key":"Weak Potion"},{"floor":22,"key":"Poison Potion"},{"floor":23,"key":"DuplicationPotion"},{"floor":27,"key":"Weak Potion"},{"floor":30,"key":"BlessingOfTheForge"},{"floor":33,"key":"Regen Potion"},{"floor":35,"key":"SteroidPotion"},{"floor":37,"key":"GhostInAJar"},{"floor":38,"key":"Poison Potion"},{"floor":39,"key":"SkillPotion"},{"floor":41,"key":"Block Potion"},{"floor":42,"key":"FearPotion"},{"floor":46,"key":"Strength Potion"},{"floor":47,"key":"Poison Potion"},{"floor":48,"key":"Fire Potion"}],"is_trial":false,"path_per_floor":["M","?","?","M","M","R","M","?","T","E","R","E","M","$","R","B",null,"M","$","?","M","M","E","M","R","T","?","$","?","M","?","R","B",null,"M","$","?","M","M","R","E","M","T","?","?","E","M","E","R","B",null],"character_chosen":"THE_SILENT","items_purchased":["Letter Opener","Noxious Fumes","Backflip","Accuracy","Blur","After Image","Leg Sweep","Well Laid Plans"],"campfire_rested":5,"item_purchase_floors":[14,14,14,19,19,28,36,36],"current_hp_per_floor":[64,50,50,50,50,50,43,43,43,40,61,50,44,44,65,50,70,70,70,70,68,61,43,35,56,56,48,48,48,48,54,76,36,82,82,82,82,81,64,64,68,53,53,74,74,62,64,66,82,28],"gold":312,"neow_bonus":"ONE_RANDOM_RARE_CARD","is_daily":false,"chose_seed":false,"campfire_upgraded":2,"win_rate":0.0,"timestamp":1607714718,"path_taken":["M","?","?","M","M","R","?","?","T","E","R","E","M","$","R","BOSS","M","$","?","M","M","E","M","R","T","?","$","?","M","?","R","BOSS","M","$","?","M","M","R","E","M","T","?","?","E","?","E","R","BOSS"],"items_purchased_type":["Relic","Card","Card","Card","Card","Card","Card","Card"],"build_version":"2020-11-30","purchased_purges":2,"victory":true,"max_hp_per_floor":[70,70,70,70,70,70,70,70,70,70,70,70,70,70,70,70,70,70,70,70,70,70,70,70,70,70,70,70,70,70,76,76,76,82,82,82,82,82,82,82,82,82,82,82,82,82,82,82,82,82],"card_choices":[{"not_picked":["Distraction","Deflect"],"picked":"Blade Dance","floor":1},{"not_picked":["Prepared","Riddle With Holes"],"picked":"Infinite Blades","floor":4},{"not_picked":["Deadly Poison","Slice"],"picked":"Footwork","floor":5},{"not_picked":["Poisoned Stab","Underhanded Strike"],"picked":"Dash","floor":7},{"not_picked":["Quick Slash","Crippling Poison"],"picked":"Terror","floor":10},{"not_picked":["Flechettes","PiercingWail"],"picked":"Tactician","floor":12},{"not_picked":["Dagger Spray","Eviscerate"],"picked":"Burst","floor":13},{"not_picked":["Grand Finale","Burst"],"picked":"After Image","floor":16},{"not_picked":[],"picked":"Dagger Spray","floor":18},{"not_picked":[],"picked":"Deadly Poison","floor":21},{"not_picked":["Bane"],"picked":"SKIP","floor":22},{"not_picked":[],"picked":"Underhanded Strike","floor":23},{"not_picked":[],"picked":"Dodge and Roll","floor":24},{"not_picked":["Underhanded Strike"],"picked":"SKIP","floor":30},{"not_picked":[],"picked":"Burst","floor":33},{"not_picked":["Deflect"],"picked":"SKIP","floor":35},{"not_picked":[],"picked":"Cloak And Dagger+1","floor":37},{"not_picked":[],"picked":"Finisher+1","floor":38},{"not_picked":["Outmaneuver"],"picked":"SKIP","floor":39},{"not_picked":["Dagger Spray+1"],"picked":"SKIP","floor":41},{"not_picked":[],"picked":"Leg Sweep+1","floor":42},{"not_picked":["Unload"],"picked":"SKIP","floor":46},{"not_picked":["Cloak And Dagger"],"picked":"SKIP","floor":47},{"not_picked":["Dagger Throw"],"picked":"SKIP","floor":47},{"not_picked":["Predator+1"],"picked":"SKIP","floor":48},{"not_picked":[],"picked":"Backflip+1","floor":49}],"player_experience":272074,"relics_obtained":[{"floor":9,"key":"Gremlin Horn"},{"floor":10,"key":"Oddly Smooth Stone"},{"floor":12,"key":"Happy Flower"},{"floor":23,"key":"Pocketwatch"},{"floor":26,"key":"Paper Crane"},{"floor":27,"key":"StoneCalendar"},{"floor":27,"key":"Darkstone Periapt"},{"floor":34,"key":"Snake Skull"},{"floor":34,"key":"The Courier"},{"floor":34,"key":"Lizard Tail"},{"floor":37,"key":"Dead Branch"},{"floor":41,"key":"Dream Catcher"},{"floor":43,"key":"Omamori"},{"floor":46,"key":"Blood Vial"},{"floor":48,"key":"Boot"}],"event_choices":[{"damage_healed":0,"gold_gain":0,"player_choice":"Entered Light","damage_taken":14,"max_hp_gain":0,"max_hp_loss":0,"event_name":"Shining Light","floor":2,"gold_loss":0,"cards_upgraded":["Defend_G","Strike_G"]},{"cards_removed":["Strike_G"],"damage_healed":0,"gold_gain":0,"player_choice":"Purged","damage_taken":0,"max_hp_gain":0,"max_hp_loss":0,"event_name":"Purifier","floor":3,"gold_loss":0},{"damage_healed":0,"gold_gain":65,"player_choice":"Gained Gold","damage_taken":0,"max_hp_gain":0,"max_hp_loss":0,"event_name":"Golden Wing","floor":8,"gold_loss":0},{"damage_healed":0,"gold_gain":0,"player_choice":"Ignored","damage_taken":0,"max_hp_gain":0,"max_hp_loss":0,"event_name":"Vampires","floor":20,"gold_loss":0},{"damage_healed":0,"gold_gain":0,"player_choice":"Fight","damage_taken":0,"max_hp_gain":0,"max_hp_loss":0,"event_name":"Colosseum","floor":27,"gold_loss":0},{"damage_healed":0,"gold_gain":0,"player_choice":"Fought Nobs","damage_taken":0,"max_hp_gain":0,"max_hp_loss":0,"event_name":"Colosseum","floor":27,"gold_loss":0},{"damage_healed":0,"gold_gain":0,"player_choice":"Read","damage_taken":0,"max_hp_gain":0,"max_hp_loss":0,"event_name":"The Library","floor":29,"gold_loss":0,"cards_obtained":["Footwork"]},{"damage_healed":0,"gold_gain":0,"player_choice":"Stole Relic","damage_taken":0,"relics_obtained":["White Beast Statue"],"max_hp_gain":0,"max_hp_loss":0,"event_name":"Addict","floor":31,"gold_loss":0,"cards_obtained":["Shame"]},{"damage_healed":0,"gold_gain":0,"player_choice":"Fight","damage_taken":0,"max_hp_gain":0,"max_hp_loss":0,"event_name":"MindBloom","floor":37,"gold_loss":0},{"damage_healed":21,"gold_gain":0,"player_choice":"Writhe","damage_taken":0,"max_hp_gain":0,"max_hp_loss":0,"event_name":"Winding Halls","floor":44,"gold_loss":0,"cards_obtained":["Writhe"]},{"damage_healed":0,"gold_gain":0,"player_choice":"Gave Potion","damage_taken":0,"relics_obtained":["Prayer Wheel"],"max_hp_gain":0,"max_hp_loss":0,"event_name":"WeMeetAgain","floor":45,"gold_loss":0}],"is_beta":false,"boss_relics":[{"not_picked":["Runic Dome","Pandora\u0027s Box"],"picked":"Busted Crown"},{"not_picked":["SacredBark","Coffee Dripper"],"picked":"Calling Bell"}],"items_purged_floors":[28,36],"is_endless":false,"potions_floor_spawned":[1,5,7,22,23,27,30,33,35,37,38,39,41,42,46,47,48],"ascension_level":3}}