{"host":"8dhn6p16jorj0i1s","time":1607722783,"event":{"mods":["BaseMod","Colored Map","Minty Spire (QoL Compilation)","Permanent Neow","Quick Restart"],"gold_per_floor":[119,69,19,34,109,136,136,147,147,147,172,182,182,236,236,338,338,354,365,365,123,136,161,161,61,61,61,86,96,113,132,132,132,132],"floor_reached":33,"playtime":2250,"items_purged":["Strike_B","Strike_B"],"score":310,"play_id":"1eec057d-4f9e-4542-891e-a75b33c9a4b4","local_time":"20201211223943","is_ascension_mode":true,"campfire_choices":[{"data":"Coolheaded","floor":7,"key":"SMITH"},{"data":"Streamline","floor":10,"key":"SMITH"},{"data":"Streamline","floor":15,"key":"SMITH"},{"data":"Apotheosis","floor":24,"key":"SMITH"},{"data":"Rainbow","floor":27,"key":"SMITH"},{"floor":32,"key":"REST"}],"circlet_count":0,"master_deck":["Strike_B","Defend_B","Defend_B","Defend_B","Defend_B","Zap","Coolheaded+1","Streamline+1","Streamline+1","Gash","Gash","Rainbow+1","Go for the Eyes+1","Rainbow","Apotheosis+1","Turbo+1"],"relics":["Inserter","Pocketwatch","Ancient Tea Set","Orichalcum","Sozu","Dead Branch","Bottled Flame","Mummified Hand"],"acts_visited":["Exordium","TheCity"],"potions_floor_usage":[16,23],"damage_taken":[{"damage":1,"enemies":"Cultist","floor":1,"turns":4},{"damage":6,"enemies":"Small Slimes","floor":4,"turns":5},{"damage":28,"enemies":"Lagavulin","floor":6,"turns":9},{"damage":2,"enemies":"2 Louse","floor":8,"turns":2},{"damage":6,"enemies":"Gremlin Nob","floor":11,"turns":3},{"damage":0,"enemies":"Looter","floor":12,"turns":4},{"damage":4,"enemies":"Hexaghost","floor":16,"turns":8},{"damage":1,"enemies":"Chosen","floor":18,"turns":4},{"damage":4,"enemies":"Spheric Guardian","floor":19,"turns":3},{"damage":3,"enemies":"Centurion and Healer","floor":22,"turns":6},{"damage":26,"enemies":"Slavers","floor":23,"turns":6},{"damage":12,"enemies":"Book of Stabbing","floor":28,"turns":5},{"damage":7,"enemies":"Snake Plant","floor":29,"turns":3},{"damage":15,"enemies":"3 Cultists","floor":30,"turns":6},{"damage":2,"enemies":"Snecko","floor":31,"turns":4},{"damage":46,"enemies":"Automaton","floor":33,"turns":6}],"seed_played":"893177283994992194","potions_obtained":[{"floor":6,"key":"Swift Potion"},{"floor":11,"key":"BlessingOfTheForge"},{"floor":12,"key":"Strength Potion"}],"is_trial":false,"path_per_floor":["M","?","$","M","?","E","R","M","T","R","E","M","?","T","R","B",null,"M","M","?","$","M","E","R","$","T","R","E","M","M","M","R","B"],"character_chosen":"DEFECT","items_purchased":["Coolheaded","Apotheosis"],"campfire_rested":1,"item_purchase_floors":[3,21],"current_hp_per_floor":[74,74,74,68,57,29,29,27,27,27,21,21,21,21,21,17,75,74,70,70,70,67,41,41,41,41,41,29,22,7,5,27,0,0],"gold":132,"neow_bonus":"BOSS_RELIC","is_daily":false,"chose_seed":false,"campfire_upgraded":5,"win_rate":0.0,"timestamp":1607722783,"path_taken":["M","?","$","M","?","E","R","M","T","R","E","M","?","?","R","BOSS","M","M","?","$","M","E","R","$","T","R","E","M","M","M","R","BOSS"],"items_purchased_type":["Card","Card"],"build_version":"2020-11-30","purchased_purges":2,"victory":false,"max_hp_per_floor":[75,75,75,75,75,75,75,75,75,75,75,75,75,75,75,75,75,75,75,75,75,75,75,75,75,75,75,75,75,75,75,75,75,75],"card_choices":[{"not_picked":["Rebound","Sweeping Beam","Steam"],"picked":"SKIP","floor":1},{"not_picked":["Force Field","Beam Cell"],"picked":"Streamline","floor":4},{"not_picked":["Compile Driver","Turbo"],"picked":"Streamline","floor":6},{"not_picked":["Hologram","Lockon"],"picked":"Gash","floor":8},{"not_picked":["Coolheaded","Sweeping Beam"],"picked":"Gash","floor":11},{"not_picked":["Coolheaded","Aggregate","Heatsinks"],"picked":"SKIP","floor":12},{"not_picked":["Thunder Strike","Buffer"],"picked":"Rainbow","floor":16},{"not_picked":["Barrage+1","Reprogram","Compile Driver"],"picked":"SKIP","floor":18},{"not_picked":["Darkness","Compile Driver"],"picked":"Go for the Eyes+1","floor":19},{"not_picked":["Compile Driver+1","Tempest"],"picked":"Turbo+1","floor":22},{"not_picked":["Echo Form","Leap+1","Beam Cell"],"picked":"SKIP","floor":23},{"not_picked":["Multi-Cast","Cold Snap","Leap"],"picked":"SKIP","floor":28},{"not_picked":["Turbo","Beam Cell","Conserve Battery"],"picked":"SKIP","floor":29},{"not_picked":["Conserve Battery+1","Reprogram","Redo"],"picked":"SKIP","floor":30},{"not_picked":["Hologram","Lockon","Leap"],"picked":"SKIP","floor":31}],"player_experience":251133,"relics_obtained":[{"floor":6,"key":"Pocketwatch"},{"floor":11,"key":"Ancient Tea Set"},{"floor":14,"key":"Orichalcum"},{"floor":23,"key":"Dead Branch"},{"floor":26,"key":"Bottled Flame"},{"floor":28,"key":"Mummified Hand"}],"event_choices":[{"cards_removed":["Strike_B"],"damage_healed":0,"gold_gain":0,"player_choice":"Card Removal","damage_taken":0,"max_hp_gain":0,"max_hp_loss":0,"event_name":"The Cleric","floor":2,"gold_loss":50},{"damage_healed":0,"gold_gain":75,"player_choice":"Gather Gold","damage_taken":11,"max_hp_gain":0,"max_hp_loss":0,"event_name":"World of Goop","floor":5,"gold_loss":0},{"cards_removed":["Dualcast"],"damage_healed":0,"gold_gain":0,"player_choice":"Forget","damage_taken":0,"max_hp_gain":0,"max_hp_loss":0,"event_name":"Living Wall","floor":13,"gold_loss":0},{"damage_healed":0,"gold_gain":0,"player_choice":"Copied","damage_taken":0,"max_hp_gain":0,"max_hp_loss":0,"event_name":"Duplicator","floor":20,"gold_loss":0,"cards_obtained":["Rainbow"]}],"is_beta":false,"boss_relics":[{"not_picked":["SlaversCollar","SacredBark"],"picked":"Sozu"}],"items_purged_floors":[21,25],"is_endless":false,"potions_floor_spawned":[6,11,12,18,23,31],"killed_by":"Automaton","ascension_level":1}}