{"host":"o5jvvi5yapo90aia","time":1607660691,"event":{"mods":["BaseMod","CapriCore","Minty Spire (QoL Compilation)","MostiFishMod","Prisma Mod","Spicy Shops","StSLib","TestMod","The Immortal","【东方二次创作】八云紫mod","【人物mod】游戏王New YuGiOh mod","【功能Mod】Neow奖励"],"gold_per_floor":[109,109,129,54,54,88,10,49,49,49,64,104,127,171,171,266,266,282,157,173,198,218,253,266,266,266,266,315,315,361,361,361,465,465,490,490,315,315,338,384,384,428,478,497,497,497,526,544,544,554,564,564,564,564,605,615],"floor_reached":57,"playtime":1822,"items_purged":["Defend_P","Strike_P","Strike_P","MostiFishMod:DisColor","Crescendo"],"score":3746,"play_id":"e2e5f490-6406-4b7d-bcc0-44bf1e88f560","local_time":"20201211122451","is_ascension_mode":true,"campfire_choices":[{"data":"Vigilance","floor":15.0,"key":"PURGE"},{"data":"Defend_P","floor":25,"key":"PURGE"},{"data":"Strike_P","floor":27,"key":"PURGE"},{"data":"BowlingBash","floor":29,"key":"PURGE"},{"data":"Defend_P","floor":32,"key":"PURGE"},{"floor":41,"key":"RECALL"},{"data":"Eruption+1","floor":49,"key":"PURGE"},{"data":"Tantrum","floor":53,"key":"SMITH"}],"circlet_count":0,"master_deck":["AscendersBane","Adaptation","FearNoEvil","MostiFishMod:Speedup","EmptyMind","Halt","DeusExMachina","testmod-PowerStrike","Tantrum+1"],"relics":["DaveBox","testmod-TestBox","testmod-BatchProcessingSystem","Civilization","testmod-Hope","Question Card","Golden Idol","Bottled Tornado","Blue Candle","testmod-BlackFramedGlasses","ThornShield","ImportantClient","DiscerningMonocle","HornCleat","Darkstone Periapt","Strange Spoon","testmod-Maize","Centennial Puzzle","TimeFreeze","MealTicket","Nunchaku","Oddly Smooth Stone","Sundial","Black Star","Medical Kit","Gremlin Horn","HandDrill","SynthV:C4","Orichalcum","Akabeko","Strawberry","Bronze Scales","Vajra","Regal Pillow","Anchor","CaptainsWheel","testmod-Nyarlathotep","Shuriken","Art of War","Ying","Frozen Eye","testmod-IndustrialRevolution","testmod-TurbochargingSystem","StrikeDummy","Cauldron","Blood Vial"],"acts_visited":["Exordium","TheCity","TheBeyond","TheEnding"],"potions_floor_usage":[47],"damage_taken":[{"damage":3.0,"enemies":"2 Louse","floor":1.0,"turns":3.0},{"damage":0.0,"enemies":"Cultist","floor":3.0,"turns":2.0},{"damage":28.0,"enemies":"3 Sentries","floor":6.0,"turns":9.0},{"damage":0.0,"enemies":"Gremlin Nob","floor":8.0,"turns":2.0},{"damage":0.0,"enemies":"Jaw Worm","floor":11.0,"turns":1.0},{"damage":0.0,"enemies":"Lagavulin","floor":12.0,"turns":2.0},{"damage":0.0,"enemies":"2 Fungi Beasts","floor":13.0,"turns":3.0},{"damage":0.0,"enemies":"3 Sentries","floor":14.0,"turns":2.0},{"damage":0.0,"enemies":"The Guardian","floor":16.0,"turns":2.0},{"damage":0,"enemies":"Spheric Guardian","floor":18,"turns":2},{"damage":0,"enemies":"Shell Parasite","floor":20,"turns":3},{"damage":0,"enemies":"3 Cultists","floor":21,"turns":4},{"damage":0,"enemies":"Cultist and Chosen","floor":22,"turns":3},{"damage":5,"enemies":"Slavers","floor":23,"turns":1},{"damage":0,"enemies":"Snake Plant","floor":24,"turns":2},{"damage":14,"enemies":"Book of Stabbing","floor":28,"turns":2},{"damage":0,"enemies":"Gremlin Leader","floor":30,"turns":2},{"damage":0,"enemies":"Collector","floor":33,"turns":2},{"damage":0,"enemies":"3 Darklings","floor":35,"turns":1},{"damage":0,"enemies":"3 Shapes","floor":39,"turns":1},{"damage":0,"enemies":"Giant Head","floor":40,"turns":1},{"damage":0,"enemies":"Nemesis","floor":42,"turns":1},{"damage":0,"enemies":"Spire Growth","floor":44,"turns":1},{"damage":0,"enemies":"Sphere and 2 Shapes","floor":47,"turns":1},{"damage":0,"enemies":"3 Darklings","floor":48,"turns":1},{"damage":0,"enemies":"Awakened One","floor":50,"turns":2},{"damage":0,"enemies":"Time Eater","floor":51,"turns":1},{"damage":0,"enemies":"Shield and Spear","floor":55,"turns":1},{"damage":0,"enemies":"The Heart","floor":56,"turns":2}],"seed_played":"5696820869855805697","potions_obtained":[{"floor":1.0,"key":"Energy Potion"},{"floor":6.0,"key":"Energy Potion"},{"floor":47,"key":"GamblersBrew"}],"is_trial":false,"path_per_floor":["M","?","M","$","?","E","$","E","T","?","M","E","M","E","R","B",null,"M","$","M","M","M","E","M","R","T","R","E","R","E","?","R","B",null,"M","?","$","?","M","E","R","E","T","M","$","?","M","M","R","B","B",null,"R","$","E","B",null],"character_chosen":"WATCHER","items_purchased":["FearNoEvil","HornCleat","Darkstone Periapt","Strange Spoon","testmod-Maize","Centennial Puzzle","TimeFreeze","Medical Kit","Gremlin Horn","HandDrill","SynthV:C4","Orichalcum","CaptainsWheel","testmod-Nyarlathotep","Shuriken","Art of War","Ying","Frozen Eye","testmod-IndustrialRevolution","testmod-TurbochargingSystem","StrikeDummy","Cauldron"],"campfire_rested":0,"item_purchase_floors":[7,19,19,19,19,19,19,37,37,37,37,37,45,45,45,45,45,45,54,54,54,54],"current_hp_per_floor":[60,60,64,64,64,43,43,51,51,44,53,63,78,95,95,114,131,151,151,169,189,211,236,262,262,262,262,276,276,308,308,308,343,347,385,385,385,385,425,473,473,515,515,558,558,548,597,652,652,711,767,767,767,767,825,884],"gold":615,"neow_bonus":"BOSS_RELIC","is_daily":false,"chose_seed":false,"campfire_upgraded":1,"win_rate":0.0,"timestamp":1607660691,"path_taken":["M","?","?","$","?","E","?","E","T","?","M","E","M","E","R","BOSS","M","$","M","M","M","E","M","R","T","R","E","R","E","?","R","BOSS","M","?","$","?","?","E","R","E","T","M","$","?","M","M","R","BOSS","BOSS","R","$","E","BOSS"],"items_purchased_type":["Card","Relic","Relic","Relic","Relic","Relic","Relic","Relic","Relic","Relic","Relic","Relic","Relic","Relic","Relic","Relic","Relic","Relic","Relic","Relic","Relic","Relic"],"build_version":"2020-11-30","purchased_purges":5,"victory":true,"max_hp_per_floor":[70,70,73,73,66,72,72,79,79,79,87,96,107,121,121,136,136,152,152,169,189,211,236,262,262,262,262,289,289,317,317,317,348,348,385,385,385,385,425,473,473,515,515,558,558,558,604,656,656,711,767,767,767,767,825,884],"card_choices":[{"not_picked":["Wallop","FlyingSleeves"],"picked":"BowlingBash","floor":1.0},{"not_picked":["Consecrate","Conclude","WreathOfFlame"],"picked":"Adaptation","floor":3.0},{"not_picked":["ReachHeaven","Halt","EmptyBody","Conclude"],"picked":"SKIP","floor":6.0},{"not_picked":["BowlingBash","Alpha","ForeignInfluence"],"picked":"MostiFishMod:Speedup","floor":8.0},{"not_picked":["CutThroughFate","ClearTheMind","Evaluate","SashWhip"],"picked":"SKIP","floor":11.0},{"not_picked":["CutThroughFate","Protect","Prostrate","MostiFishMod:StarWish"],"picked":"SKIP","floor":12.0},{"not_picked":["Conclude","Halt","EmptyFist"],"picked":"EmptyMind","floor":13.0},{"not_picked":["Consecrate","EmptyMind","PathToVictory","Evaluate"],"picked":"SKIP","floor":14.0},{"not_picked":["MostiFishMod:FlowState","Blasphemy","MostiFishMod:Moonprays"],"picked":"MostiFishMod:DisColor","floor":16.0},{"not_picked":["Evaluate","Prostrate","ClearTheMind","Crescendo"],"picked":"SKIP","floor":18},{"not_picked":["Evaluate","MostiFishMod:Clarity","Crescendo","ThirdEye"],"picked":"SKIP","floor":20},{"not_picked":["WheelKick","EmptyMind","FollowUp"],"picked":"Crescendo","floor":21},{"not_picked":["MostiFishMod:KamiSmash","FollowUp","EmptyBody"],"picked":"ClearTheMind","floor":22},{"not_picked":["Halt","WaveOfTheHand","MostiFishMod:Pointsdynamics","FlyingSleeves"],"picked":"SKIP","floor":23},{"not_picked":["WaveOfTheHand","MostiFishMod:Pointsdynamics","FlyingSleeves"],"picked":"Halt","floor":23},{"not_picked":["EmptyBody","Wireheading","JustLucky","BowlingBash"],"picked":"SKIP","floor":24},{"not_picked":["Evaluate","MostiFishMod:Adaptation","Collect+1"],"picked":"DeusExMachina","floor":28},{"not_picked":["Weave","WheelKick","Prostrate+1","JustLucky"],"picked":"SKIP","floor":30},{"not_picked":["FollowUp","Crescendo+1","FlurryOfBlows","CrushJoints"],"picked":"SKIP","floor":35},{"not_picked":["FollowUp","Protect+1","ThirdEye","EmptyMind"],"picked":"SKIP","floor":39},{"not_picked":["Blasphemy","EmptyFist","Nirvana","Crescendo"],"picked":"SKIP","floor":40},{"not_picked":["FearNoEvil","Perseverance","Consecrate+1","WaveOfTheHand"],"picked":"SKIP","floor":42},{"not_picked":["Study","CrushJoints","Evaluate","Consecrate"],"picked":"SKIP","floor":44},{"not_picked":["testmod-LimitFlipper","testmod-ConditionedReflex","testmod-HeadAttack"],"picked":"testmod-PowerStrike","floor":46},{"not_picked":["CarveReality","BowlingBash","JustLucky","LikeWater"],"picked":"SKIP","floor":47},{"not_picked":["FlurryOfBlows","WreathOfFlame","EmptyBody"],"picked":"Tantrum","floor":48},{"not_picked":["Consecrate+1","Fasting2","Nirvana","Crescendo+1"],"picked":"SKIP","floor":55}],"player_experience":1257743,"relics_obtained":[{"floor":1.0,"key":"Question Card"},{"floor":6.0,"key":"Bottled Tornado"},{"floor":8.0,"key":"Blue Candle"},{"floor":12.0,"key":"testmod-BlackFramedGlasses"},{"floor":14.0,"key":"ThornShield"},{"floor":16.0,"key":"ImportantClient"},{"floor":23,"key":"MealTicket"},{"floor":26,"key":"Nunchaku"},{"floor":28,"key":"Oddly Smooth Stone"},{"floor":30,"key":"Sundial"},{"floor":40,"key":"Strawberry"},{"floor":40,"key":"Bronze Scales"},{"floor":42,"key":"Vajra"},{"floor":42,"key":"Regal Pillow"},{"floor":43,"key":"Anchor"},{"floor":55,"key":"Blood Vial"}],"event_choices":[{"damage_healed":0.0,"max_hp_gain":0.0,"max_hp_loss":0.0,"gold_gain":0.0,"event_name":"Upgrade Shrine","player_choice":"Upgraded","floor":2.0,"gold_loss":0.0,"damage_taken":0.0,"cards_upgraded":["Eruption"]},{"damage_healed":0.0,"max_hp_gain":0.0,"max_hp_loss":7.0,"gold_gain":0.0,"event_name":"Golden Idol","player_choice":"Lose Max HP","floor":5.0,"gold_loss":0.0,"damage_taken":0.0,"relics_obtained":["Golden Idol"]},{"cards_removed":["Strike_P"],"damage_healed":0.0,"max_hp_gain":0.0,"max_hp_loss":0.0,"gold_gain":0.0,"event_name":"Golden Wing","player_choice":"Card Removal","floor":10.0,"gold_loss":0.0,"damage_taken":7.0},{"cards_removed":["Defend_P"],"damage_healed":0,"gold_gain":0,"player_choice":"Elegance","damage_taken":0,"max_hp_gain":0,"max_hp_loss":0,"event_name":"Back to Basics","floor":31,"gold_loss":0},{"damage_healed":0,"gold_gain":0,"player_choice":"Ignored","damage_taken":0,"max_hp_gain":0,"max_hp_loss":0,"event_name":"The Moai Head","floor":36,"gold_loss":0},{"cards_removed":["ClearTheMind"],"damage_healed":0,"gold_gain":0,"player_choice":"Gave Card","damage_taken":0,"relics_obtained":["Akabeko"],"max_hp_gain":0,"max_hp_loss":0,"event_name":"WeMeetAgain","floor":38,"gold_loss":0},{"damage_healed":0,"gold_gain":0,"player_choice":"Memory 3","damage_taken":10,"max_hp_gain":0,"max_hp_loss":0,"event_name":"SensoryStone","floor":46,"gold_loss":0}],"is_beta":false,"boss_relics":[{"not_picked":["Calling Bell","FixedStarFall"],"picked":"DiscerningMonocle"},{"not_picked":["Astrolabe","Velvet Choker"],"picked":"Black Star"}],"items_purged_floors":[4,19,19,37,37],"is_endless":false,"potions_floor_spawned":[1,6,11,13,16,18,23,24,28,33,39,42,47],"ascension_level":20}}