{"host":"j9kxs091fhjybap3","time":1607692114,"event":{"mods":["Act Like it!","BaseMod","Hallownest","Hermit","Jorbs\u0027s Wanderer Trilogy","Lobotomy","Minty Spire (QoL Compilation)","Replay The Spire","StSLib","The Bug Knight","The Cursed","The Hierophant"],"gold_per_floor":[114,114,131,141,141,141,155,170,170,227,227,298,312,408,408,469,469,486,513,522,318,331,331,331,126,173,173,173,173,173,153,153],"floor_reached":31,"playtime":1562,"items_purged":["hierophant:Strike_Hierophant","Decay"],"score":302,"play_id":"bc48e6ac-f98b-47b3-b240-983e086fcaed","local_time":"20201211080834","is_ascension_mode":false,"campfire_choices":[{"data":"hierophant:OrnateBuckler","floor":6,"key":"SMITH"},{"floor":11,"key":"REST"},{"floor":15,"key":"REST"},{"floor":23,"key":"REST"},{"floor":27,"key":"REST"}],"circlet_count":0,"master_deck":["hierophant:Punish","hierophant:Defend_Hierophant","hierophant:Defend_Hierophant","hierophant:Defend_Hierophant","hierophant:Defend_Hierophant","hierophant:ChurchCoffers","hierophant:Generosity","hierophant:Doubloon","hierophant:Doubloon","hierophant:Remorse+1","hierophant:OrnateBuckler+1","hierophant:Cornucopia","hierophant:RustyCrate","hierophant:Doubloon","hierophant:Doubloon","hierophant:Embezzle","stsjorbsmod:Withering","hierophant:RustyCrate","hierophant:Doubloon","hierophant:Doubloon+1","hierophant:Doubloon","hierophant:CursedGold","hierophant:RustyCrate","hierophant:Doubloon+1","hierophant:Doubloon","hierophant:AuricBeam","hierophant:OrnateBuckler","hierophant:RustyCrate","hierophant:Doubloon","hierophant:Doubloon","Ghostly","Ghostly","Ghostly","Ghostly","Ghostly"],"relics":["hierophant:PropheticMaskRelic","Replay:Ringing Soul","Chameleon Ring","ReplayTheSpireMod:CursedCoin","Empty Cage","BargainBundle","War Paint","SsserpentHead"],"acts_visited":["Exordium","TheCity"],"potions_floor_usage":[8,18,22],"damage_taken":[{"damage":5,"enemies":"Cultist","floor":1,"turns":4},{"damage":10,"enemies":"Small Slimes","floor":3,"turns":2},{"damage":1,"enemies":"Jaw Worm","floor":4,"turns":3},{"damage":18,"enemies":"Large Slime","floor":7,"turns":7},{"damage":15,"enemies":"Gremlin Nob","floor":8,"turns":4},{"damage":5,"enemies":"2 Fungi Beasts","floor":10,"turns":7},{"damage":8,"enemies":"Gremlin Gang","floor":12,"turns":5},{"damage":19,"enemies":"Large Slime","floor":13,"turns":6},{"damage":17,"enemies":"Slime Boss","floor":16,"turns":10},{"damage":10,"enemies":"Spheric Guardian","floor":18,"turns":4},{"damage":15,"enemies":"Shell Parasite","floor":19,"turns":5},{"damage":25,"enemies":"Centurion and Healer","floor":20,"turns":6},{"damage":36,"enemies":"Snecko","floor":22,"turns":9},{"damage":27,"enemies":"Cultist and Chosen","floor":31,"turns":7}],"seed_played":"5455389899059332223","potions_obtained":[{"floor":3,"key":"Swift Potion"},{"floor":12,"key":"Strength Potion"},{"floor":16,"key":"Dexterity Potion"},{"floor":20,"key":"Adrenaline Potion"}],"is_trial":false,"path_per_floor":["M","?","M","M","?","R","M","?","T","M","R","M","M","$","R","B",null,"M","M","M","$","M","R","?","$","T","R","?","?","?","M"],"character_chosen":"HIEROPHANT","items_purchased":["ReplayTheSpireMod:CursedCoin","hierophant:RustyCrate","hierophant:AuricBeam","hierophant:OrnateBuckler","hierophant:RustyCrate","BargainBundle","Dexterity Potion","PowerPotion"],"campfire_rested":4,"item_purchase_floors":[14,14,21,21,21,25,25,25],"current_hp_per_floor":[70,70,60,59,59,59,41,29,29,24,47,42,23,26,51,34,84,77,62,40,43,7,34,37,37,37,65,65,51,51,24,24],"gold":153,"neow_bonus":"ONE_RANDOM_RARE_CARD","is_daily":false,"chose_seed":false,"campfire_upgraded":1,"win_rate":0.0,"timestamp":1607692114,"path_taken":["M","?","M","M","?","R","M","?","T","M","R","M","M","$","R","BOSS","M","M","M","$","M","R","?","$","T","R","?","?","?","M"],"items_purchased_type":["Relic","Card","Card","Card","Card","Relic","Potion","Potion"],"build_version":"2020-11-30","purchased_purges":2,"victory":false,"max_hp_per_floor":[75,75,75,75,75,75,75,78,78,78,78,81,81,84,84,84,84,87,87,90,93,93,93,96,96,96,96,96,51,51,51,51],"card_choices":[{"not_picked":["hierophant:Sermon","hierophant:Encroach"],"picked":"hierophant:Remorse","floor":1},{"not_picked":["hierophant:SolarFlare","hierophant:Repentance","hierophant:MorningPrayer"],"picked":"SKIP","floor":3},{"not_picked":["hierophant:PristineSoul","hierophant:Blessing"],"picked":"hierophant:OrnateBuckler","floor":4},{"not_picked":["hierophant:FlamingChariot","hierophant:Purify"],"picked":"hierophant:Cornucopia","floor":7},{"not_picked":["hierophant:FaithHealing","hierophant:Embezzle"],"picked":"hierophant:RustyCrate","floor":8},{"not_picked":["hierophant:Prophecy","hierophant:MorningPrayer","hierophant:ThreeLashes"],"picked":"SKIP","floor":10},{"not_picked":["hierophant:FieryStrike","hierophant:FlamingChariot"],"picked":"hierophant:Embezzle","floor":12},{"not_picked":["hierophant:HolyVerse","hierophant:Mercenaries","hierophant:WrathOfGod"],"picked":"SKIP","floor":13},{"not_picked":["hierophant:Sermon","hierophant:Martyrdom"],"picked":"hierophant:CursedGold","floor":18},{"not_picked":["hierophant:Purify","hierophant:Encroach","hierophant:ThreeLashes"],"picked":"SKIP","floor":19},{"not_picked":["hierophant:MorningPrayer","hierophant:BulkyChest"],"picked":"hierophant:RustyCrate","floor":20},{"not_picked":["hierophant:PassingBell","hierophant:ThreeLashes","hierophant:Repentance+1"],"picked":"SKIP","floor":22}],"player_experience":857974,"relics_obtained":[{"floor":8,"key":"Replay:Ringing Soul"},{"floor":9,"key":"Chameleon Ring"},{"floor":26,"key":"War Paint"}],"event_choices":[{"damage_healed":0,"gold_gain":0,"player_choice":"Grow","damage_taken":0,"max_hp_gain":0,"max_hp_loss":0,"event_name":"Living Wall","floor":5,"gold_loss":0,"cards_upgraded":["hierophant:Remorse"]},{"damage_healed":0,"gold_gain":0,"player_choice":"Searched \u00271\u0027 times","damage_taken":0,"max_hp_gain":0,"max_hp_loss":0,"event_name":"Dead Adventurer","floor":8,"gold_loss":0},{"damage_healed":0,"gold_gain":0,"player_choice":"Smashed Altar","damage_taken":0,"max_hp_gain":0,"max_hp_loss":0,"event_name":"Forgotten Altar","floor":24,"gold_loss":0,"cards_obtained":["Decay"]},{"damage_healed":0,"gold_gain":0,"player_choice":"Ignored","damage_taken":0,"max_hp_gain":0,"max_hp_loss":0,"event_name":"Vampires","floor":28,"gold_loss":0},{"damage_healed":0,"gold_gain":0,"player_choice":"Became a Ghost","damage_taken":0,"max_hp_gain":0,"max_hp_loss":48,"event_name":"Ghosts","floor":29,"gold_loss":0,"cards_obtained":["Ghostly","Ghostly","Ghostly","Ghostly","Ghostly"]},{"damage_healed":0,"gold_gain":0,"player_choice":"Trade","damage_taken":0,"relics_obtained":["SsserpentHead"],"max_hp_gain":0,"max_hp_loss":0,"event_name":"FaceTrader","floor":30,"gold_loss":0}],"is_beta":false,"boss_relics":[{"not_picked":["Ring of Chaos","Sozu"],"picked":"Empty Cage"}],"items_purged_floors":[21,25],"is_endless":false,"potions_floor_spawned":[3,12,13,16,20],"killed_by":"Cultist and Chosen","ascension_level":0}}