{"host":"milnbpnt8q6cnpmr","time":1607656816,"event":{"mods":["BaseMod","Marisa????????","Minty Spire (QoL Compilation)"],"gold_per_floor":[115,115,115,128,142,476,27,52,125,144,169,169,169,249,249,368,368,396,494,464,581,612,698,698,709,709],"floor_reached":25,"playtime":2342,"items_purged":[],"score":489,"play_id":"0c1363f5-ac80-45c0-bd4a-399b64e9c98c","local_time":"20201210192016","is_ascension_mode":true,"campfire_choices":[{"data":"ManaConvection","floor":13,"key":"SMITH"},{"floor":15,"key":"REST"},{"floor":24,"key":"REST"}],"circlet_count":0,"master_deck":["AscendersBane","Strike_MRS","Strike_MRS","Defend_MRS","Defend_MRS","Defend_MRS","MasterSpark","UpSweep","SporeBomb","Regret","OrrerysSun","GasGiant","FairyDestructionRay","Acceleration","EscapeVelocity","ManaConvection+1","Robbery","OortCloud","BinaryStars","Robbery+1","Robbery+1","Occultation+1","WitchLeyline","MeteoricShower","MeteoricShower","MillisecondPulsars"],"relics":["MiniHakkero","NeowsBlessing","TungstenRod","Vajra","Old Coin","SproutingBranch","MagicBroom","Shuriken","Oddly Smooth Stone","Golden Idol","Question Card","Astrolabe","Incense Burner"],"acts_visited":["Exordium","TheCity"],"potions_floor_usage":[5,6,16,19,21,22],"damage_taken":[{"damage":0,"enemies":"Small Slimes","floor":1,"turns":1},{"damage":0,"enemies":"2 Louse","floor":4,"turns":1},{"damage":0,"enemies":"Jaw Worm","floor":5,"turns":1},{"damage":7,"enemies":"Gremlin Nob","floor":6,"turns":4},{"damage":31,"enemies":"3 Sentries","floor":8,"turns":8},{"damage":2,"enemies":"3 Louse","floor":10,"turns":2},{"damage":21,"enemies":"Lagavulin","floor":11,"turns":6},{"damage":19,"enemies":"3 Sentries","floor":14,"turns":7},{"damage":43,"enemies":"The Guardian","floor":16,"turns":13},{"damage":7,"enemies":"Shell Parasite","floor":18,"turns":8},{"damage":30,"enemies":"2 Thieves","floor":19,"turns":4},{"damage":37,"enemies":"Centurion and Healer","floor":21,"turns":9},{"damage":12,"enemies":"Chosen and Byrds","floor":22,"turns":6},{"damage":29,"enemies":"Gremlin Leader","floor":23,"turns":5},{"damage":63,"enemies":"Slavers","floor":25,"turns":4}],"seed_played":"8296377542242713071","potions_obtained":[{"floor":1,"key":"Fire Potion"},{"floor":5,"key":"Fruit Juice"},{"floor":6,"key":"Dexterity Potion"},{"floor":16,"key":"Regen Potion"},{"floor":20,"key":"Explosive Potion"},{"floor":20,"key":"BlessingOfTheForge"}],"is_trial":false,"path_per_floor":["M","?","?","M","M","E","$","E","T","M","E","?","R","E","R","B",null,"M","M","?","M","M","E","R","E"],"character_chosen":"MARISA","items_purchased":["SproutingBranch","Acceleration"],"campfire_rested":2,"item_purchase_floors":[7,7],"current_hp_per_floor":[63,45,45,45,50,43,43,27,27,30,24,24,24,20,40,12,54,61,55,55,33,36,21,41,0,0],"gold":709,"neow_bonus":"THREE_ENEMY_KILL","is_daily":false,"chose_seed":false,"campfire_upgraded":1,"win_rate":0.0,"timestamp":1607656816,"path_taken":["M","?","?","M","?","E","$","E","T","M","E","?","R","E","R","BOSS","M","M","?","?","?","E","R","E"],"items_purchased_type":["Relic","Card"],"build_version":"2020-11-30","purchased_purges":0,"victory":false,"max_hp_per_floor":[70,70,70,70,75,75,75,75,75,75,75,68,68,68,68,68,68,68,68,68,68,68,68,68,68,68],"card_choices":[{"not_picked":["DragonMeteor","EnergyRecoil"],"picked":"SporeBomb","floor":1},{"not_picked":["ChargingUp","AsteroidBelt"],"picked":"OrrerysSun","floor":4},{"not_picked":["MysteriousBeam","DragonMeteor"],"picked":"GasGiant","floor":5},{"not_picked":["NonDirectionalLaser","Singularity"],"picked":"FairyDestructionRay","floor":6},{"not_picked":["GravityBeat","GrandCross"],"picked":"EscapeVelocity","floor":8},{"not_picked":["DeepEcoloBomb","GalacticHalo"],"picked":"ManaConvection","floor":10},{"not_picked":["WitchOfGreed","PropBag"],"picked":"Robbery","floor":11},{"not_picked":["FairyDestructionRay","PropBag"],"picked":"OortCloud","floor":14},{"not_picked":["CollectingQuirk","JA","TreasureHunter"],"picked":"BinaryStars","floor":16},{"not_picked":["DoubleSpark","GrandCross","AsteroidBelt+1"],"picked":"WitchLeyline","floor":18},{"not_picked":["6A","IllusionStar","AlicesGift","EnergyRecoil"],"picked":"SKIP","floor":19},{"not_picked":["DragonMeteor","FairyDestructionRay","DoubleSpark"],"picked":"MeteoricShower","floor":21},{"not_picked":["ShootingEcho+1","DC","WitchOfGreed"],"picked":"MeteoricShower","floor":22},{"not_picked":["Orbital","DC","DoubleSpark"],"picked":"MillisecondPulsars","floor":23}],"player_experience":1135195,"relics_obtained":[{"floor":6,"key":"Old Coin"},{"floor":8,"key":"MagicBroom"},{"floor":9,"key":"Shuriken"},{"floor":11,"key":"Oddly Smooth Stone"},{"floor":14,"key":"Question Card"},{"floor":23,"key":"Incense Burner"}],"event_choices":[{"damage_healed":0,"gold_gain":0,"player_choice":"Success","damage_taken":18,"relics_obtained":["TungstenRod"],"max_hp_gain":0,"max_hp_loss":0,"event_name":"Scrap Ooze","floor":2,"gold_loss":0},{"damage_healed":0,"gold_gain":0,"player_choice":"Box","damage_taken":0,"relics_obtained":["Vajra"],"max_hp_gain":0,"max_hp_loss":0,"event_name":"Big Fish","floor":3,"gold_loss":0,"cards_obtained":["Regret"]},{"damage_healed":0,"gold_gain":0,"player_choice":"Lose Max HP","damage_taken":0,"relics_obtained":["Golden Idol"],"max_hp_gain":0,"max_hp_loss":7,"event_name":"Golden Idol","floor":12,"gold_loss":0},{"damage_healed":0,"gold_gain":0,"player_choice":"Bought 2 Potions","damage_taken":0,"max_hp_gain":0,"max_hp_loss":0,"event_name":"The Woman in Blue","floor":20,"gold_loss":0}],"is_beta":false,"boss_relics":[{"not_picked":["BewitchedHakkero","Busted Crown"],"picked":"Astrolabe"}],"items_purged_floors":[],"is_endless":false,"potions_floor_spawned":[1,5,6,16],"killed_by":"Slavers","ascension_level":17}}