{"host":"ocll6kdfqxraqtza","time":1607706735,"event":{"mods":["2.2 Compatiblity","Act Like it!","Aspiration","BaseMod","Better Third Choice","Gensokyo","Hallownest","Hermit","Hubris","Jorbs\u0027s Wanderer Trilogy","Luminous","Marisa（霧雨　魔理沙）","Minty Spire (QoL Compilation)","Reimu（博??梦）","Replay The Spire","StSLib","The Alterego","The Bug Knight","The Cursed","The Hierophant","The Runesmith","TheBandit","Wandering Minibosses","vexMod"],"gold_per_floor":[116,116,46,46,57,57,88,88,136,136,171,183,183,201,201,201,201],"floor_reached":16,"playtime":427,"items_purged":[],"score":117,"play_id":"8a0f889d-e32b-4975-94f4-b919e7c78d70","local_time":"20201212011215","is_ascension_mode":true,"campfire_choices":[{"data":"Run Through","floor":6,"key":"SMITH"},{"data":"Carnage","floor":8,"key":"SMITH"},{"data":"JustLucky","floor":13,"key":"SMITH"},{"data":"Flame Barrier","floor":15,"key":"SMITH"}],"circlet_count":0,"master_deck":["Strike_R","Strike_R","Strike_R","Strike_R","Strike_R","Defend_R","Defend_R","Defend_R","Defend_R","Bash","Run Through+1","Carnage+1","ReplayTheSpireMod:Strike From Hell","JustLucky+1","Flame Barrier+1","Vengeance"],"relics":["Burning Blood","aspiration:Nostalgia","Replay:M_StaffOfTheSnake","hubris:Icosahedron","Hallownest:StagBellRelic1","ReplayFunnel","Hallownest:DreamNailRelic","King of Hearts"],"acts_visited":["Hallownest:Greenpath"],"potions_floor_usage":[14],"damage_taken":[{"damage":22,"enemies":"Hallownest:monsterHuskGuard","floor":1,"turns":5},{"damage":2,"enemies":"Hallownest:2_Baldur","floor":5,"turns":2},{"damage":16,"enemies":"Hallownest:eliteVengeflyKing","floor":7,"turns":5},{"damage":25,"enemies":"Hallownest:eliteMossKnight","floor":11,"turns":7},{"damage":0,"enemies":"Hallownest:monsterHuskWarrior","floor":12,"turns":1},{"damage":13,"enemies":"Hallownest:1_Baldur_1_Crawlid_1_Warrior","floor":14,"turns":4},{"damage":50,"enemies":"Hallownest:BossHornet","floor":16,"turns":4}],"seed_played":"831505095054662719","potions_obtained":[{"floor":5,"key":"Energy Potion"},{"floor":11,"key":"Swift Potion"}],"is_trial":false,"path_per_floor":["M","?","?","$","M","R","E","R","T","?","E","M","R","M","R","B"],"character_chosen":"IRONCLAD","items_purchased":[],"campfire_rested":0,"item_purchase_floors":[],"current_hp_per_floor":[64,64,64,64,68,68,58,58,58,58,39,45,45,38,38,0,0],"gold":201,"neow_bonus":"NOSTALGIA","is_daily":false,"chose_seed":false,"campfire_upgraded":4,"win_rate":0.0,"timestamp":1607706735,"path_taken":["M","?","?","?","?","R","E","R","T","?","E","M","R","?","R","BOSS"],"items_purchased_type":[],"build_version":"2020-11-30","purchased_purges":0,"victory":false,"max_hp_per_floor":[80,80,80,80,80,80,80,80,80,80,80,80,80,80,80,80,80],"card_choices":[{"not_picked":["Acrobatics","Metallicize"],"picked":"Run Through","floor":1},{"not_picked":["Predator","Sword Boomerang"],"picked":"Carnage","floor":5},{"not_picked":["Anger","hubris:ReadiedAction"],"picked":"ReplayTheSpireMod:Strike From Hell","floor":7},{"not_picked":["Clothesline","Replay:Undeath\u0027s Touch"],"picked":"JustLucky","floor":11},{"not_picked":["Thunderclap","ClearTheMind"],"picked":"Flame Barrier","floor":12},{"not_picked":["Acrobatics","Sever Soul"],"picked":"Vengeance","floor":14}],"player_experience":439168,"relics_obtained":[{"floor":7,"key":"ReplayFunnel"},{"floor":11,"key":"King of Hearts"}],"event_choices":[],"is_beta":false,"boss_relics":[],"items_purged_floors":[],"is_endless":false,"potions_floor_spawned":[5,11],"killed_by":"Hallownest:BossHornet","ascension_level":2}}