{"host":"ctlqibkg0sskiu65","time":1607685867,"event":{"mods":["2.2 Compatiblity","AchievementEnabler","Aspiration","BaseMod","BetterRewards","Colored Map","Colored Powertips","Conspire","Fiend Mod","Minty Spire (QoL Compilation)","Quick Restart","Shop Mod","StSLib","The Bladedancer","The Cursed","The Hierophant","The Jungle","The Kombatant","The Servant 0.9.4","TheBandit"],"gold_per_floor":[112,130,130,140,151,185,203,203,203,12,31,66,16,16,16,16,16],"floor_reached":16,"playtime":727,"items_purged":["Strike_G"],"score":178,"play_id":"9046d747-cccf-456c-8bf3-16c5668ad3a4","local_time":"20201211052427","is_ascension_mode":true,"campfire_choices":[{"data":"Dash","floor":8,"key":"SMITH"},{"data":"Deflect","floor":15,"key":"SMITH"}],"circlet_count":0,"master_deck":["Strike_G","Strike_G","Defend_G","Defend_G","Defend_G","Defend_G","Defend_G","Survivor","Neutralize","Slice","Catalyst","Underhanded Strike","Quick Slash","Dash+1","Deflect+1","Distraction","Slice","Flying Knee"],"relics":["Ring of the Snake","Lantern","Meat on the Bone","Runic Dome","Bag of Preparation","conspire:Flyswatter","Membership Card","Pen Nib"],"acts_visited":["Exordium"],"potions_floor_usage":[6,6,12,12],"damage_taken":[{"damage":8,"enemies":"2 Louse","floor":1,"turns":3},{"damage":0,"enemies":"Cultist","floor":2,"turns":4},{"damage":0,"enemies":"Jaw Worm","floor":4,"turns":3},{"damage":3,"enemies":"Looter","floor":5,"turns":3},{"damage":15,"enemies":"3 Sentries","floor":6,"turns":8},{"damage":11,"enemies":"Exordium Wildlife","floor":7,"turns":7},{"damage":1,"enemies":"conspire:2 RoseBushes","floor":11,"turns":6},{"damage":3,"enemies":"Lagavulin","floor":12,"turns":5},{"damage":42,"enemies":"Slime Boss","floor":16,"turns":9}],"seed_played":"-4918095676287325184","potions_obtained":[{"floor":2,"key":"Strength Potion"},{"floor":5,"key":"Dexterity Potion"},{"floor":7,"key":"FearPotion"},{"floor":11,"key":"Explosive Potion"}],"is_trial":false,"path_per_floor":["M","M","?","M","M","E","M","R","T","$","M","E","?","$","R","B"],"character_chosen":"THE_SILENT","items_purchased":["Lantern","Meat on the Bone","Membership Card","Distraction"],"campfire_rested":0,"item_purchase_floors":[0,0,10,10],"current_hp_per_floor":[62,62,62,62,59,44,45,45,45,45,44,41,41,41,41,0,0],"gold":16,"neow_bonus":"","is_daily":false,"chose_seed":false,"campfire_upgraded":2,"win_rate":0.0,"timestamp":1607685867,"path_taken":["M","M","?","?","M","E","M","R","T","$","M","E","?","?","R","BOSS"],"items_purchased_type":["Relic","Relic","Relic","Card"],"build_version":"2020-11-30","purchased_purges":1,"victory":false,"max_hp_per_floor":[70,70,70,70,70,70,70,70,70,70,70,70,70,70,70,70,70],"card_choices":[{"not_picked":["Backflip","Flying Knee"],"picked":"Slice","floor":1},{"not_picked":["Blur","Leg Sweep"],"picked":"Catalyst","floor":2},{"not_picked":["Distraction","Expertise","Calculated Gamble"],"picked":"SKIP","floor":4},{"not_picked":["Flechettes","Leg Sweep"],"picked":"Quick Slash","floor":5},{"not_picked":["Prepared","Masterful Stab"],"picked":"Dash","floor":6},{"not_picked":["Flying Knee","Noxious Fumes"],"picked":"Deflect","floor":7},{"not_picked":["Bane","Predator"],"picked":"Slice","floor":11},{"not_picked":["Leg Sweep","Backflip"],"picked":"Flying Knee","floor":12}],"player_experience":106779,"relics_obtained":[{"floor":6,"key":"Bag of Preparation"},{"floor":9,"key":"conspire:Flyswatter"},{"floor":12,"key":"Pen Nib"}],"event_choices":[{"damage_healed":0,"gold_gain":0,"cards_transformed":["Strike_G"],"player_choice":"Transformed","damage_taken":0,"max_hp_gain":0,"max_hp_loss":0,"event_name":"Transmorgrifier","floor":3,"gold_loss":0,"cards_obtained":["Underhanded Strike"]},{"cards_removed":["Strike_G"],"damage_healed":0,"gold_gain":0,"player_choice":"Card Removal","damage_taken":0,"max_hp_gain":0,"max_hp_loss":0,"event_name":"The Cleric","floor":13,"gold_loss":50}],"is_beta":false,"boss_relics":[],"items_purged_floors":[0],"is_endless":false,"potions_floor_spawned":[2,5,7,11],"killed_by":"Slime Boss","ascension_level":2}}