{"host":"htqwg582tjjtn9p7","time":1607704477,"event":{"mods":["2.2 Compatiblity","AchievementEnabler","Act Like it!","Aspiration","BaseMod","Better Third Choice","Colored Map","Conspire","Curses Come First","Displayed Cursed Tome","Energized Spire","Force Act Four","GifTheSpireLib","Hermit","Highlight Path","JesterMod","Mad Scientist","Minty Spire (QoL Compilation)","Pale of the Ancients","Permanent Neow","Random Character Button","Relic Stats","Replay The Spire","Robot Space Explorer","Somnambulant","Spicy Shops","Spikes Relics","StSLib","Stuff the Spire","The Blue Laboratory","The Disciple","The Dragon Tamer","The Forsaken","The Gatherer","The Judge","The Jungle","The Runesmith","The Servant 0.9.4"],"gold_per_floor":[110,63,78,93,63,63,76,76,121,121,152,65,83,95,95,190,190,204,129,145,72,72,100,116,116,169,94,122,132,132,166,166,271,271,284,284,296,306,130,130,158,177,257,292,202,202,222,237,237,237,248,260,279,25,25,39,39,39,39,39],"floor_reached":61,"playtime":4958,"items_purged":["theForsaken:TheForsaken_Strike","theForsaken:TheForsaken_Strike"],"score":1958,"play_id":"545ee1f9-c1e6-4641-8a9d-3e980003b3fa","local_time":"20201211173437","is_ascension_mode":true,"campfire_choices":[{"data":"theForsaken:Smite","floor":6,"key":"SMITH"},{"data":"theForsaken:ShieldBash","floor":8,"key":"SMITH"},{"data":"theForsaken:ShieldBash","floor":10,"key":"SMITH"},{"data":"theForsaken:StoreUp","floor":15,"key":"SMITH"},{"data":"conspire:Banana","floor":25,"key":"SMITH"},{"data":"theForsaken:HymnOfPatience","floor":30,"key":"SMITH"},{"data":"theForsaken:ShieldBash","floor":32,"key":"SMITH"},{"data":"theForsaken:Smite","floor":40,"key":"SMITH"},{"data":"theForsaken:NobleSacrifice","floor":46,"key":"SMITH"},{"data":"Madness","floor":49,"key":"SMITH"},{"data":"theForsaken:Penitence","floor":55,"key":"SMITH"},{"floor":57,"key":"RECALL"}],"circlet_count":0,"master_deck":["AscendersBane","theForsaken:TheForsaken_Defend","theForsaken:TheForsaken_Defend+1","theForsaken:TheForsaken_Defend","theForsaken:TheForsaken_Defend+1","theForsaken:Smite+1","theForsaken:Penitence+1","theForsaken:ShieldBash+1","theForsaken:ShieldBash+1","theForsaken:HymnOfPatience+1","theForsaken:ShieldBash+1","conspire:Banana+1","theForsaken:StoreUp+1","theForsaken:NobleSacrifice+1","theForsaken:Smite+1","theForsaken:Devotion+1","Madness+1","Madness+1"],"relics":["theForsaken:JudgementScales","War Paint","ReplayTheSpireMod:Lightbulb","Busted Crown","conspire:Flyswatter","Ancient Tea Set","StuffTheSpire:DarkSteelAnvil","Chameleon Ring","aspiration:PoetsPen_weak","Durian","conspire:DecoderRing","Mirror","paleoftheancients:Timepiece","paleoftheancients:KeyRelic","Gremlin Horn","CultistMask","paleoftheancients:SoulOfTheWokeBloke","paleoftheancients:SoulOfTheThorton","Shuriken","StuffTheSpire:Nightcore"],"acts_visited":["Exordium","TheCity","TheBeyond","TheBeyond"],"potions_floor_usage":[11,16,16,23,28,38],"damage_taken":[{"damage":6,"enemies":"2 Louse","floor":1,"turns":4},{"damage":1,"enemies":"Cultist","floor":3,"turns":5},{"damage":0,"enemies":"Jaw Worm","floor":4,"turns":6},{"damage":5,"enemies":"2 Fungi Beasts","floor":7,"turns":4},{"damage":11,"enemies":"Gremlin Nob","floor":11,"turns":5},{"damage":6,"enemies":"Red Slaver","floor":13,"turns":7},{"damage":7,"enemies":"Looter","floor":14,"turns":5},{"damage":81,"enemies":"Fading Forest","floor":16,"turns":11},{"damage":23,"enemies":"Shell Parasite","floor":18,"turns":10},{"damage":53,"enemies":"Spheric Guardian","floor":20,"turns":11},{"damage":59,"enemies":"Book of Stabbing","floor":23,"turns":10},{"damage":23,"enemies":"Centurion and Healer","floor":24,"turns":12},{"damage":16,"enemies":"Gremlin Leader","floor":28,"turns":19},{"damage":26,"enemies":"Shelled Parasite and Fungi","floor":29,"turns":11},{"damage":18,"enemies":"Replay:Snechameleon","floor":31,"turns":10},{"damage":42,"enemies":"Pondfish","floor":33,"turns":12},{"damage":6,"enemies":"Orb Walker","floor":35,"turns":5},{"damage":41,"enemies":"3 Darklings","floor":37,"turns":9},{"damage":12,"enemies":"Writhing Mass","floor":38,"turns":7},{"damage":53,"enemies":"Nemesis","floor":41,"turns":9},{"damage":20,"enemies":"Sphere and 2 Shapes","floor":42,"turns":7},{"damage":24,"enemies":"R_Hoarder","floor":44,"turns":10},{"damage":26,"enemies":"4 Shapes","floor":47,"turns":6},{"damage":7,"enemies":"Maw","floor":48,"turns":8},{"damage":28,"enemies":"Replay:Hell Engine","floor":50,"turns":9},{"damage":7,"enemies":"Replay:Hell Engine","floor":51,"turns":7},{"damage":44,"enemies":"Replay:Hell Engine","floor":52,"turns":5},{"damage":0,"enemies":"paleoftheancients:Thorton1","floor":53,"turns":2},{"damage":0,"enemies":"paleoftheancients:Thorton1","floor":56,"turns":4},{"damage":176,"enemies":"paleoftheancients:N","floor":60,"turns":8}],"seed_played":"-816591200579237406","potions_obtained":[{"floor":4,"key":"Energy Potion"},{"floor":5,"key":"blueLaboratory:HorrorPotion"},{"floor":11,"key":"PowerPotion"},{"floor":16,"key":"blueLaboratory:HummingbirdPotion"},{"floor":18,"key":"blueLaboratory:AbyssPotion"},{"floor":24,"key":"Adrenaline Potion"},{"floor":33,"key":"Doom Potion"},{"floor":38,"key":"SteroidPotion"},{"floor":44,"key":"Doom Potion"},{"floor":52,"key":"blueLaboratory:FrostheartPotion"}],"is_trial":false,"path_per_floor":["M","$","M","M","?","R","M","R","T","R","E","$","M","M","R","B",null,"M","?","M","$","?","E","M","R","T","$","E","M","R","E","R","B",null,"M","?","M","M","$","R","E","M","T","E","?","R","M","M","R","B","M","M","M","$","R","M","R","T","?","B",null],"character_chosen":"THE_FORSAKEN","items_purchased":["theForsaken:ShieldBash","conspire:Banana","theForsaken:NobleSacrifice","PowerPotion","Regen Potion","Shuriken"],"campfire_rested":0,"item_purchase_floors":[2,12,21,21,39,54],"current_hp_per_floor":[56,56,55,55,55,55,56,56,56,56,51,51,51,51,51,5,55,54,54,65,65,65,51,77,77,77,77,139,161,161,157,157,190,191,192,168,184,200,200,200,207,220,220,219,219,219,231,246,246,273,290,284,294,294,294,296,296,296,296,240],"gold":39,"neow_bonus":"THREE_CARDS","is_daily":false,"chose_seed":false,"campfire_upgraded":11,"win_rate":0.0,"timestamp":1607704477,"path_taken":["M","$","M","M","?","R","M","R","T","R","E","?","M","M","R","BOSS","M","?","M","$","?","E","M","R","T","$","E","M","R","E","R","BOSS","M","?","M","M","$","R","E","M","T","E","?","R","M","M","R","BOSS","M","M","?","$","R","M","R","T","?","BOSS"],"items_purchased_type":["Card","Card","Card","Potion","Potion","Relic"],"build_version":"2020-11-30","purchased_purges":2,"victory":true,"max_hp_per_floor":[65,65,65,65,65,65,65,65,65,65,65,65,66,67,67,72,72,73,73,74,74,74,75,77,77,77,77,139,161,161,169,169,191,191,193,193,198,200,200,200,207,220,220,223,223,223,231,246,246,273,290,292,294,294,294,296,296,296,296,299],"relic_stats":{"Busted Crown":42,"Gremlin Horn":[23,23],"counters":[30,238],"Shuriken":[18],"War Paint":["theForsaken:TheForsaken_Defend","theForsaken:TheForsaken_Defend"],"obtain_stats":[{"paleoftheancients:KeyRelic":50,"Gremlin Horn":50,"aspiration:PoetsPen_weak":34,"War Paint":9,"Ancient Tea Set":26,"paleoftheancients:Timepiece":50,"Busted Crown":17,"Chameleon Ring":31,"paleoftheancients:SoulOfTheWokeBloke":51,"Shuriken":54,"conspire:DecoderRing":43,"StuffTheSpire:DarkSteelAnvil":28,"CultistMask":50,"Durian":41,"paleoftheancients:SoulOfTheThorton":53,"StuffTheSpire:Nightcore":58,"theForsaken:JudgementScales":0,"ReplayTheSpireMod:Lightbulb":11,"Mirror":44,"conspire:Flyswatter":23},{"paleoftheancients:KeyRelic":25,"Gremlin Horn":25,"aspiration:PoetsPen_weak":16,"War Paint":4,"Ancient Tea Set":12,"paleoftheancients:Timepiece":25,"Busted Crown":8,"Chameleon Ring":15,"paleoftheancients:SoulOfTheWokeBloke":26,"Shuriken":28,"conspire:DecoderRing":21,"StuffTheSpire:DarkSteelAnvil":13,"CultistMask":25,"Durian":20,"paleoftheancients:SoulOfTheThorton":28,"StuffTheSpire:Nightcore":29,"theForsaken:JudgementScales":0,"ReplayTheSpireMod:Lightbulb":5,"Mirror":22,"conspire:Flyswatter":11},{"paleoftheancients:KeyRelic":212,"Gremlin Horn":212,"aspiration:PoetsPen_weak":142,"War Paint":19,"Ancient Tea Set":90,"paleoftheancients:Timepiece":212,"Busted Crown":47,"Chameleon Ring":130,"paleoftheancients:SoulOfTheWokeBloke":219,"Shuriken":226,"conspire:DecoderRing":179,"StuffTheSpire:DarkSteelAnvil":109,"CultistMask":212,"Durian":172,"paleoftheancients:SoulOfTheThorton":226,"StuffTheSpire:Nightcore":230,"theForsaken:JudgementScales":0,"ReplayTheSpireMod:Lightbulb":24,"Mirror":189,"conspire:Flyswatter":78}]},"card_choices":[{"not_picked":["theForsaken:Eulogy","theForsaken:DarkBargain"],"picked":"theForsaken:ShieldBash","floor":0},{"not_picked":["theForsaken:HorrifyingStrike","theForsaken:Preservation","theForsaken:PowerUp"],"picked":"SKIP","floor":1},{"not_picked":["theForsaken:BindingThorns","theForsaken:Parry","theForsaken:ShieldCharge"],"picked":"SKIP","floor":3},{"not_picked":["theForsaken:Parry","theForsaken:ChargeAttack"],"picked":"theForsaken:HymnOfPatience","floor":4},{"not_picked":["theForsaken:HorrifyingStrike","theForsaken:BottledPlague"],"picked":"theForsaken:ShieldBash","floor":7},{"not_picked":["theForsaken:ChargeAttack","theForsaken:ShieldCharge","theForsaken:DivineGuidance"],"picked":"SKIP","floor":11},{"not_picked":["theForsaken:HorrifyingStrike","theForsaken:CowardsBrand","theForsaken:Riposte"],"picked":"SKIP","floor":13},{"not_picked":["theForsaken:ShieldBash","theForsaken:BottledPlague"],"picked":"theForsaken:StoreUp","floor":14},{"not_picked":["theForsaken:PanicDive"],"picked":"SKIP","floor":18},{"not_picked":["theForsaken:Backlash"],"picked":"SKIP","floor":20},{"not_picked":[],"picked":"theForsaken:Devotion+1","floor":23},{"not_picked":["theForsaken:Preservation"],"picked":"SKIP","floor":24},{"not_picked":["theForsaken:TearsOfSunlight"],"picked":"SKIP","floor":28},{"not_picked":["theForsaken:QuickAttack"],"picked":"SKIP","floor":29},{"not_picked":["theForsaken:Bolster+1"],"picked":"SKIP","floor":31},{"not_picked":["theForsaken:Thunderbolt"],"picked":"SKIP","floor":35},{"not_picked":["theForsaken:Eulogy+1"],"picked":"SKIP","floor":37},{"not_picked":["theForsaken:LightRoll+1"],"picked":"SKIP","floor":38},{"not_picked":["theForsaken:SacrificeSoul"],"picked":"SKIP","floor":41},{"not_picked":["theForsaken:HymnOfPatience"],"picked":"SKIP","floor":42},{"not_picked":["theForsaken:PanicDive+1"],"picked":"SKIP","floor":44},{"not_picked":["theForsaken:WordsOfPestilence"],"picked":"SKIP","floor":47},{"not_picked":["theForsaken:HorrifyingStrike+1"],"picked":"SKIP","floor":48},{"not_picked":["theForsaken:PowerUp"],"picked":"SKIP","floor":51},{"not_picked":["theForsaken:ChargeAttack"],"picked":"SKIP","floor":52},{"not_picked":["theForsaken:Eulogy+1"],"picked":"SKIP","floor":53},{"not_picked":["theForsaken:PanicDive"],"picked":"SKIP","floor":56}],"player_experience":1646100,"relics_obtained":[{"floor":9,"key":"War Paint"},{"floor":11,"key":"ReplayTheSpireMod:Lightbulb"},{"floor":23,"key":"conspire:Flyswatter"},{"floor":26,"key":"Ancient Tea Set"},{"floor":28,"key":"StuffTheSpire:DarkSteelAnvil"},{"floor":31,"key":"Chameleon Ring"},{"floor":41,"key":"Durian"},{"floor":43,"key":"conspire:DecoderRing"},{"floor":44,"key":"Mirror"},{"floor":51,"key":"paleoftheancients:SoulOfTheWokeBloke"},{"floor":53,"key":"paleoftheancients:SoulOfTheThorton"},{"floor":58,"key":"StuffTheSpire:Nightcore"}],"event_choices":[{"damage_healed":0,"gold_gain":0,"player_choice":"Bought 2 Potions","damage_taken":0,"max_hp_gain":0,"max_hp_loss":0,"event_name":"The Woman in Blue","floor":5,"gold_loss":0},{"cards_removed":["theForsaken:TheForsaken_Strike"],"damage_healed":0,"gold_gain":0,"player_choice":"Gave Gold","damage_taken":0,"max_hp_gain":0,"max_hp_loss":0,"event_name":"Beggar","floor":19,"gold_loss":75},{"damage_healed":0,"gold_gain":0,"player_choice":"1 cards matched","damage_taken":0,"max_hp_gain":0,"max_hp_loss":0,"event_name":"Match and Keep!","floor":22,"gold_loss":0,"cards_obtained":["theForsaken:Smite"]},{"damage_healed":0,"gold_gain":0,"player_choice":"Embrace Madness","damage_taken":24,"max_hp_gain":0,"max_hp_loss":0,"event_name":"Winding Halls","floor":36,"gold_loss":0,"cards_obtained":["Madness","Madness"]},{"cards_removed":["theForsaken:TheForsaken_Strike"],"damage_healed":0,"gold_gain":0,"player_choice":"Upgrade and Remove","damage_taken":0,"max_hp_gain":0,"max_hp_loss":0,"event_name":"Designer","floor":45,"gold_loss":90,"cards_upgraded":["Madness"]}],"is_beta":false,"boss_relics":[{"not_picked":["Honey Jar","theForsaken:ArmorOfThorns"],"picked":"Busted Crown"},{"not_picked":["Snecko Heart","conspire:SlowCooker"],"picked":"aspiration:PoetsPen_weak"}],"items_purged_floors":[27,39],"is_endless":false,"potions_floor_spawned":[4,11,16,18,24,33,38,44,47,52,60],"ascension_level":10}}