{"host":"adt9pv9dmmkchns7","time":1607713126,"event":{"mods":["AchievementEnabler","BaseMod","Beaked The Cultist","Better Third Choice","Downfall","Energized Spire","Hermit","Infinite Spire","Jorbs\u0027s Wanderer Trilogy","Minty Spire (QoL Compilation)","Potionbrewer","Replay The Spire","Shade Mod","Spicy Shops","StSLib","The Blackbeard","The Construct","The Cursed","The Forsaken","The Necromancer","Wandering Minibosses"],"gold_per_floor":[115,127,141,152,164,164,197,197,197,197,197,197,238,257,257,364,364,385,310,330,363,363,363,396,415,715,308,326,326,368,387,465,567,567,586,613,637,368,379,404,404,430,430,2,2,2],"floor_reached":45,"playtime":5026,"items_purged":[],"score":547,"play_id":"6b229c44-e2ab-40c1-be3b-a73309ba227c","local_time":"20201211195846","is_ascension_mode":false,"campfire_choices":[{"floor":6,"key":"RECALL"},{"data":"hermit:GoldenBullet","floor":8,"key":"SMITH"},{"data":"hermit:Scavenge","floor":10,"key":"SMITH"},{"data":"expansioncontent:DonusPower","floor":15,"key":"SMITH"},{"data":"beaked:SurvivalInstinct","floor":23,"key":"SMITH"},{"data":"hermit:Determination","floor":29,"key":"SMITH"}],"circlet_count":0,"master_deck":["hermit:Strike_Hermit","hermit:Strike_Hermit","hermit:Strike_Hermit","hermit:Strike_Hermit","hermit:Defend_Hermit","hermit:Defend_Hermit","hermit:Defend_Hermit","hermit:Defend_Hermit","hermit:Snapshot","hermit:Covet","hermit:Showdown","hermit:BodyArmor","hermit:Horror","hermit:Scavenge+1","hermit:Magnum+1","hermit:GoldenBullet+1","expansioncontent:DonusPower+1","beaked:SurvivalInstinct+1","Cloudkill+1","expansioncontent:AwakenDeath+1","construct:Enhance","Replay:Sssssssssshield","hermit:WideOpen+1","hermit:Determination+1","beaked:BloodForTheGods","Headbutt+1","construct:SiegeForm","theForsaken:Thunderbolt+1","Armaments+1","construct:SuppressiveFire+1","Parasite","Crippling Poison","Dodge and Roll+1","hermit:NoHoldsBarred+1","expansioncontent:DarkVoid"],"relics":["construct:WeddingRing","Bottled Flame","PrismaticShard","theForsaken:PlagueMask","Replay:WaspNest","Philosopher\u0027s Stone","Red Mask","theForsaken:Gavel","Old Coin","Lee\u0027s Waffle","Bag of Preparation","infinitespire:Lucky Rock","potionbrewer:BhaskarasWheel","Sundial","Replay:Baseball","Whetstone","infinitespire:Bottled Soul","Mercury Hourglass"],"acts_visited":["Exordium","TheCity","TheBeyond"],"potions_floor_usage":[14,16,16,21,28,30,37,37,39,40,45],"damage_taken":[{"damage":0,"enemies":"2 Louse","floor":1,"turns":3},{"damage":1,"enemies":"Jaw Worm","floor":2,"turns":2},{"damage":10,"enemies":"Small Slimes","floor":3,"turns":3},{"damage":0,"enemies":"Looter","floor":4,"turns":2},{"damage":1,"enemies":"Gremlin Gang","floor":5,"turns":4},{"damage":19,"enemies":"3 Sentries","floor":7,"turns":9},{"damage":10,"enemies":"Lagavulin","floor":13,"turns":4},{"damage":4,"enemies":"2 Fungi Beasts","floor":14,"turns":3},{"damage":22,"enemies":"Slime Boss","floor":16,"turns":9},{"damage":0,"enemies":"Chosen","floor":18,"turns":3},{"damage":24,"enemies":"Shell Parasite","floor":20,"turns":4},{"damage":13,"enemies":"Masked Bandits","floor":21,"turns":4},{"damage":18,"enemies":"Nightmare","floor":24,"turns":10},{"damage":24,"enemies":"3 Cultists","floor":25,"turns":5},{"damage":2,"enemies":"Shelled Parasite and Fungi","floor":28,"turns":6},{"damage":23,"enemies":"Slavers","floor":30,"turns":5},{"damage":0,"enemies":"Snecko","floor":31,"turns":2},{"damage":86,"enemies":"Collector","floor":33,"turns":8},{"damage":2,"enemies":"3 Shapes","floor":35,"turns":3},{"damage":23,"enemies":"3 Darklings","floor":36,"turns":5},{"damage":25,"enemies":"Maw","floor":37,"turns":6},{"damage":14,"enemies":"Writhing Mass","floor":39,"turns":6},{"damage":49,"enemies":"Giant Head","floor":40,"turns":7},{"damage":19,"enemies":"Jaw Worm Horde","floor":42,"turns":4},{"damage":74,"enemies":"Nightmare","floor":45,"turns":6}],"seed_played":"1777084778926018953","potions_obtained":[{"floor":3,"key":"Energy Potion"},{"floor":7,"key":"Elixir"},{"floor":13,"key":"SkillPotion"},{"floor":20,"key":"LifebloodPotion"},{"floor":25,"key":"potionbrewer:EndurancePotion"},{"floor":28,"key":"Weak Potion"},{"floor":30,"key":"potionbrewer:BarricadePotion"},{"floor":31,"key":"Languid Potion"},{"floor":35,"key":"hermit:Tonic"},{"floor":37,"key":"Block Potion"},{"floor":42,"key":"FearPotion"}],"is_trial":false,"path_per_floor":["M","M","M","M","M","R","E","R","T","R","?","?","E","M","R","B",null,"M","?","M","?","?","R","NM","M","T","$","M","R","E","M","R","B",null,"M","M","M","$","M","E","?","M","T","$","NM"],"character_chosen":"HERMIT","items_purchased":["Lee\u0027s Waffle","Bag of Preparation","hermit:WideOpen","hermit:Determination","Sundial","Replay:Baseball","hermit:NoHoldsBarred+1","expansioncontent:DarkVoid","Mercury Hourglass"],"campfire_rested":0,"item_purchase_floors":[27,27,27,27,38,38,44,44,44],"current_hp_per_floor":[75,74,64,64,63,63,44,44,44,44,44,44,34,30,30,8,75,75,75,51,38,38,38,20,20,20,82,80,80,57,57,57,20,82,80,77,68,68,74,40,40,21,21,21,0,0],"gold":2,"neow_bonus":"BOSS_RELIC","is_daily":false,"chose_seed":false,"campfire_upgraded":5,"win_rate":0.0,"timestamp":1607713126,"path_taken":["M","M","M","M","M","R","E","R","T","R","?","?","E","M","R","BOSS","M","?","M","?","?","R","NM","M","T","$","M","R","E","M","R","BOSS","M","?","M","$","M","E","?","?","T","$","NM"],"items_purchased_type":["Relic","Relic","Card","Card","Relic","Relic","Potion","Card","Relic"],"build_version":"2020-11-30","purchased_purges":0,"victory":false,"max_hp_per_floor":[75,75,75,75,75,75,75,75,75,75,75,75,75,75,75,75,75,75,75,75,75,75,75,75,75,75,82,82,82,82,82,82,82,82,82,82,82,82,82,82,82,82,82,82,82,82],"card_choices":[{"not_picked":["hermit:Headshot","hermit:Shortfuse"],"picked":"hermit:Showdown","floor":1},{"not_picked":["hermit:Coalescence","hermit:Headshot"],"picked":"hermit:BodyArmor","floor":2},{"not_picked":["hermit:Feint","hermit:DeadMansHand"],"picked":"hermit:Horror","floor":3},{"not_picked":["hermit:ItchyTrigger","hermit:Ricochet"],"picked":"hermit:Scavenge","floor":4},{"not_picked":["hermit:ItchyTrigger","hermit:PistolWhip"],"picked":"hermit:Magnum","floor":5},{"not_picked":["hermit:BigShot","hermit:HoleUp"],"picked":"hermit:GoldenBullet","floor":7},{"not_picked":["stsjorbsmod:Trouble","Shade:SkeletonArmy"],"picked":"expansioncontent:DonusPower","floor":13},{"not_picked":["Backstab","hermit:Quickdraw"],"picked":"beaked:SurvivalInstinct","floor":14},{"not_picked":["Vault","theForsaken:Horror"],"picked":"Cloudkill","floor":16},{"not_picked":["Slimebound:LeechEnergy+1","Shade:FreshBones"],"picked":"expansioncontent:AwakenDeath+1","floor":18},{"not_picked":["sneckomod:RainOfDice+1","Shade:GraveStillness","Slimebound:Replication"],"picked":"SKIP","floor":20},{"not_picked":["construct:Autoturret","Compile Driver"],"picked":"construct:Enhance","floor":24},{"not_picked":["construct:Analyze","TheCursedMod:CursedAmulet+1"],"picked":"Replay:Sssssssssshield","floor":25},{"not_picked":["blackbeard:CloakAndCannonball","blackbeard:Shrapnel"],"picked":"beaked:BloodForTheGods","floor":28},{"not_picked":["Guardian:Gem_Crimson","stsjorbsmod:Hurt"],"picked":"Headbutt+1","floor":30},{"not_picked":["beaked:Foresight","Negative_Energy_Javelin","construct:ScrapCannon"],"picked":"SKIP","floor":31},{"not_picked":["TheCursedMod:DemonicPact","stsjorbsmod:Trauma"],"picked":"construct:SiegeForm","floor":33},{"not_picked":["stsjorbsmod:Panic+1","Shade:FreshBones+1"],"picked":"theForsaken:Thunderbolt+1","floor":35},{"not_picked":["TheCursedMod:Mangle","ReplayTheSpireMod:Corrosion Curse"],"picked":"Armaments+1","floor":36},{"not_picked":["TheCursedMod:ManaBullet","Guardian:Gem_Red"],"picked":"construct:SuppressiveFire+1","floor":37},{"not_picked":["theForsaken:Thunderbolt+1","Slimebound:RollThrough+1","Flying Knee"],"picked":"SKIP","floor":39},{"not_picked":["theForsaken:SpinAttack","stsjorbsmod:WastingForm"],"picked":"Crippling Poison","floor":40},{"not_picked":["Guardian:TemporalShield","Shade:GraveStillness"],"picked":"Dodge and Roll+1","floor":42}],"player_experience":818521,"relics_obtained":[{"floor":7,"key":"Bottled Flame"},{"floor":13,"key":"Replay:WaspNest"},{"floor":21,"key":"Red Mask"},{"floor":24,"key":"theForsaken:Gavel"},{"floor":26,"key":"Old Coin"},{"floor":30,"key":"infinitespire:Lucky Rock"},{"floor":40,"key":"Whetstone"},{"floor":43,"key":"infinitespire:Bottled Soul"}],"event_choices":[{"damage_healed":0,"gold_gain":0,"player_choice":"Obtain Plague Curse","damage_taken":0,"max_hp_gain":0,"max_hp_loss":0,"event_name":"Plague Doctor","floor":12,"gold_loss":0,"cards_obtained":["theForsaken:PlagueCurse"]},{"cards_removed":["theForsaken:PlagueCurse"],"damage_healed":0,"gold_gain":0,"player_choice":"Gave Gold","damage_taken":0,"max_hp_gain":0,"max_hp_loss":0,"event_name":"Beggar","floor":19,"gold_loss":75},{"damage_healed":0,"gold_gain":0,"player_choice":"Fought Bandits","damage_taken":0,"max_hp_gain":0,"max_hp_loss":0,"event_name":"Masked Bandits","floor":21,"gold_loss":0},{"cards_removed":["Overencumbered"],"damage_healed":0,"gold_gain":0,"player_choice":"Removed Curses","damage_taken":0,"max_hp_gain":0,"max_hp_loss":0,"event_name":"Fountain of Cleansing","floor":22,"gold_loss":0},{"damage_healed":0,"gold_gain":0,"player_choice":"Upgraded","damage_taken":0,"max_hp_gain":0,"max_hp_loss":0,"event_name":"Upgrade Shrine","floor":41,"gold_loss":0,"cards_upgraded":["Cloudkill"]}],"is_beta":false,"boss_relics":[{"not_picked":["ChewingGum","energizedSpire:EnergizedDie"],"picked":"Philosopher\u0027s Stone"},{"not_picked":["energizedSpire:NeverEndingSparkler","beaked:SacredDeck"],"picked":"potionbrewer:BhaskarasWheel"}],"items_purged_floors":[],"is_endless":true,"potions_floor_spawned":[3,7,13,20,25,28,30,31,35,37,42],"killed_by":"Nightmare","ascension_level":0}}