{"host":"hfxp6ue4pvwo3fit","time":1607688095,"event":{"mods":["AchievementEnabler","BaseMod","Colored Map","Colored Powertips","Highlight Path","Minty Spire (QoL Compilation)","StSLib","SuperFastMode"],"gold_per_floor":[110,122,138,24,15,50,50,76,123,123,138,138,164,174,174,277,277,289,300,319,34,34,65,65,85,85,85,105,105,120,149,149,251,251,271,297,313,329,88,88,88],"floor_reached":40,"playtime":3137,"items_purged":[],"score":745,"play_id":"6e2255b6-0845-41e1-8916-2cfc814b411c","local_time":"20201211060135","is_ascension_mode":true,"campfire_choices":[{"data":"Zap","floor":10,"key":"SMITH"},{"data":"Defragment","floor":12,"key":"SMITH"},{"data":"Chaos","floor":15,"key":"SMITH"},{"data":"Echo Form","floor":24,"key":"SMITH"},{"data":"Fission","floor":27,"key":"SMITH"},{"floor":29,"key":"REST"},{"floor":32,"key":"REST"}],"circlet_count":0,"master_deck":["AscendersBane","Zap+1","Dualcast","Ball Lightning","Self Repair","Tempest","Defragment+1","Hologram","Conserve Battery","Machine Learning","Barrage","Chaos+1","Steam","Coolheaded","Echo Form","Force Field","Hologram+1","Rainbow","Amplify","Echo Form+1","Fission+1","Coolheaded","Steam+1","White Noise","White Noise","Conserve Battery+1","Force Field","Buffer","Self Repair"],"relics":["Cracked Core","Boot","Symbiotic Virus","Tiny Chest","Bag of Preparation","Pandora\u0027s Box","Prayer Wheel","Gremlin Horn","Mercury Hourglass","Pocketwatch","Nuclear Battery","Pen Nib","Strawberry"],"acts_visited":["Exordium","TheCity","TheBeyond"],"potions_floor_usage":[0,6,8,16,31,31,35,37,40],"damage_taken":[{"damage":0,"enemies":"Cultist","floor":1,"turns":3},{"damage":0,"enemies":"Small Slimes","floor":2,"turns":2},{"damage":7,"enemies":"Jaw Worm","floor":3,"turns":3},{"damage":19,"enemies":"Exordium Thugs","floor":5,"turns":4},{"damage":23,"enemies":"3 Sentries","floor":6,"turns":7},{"damage":11,"enemies":"Lagavulin","floor":8,"turns":6},{"damage":14,"enemies":"Red Slaver","floor":11,"turns":3},{"damage":16,"enemies":"Gremlin Nob","floor":13,"turns":4},{"damage":0,"enemies":"Blue Slaver","floor":14,"turns":2},{"damage":21,"enemies":"The Guardian","floor":16,"turns":10},{"damage":8,"enemies":"3 Byrds","floor":18,"turns":4},{"damage":0,"enemies":"Chosen","floor":19,"turns":4},{"damage":4,"enemies":"Snake Plant","floor":20,"turns":5},{"damage":53,"enemies":"Gremlin Leader","floor":23,"turns":6},{"damage":7,"enemies":"Sentry and Sphere","floor":25,"turns":6},{"damage":30,"enemies":"Chosen and Byrds","floor":28,"turns":5},{"damage":17,"enemies":"Centurion and Healer","floor":30,"turns":5},{"damage":29,"enemies":"Slavers","floor":31,"turns":5},{"damage":1,"enemies":"Collector","floor":33,"turns":8},{"damage":21,"enemies":"3 Darklings","floor":35,"turns":5},{"damage":4,"enemies":"Orb Walker","floor":37,"turns":4},{"damage":47,"enemies":"Transient","floor":38,"turns":5},{"damage":45,"enemies":"Reptomancer","floor":40,"turns":2}],"seed_played":"-1424120630772399187","potions_obtained":[{"floor":0,"key":"Fruit Juice"},{"floor":0,"key":"EssenceOfSteel"},{"floor":0,"key":"SkillPotion"},{"floor":1,"key":"AttackPotion"},{"floor":11,"key":"LiquidBronze"},{"floor":13,"key":"Explosive Potion"},{"floor":18,"key":"BlessingOfTheForge"},{"floor":23,"key":"Fruit Juice"},{"floor":31,"key":"ColorlessPotion"},{"floor":35,"key":"Swift Potion"}],"is_trial":false,"path_per_floor":["M","M","M","$","M","E","?","E","T","R","M","R","E","M","R","B",null,"M","M","M","$","?","E","R","M","T","R","M","R","M","E","R","B",null,"M","T","M","M","$","E"],"character_chosen":"DEFECT","items_purchased":["Defragment","Hologram","Prayer Wheel","Self Repair","PowerPotion","Strawberry"],"campfire_rested":2,"item_purchase_floors":[4,4,21,39,39,39],"current_hp_per_floor":[73,73,73,73,61,45,45,34,34,34,27,27,18,25,25,11,63,62,69,79,79,79,47,47,47,47,47,31,55,38,28,53,52,77,63,63,66,26,33,0,0],"gold":88,"neow_bonus":"THREE_SMALL_POTIONS","is_daily":false,"chose_seed":false,"campfire_upgraded":5,"win_rate":0.0,"timestamp":1607688095,"path_taken":["M","?","M","?","M","E","?","E","T","R","M","R","E","?","R","BOSS","M","M","?","$","?","E","R","M","T","R","M","R","M","E","R","BOSS","M","?","M","?","?","E"],"items_purchased_type":["Card","Card","Relic","Card","Potion","Relic"],"build_version":"2020-11-30","purchased_purges":0,"victory":false,"max_hp_per_floor":[80,80,80,80,80,80,80,80,80,80,80,80,80,80,80,80,80,80,80,80,80,80,80,80,80,80,80,80,80,80,85,85,85,85,85,85,85,85,92,92,92],"card_choices":[{"not_picked":["Streamline","Leap"],"picked":"Ball Lightning","floor":1},{"not_picked":["Coolheaded","Steam"],"picked":"Self Repair","floor":2},{"not_picked":["Sunder","Chill"],"picked":"Tempest","floor":3},{"not_picked":["Leap","Stack"],"picked":"Conserve Battery","floor":5},{"not_picked":["Heatsinks","Conserve Battery"],"picked":"Machine Learning","floor":6},{"not_picked":["Storm","White Noise"],"picked":"Barrage","floor":8},{"not_picked":["Go for the Eyes","Redo"],"picked":"Chaos","floor":11},{"not_picked":["Recycle","Double Energy"],"picked":"Steam","floor":13},{"not_picked":["Conserve Battery","Turbo"],"picked":"Coolheaded","floor":14},{"not_picked":["Buffer","Meteor Strike"],"picked":"Echo Form","floor":16},{"not_picked":["Static Discharge","Rebound","Redo"],"picked":"SKIP","floor":18},{"not_picked":["Fusion","Loop+1","Scrape+1"],"picked":"SKIP","floor":19},{"not_picked":["Leap","Darkness"],"picked":"Steam+1","floor":20},{"not_picked":["Genetic Algorithm","Stack"],"picked":"White Noise","floor":23},{"not_picked":["Beam Cell","Turbo","Rebound"],"picked":"SKIP","floor":25},{"not_picked":["Fusion","Sweeping Beam","Cold Snap"],"picked":"SKIP","floor":25},{"not_picked":["Sweeping Beam","Hologram","Barrage+1"],"picked":"SKIP","floor":28},{"not_picked":["Rip and Tear","Hello World","Turbo"],"picked":"SKIP","floor":28},{"not_picked":["Rip and Tear","Cold Snap"],"picked":"White Noise","floor":30},{"not_picked":["Machine Learning","Scrape","Go for the Eyes"],"picked":"SKIP","floor":30},{"not_picked":["Aggregate","Recycle","Gash"],"picked":"SKIP","floor":31},{"not_picked":["Ball Lightning","Gash"],"picked":"Conserve Battery+1","floor":35},{"not_picked":["Heatsinks","Leap","Steam+1"],"picked":"SKIP","floor":35},{"not_picked":["Coolheaded","Sunder"],"picked":"Force Field","floor":37},{"not_picked":["Reprogram","Ball Lightning","Doom and Gloom"],"picked":"SKIP","floor":37},{"not_picked":["Streamline+1","Gash"],"picked":"Buffer","floor":38},{"not_picked":["Cold Snap","Conserve Battery","Double Energy"],"picked":"SKIP","floor":38}],"player_experience":358631,"relics_obtained":[{"floor":6,"key":"Boot"},{"floor":8,"key":"Symbiotic Virus"},{"floor":9,"key":"Tiny Chest"},{"floor":13,"key":"Bag of Preparation"},{"floor":23,"key":"Gremlin Horn"},{"floor":26,"key":"Mercury Hourglass"},{"floor":31,"key":"Pocketwatch"},{"floor":36,"key":"Pen Nib"}],"event_choices":[{"cards_removed":["Strike_B"],"damage_healed":0,"gold_gain":0,"player_choice":"Offered Basic","damage_taken":0,"max_hp_gain":0,"max_hp_loss":0,"event_name":"Bonfire Elementals","floor":7,"gold_loss":0},{"damage_healed":0,"gold_gain":0,"player_choice":"Upgraded","damage_taken":0,"max_hp_gain":0,"max_hp_loss":0,"event_name":"Upgrade Shrine","floor":22,"gold_loss":0,"cards_upgraded":["Hologram"]}],"is_beta":false,"boss_relics":[{"not_picked":["Tiny House","SacredBark"],"picked":"Pandora\u0027s Box"},{"not_picked":["Astrolabe","Runic Dome"],"picked":"Nuclear Battery"}],"items_purged_floors":[],"is_endless":false,"potions_floor_spawned":[1,3,11,13,14,18,23,30,31,35],"killed_by":"Reptomancer","ascension_level":12}}