{"host":"8jwif9mna8ud19ho","time":1607671268,"event":{"mods":["BaseMod","Better Vampires","Marisa£¨ìFÓê¡¡Ä§ÀíÉ³£©","Minty Spire (QoL Compilation)","Reimu£¨²©ÀöÁéÃÎ£©","RumiaBox-Â¶Ã×æ«µÄÉñÃØºÐ×Ó","StSLib","¡¾ÒÅÎï¿¨ÅÆ¡¿REMEMod"],"gold_per_floor":[113,113,57,74,93,93,93,113,181,11,30,46,46,76,76,147,147,158,158,158,169,179,179,179,210,210,210,289,214,245,145,145,216,216,229,242,117,131,131,157,157,184,211,243,243,253,253,268,268,268,268,268,268,106,133,133],"floor_reached":57,"playtime":3023,"items_purged":["Defend_G","Defend_G","Defend_G"],"score":3431,"play_id":"8aab1076-724a-460b-a582-f272165d1ba7","local_time":"20201211152108","is_ascension_mode":true,"campfire_choices":[{"data":"Neutralize","floor":6.0,"key":"SMITH"},{"data":"Calculated Gamble","floor":15.0,"key":"SMITH"},{"data":"Tactician","floor":23.0,"key":"SMITH"},{"data":"Acrobatics","floor":27.0,"key":"SMITH"},{"data":"Well Laid Plans","floor":32.0,"key":"SMITH"},{"data":"REME_SingleHolding","floor":41,"key":"SMITH"},{"data":"Prepared","floor":45,"key":"SMITH"},{"floor":47,"key":"RECALL"},{"data":"Reflex","floor":49,"key":"SMITH"},{"data":"Grand Finale","floor":53,"key":"SMITH"}],"circlet_count":0,"master_deck":["AscendersBane","Strike_G","Strike_G","Defend_G","Survivor","Neutralize+1","REME_SingleHolding+1","Flash of Steel","Prepared+1","Acrobatics+1","REME_GreenPollution","Calculated Gamble+1","Footwork","Well Laid Plans+1","REME_GrazeFinale","Escape Plan","Tactician+1","Glass Knife","REME_ShadowStrike","Reflex+1","Reflex+1","Grand Finale+1"],"relics":["Ring of the Snake","REME_ComplimentaryCards","Question Card","White Beast Statue","Bottled Flame","RedLine:ReiMu","FossilizedHelix","HornCleat","Akabeko","SlaversCollar","GodSword5","Gambling Chip","Orichalcum","Toolbox","Bag of Marbles"],"acts_visited":["Exordium","TheCity","TheBeyond","TheEnding"],"potions_floor_usage":[42,56],"damage_taken":[{"damage":1.0,"enemies":"Small Slimes","floor":1.0,"turns":3.0},{"damage":7.0,"enemies":"Cultist","floor":4.0,"turns":6.0},{"damage":0.0,"enemies":"2 Louse","floor":5.0,"turns":4.0},{"damage":5.0,"enemies":"Blue Slaver","floor":8.0,"turns":8.0},{"damage":7.0,"enemies":"Large Slime","floor":11.0,"turns":9.0},{"damage":6.0,"enemies":"Looter","floor":12.0,"turns":4.0},{"damage":1.0,"enemies":"Lagavulin","floor":14.0,"turns":5.0},{"damage":13.0,"enemies":"The Guardian","floor":16.0,"turns":9.0},{"damage":17.0,"enemies":"2 Thieves","floor":18.0,"turns":4.0},{"damage":5.0,"enemies":"3 Byrds","floor":21.0,"turns":4.0},{"damage":6.0,"enemies":"3 Cultists","floor":22.0,"turns":3.0},{"damage":18.0,"enemies":"Slavers","floor":25.0,"turns":3.0},{"damage":0.0,"enemies":"REME_1_Revenger","floor":30.0,"turns":2.0},{"damage":0.0,"enemies":"Collector","floor":33.0,"turns":2.0},{"damage":0.0,"enemies":"Orb Walker","floor":35.0,"turns":2.0},{"damage":9.0,"enemies":"3 Shapes","floor":36.0,"turns":3.0},{"damage":0.0,"enemies":"Jaw Worm Horde","floor":38.0,"turns":1.0},{"damage":0,"enemies":"Reptomancer","floor":40,"turns":2},{"damage":0,"enemies":"Nemesis","floor":42,"turns":1},{"damage":0,"enemies":"Giant Head","floor":44,"turns":2},{"damage":0,"enemies":"Maw","floor":46,"turns":2},{"damage":0,"enemies":"Sphere and 2 Shapes","floor":48,"turns":1},{"damage":0,"enemies":"Donu and Deca","floor":50,"turns":1},{"damage":0,"enemies":"Time Eater","floor":51,"turns":3},{"damage":0,"enemies":"Shield and Spear","floor":55,"turns":1},{"damage":124,"enemies":"The Heart","floor":56,"turns":4}],"seed_played":"-4357458421060941926","potions_obtained":[{"floor":5.0,"key":"PowerPotion"},{"floor":8.0,"key":"FairyPotion"},{"floor":14.0,"key":"EssenceOfSteel"},{"floor":21.0,"key":"DistilledChaos"},{"floor":25.0,"key":"SpeedPotion"},{"floor":30.0,"key":"LiquidMemories"},{"floor":40,"key":"LiquidMemories"},{"floor":42,"key":"MagicPotion:ReiMu"}],"is_trial":false,"path_per_floor":["M","?","$","M","M","R","T","M","T","$","M","M","?","E","R","B",null,"M","?","?","M","M","R","?","E","T","R","T","$","E","$","R","B",null,"M","M","$","M","$","E","R","E","T","E","R","M","R","M","R","B","B",null,"R","$","E","B",null],"character_chosen":"THE_SILENT","items_purchased":["Acrobatics","Calculated Gamble","Footwork","Toolbox"],"campfire_rested":0,"item_purchase_floors":[3,10,10,54],"current_hp_per_floor":[58,58,58,51,51,51,51,46,46,46,39,33,26,25,25,12,53,36,36,36,31,25,25,7,18,18,18,18,18,71,71,71,71,71,71,62,62,71,71,71,71,71,71,71,71,71,71,71,71,71,71,71,71,71,71,71],"gold":133,"neow_bonus":"RANDOM_COLORLESS","is_daily":false,"chose_seed":false,"campfire_upgraded":9,"win_rate":0.0,"timestamp":1607671268,"path_taken":["M","?","$","M","?","R","?","M","T","$","M","M","?","E","R","BOSS","M","?","?","M","M","R","?","E","T","R","?","$","E","$","R","BOSS","M","M","$","M","$","E","R","E","T","E","R","?","R","?","R","BOSS","BOSS","R","$","E","BOSS"],"items_purchased_type":["Card","Card","Card","Relic"],"build_version":"2020-11-30","purchased_purges":3,"victory":true,"max_hp_per_floor":[66,66,66,66,66,66,66,66,66,66,66,66,66,66,66,66,66,66,66,66,66,66,66,71,71,71,71,71,71,71,71,71,71,71,71,71,71,71,71,71,71,71,71,71,71,71,71,71,71,71,71,71,71,71,71,71],"card_choices":[{"not_picked":["Madness","Dark Shackles"],"picked":"Flash of Steel","floor":0.0},{"not_picked":["PiercingWail","Deflect"],"picked":"Prepared","floor":1.0},{"not_picked":["Deflect","Dodge and Roll","Poisoned Stab"],"picked":"SKIP","floor":4.0},{"not_picked":["Quick Slash","Deflect","Distraction"],"picked":"SKIP","floor":5.0},{"not_picked":["Backflip","Poisoned Stab","Sucker Punch"],"picked":"REME_GreenPollution","floor":8.0},{"not_picked":["Deadly Poison","Heel Hook","Dodge and Roll","Flying Knee"],"picked":"SKIP","floor":11.0},{"not_picked":["Caltrops","Underhanded Strike","Finisher","Deadly Poison"],"picked":"SKIP","floor":12.0},{"not_picked":["Dagger Throw","Acrobatics","Caltrops"],"picked":"Well Laid Plans","floor":14.0},{"not_picked":["After Image","Adrenaline","Wraith Form v2"],"picked":"REME_GrazeFinale","floor":16.0},{"not_picked":["Poisoned Stab","All Out Attack","Slice"],"picked":"Escape Plan","floor":18.0},{"not_picked":["Acrobatics","Prepared","Underhanded Strike"],"picked":"Reflex","floor":21.0},{"not_picked":["Underhanded Strike","Dash","Dodge and Roll"],"picked":"Reflex+1","floor":22.0},{"not_picked":["Deflect","Deadly Poison","Outmaneuver","Bane"],"picked":"SKIP","floor":25.0},{"not_picked":["Bouncing Flask","Bullet Time","Deadly Poison","Bane"],"picked":"SKIP","floor":30.0},{"not_picked":["Envenom","REME_ShadowForm","After Image"],"picked":"Grand Finale","floor":33.0},{"not_picked":["Terror+1","Slice","Flying Knee+1","Setup"],"picked":"SKIP","floor":35.0},{"not_picked":["Slice","Backstab","Dodge and Roll+1","Underhanded Strike+1"],"picked":"SKIP","floor":36.0},{"not_picked":["Underhanded Strike","Slice","Distraction","PiercingWail"],"picked":"SKIP","floor":38.0},{"not_picked":["Deadly Poison","Dagger Throw+1","PiercingWail","Poisoned Stab+1"],"picked":"SKIP","floor":40},{"not_picked":["REME_ShadowStrike","Backflip","Cloak And Dagger","Eviscerate"],"picked":"SKIP","floor":42},{"not_picked":["Poisoned Stab","Predator","Underhanded Strike","Skewer+1"],"picked":"SKIP","floor":44},{"not_picked":["Dagger Spray","Caltrops","Slice","PiercingWail"],"picked":"SKIP","floor":46},{"not_picked":["Noxious Fumes","Corpse Explosion","Deflect","Underhanded Strike"],"picked":"SKIP","floor":48},{"not_picked":["Prepared","Skewer","Deadly Poison","Flying Knee+1"],"picked":"SKIP","floor":55}],"player_experience":1088080,"relics_obtained":[{"floor":7.0,"key":"Question Card"},{"floor":9.0,"key":"White Beast Statue"},{"floor":14.0,"key":"Bottled Flame"},{"floor":26.0,"key":"FossilizedHelix"},{"floor":28.0,"key":"HornCleat"},{"floor":30.0,"key":"Akabeko"},{"floor":40,"key":"GodSword5"},{"floor":42,"key":"Gambling Chip"},{"floor":44,"key":"Orichalcum"},{"floor":55,"key":"Bag of Marbles"}],"event_choices":[{"cards_removed":["Strike_G"],"damage_healed":0.0,"max_hp_gain":0.0,"max_hp_loss":0.0,"gold_gain":0.0,"event_name":"Bonfire Elementals","player_choice":"Offered Basic","floor":2.0,"gold_loss":0.0,"damage_taken":0.0},{"cards_removed":["Defend_G"],"damage_healed":0.0,"max_hp_gain":0.0,"max_hp_loss":0.0,"gold_gain":0.0,"event_name":"Golden Wing","player_choice":"Card Removal","floor":13.0,"gold_loss":0.0,"damage_taken":7.0},{"damage_healed":0.0,"max_hp_gain":0.0,"max_hp_loss":0.0,"gold_gain":0.0,"event_name":"The Library","player_choice":"Read","floor":19.0,"gold_loss":0.0,"damage_taken":0.0,"cards_obtained":["Tactician"]},{"damage_healed":0.0,"max_hp_gain":0.0,"max_hp_loss":0.0,"gold_gain":0.0,"cards_transformed":["Strike_G","Strike_G"],"event_name":"Drug Dealer","player_choice":"Became Test Subject","floor":20.0,"gold_loss":0.0,"damage_taken":0.0,"cards_obtained":["Glass Knife","REME_ShadowStrike"]},{"damage_healed":0.0,"max_hp_gain":5.0,"max_hp_loss":0.0,"gold_gain":0.0,"event_name":"Forgotten Altar","player_choice":"Shed Blood","floor":24.0,"gold_loss":0.0,"damage_taken":23.0}],"is_beta":false,"boss_relics":[{"not_picked":["Empty Cage","Runic Pyramid"],"picked":"RedLine:ReiMu"},{"not_picked":["AddBug","WristBlade"],"picked":"SlaversCollar"}],"items_purged_floors":[29,31,37],"is_endless":false,"potions_floor_spawned":[5,8,11,12,14,16,18,21,22,25,30,33,35,36,38,40,42,44,46,48,55],"ascension_level":20}}