{"host":"10hinapzqlh39548","time":1607692361,"event":{"mods":["BaseMod","Colored Powertips","Minty Spire (QoL Compilation)","MostiFishMod","Replay The Spire","StSLib","Wandering Minibosses"],"gold_per_floor":[110,126,51,61,61,91,91,91,91,91,102,116,116,116,116,218,218,238,86,106,106,125,154,154,166,241,241,84,100,127,7,7,110,110,126,145,216,227,237,270,270,62,62,62,92,92,120,120,120,120,120,120,31,58,58],"floor_reached":56,"playtime":6179,"items_purged":["MostiFishMod:TheEndOfMoonlight","Decay","Dualcast","MostiFishMod:FantasySummer","Strike_B"],"score":2407,"play_id":"831051e4-617b-415d-905c-2a6c35a92980","local_time":"20201211141241","is_ascension_mode":true,"campfire_choices":[{"data":"MostiFishMod:NightSea","floor":7.0,"key":"SMITH"},{"data":"Zap","floor":10.0,"key":"SMITH"},{"floor":13.0,"key":"RECALL"},{"floor":15.0,"key":"REST"},{"data":"MostiFishMod:IntelligentEquipment","floor":24.0,"key":"SMITH"},{"data":"Scrape","floor":27.0,"key":"SMITH"},{"data":"Scrape","floor":32.0,"key":"SMITH"},{"data":"Deep Breath","floor":41.0,"key":"SMITH"},{"data":"FTL","floor":44.0,"key":"SMITH"},{"data":"Strike_B","floor":49,"key":"PURGE"},{"data":"MostiFishMod:SparklingWater","floor":52,"key":"SMITH"}],"circlet_count":0,"master_deck":["AscendersBane","Strike_B","Strike_B+1","Defend_B","Defend_B","Defend_B","Defend_B","Zap+1","MostiFishMod:SparklingWater+1","MostiFishMod:NightSea+1","Gash","Steam","Gash+1","MostiFishMod:IntelligentEquipment+1","Steam","Deep Breath+1","Gash+1","Steam+1","Scrape+1","FTL+1","Scrape+1","MostiFishMod:Overload","Reprogram","MostiFishMod:Overload","MostiFishMod:ButterFly","Go for the Eyes","All For One","All For One"],"relics":["Cracked Core","DaveBox","MoonlightInvasionPlan","Question Card","Quantum Egg","Anchor","ImportantClient","MetatronsCube","wanderingMiniBosses:OtherGremlinHorn","Bottled Flame","Mirror","Coffee Dripper","Frozen Egg 2","StoneCalendar","Pocketwatch","Unceasing Top","Gremlin Food","Replay:Bottled Steam"],"acts_visited":["Exordium","TheCity","TheBeyond","TheEnding"],"potions_floor_usage":[55,55],"damage_taken":[{"damage":0.0,"enemies":"Small Slimes","floor":1.0,"turns":2.0},{"damage":0.0,"enemies":"Cultist","floor":2.0,"turns":2.0},{"damage":0.0,"enemies":"Jaw Worm","floor":4.0,"turns":3.0},{"damage":28.0,"enemies":"3 Sentries","floor":6.0,"turns":8.0},{"damage":1.0,"enemies":"Red Slaver","floor":11.0,"turns":4.0},{"damage":2.0,"enemies":"Lots of Slimes","floor":12.0,"turns":7.0},{"damage":28.0,"enemies":"Fading Forest","floor":16.0,"turns":11.0},{"damage":2.0,"enemies":"2 Thieves","floor":18.0,"turns":5.0},{"damage":12.0,"enemies":"3 Byrds","floor":20.0,"turns":7.0},{"damage":3.0,"enemies":"3 Cultists","floor":22.0,"turns":5.0},{"damage":0.0,"enemies":"Gremlin Leader","floor":23.0,"turns":6.0},{"damage":0.0,"enemies":"Centurion and Healer","floor":25.0,"turns":3.0},{"damage":3.0,"enemies":"Snake Plant","floor":29.0,"turns":3.0},{"damage":0.0,"enemies":"Replay:Snechameleon","floor":30.0,"turns":4.0},{"damage":0.0,"enemies":"Automaton","floor":33.0,"turns":3.0},{"damage":0.0,"enemies":"3 Shapes","floor":35.0,"turns":2.0},{"damage":0.0,"enemies":"3 Darklings","floor":36.0,"turns":2.0},{"damage":0.0,"enemies":"Transient","floor":38.0,"turns":3.0},{"damage":0.0,"enemies":"Jaw Worm Horde","floor":39.0,"turns":2.0},{"damage":0.0,"enemies":"Reptomancer","floor":40.0,"turns":2.0},{"damage":0.0,"enemies":"Giant Head","floor":45.0,"turns":2.0},{"damage":0.0,"enemies":"Nemesis","floor":47.0,"turns":3.0},{"damage":0,"enemies":"Donu and Deca","floor":50,"turns":3},{"damage":0,"enemies":"Shield and Spear","floor":54,"turns":1},{"damage":0,"enemies":"The Heart","floor":55,"turns":4}],"seed_played":"-2032056111809256953","potions_obtained":[{"floor":1.0,"key":"Adrenaline Potion"},{"floor":6.0,"key":"SkillPotion"},{"floor":11.0,"key":"Flashbang"},{"floor":18.0,"key":"Death Potion"},{"floor":20.0,"key":"Dexterity Potion"},{"floor":30.0,"key":"LiquidBronze"},{"floor":33.0,"key":"SteroidPotion"},{"floor":36.0,"key":"AttackPotion"},{"floor":45.0,"key":"Elixir"}],"is_trial":false,"path_per_floor":["M","M","$","M","?","E","R","$","T","R","M","M","R","?","R","B",null,"M","$","M","?","M","E","R","M","T","R","$","M","E","$","R","B",null,"M","M","T","M","M","E","R","$","T","R","E","?","E","?","R","B",null,"R","$","E","B",null],"character_chosen":"DEFECT","items_purchased":["Deep Breath","FTL","MostiFishMod:ButterFly","All For One"],"campfire_rested":1,"item_purchase_floors":[19,28,42,53],"current_hp_per_floor":[68,68,68,68,68,40,40,40,40,40,39,37,37,22,44,16,60,58,58,46,75,72,72,72,72,72,72,72,69,69,69,69,69,74,74,74,74,74,74,74,74,74,74,74,75,71,71,71,71,71,71,71,71,71,71],"gold":58,"neow_bonus":"RANDOM_EVENT","is_daily":false,"chose_seed":false,"campfire_upgraded":8,"win_rate":0.0,"timestamp":1607692361,"path_taken":["M","M","$","M","?","E","R","?","T","R","M","M","R","?","R","BOSS","M","$","M","?","M","E","R","M","T","R","$","M","E","$","R","BOSS","M","M","?","?","M","E","R","$","T","R","E","?","E","?","R","BOSS","R","$","E","BOSS"],"items_purchased_type":["Card","Card","Card","Card"],"build_version":"2020-11-30","purchased_purges":5,"victory":true,"max_hp_per_floor":[75,75,75,75,75,75,75,75,75,75,75,75,75,75,75,75,75,75,75,75,75,75,75,75,75,75,75,75,75,75,75,75,75,75,75,75,75,75,75,75,75,75,75,75,75,71,71,71,71,71,71,71,71,71,71],"card_choices":[{"not_picked":["Static Discharge","Leap"],"picked":"Gash","floor":1.0},{"not_picked":["Stack","Sunder","Coolheaded"],"picked":"Steam","floor":2.0},{"not_picked":["Stack","Sunder","Static Discharge"],"picked":"Gash","floor":4.0},{"not_picked":["Melter","Sweeping Beam","Stack","Cold Snap"],"picked":"SKIP","floor":6.0},{"not_picked":["ReplaySolidLightProjector","Stack","Recycle","Conserve Battery"],"picked":"SKIP","floor":11.0},{"not_picked":["ReplayTheSpireMod:GoodbyeWorld","Recycle","Cold Snap","Hello World"],"picked":"SKIP","floor":12.0},{"not_picked":["MostiFishMod:Hijack","MostiFishMod:GoodWordForIt","Biased Cognition"],"picked":"MostiFishMod:IntelligentEquipment","floor":16.0},{"not_picked":["Barrage","Doom and Gloom","FTL"],"picked":"Steam","floor":18.0},{"not_picked":["Recycle","ReplaySort","Stack"],"picked":"Gash+1","floor":20.0},{"not_picked":["Panic Button+1","Ball Lightning+1","Self Repair"],"picked":"Steam+1","floor":22.0},{"not_picked":["Leap","Turbo","Creative AI","Rip and Tear"],"picked":"SKIP","floor":23.0},{"not_picked":["Tempest","Leap","Rebound"],"picked":"Scrape","floor":25.0},{"not_picked":["Barrage","Redo","Double Energy"],"picked":"Scrape","floor":29.0},{"not_picked":["Genetic Algorithm","Crystallizer","Conserve Battery","Rebound"],"picked":"SKIP","floor":30.0},{"not_picked":["All For One","Hyperbeam","Echo Form"],"picked":"MostiFishMod:Overload","floor":33.0},{"not_picked":["Double Energy","Turbo","Barrage"],"picked":"Reprogram","floor":35.0},{"not_picked":["Stack+1","Panic Button","Sweeping Beam"],"picked":"MostiFishMod:Overload","floor":36.0},{"not_picked":["ReplayTheSpireMod:Calculation Training","Turbo","BootSequence+1","Panic Button+1"],"picked":"SKIP","floor":38.0},{"not_picked":["Coolheaded","Time Bomb","Ball Lightning","Loop+1"],"picked":"SKIP","floor":39.0},{"not_picked":["Undo","Compile Driver","Leap","Streamline+1"],"picked":"SKIP","floor":40.0},{"not_picked":["Auto Shields","Chill","Aggregate","Ball Lightning"],"picked":"SKIP","floor":45.0},{"not_picked":["ReplayTheSpireMod:GoodbyeWorld+1","BasicCrystalCard","ReplayTheSpireMod:Reroute Power"],"picked":"Go for the Eyes","floor":47.0},{"not_picked":["Storm+1","Sweeping Beam","MostiFishMod:TalkingToTheRain+1","Ball Lightning+1"],"picked":"SKIP","floor":54}],"player_experience":1082824,"relics_obtained":[{"floor":1.0,"key":"Question Card"},{"floor":6.0,"key":"Quantum Egg"},{"floor":9.0,"key":"Anchor"},{"floor":16.0,"key":"ImportantClient"},{"floor":20.0,"key":"wanderingMiniBosses:OtherGremlinHorn"},{"floor":23.0,"key":"Bottled Flame"},{"floor":30.0,"key":"Mirror"},{"floor":37.0,"key":"Frozen Egg 2"},{"floor":40.0,"key":"StoneCalendar"},{"floor":43.0,"key":"Pocketwatch"},{"floor":45.0,"key":"Unceasing Top"},{"floor":47.0,"key":"Gremlin Food"},{"floor":54,"key":"Replay:Bottled Steam"}],"event_choices":[{"cards_removed":["MostiFishMod:Neptune"],"damage_healed":0.0,"max_hp_gain":0.0,"max_hp_loss":0.0,"gold_gain":0.0,"event_name":"Living Wall","player_choice":"Forget","floor":0.0,"gold_loss":0.0,"damage_taken":0.0},{"damage_healed":0.0,"max_hp_gain":0.0,"max_hp_loss":0.0,"gold_gain":0.0,"event_name":"Wheel of Change","player_choice":"Cursed","floor":5.0,"gold_loss":0.0,"damage_taken":0.0,"cards_obtained":["Decay"]},{"damage_healed":0.0,"max_hp_gain":0.0,"max_hp_loss":0.0,"gold_gain":0.0,"event_name":"Shining Light","player_choice":"Entered Light","floor":14.0,"gold_loss":0.0,"damage_taken":15.0,"cards_upgraded":["Strike_B","Gash"]},{"damage_healed":29.0,"max_hp_gain":0.0,"max_hp_loss":0.0,"gold_gain":0.0,"event_name":"Wheel of Change","player_choice":"Full Heal","floor":21.0,"gold_loss":0.0,"damage_taken":0.0},{"damage_healed":0.0,"max_hp_gain":0.0,"max_hp_loss":4.0,"gold_gain":0.0,"event_name":"Winding Halls","player_choice":"Max HP","floor":46.0,"gold_loss":0.0,"damage_taken":0.0},{"damage_healed":0.0,"max_hp_gain":0.0,"max_hp_loss":0.0,"gold_gain":0.0,"event_name":"Transmorgrifier","player_choice":"Ignored","floor":48.0,"gold_loss":0.0,"damage_taken":0.0}],"is_beta":false,"boss_relics":[{"not_picked":["RhineSuit","Kintsugi"],"picked":"MetatronsCube"},{"not_picked":["Busted Crown","ChewingGum"],"picked":"Coffee Dripper"}],"items_purged_floors":[3,19,28,31,42],"is_endless":false,"potions_floor_spawned":[1,6,11,18,20,30,33,36,39,45],"ascension_level":12}}