{"host":"7zb9v22qptw5vuf6","time":1607683204,"event":{"mods":["BaseMod","Luminous","Marisa（F雨　魔理沙）","Minty Spire (QoL Compilation)","Reimu（博丽灵梦）","Replay The Spire","Say the Spire","StSLib","The Jungle","Yuyuko","【东方二次创作】八云紫mod"],"gold_per_floor":[115,132,132,132,307,68,68,68,68,94,106,106,119,119,119,222,222,237,250,129,142,79,79,79],"floor_reached":23,"playtime":2328,"items_purged":["Doubt","Writhe","ReplayTheSpireMod:Splinters"],"score":189,"play_id":"1ab44660-590b-40c1-b0da-df13b3839e36","local_time":"20201211184004","is_ascension_mode":false,"campfire_choices":[{"floor":7.0,"key":"REST"},{"data":"Creative AI","floor":12.0,"key":"SMITH"},{"data":"Ghost Lead","floor":15.0,"key":"SMITH"}],"circlet_count":0,"master_deck":["Fantasy Butterflies","Fantasy Butterflies","Fantasy Butterflies","Fantasy Butterflies","Fantasy Butterflies","Dreamy Sakura","Dreamy Sakura","Dreamy Sakura","Dreamy Sakura","Dreamy Sakura","Deathly Ground","Faramita\u0027s Temptation","Phantom Gift","Gather the Spring","Ghost Lead+1","Creative AI+1","Luminous:Armageddon_Luminous","Spear of Papilio","The Inky Sakura","ShootingEcho+1"],"relics":["Coronal","Yuyuko\u0027s fan","PrismaticShard","Ring of Peace","ReplayTheSpireMod:Ring of Exchange","Chameleon Ring","Art of War","Membership Card"],"acts_visited":["Exordium","Exordium"],"potions_floor_usage":[16,21],"damage_taken":[{"damage":31.0,"enemies":"Jaw Worm","floor":1.0,"turns":5.0},{"damage":22.0,"enemies":"2 Louse","floor":2.0,"turns":3.0},{"damage":33.0,"enemies":"3 Sentries","floor":10.0,"turns":5.0},{"damage":24.0,"enemies":"Small Slimes","floor":11.0,"turns":6.0},{"damage":26.0,"enemies":"2 Fungi Beasts","floor":13.0,"turns":4.0},{"damage":66,"enemies":"Fading Forest","floor":16,"turns":11},{"damage":31,"enemies":"Shell Parasite","floor":18,"turns":6},{"damage":19,"enemies":"theJungle:GiantWrat","floor":19,"turns":5},{"damage":51,"enemies":"theJungle:Lyon","floor":21,"turns":6},{"damage":47,"enemies":"theJungle:MamaSnecko","floor":23,"turns":4}],"seed_played":"-4589272859126764372","potions_obtained":[{"floor":0.0,"key":"CultistPotion"},{"floor":0.0,"key":"Milkshake"},{"floor":0.0,"key":"FairyPotion"},{"floor":11.0,"key":"Swift Potion"},{"floor":16,"key":"Milkshake"},{"floor":18,"key":"Swift Potion"}],"is_trial":false,"path_per_floor":["M","M","?","?","?","$","R","?","T","E","M","R","M","?","R","B",null,"M","M","$","M","$","E"],"character_chosen":"YUYOKO","items_purchased":["Ghost Lead","The Inky Sakura"],"campfire_rested":1,"item_purchase_floors":[6,20],"current_hp_per_floor":[21,4,4,4,4,4,16,16,16,9,18,18,10,23,23,3,40,19,29,29,16,16,0,0],"gold":79,"neow_bonus":"THREE_SMALL_POTIONS","is_daily":false,"chose_seed":false,"campfire_upgraded":2,"win_rate":0.0,"timestamp":1607683204,"path_taken":["M","M","?","?","?","$","R","?","T","E","M","R","M","?","R","BOSS","M","M","$","M","$","E"],"items_purchased_type":["Card","Card"],"build_version":"2020-11-30","purchased_purges":3,"victory":false,"max_hp_per_floor":[40,40,40,40,40,40,40,40,40,40,40,40,40,40,40,40,40,40,40,40,40,40,40,40],"card_choices":[{"not_picked":["Bloom","Song of Papilio"],"picked":"Phantom Gift","floor":1.0},{"not_picked":["Sweet of Phantom","Mini Ghostdom"],"picked":"Gather the Spring","floor":2.0},{"not_picked":["FIFO Queue","PrepareRite:ReiMu","DimensionStaggered_purple"],"picked":"SKIP","floor":10.0},{"not_picked":["Sweeping Beam","Underhanded Strike"],"picked":"Creative AI","floor":11.0},{"not_picked":["FlurryOfBlows","Run Through","Luminous:Light_Disperse"],"picked":"SKIP","floor":13.0},{"not_picked":["Secret Technique","Corpse Explosion"],"picked":"Luminous:Armageddon_Luminous","floor":16},{"not_picked":["Barrage+1","Clothesline"],"picked":"Spear of Papilio","floor":18},{"not_picked":["Luminous:Magic_Accelerate_Luminous","Luminous:Light_Track","CrushJoints"],"picked":"SKIP","floor":19},{"not_picked":["Luminous:Light_Gather","Serene Spring+1"],"picked":"ShootingEcho+1","floor":21}],"player_experience":194663,"relics_obtained":[{"floor":8.0,"key":"Ring of Peace"},{"floor":8.0,"key":"ReplayTheSpireMod:Ring of Exchange"},{"floor":9.0,"key":"Chameleon Ring"},{"floor":10.0,"key":"Art of War"}],"event_choices":[{"damage_healed":0.0,"max_hp_gain":0.0,"max_hp_loss":0.0,"gold_gain":0.0,"event_name":"Shining Light","player_choice":"Ignored","floor":4.0,"gold_loss":0.0,"damage_taken":0.0},{"damage_healed":0.0,"max_hp_gain":0.0,"max_hp_loss":0.0,"gold_gain":175.0,"event_name":"Liars Game","player_choice":"AGREE","floor":5.0,"gold_loss":0.0,"damage_taken":0.0,"cards_obtained":["Doubt"]},{"damage_healed":13.0,"max_hp_gain":0.0,"max_hp_loss":0.0,"gold_gain":0.0,"event_name":"Big Fish","player_choice":"Banana","floor":14.0,"gold_loss":0.0,"damage_taken":0.0}],"is_beta":false,"boss_relics":[{"not_picked":["Strange Spoon","SacredBark"],"picked":"Membership Card"}],"items_purged_floors":[6,20,22],"is_endless":false,"potions_floor_spawned":[2,11,16,18,19],"killed_by":"theJungle:MamaSnecko","ascension_level":0}}