{"host":"f7i0xv5umhttwhc1","time":1607689195,"event":{"mods":["BaseMod","Better Third Choice","Colored Map","Highlight Path","Minty Spire (QoL Compilation)","Relic Stats","StSLib"],"gold_per_floor":[118,137,137,114,52,83,108,39,65,65,84,84,97,97,97,193,193,205,61,61,61,71,71,106,106,132,143,157,9,9,28,28,129,129,147,4,21,21,72,72,72,88,88,102,122,151,165,13,13,13],"floor_reached":51,"playtime":3442,"items_purged":["Strike_G"],"score":745,"play_id":"3a119a9f-4506-43f9-a54f-46b294234b9d","local_time":"20201211231955","is_ascension_mode":false,"campfire_choices":[{"data":"Neutralize","floor":10,"key":"SMITH"},{"data":"Blade Dance","floor":15,"key":"SMITH"},{"data":"Infinite Blades","floor":23,"key":"SMITH"},{"data":"Blade Dance","floor":30,"key":"SMITH"},{"data":"After Image","floor":32,"key":"SMITH"},{"floor":40,"key":"REST"},{"floor":49,"key":"REST"}],"circlet_count":0,"master_deck":["Defend_G","Defend_G","Defend_G","Defend_G","Defend_G","Survivor","Neutralize+1","Terror","Blade Dance+1","Accuracy+1","Slice","After Image","After Image+1","Blade Dance+1","Infinite Blades+1","Bite","Bite","Bite","Bite","Bite","Storm of Steel","Violence","Blade Dance+1","Prepared+1","Parasite"],"relics":["Ring of the Snake","NeowsBlessing","MawBank","Ancient Tea Set","Odd Mushroom","Omamori","Ornamental Fan","Toy Ornithopter","PreservedInsect","Vajra","HoveringKite","Lee\u0027s Waffle","Lizard Tail","Mummified Hand","Ninja Scroll","HandDrill"],"acts_visited":["Exordium","TheCity","TheBeyond"],"potions_floor_usage":[7,13,16,16,24,28,28,33,45,46,50],"damage_taken":[{"damage":0,"enemies":"Cultist","floor":1,"turns":1},{"damage":0,"enemies":"2 Louse","floor":2,"turns":1},{"damage":0,"enemies":"Gremlin Nob","floor":6,"turns":1},{"damage":15,"enemies":"The Mushroom Lair","floor":7,"turns":4},{"damage":0,"enemies":"Small Slimes","floor":11,"turns":3},{"damage":7,"enemies":"2 Fungi Beasts","floor":13,"turns":2},{"damage":6,"enemies":"The Guardian","floor":16,"turns":18},{"damage":4,"enemies":"3 Byrds","floor":18,"turns":7},{"damage":12,"enemies":"Shell Parasite","floor":22,"turns":5},{"damage":9,"enemies":"Book of Stabbing","floor":24,"turns":4},{"damage":0,"enemies":"3 Cultists","floor":27,"turns":5},{"damage":11,"enemies":"Snake Plant","floor":28,"turns":5},{"damage":0,"enemies":"Centurion and Healer","floor":31,"turns":4},{"damage":47,"enemies":"Collector","floor":33,"turns":6},{"damage":29,"enemies":"3 Darklings","floor":35,"turns":5},{"damage":6,"enemies":"Orb Walker","floor":37,"turns":4},{"damage":41,"enemies":"2 Orb Walkers","floor":39,"turns":7},{"damage":13,"enemies":"Maw","floor":42,"turns":6},{"damage":0,"enemies":"Transient","floor":44,"turns":5},{"damage":7,"enemies":"3 Darklings","floor":45,"turns":5},{"damage":46,"enemies":"Reptomancer","floor":46,"turns":3},{"damage":1,"enemies":"Writhing Mass","floor":47,"turns":7},{"damage":55,"enemies":"Donu and Deca","floor":50,"turns":10}],"seed_played":"-6407802694482578900","potions_obtained":[{"floor":1,"key":"Explosive Potion"},{"floor":7,"key":"LiquidMemories"},{"floor":11,"key":"SkillPotion"},{"floor":12,"key":"Explosive Potion"},{"floor":12,"key":"Poison Potion"},{"floor":16,"key":"FearPotion"},{"floor":18,"key":"Fire Potion"},{"floor":22,"key":"ColorlessPotion"},{"floor":24,"key":"SteroidPotion"},{"floor":35,"key":"Swift Potion"},{"floor":42,"key":"CunningPotion"},{"floor":47,"key":"SkillPotion"}],"is_trial":false,"path_per_floor":["M","M","?","?","$","E","?","$","T","R","M","?","M","?","R","B",null,"M","$","?","?","M","R","E","?","T","M","M","$","R","M","R","B",null,"M","$","M","?","?","R","?","M","T","M","M","E","M","$","R","B",null],"character_chosen":"THE_SILENT","items_purchased":["Accuracy","After Image","Infinite Blades","Vajra","Lee\u0027s Waffle","HandDrill"],"campfire_rested":2,"item_purchase_floors":[5,8,19,29,36,48],"current_hp_per_floor":[70,70,63,70,70,70,55,55,55,55,55,55,48,48,48,42,70,66,66,49,49,43,43,40,40,40,44,42,42,42,46,46,12,49,26,56,54,54,23,39,39,36,36,46,52,14,31,31,47,13],"gold":13,"neow_bonus":"THREE_ENEMY_KILL","is_daily":false,"chose_seed":false,"campfire_upgraded":5,"win_rate":0.0,"timestamp":1607689195,"path_taken":["M","?","?","?","$","E","?","?","T","R","M","?","?","?","R","BOSS","M","$","?","?","M","R","E","?","T","M","M","?","R","M","R","BOSS","M","$","M","?","?","R","?","M","T","M","?","E","M","$","R","BOSS"],"items_purchased_type":["Card","Card","Card","Relic","Relic","Relic"],"build_version":"2020-11-30","purchased_purges":1,"victory":true,"max_hp_per_floor":[70,70,70,70,70,70,70,70,70,70,70,70,70,70,70,70,70,70,70,49,49,49,49,49,49,49,49,49,49,49,49,49,49,49,49,56,56,56,56,56,56,56,56,56,56,56,56,56,56,56],"relic_stats":{"Lee\u0027s Waffle":30,"Lizard Tail":0,"counters":[23,118],"Ornamental Fan":[336],"Mummified Hand":[19],"HoveringKite":[16],"PreservedInsect":58,"HandDrill":[4],"MawBank":24,"obtain_stats":[{"Lee\u0027s Waffle":36,"NeowsBlessing":0,"Vajra":29,"HoveringKite":34,"PreservedInsect":26,"Omamori":9,"Odd Mushroom":7,"MawBank":3,"Ancient Tea Set":6,"Lizard Tail":39,"Ornamental Fan":24,"Mummified Hand":43,"Ninja Scroll":46,"HandDrill":48,"Toy Ornithopter":25,"Ring of the Snake":0},{"Lee\u0027s Waffle":15,"NeowsBlessing":0,"Vajra":12,"HoveringKite":14,"PreservedInsect":10,"Omamori":4,"Odd Mushroom":4,"MawBank":2,"Ancient Tea Set":3,"Lizard Tail":17,"Ornamental Fan":10,"Mummified Hand":18,"Ninja Scroll":21,"HandDrill":22,"Toy Ornithopter":10,"Ring of the Snake":0},{"Lee\u0027s Waffle":71,"NeowsBlessing":0,"Vajra":56,"HoveringKite":66,"PreservedInsect":46,"Omamori":7,"Odd Mushroom":7,"MawBank":2,"Ancient Tea Set":3,"Lizard Tail":82,"Ornamental Fan":46,"Mummified Hand":88,"Ninja Scroll":101,"HandDrill":108,"Toy Ornithopter":46,"Ring of the Snake":0}],"Toy Ornithopter":16,"Ring of the Snake":[46]},"card_choices":[{"not_picked":["All Out Attack","Blur"],"picked":"Terror","floor":1},{"not_picked":["Tactician","Calculated Gamble"],"picked":"Blade Dance","floor":2},{"not_picked":["Reflex","Adrenaline"],"picked":"Slice","floor":6},{"not_picked":["Flying Knee","Sucker Punch","Backflip"],"picked":"SKIP","floor":11},{"not_picked":["Deflect","Night Terror","PiercingWail"],"picked":"SKIP","floor":13},{"not_picked":["Venomology","Burst"],"picked":"After Image","floor":16},{"not_picked":["Dagger Throw","Quick Slash"],"picked":"Blade Dance","floor":18},{"not_picked":["Skewer+1","Sucker Punch+1","Flechettes"],"picked":"SKIP","floor":22},{"not_picked":["Sucker Punch","Dodge and Roll","Well Laid Plans+1"],"picked":"SKIP","floor":24},{"not_picked":["Dodge and Roll","Sucker Punch","Underhanded Strike+1"],"picked":"SKIP","floor":27},{"not_picked":["Dagger Throw","Well Laid Plans","Underhanded Strike"],"picked":"SKIP","floor":28},{"not_picked":["Bane","Wraith Form v2","Dodge and Roll"],"picked":"SKIP","floor":31},{"not_picked":["Night Terror","Unload"],"picked":"Storm of Steel","floor":33},{"not_picked":["All Out Attack+1","Backflip","Predator+1"],"picked":"SKIP","floor":35},{"not_picked":["Expertise+1","Backflip","Quick Slash+1"],"picked":"SKIP","floor":37},{"not_picked":["Purity","Sadistic Nature"],"picked":"Violence","floor":38},{"not_picked":["Flying Knee+1","Sucker Punch"],"picked":"Blade Dance+1","floor":42},{"not_picked":["Heel Hook","Dash"],"picked":"Prepared+1","floor":44},{"not_picked":["Acrobatics","Dagger Spray","Flying Knee"],"picked":"SKIP","floor":45},{"not_picked":["Heel Hook+1","Tactician","Leg Sweep"],"picked":"SKIP","floor":46},{"not_picked":["Flechettes+1","Deadly Poison","Slice+1"],"picked":"SKIP","floor":47}],"player_experience":167365,"relics_obtained":[{"floor":6,"key":"Ancient Tea Set"},{"floor":7,"key":"Odd Mushroom"},{"floor":9,"key":"Omamori"},{"floor":24,"key":"Ornamental Fan"},{"floor":26,"key":"PreservedInsect"},{"floor":39,"key":"Lizard Tail"},{"floor":43,"key":"Mummified Hand"},{"floor":46,"key":"Ninja Scroll"}],"event_choices":[{"damage_healed":0,"gold_gain":0,"player_choice":"Relic ","damage_taken":7,"max_hp_gain":0,"max_hp_loss":0,"event_name":"betterThird:BetterScrap","floor":3,"gold_loss":0,"cards_obtained":["Brutality"]},{"damage_healed":17,"gold_gain":0,"player_choice":"Healed","damage_taken":0,"max_hp_gain":0,"max_hp_loss":0,"event_name":"The Cleric","floor":4,"gold_loss":35},{"damage_healed":0,"gold_gain":0,"player_choice":"Fought Mushrooms","damage_taken":0,"max_hp_gain":0,"max_hp_loss":0,"event_name":"Mushrooms","floor":7,"gold_loss":0},{"damage_healed":0,"gold_gain":0,"player_choice":"Got Potions","damage_taken":0,"max_hp_gain":0,"max_hp_loss":0,"event_name":"Lab","floor":12,"gold_loss":0},{"damage_healed":0,"gold_gain":0,"player_choice":"Upgraded","damage_taken":0,"max_hp_gain":0,"max_hp_loss":0,"event_name":"Upgrade Shrine","floor":14,"gold_loss":0,"cards_upgraded":["Accuracy"]},{"damage_healed":0,"gold_gain":0,"player_choice":"Became a vampire","damage_taken":0,"max_hp_gain":0,"max_hp_loss":21,"event_name":"Vampires","floor":20,"gold_loss":0,"cards_obtained":["Bite","Bite","Bite","Bite","Bite"]},{"damage_healed":0,"gold_gain":0,"player_choice":"Smashed Altar","damage_taken":0,"max_hp_gain":0,"max_hp_loss":0,"event_name":"Forgotten Altar","floor":21,"gold_loss":0,"cards_obtained":["Decay"]},{"damage_healed":0,"gold_gain":0,"player_choice":"Opened","damage_taken":0,"relics_obtained":["Toy Ornithopter"],"max_hp_gain":0,"max_hp_loss":0,"event_name":"The Mausoleum","floor":25,"gold_loss":0,"cards_obtained":["Writhe"]},{"damage_healed":0,"gold_gain":0,"player_choice":"Memory 1","damage_taken":0,"max_hp_gain":0,"max_hp_loss":0,"event_name":"SensoryStone","floor":38,"gold_loss":0},{"damage_healed":0,"gold_gain":0,"player_choice":"Fight","damage_taken":0,"max_hp_gain":0,"max_hp_loss":0,"event_name":"Mysterious Sphere","floor":39,"gold_loss":0},{"damage_healed":0,"gold_gain":0,"player_choice":"Ignored","damage_taken":0,"max_hp_gain":0,"max_hp_loss":0,"event_name":"Tomb of Lord Red Mask","floor":41,"gold_loss":0}],"is_beta":false,"boss_relics":[{"not_picked":["Cursed Key","Runic Pyramid","Coffee Dripper"]},{"not_picked":["Calling Bell","Astrolabe"],"picked":"HoveringKite"}],"items_purged_floors":[19],"is_endless":false,"potions_floor_spawned":[1,7,11,16,18,22,24,35,42,47],"ascension_level":0}}