{"host":"kos1s9q8ffr8fqos","time":1607647858,"event":{"mods":["2.2 Compatiblity","AchievementEnabler","AlwaysNeverKeys","Astrologer","BaseMod","Bestiary","Better Altar","Better Match","Better Note","Better Sensory Stone","Better Skull","Better Third Choice","Better Vampires","Colored Map","Colored Powertips","Curses Come First","Hermit","Infinite Spire","Jorbs\u0027s Wanderer Trilogy","Minty Spire (QoL Compilation)","Quick Restart","Random Character Button","Relic Stats","Shop Mod","StSLib","The Blue Laboratory","The Construct","The Disciple","The Hierophant"],"gold_per_floor":[117,134,169,169,149,149,153,153,179,179,232,232,185,238,238,208,208],"floor_reached":16,"playtime":649,"items_purged":[],"score":113,"play_id":"1f178076-c2a8-4f1b-8471-d764e49c468f","local_time":"20201210185058","is_ascension_mode":true,"campfire_choices":[{"data":"hierophant:SecretStash","floor":6,"key":"SMITH"},{"floor":8,"key":"REST"},{"data":"hierophant:Flagellation","floor":10,"key":"SMITH"},{"floor":15,"key":"REST"}],"circlet_count":0,"master_deck":["hierophant:Strike_Hierophant","hierophant:Strike_Hierophant","hierophant:Strike_Hierophant","hierophant:Punish+1","hierophant:Defend_Hierophant","hierophant:Defend_Hierophant","hierophant:Defend_Hierophant","hierophant:Defend_Hierophant","hierophant:ChurchCoffers","hierophant:RepressedViolence","hierophant:SecretStash+1","hierophant:Flagellation+1","hierophant:MirrorShield","hierophant:PristineSoul","hierophant:SealAway","hierophant:HolyVerse"],"relics":["hierophant:PropheticMaskRelic","Golden Idol","Bronze Scales","Omamori","Boot"],"acts_visited":["Exordium"],"potions_floor_usage":[7,16],"damage_taken":[{"damage":1,"enemies":"Cultist","floor":1,"turns":3},{"damage":0,"enemies":"Small Slimes","floor":2,"turns":3},{"damage":0,"enemies":"2 Louse","floor":3,"turns":1},{"damage":0,"enemies":"Looter","floor":5,"turns":4},{"damage":46,"enemies":"Lagavulin","floor":7,"turns":8},{"damage":25,"enemies":"Gremlin Nob","floor":11,"turns":4},{"damage":0,"enemies":"3 Louse","floor":14,"turns":1},{"damage":31,"enemies":"Hexaghost","floor":16,"turns":9}],"seed_played":"6554023120511106766","potions_obtained":[{"floor":2,"key":"FearPotion"},{"floor":3,"key":"blueLaboratory:LouseDecoction"},{"floor":7,"key":"blueLaboratory:SavagePotion"},{"floor":11,"key":"blueLaboratory:NullPotion"}],"is_trial":false,"path_per_floor":["M","M","M","?","M","R","E","R","T","R","E","?","?","M","R","B"],"character_chosen":"HIEROPHANT","items_purchased":[],"campfire_rested":2,"item_purchase_floors":[],"current_hp_per_floor":[74,74,74,56,56,56,10,32,32,32,7,7,7,7,29,0,0],"gold":208,"neow_bonus":"UPGRADE_CARD","is_daily":false,"chose_seed":false,"campfire_upgraded":2,"win_rate":0.0,"timestamp":1607647858,"path_taken":["M","?","M","?","M","R","E","R","T","R","E","?","?","M","R","BOSS"],"items_purchased_type":[],"build_version":"2020-11-30","purchased_purges":0,"victory":false,"max_hp_per_floor":[75,75,75,75,75,75,75,75,75,75,75,75,75,75,75,75,75],"relic_stats":{"counters":[8,33],"Golden Idol":21,"Bronze Scales":[51],"Boot":[0],"obtain_stats":[{"Golden Idol":4,"hierophant:PropheticMaskRelic":0,"Bronze Scales":7,"Omamori":9,"Boot":11},{"Golden Idol":3,"hierophant:PropheticMaskRelic":0,"Bronze Scales":5,"Omamori":5,"Boot":6},{"Golden Idol":7,"hierophant:PropheticMaskRelic":0,"Bronze Scales":19,"Omamori":19,"Boot":23}]},"card_choices":[{"not_picked":["hierophant:FieryStrike","hierophant:OrnateBuckler"],"picked":"hierophant:RepressedViolence","floor":1},{"not_picked":["hierophant:HammerAndAnvil","hierophant:ThreeLashes"],"picked":"hierophant:SecretStash","floor":2},{"not_picked":["hierophant:Doubloon","hierophant:DisplayOfPower","hierophant:RepressedViolence"],"picked":"SKIP","floor":3},{"not_picked":["hierophant:Alms","hierophant:Sermon"],"picked":"hierophant:Flagellation","floor":5},{"not_picked":["hierophant:Refuge","hierophant:Alms"],"picked":"hierophant:MirrorShield","floor":7},{"not_picked":["hierophant:Bribe","hierophant:Encroach"],"picked":"hierophant:PristineSoul","floor":11},{"not_picked":["hierophant:Refuge","hierophant:Racketeering"],"picked":"hierophant:HolyVerse","floor":14}],"player_experience":1232338,"relics_obtained":[{"floor":7,"key":"Bronze Scales"},{"floor":9,"key":"Omamori"},{"floor":11,"key":"Boot"}],"event_choices":[{"damage_healed":0,"gold_gain":0,"player_choice":"Take Damage","damage_taken":18,"relics_obtained":["Golden Idol"],"max_hp_gain":0,"max_hp_loss":0,"event_name":"Golden Idol","floor":4,"gold_loss":0},{"damage_healed":0,"gold_gain":0,"cards_transformed":["hierophant:Strike_Hierophant"],"player_choice":"Change","damage_taken":0,"max_hp_gain":0,"max_hp_loss":0,"event_name":"Living Wall","floor":12,"gold_loss":0,"cards_obtained":["hierophant:SealAway"]},{"damage_healed":0,"gold_gain":0,"player_choice":"Left","damage_taken":0,"max_hp_gain":0,"max_hp_loss":0,"event_name":"betterThird:BetterGoop","floor":13,"gold_loss":47}],"is_beta":false,"boss_relics":[],"items_purged_floors":[],"is_endless":false,"potions_floor_spawned":[2,3,7,11],"killed_by":"Hexaghost","ascension_level":1}}