{"host":"3xls0xm49ftugio7","time":1607684595,"event":{"mods":["2.2 Compatiblity","AchievementEnabler","Act Like it!","BaseMod","Colored Powertips","GifTheSpireLib","Hermit","Minty Spire (QoL Compilation)","Quick Restart","Relic Stats","StSLib","The Florist","The Hierophant"],"gold_per_floor":[112,123,123,141,158,158,175,175,175,175,230,259,67,1,1,1,1],"floor_reached":16,"playtime":606,"items_purged":[],"score":195,"play_id":"3cb542f6-8b74-4a92-a7fb-0d582a53c977","local_time":"20201211130315","is_ascension_mode":true,"campfire_choices":[{"data":"hermit:FlashPowder","floor":6.0,"key":"SMITH"},{"data":"hermit:EyeOfTheStorm","floor":8.0,"key":"SMITH"},{"floor":15,"key":"REST"}],"circlet_count":0,"master_deck":["AscendersBane","hermit:Strike_Hermit","hermit:Strike_Hermit","hermit:Strike_Hermit","hermit:Strike_Hermit","hermit:Defend_Hermit","hermit:Defend_Hermit+1","hermit:Defend_Hermit+1","hermit:Defend_Hermit","hermit:Snapshot","hermit:Covet","hermit:ShadowCloak","hermit:FlashPowder+1","hermit:GhostlyPresence","hermit:Headshot+1","hermit:EyeOfTheStorm+1","hermit:ShadowCloak","hermit:DeadOrAlive","hermit:TakeAim"],"relics":["hermit:Momento","Bag of Marbles","Eternal Feather","Matryoshka","War Paint"],"acts_visited":["Exordium"],"potions_floor_usage":[16,16],"damage_taken":[{"damage":0.0,"enemies":"Jaw Worm","floor":1.0,"turns":3.0},{"damage":2.0,"enemies":"Cultist","floor":2.0,"turns":5.0},{"damage":0.0,"enemies":"2 Louse","floor":4.0,"turns":3.0},{"damage":23.0,"enemies":"Large Slime","floor":5.0,"turns":6.0},{"damage":0.0,"enemies":"Gremlin Gang","floor":7.0,"turns":6.0},{"damage":15,"enemies":"Lagavulin","floor":12,"turns":6},{"damage":64,"enemies":"Hexaghost","floor":16,"turns":14}],"seed_played":"1053478258264890909","potions_obtained":[{"floor":2.0,"key":"Weak Potion"},{"floor":4.0,"key":"GamblersBrew"}],"is_trial":false,"path_per_floor":["M","M","?","M","M","R","M","R","T","?","?","E","$","?","R","B"],"character_chosen":"HERMIT","items_purchased":["hermit:DeadOrAlive","hermit:TakeAim"],"campfire_rested":1,"item_purchase_floors":[13,13],"current_hp_per_floor":[71,69,69,69,46,46,46,46,46,46,46,31,31,31,63,0,0],"gold":1,"neow_bonus":"TEN_PERCENT_HP_BONUS","is_daily":false,"chose_seed":false,"campfire_upgraded":2,"win_rate":0.0,"timestamp":1607684595,"path_taken":["M","M","?","M","M","R","?","R","T","?","?","E","$","?","R","BOSS"],"items_purchased_type":["Card","Card"],"build_version":"2020-11-30","purchased_purges":0,"victory":false,"max_hp_per_floor":[78,78,78,78,78,78,78,78,78,78,78,78,78,78,78,78,78],"relic_stats":{"counters":[7,43],"Eternal Feather":9,"War Paint":["hermit:Defend_Hermit","hermit:Defend_Hermit"],"obtain_stats":[{"Matryoshka":12,"Eternal Feather":9,"Bag of Marbles":3,"War Paint":14,"hermit:Momento":0},{"Matryoshka":6,"Eternal Feather":5,"Bag of Marbles":2,"War Paint":6,"hermit:Momento":0},{"Matryoshka":29,"Eternal Feather":23,"Bag of Marbles":8,"War Paint":29,"hermit:Momento":0}]},"card_choices":[{"not_picked":["hermit:LowProfile","hermit:HoleUp"],"picked":"hermit:ShadowCloak","floor":1.0},{"not_picked":["hermit:Feint","hermit:Shortfuse"],"picked":"hermit:FlashPowder","floor":2.0},{"not_picked":["hermit:Quickdraw","hermit:Scavenge"],"picked":"hermit:GhostlyPresence","floor":4.0},{"not_picked":["hermit:EyeOfTheStorm","hermit:Ricochet"],"picked":"hermit:Headshot","floor":5.0},{"not_picked":["hermit:Glare","hermit:Coalescence"],"picked":"hermit:EyeOfTheStorm","floor":7.0},{"not_picked":["hermit:Snipe","hermit:Glare"],"picked":"hermit:ShadowCloak","floor":12}],"player_experience":809677,"relics_obtained":[{"floor":3.0,"key":"Bag of Marbles"},{"floor":9.0,"key":"Eternal Feather"},{"floor":12,"key":"Matryoshka"}],"event_choices":[{"damage_healed":0.0,"max_hp_gain":0.0,"max_hp_loss":0.0,"gold_gain":0.0,"event_name":"Wheel of Change","player_choice":"Relic","floor":3.0,"gold_loss":0.0,"damage_taken":0.0},{"damage_healed":0.0,"max_hp_gain":0.0,"max_hp_loss":0.0,"gold_gain":0.0,"event_name":"Living Wall","player_choice":"Grow","floor":10.0,"gold_loss":0.0,"damage_taken":0.0,"cards_upgraded":["hermit:Headshot"]},{"damage_healed":0.0,"max_hp_gain":0.0,"max_hp_loss":0.0,"gold_gain":55.0,"event_name":"Golden Wing","player_choice":"Gained Gold","floor":11.0,"gold_loss":0.0,"damage_taken":0.0},{"damage_healed":0,"gold_gain":0,"player_choice":"Paid Gold","damage_taken":0,"relics_obtained":["War Paint"],"max_hp_gain":0,"max_hp_loss":0,"event_name":"WeMeetAgain","floor":14,"gold_loss":66}],"is_beta":false,"boss_relics":[],"items_purged_floors":[],"is_endless":false,"potions_floor_spawned":[2,4,12],"killed_by":"Hexaghost","ascension_level":19}}