{"host":"v0n6ky7dmveherv3","time":1607725391,"event":{"mods":["BaseMod","Better Third Choice","Downfall","Minty Spire (QoL Compilation)","StSLib"],"gold_per_floor":[116,130,149,2,0,28,28,43,66,66,99,99,126,197,197,295,295,311,311,321,337,361,386,406,436,461,461,17,17,51,64,64,166,166,183,183,196,196,6,40,59,94,143,159,194,194,210,228,228,228],"floor_reached":51,"playtime":3240,"items_purged":[],"score":1091,"play_id":"b6683a49-442d-4fa6-bf01-3e5ceacae79e","local_time":"20201211152311","is_ascension_mode":true,"campfire_choices":[{"data":"Enlightenment","floor":7,"key":"SMITH"},{"data":"Catalyst","floor":10,"key":"SMITH"},{"data":"Bouncing Flask","floor":12,"key":"SMITH"},{"data":"Bouncing Flask","floor":15,"key":"SMITH"},{"data":"Neutralize","floor":27,"key":"SMITH"},{"data":"Quick Slash","floor":32,"key":"SMITH"},{"data":"Defend_G","floor":46,"key":"SMITH"},{"data":"Defend_G","floor":49,"key":"SMITH"}],"circlet_count":0,"master_deck":["Strike_G","Strike_G","Defend_G+1","Defend_G+1","Defend_G","Defend_G","Survivor+1","Neutralize+1","Quick Slash+1","Bouncing Flask+1","Bouncing Flask+1","Enlightenment+1","Deadly Poison+1","Catalyst+1","Corpse Explosion+1","Deflect+1","Bouncing Flask+1","Venomology+1","Distraction+1","Crippling Poison+1","Adrenaline+1","Acrobatics+1","Master of Strategy+1","Distraction+1","Noxious Fumes+1","Leg Sweep+1"],"relics":["Ring of the Snake","Orichalcum","War Paint","Nunchaku","Snake Skull","Paper Crane","Toxic Egg 2","Runic Pyramid","Vajra","Anchor","Blood Vial","Oddly Smooth Stone","FossilizedHelix","Strange Spoon","Tough Bandages","Philosopher\u0027s Stone","MealTicket","Torii","Boot","Mercury Hourglass"],"acts_visited":["Exordium","TheCity","TheBeyond"],"potions_floor_usage":[6,16,16,21,21,24,30,31,33,42,48,50],"damage_taken":[{"damage":0,"enemies":"2 Louse","floor":1,"turns":3},{"damage":0,"enemies":"Jaw Worm","floor":2,"turns":3},{"damage":0,"enemies":"Cultist","floor":3,"turns":3},{"damage":0,"enemies":"Gremlin Nob","floor":6,"turns":3},{"damage":5,"enemies":"Gremlin Gang","floor":8,"turns":5},{"damage":7,"enemies":"Lagavulin","floor":11,"turns":4},{"damage":3,"enemies":"3 Sentries","floor":13,"turns":2},{"damage":0,"enemies":"The Guardian","floor":16,"turns":5},{"damage":0,"enemies":"3 Byrds","floor":18,"turns":1},{"damage":0,"enemies":"Chosen","floor":20,"turns":2},{"damage":9,"enemies":"Sentry and Sphere","floor":21,"turns":4},{"damage":22,"enemies":"Gremlin Leader","floor":23,"turns":3},{"damage":0,"enemies":"Chosen and Byrds","floor":24,"turns":4},{"damage":13,"enemies":"Book of Stabbing","floor":25,"turns":4},{"damage":0,"enemies":"Gremlin Leader","floor":30,"turns":4},{"damage":0,"enemies":"Shelled Parasite and Fungi","floor":31,"turns":3},{"damage":4,"enemies":"Automaton","floor":33,"turns":5},{"damage":0,"enemies":"Orb Walker","floor":35,"turns":3},{"damage":0,"enemies":"3 Darklings","floor":37,"turns":2},{"damage":0,"enemies":"Reptomancer","floor":40,"turns":3},{"damage":0,"enemies":"Maw","floor":41,"turns":3},{"damage":0,"enemies":"Nemesis","floor":42,"turns":3},{"damage":0,"enemies":"Spire Growth","floor":44,"turns":3},{"damage":0,"enemies":"Giant Head","floor":45,"turns":4},{"damage":9,"enemies":"3 Darklings","floor":47,"turns":2},{"damage":0,"enemies":"Sphere and 2 Shapes","floor":48,"turns":3},{"damage":0,"enemies":"Time Eater","floor":50,"turns":4}],"seed_played":"-152412484633450092","potions_obtained":[{"floor":3,"key":"LiquidMemories"},{"floor":6,"key":"Guardian:BlockOnCardUsePotion"},{"floor":13,"key":"hexamod:EctoCoolerPotion"},{"floor":18,"key":"EntropicBrew"},{"floor":21,"key":"Ancient Potion"},{"floor":24,"key":"AttackPotion"},{"floor":31,"key":"GhostInAJar"}],"is_trial":false,"path_per_floor":["M","M","M","$","?","E","R","M","T","R","E","R","E","T","R","B",null,"M","?","M","M","T","E","M","E","T","R","$","?","E","M","R","B",null,"M","?","M","?","$","E","M","E","T","M","E","R","M","M","R","B",null],"character_chosen":"THE_SILENT","items_purchased":["Orichalcum","FossilizedHelix","Strange Spoon","Master of Strategy+1"],"campfire_rested":0,"item_purchase_floors":[4,28,28,39],"current_hp_per_floor":[63,63,63,63,69,69,69,64,64,64,57,57,54,54,54,54,69,69,79,79,70,70,48,48,35,35,35,35,35,37,39,39,37,79,79,79,79,79,79,79,79,79,79,79,79,79,70,72,72,74],"gold":228,"neow_bonus":"REMOVE_TWO","is_daily":false,"chose_seed":false,"campfire_upgraded":8,"win_rate":0.0,"timestamp":1607725391,"path_taken":["M","M","M","$","?","E","R","M","T","R","E","R","E","?","R","BOSS","M","?","?","?","?","E","M","E","T","R","$","?","E","M","R","BOSS","M","?","M","?","?","E","?","E","T","M","E","R","M","?","R","BOSS"],"items_purchased_type":["Relic","Relic","Relic","Card"],"build_version":"2020-11-30","purchased_purges":0,"victory":true,"max_hp_per_floor":[63,63,63,63,69,69,69,69,69,69,69,69,69,69,69,69,69,69,79,79,79,79,79,79,79,79,79,79,79,79,79,79,79,79,79,79,79,79,79,79,79,79,79,79,79,79,79,79,79,79],"card_choices":[{"not_picked":["Riddle With Holes","Eviscerate"],"picked":"Quick Slash","floor":1},{"not_picked":["Dagger Spray","Dagger Throw"],"picked":"Bouncing Flask","floor":2},{"not_picked":["Flechettes","Backstab"],"picked":"Bouncing Flask","floor":3},{"not_picked":["PiercingWail","Slice"],"picked":"Deadly Poison","floor":6},{"not_picked":["Riddle With Holes","Bane"],"picked":"Catalyst","floor":8},{"not_picked":["Endless Agony","Unload"],"picked":"Corpse Explosion","floor":11},{"not_picked":["Underhanded Strike","Heel Hook","Reflex"],"picked":"SKIP","floor":13},{"not_picked":["Glass Knife","A Thousand Cuts"],"picked":"Corpse Explosion+1","floor":16},{"not_picked":["Blur+1","Slice"],"picked":"Deflect+1","floor":18},{"not_picked":["Escape Plan+1","PiercingWail+1"],"picked":"Bouncing Flask+1","floor":20},{"not_picked":["Choke","Well Laid Plans","Deadly Poison+1"],"picked":"SKIP","floor":21},{"not_picked":["Dash","Reflex+1"],"picked":"Venomology+1","floor":23},{"not_picked":["Quick Slash","Tactician+1","Bane"],"picked":"SKIP","floor":24},{"not_picked":["Endless Agony","Acrobatics+1","Dodge and Roll+1"],"picked":"SKIP","floor":25},{"not_picked":["Riddle With Holes","Bane+1"],"picked":"Crippling Poison+1","floor":30},{"not_picked":["Heel Hook","Predator","Quick Slash"],"picked":"SKIP","floor":31},{"not_picked":["Phantasmal Killer+1","A Thousand Cuts"],"picked":"Adrenaline+1","floor":33},{"not_picked":["Reflex+1","Slice","Sucker Punch+1"],"picked":"SKIP","floor":35},{"not_picked":["Well Laid Plans","Outmaneuver+1"],"picked":"Acrobatics+1","floor":37},{"not_picked":["Prepared+1","Predator","Phantasmal Killer+1"],"picked":"SKIP","floor":40},{"not_picked":["Deflect+1","Prepared+1","Blade Dance+1"],"picked":"SKIP","floor":41},{"not_picked":["Choke","Poisoned Stab","Slice"],"picked":"SKIP","floor":42},{"not_picked":["Dodge and Roll+1","Outmaneuver+1"],"picked":"Distraction+1","floor":44},{"not_picked":["Caltrops+1","Endless Agony+1","Blade Dance+1"],"picked":"SKIP","floor":45},{"not_picked":["Skewer","Deadly Poison+1"],"picked":"Noxious Fumes+1","floor":47},{"not_picked":["Dash","PiercingWail+1"],"picked":"Leg Sweep+1","floor":48}],"player_experience":76556,"relics_obtained":[{"floor":6,"key":"War Paint"},{"floor":9,"key":"Nunchaku"},{"floor":11,"key":"Snake Skull"},{"floor":13,"key":"Paper Crane"},{"floor":14,"key":"Toxic Egg 2"},{"floor":22,"key":"Vajra"},{"floor":23,"key":"Anchor"},{"floor":25,"key":"Blood Vial"},{"floor":26,"key":"Oddly Smooth Stone"},{"floor":30,"key":"Tough Bandages"},{"floor":40,"key":"MealTicket"},{"floor":42,"key":"Torii"},{"floor":43,"key":"Boot"},{"floor":45,"key":"Mercury Hourglass"}],"event_choices":[{"damage_healed":0,"gold_gain":0,"player_choice":"RENOUNCE","damage_taken":2,"max_hp_gain":0,"max_hp_loss":0,"event_name":"betterThird:BetterSerpent","floor":5,"gold_loss":2,"cards_obtained":["Enlightenment"]},{"cards_removed":["Corpse Explosion"],"damage_healed":0,"gold_gain":0,"player_choice":"Offered Rare","damage_taken":0,"max_hp_gain":10,"max_hp_loss":0,"event_name":"Bonfire Elementals","floor":19,"gold_loss":0},{"damage_healed":0,"gold_gain":0,"cards_transformed":["Strike_G"],"player_choice":"Transformed","damage_taken":0,"max_hp_gain":0,"max_hp_loss":0,"event_name":"Transmorgrifier","floor":29,"gold_loss":0,"cards_obtained":["Distraction"]},{"cards_removed":["Strike_G"],"damage_healed":0,"gold_gain":0,"player_choice":"Removed Attack","damage_taken":0,"max_hp_gain":0,"max_hp_loss":0,"event_name":"Falling","floor":36,"gold_loss":0},{"damage_healed":0,"gold_gain":0,"player_choice":"Memory 1","damage_taken":0,"max_hp_gain":0,"max_hp_loss":0,"event_name":"SensoryStone","floor":38,"gold_loss":0}],"is_beta":false,"boss_relics":[{"not_picked":["Black Star","Empty Cage"],"picked":"Runic Pyramid"},{"not_picked":["Velvet Choker","expansioncontent:StudyCardRelic"],"picked":"Philosopher\u0027s Stone"}],"items_purged_floors":[],"is_endless":false,"potions_floor_spawned":[3,6,13,18,21,24,31,40,41,44,45],"ascension_level":1}}