{"host":"rmsq46plbpwfbxcc","time":1607662430,"event":{"mods":["AchievementEnabler","BaseMod","Colored Map","DeckTracker","Minty Spire (QoL Compilation)","Permanent Neow","SuperFastMode"],"gold_per_floor":[118,118,136,136,153,153,163,163,163,189,205,231,244,244,244,318,318,336,355,355,381,381,381,409,409,409,409,421,440,471,489,489,489,489],"floor_reached":33,"playtime":1087,"items_purged":[],"score":625,"play_id":"06ae97be-f3ba-44d7-9419-583ee7ff0019","local_time":"20201211135350","is_ascension_mode":true,"campfire_choices":[{"data":"Dash","floor":6,"key":"SMITH"},{"data":"Cloak And Dagger","floor":8,"key":"SMITH"},{"data":"Accuracy","floor":15,"key":"SMITH"},{"data":"Blade Dance","floor":23,"key":"SMITH"},{"data":"Terror","floor":25,"key":"SMITH"},{"data":"Adrenaline","floor":27,"key":"SMITH"},{"floor":32,"key":"REST"}],"circlet_count":0,"master_deck":["AscendersBane","Strike_G","Strike_G","Strike_G","Strike_G","Strike_G","Defend_G","Defend_G+1","Defend_G+1","Defend_G","Defend_G","Survivor","Neutralize+1","Adrenaline+1","Dash+1","Cloak And Dagger+1","Dagger Spray","Accuracy+1","Deadly Poison","Terror+1","Bullet Time","Blade Dance+1","Choke","Acrobatics","Dagger Throw+1"],"relics":["Ring of the Snake","Strawberry","Kunai","Omamori","Lizard Tail","HoveringKite","Molten Egg 2","Akabeko","Thread and Needle","Incense Burner","War Paint"],"acts_visited":["Exordium","TheCity"],"potions_floor_usage":[10,16,24,31,33],"damage_taken":[{"damage":0,"enemies":"2 Louse","floor":1,"turns":4},{"damage":1,"enemies":"Jaw Worm","floor":3,"turns":5},{"damage":6,"enemies":"Small Slimes","floor":5,"turns":4},{"damage":6,"enemies":"Exordium Wildlife","floor":7,"turns":6},{"damage":0,"enemies":"3 Sentries","floor":10,"turns":8},{"damage":1,"enemies":"Exordium Thugs","floor":11,"turns":5},{"damage":43,"enemies":"Gremlin Nob","floor":12,"turns":5},{"damage":0,"enemies":"Blue Slaver","floor":13,"turns":4},{"damage":42,"enemies":"Slime Boss","floor":16,"turns":18},{"damage":5,"enemies":"Shell Parasite","floor":18,"turns":6},{"damage":0,"enemies":"3 Byrds","floor":19,"turns":5},{"damage":20,"enemies":"Slavers","floor":24,"turns":6},{"damage":14,"enemies":"Snecko","floor":28,"turns":5},{"damage":9,"enemies":"Sentry and Sphere","floor":29,"turns":5},{"damage":0,"enemies":"Book of Stabbing","floor":30,"turns":4},{"damage":0,"enemies":"Centurion and Healer","floor":31,"turns":4},{"damage":31,"enemies":"Collector","floor":33,"turns":7}],"seed_played":"8032296840318656798","potions_obtained":[{"floor":3,"key":"Dexterity Potion"},{"floor":5,"key":"Block Potion"},{"floor":12,"key":"Block Potion"},{"floor":19,"key":"Energy Potion"},{"floor":24,"key":"Explosive Potion"}],"is_trial":false,"path_per_floor":["M","?","M","?","M","R","M","R","T","E","M","E","M","T","R","B",null,"M","M","?","T","?","R","E","R","T","R","M","M","E","M","R","B"],"character_chosen":"THE_SILENT","items_purchased":[],"campfire_rested":1,"item_purchase_floors":[],"current_hp_per_floor":[59,59,58,58,52,52,46,46,53,53,52,9,9,9,9,6,56,51,51,51,51,51,51,31,31,31,31,17,8,8,8,29,0,0],"gold":489,"neow_bonus":"ONE_RANDOM_RARE_CARD","is_daily":false,"chose_seed":false,"campfire_upgraded":6,"win_rate":0.0,"timestamp":1607662430,"path_taken":["M","?","M","?","M","R","M","R","T","E","M","E","M","?","R","BOSS","M","M","?","?","?","R","E","R","T","R","M","?","E","M","R","BOSS"],"items_purchased_type":[],"build_version":"2020-11-30","purchased_purges":0,"victory":false,"max_hp_per_floor":[66,66,66,66,66,66,66,66,73,73,73,73,73,73,73,73,73,73,73,73,73,73,73,73,73,73,73,73,73,73,73,73,73,73],"card_choices":[{"not_picked":["Slice","Expertise"],"picked":"Dash","floor":1},{"not_picked":["Sucker Punch","Underhanded Strike"],"picked":"Cloak And Dagger","floor":3},{"not_picked":["Poisoned Stab","Acrobatics","Distraction"],"picked":"SKIP","floor":5},{"not_picked":["Backflip","Caltrops"],"picked":"Dagger Spray","floor":7},{"not_picked":["Slice","Distraction"],"picked":"Accuracy","floor":10},{"not_picked":["Crippling Poison","Dagger Spray"],"picked":"Deadly Poison","floor":11},{"not_picked":["Quick Slash","Bane"],"picked":"Terror","floor":12},{"not_picked":["Setup","Noxious Fumes","Calculated Gamble"],"picked":"SKIP","floor":13},{"not_picked":["Malaise","Burst"],"picked":"Bullet Time","floor":16},{"not_picked":["Quick Slash","Slice"],"picked":"Blade Dance","floor":18},{"not_picked":["Poisoned Stab","Glass Knife"],"picked":"Choke","floor":19},{"not_picked":["Sucker Punch+1","Slice+1","Poisoned Stab+1"],"picked":"SKIP","floor":24},{"not_picked":["Dodge and Roll","Doppelganger","Prepared+1"],"picked":"SKIP","floor":28},{"not_picked":["All Out Attack+1","Outmaneuver","Dagger Spray+1"],"picked":"SKIP","floor":29},{"not_picked":["Underhanded Strike+1","Die Die Die+1"],"picked":"Acrobatics","floor":30},{"not_picked":["Footwork","Bane+1"],"picked":"Dagger Throw+1","floor":31}],"player_experience":1313261,"relics_obtained":[{"floor":9,"key":"Strawberry"},{"floor":10,"key":"Kunai"},{"floor":12,"key":"Omamori"},{"floor":14,"key":"Lizard Tail"},{"floor":21,"key":"Akabeko"},{"floor":24,"key":"Thread and Needle"},{"floor":26,"key":"Incense Burner"},{"floor":30,"key":"War Paint"}],"event_choices":[{"damage_healed":0,"gold_gain":0,"player_choice":"Grow","damage_taken":0,"max_hp_gain":0,"max_hp_loss":0,"event_name":"Living Wall","floor":2,"gold_loss":0,"cards_upgraded":["Neutralize"]},{"damage_healed":0,"gold_gain":0,"player_choice":"Ignored","damage_taken":0,"max_hp_gain":0,"max_hp_loss":0,"event_name":"Liars Game","floor":4,"gold_loss":0},{"damage_healed":0,"gold_gain":0,"player_choice":"Opened","damage_taken":0,"relics_obtained":["Molten Egg 2"],"max_hp_gain":0,"max_hp_loss":0,"event_name":"The Mausoleum","floor":20,"gold_loss":0,"cards_obtained":["Writhe"]},{"damage_healed":0,"gold_gain":0,"player_choice":"Ignored","damage_taken":0,"max_hp_gain":0,"max_hp_loss":0,"event_name":"Ghosts","floor":22,"gold_loss":0}],"is_beta":false,"boss_relics":[{"not_picked":["SlaversCollar","Sozu"],"picked":"HoveringKite"}],"items_purged_floors":[],"is_endless":false,"potions_floor_spawned":[3,5,12,19,24,29],"killed_by":"Collector","ascension_level":16}}