{"host":"agela5aetnmltfvm","time":1607702382,"event":{"mods":["BaseMod","Colored Map","Jorbs\u0027s Wanderer Trilogy","Lobotomy","Minty Spire (QoL Compilation)","Replay The Spire","StSLib","The Hierophant","The Jungle","The Runesmith"],"gold_per_floor":[113,288,301,301,317,352,352,372,372,372,372,126,157,207,207,307,407,427,440,452,469,619,652,47,47,70,70,70],"floor_reached":27,"playtime":978,"items_purged":["Runesmith:BackupBattery","Runesmith:Strike_RS"],"score":241,"play_id":"3e3fcfa6-1f9f-4883-b169-d9c44e75ca8d","local_time":"20201211235942","is_ascension_mode":false,"campfire_choices":[{"data":"Runesmith:Fortify","floor":7,"key":"SMITH"},{"data":"Runesmith:ArcReactor","floor":11,"key":"SMITH"},{"floor":15,"key":"REST"},{"floor":25,"key":"REST"}],"circlet_count":0,"master_deck":["Runesmith:Strike_RS","Runesmith:Strike_RS","Runesmith:Defend_RS","Runesmith:Defend_RS","Runesmith:Defend_RS","Runesmith:CraftFirestone","Runesmith:Fortify+1","Runesmith:BackupBattery","Runesmith:CraftVitae","Runesmith:CraftMagma","Runesmith:HammerAndChisel","Runesmith:ChargedHammer","Runesmith:ArcReactor+1","Runesmith:Superposition","Runesmith:UnlimitedPower","Runesmith:UnstableHammer","Runesmith:Retool+1","Runesmith:Supernova","Secret Technique","Runesmith:LithiumIon"],"relics":["Runesmith:BrokenRuby","White Beast Statue","Bottled Tornado","SsserpentHead","Runesmith:AutoHammer","Potion Belt","Replay:Wanted Poster","Dream Catcher","Meat on the Bone","Art of War"],"acts_visited":["Exordium","Exordium"],"potions_floor_usage":[13,13,23,23,23],"damage_taken":[{"damage":1,"enemies":"Jaw Worm","floor":1,"turns":5},{"damage":3,"enemies":"2 Louse","floor":3,"turns":3},{"damage":0,"enemies":"Cultist","floor":5,"turns":3},{"damage":21,"enemies":"3 Sentries","floor":6,"turns":8},{"damage":10,"enemies":"Exordium Wildlife","floor":8,"turns":5},{"damage":14,"enemies":"Gremlin Nob","floor":13,"turns":4},{"damage":3,"enemies":"Slime Boss","floor":16,"turns":9},{"damage":18,"enemies":"theJungle:MUSHROOMGANG","floor":18,"turns":4},{"damage":0,"enemies":"theJungle:GiantWrat","floor":19,"turns":5},{"damage":0,"enemies":"theJungle:Snecko_Cultist_And_Trap","floor":20,"turns":5},{"damage":11,"enemies":"theJungle:JungleHuntersEncounter","floor":21,"turns":6},{"damage":18,"enemies":"theJungle:Cassacara","floor":23,"turns":6},{"damage":34,"enemies":"Snake Plant","floor":27,"turns":2}],"seed_played":"1905858867155558677","potions_obtained":[{"floor":5,"key":"SpeedPotion"},{"floor":6,"key":"SkillPotion"},{"floor":8,"key":"Strength Potion"},{"floor":13,"key":"Energy Potion"},{"floor":16,"key":"Swift Potion"},{"floor":18,"key":"LiquidMemories"},{"floor":19,"key":"Cursed Concoction"},{"floor":20,"key":"SpeedPotion"},{"floor":23,"key":"BlessingOfTheForge"}],"is_trial":false,"path_per_floor":["M","?","M","?","M","E","R","M","T","?","R","$","E","?","R","B",null,"M","M","M","M","?","E","$","R","T","M"],"character_chosen":"RUNESMITH_CLASS","items_purchased":["Runesmith:AutoHammer","Runesmith:Superposition","Runesmith:Supernova","Meat on the Bone","Adrenaline Potion","Secret Technique"],"campfire_rested":2,"item_purchase_floors":[12,12,24,24,24,24],"current_hp_per_floor":[62,62,59,59,59,38,38,28,28,28,28,28,14,14,32,29,63,45,45,45,34,34,16,16,34,34,0,0],"gold":70,"neow_bonus":"TRANSFORM_TWO_CARDS","is_daily":false,"chose_seed":false,"campfire_upgraded":2,"win_rate":0.0,"timestamp":1607702382,"path_taken":["M","?","M","?","?","E","R","M","T","?","R","?","E","?","R","BOSS","M","M","M","M","?","E","?","R","T","M"],"items_purchased_type":["Relic","Card","Card","Relic","Potion","Card"],"build_version":"2020-11-30","purchased_purges":2,"victory":false,"max_hp_per_floor":[63,63,63,63,63,63,63,63,63,63,63,63,63,63,63,63,63,63,63,63,63,63,63,63,63,63,63,63],"card_choices":[{"not_picked":["Runesmith:Grindstone","Runesmith:UnstableHammer"],"picked":"Runesmith:CraftMagma","floor":1},{"not_picked":["Runesmith:HeatedChisel","Runesmith:NanitesCloud"],"picked":"Runesmith:BackupBattery","floor":3},{"not_picked":["Runesmith:DoubleUp","Runesmith:StaticCage"],"picked":"Runesmith:HammerAndChisel","floor":5},{"not_picked":["Runesmith:Overpower","Runesmith:FieryHammer"],"picked":"Runesmith:ChargedHammer","floor":6},{"not_picked":["Runesmith:Discharge","Runesmith:MakeshiftArmor"],"picked":"Runesmith:ArcReactor","floor":8},{"not_picked":["Runesmith:Augment","Runesmith:HeatExchange","Runesmith:StaticCage"],"picked":"SKIP","floor":13},{"not_picked":["Runesmith:FissionHammer","Runesmith:ArcReactor"],"picked":"Runesmith:UnlimitedPower","floor":16},{"not_picked":["Runesmith:EnergizedChisel","Runesmith:Grindstone","Runesmith:PerfectChisel"],"picked":"SKIP","floor":18},{"not_picked":["Runesmith:NegativeSpace","Runesmith:Grindstone","Runesmith:HeatExchange+1"],"picked":"SKIP","floor":19},{"not_picked":["Runesmith:EarthShield","Runesmith:ChiselStab","Runesmith:BackupBattery"],"picked":"SKIP","floor":20},{"not_picked":["Runesmith:Refine","Runesmith:ChiselStab"],"picked":"Runesmith:UnstableHammer","floor":21},{"not_picked":["Runesmith:CraftMagma","Runesmith:WhiteBalance"],"picked":"Runesmith:Retool+1","floor":23},{"not_picked":["Runesmith:LastStand","Runesmith:MakeshiftArmor"],"picked":"Runesmith:LithiumIon","floor":25}],"player_experience":507995,"relics_obtained":[{"floor":6,"key":"White Beast Statue"},{"floor":9,"key":"Bottled Tornado"},{"floor":13,"key":"Potion Belt"},{"floor":23,"key":"Dream Catcher"},{"floor":26,"key":"Art of War"}],"event_choices":[{"damage_healed":0,"gold_gain":175,"player_choice":"AGREE","damage_taken":0,"max_hp_gain":0,"max_hp_loss":0,"event_name":"Liars Game","floor":2,"gold_loss":0,"cards_obtained":["Doubt"]},{"cards_removed":["Doubt"],"damage_healed":0,"gold_gain":0,"player_choice":"Purged","damage_taken":0,"max_hp_gain":0,"max_hp_loss":0,"event_name":"Purifier","floor":4,"gold_loss":0},{"damage_healed":0,"gold_gain":0,"player_choice":"Trade","damage_taken":0,"relics_obtained":["SsserpentHead"],"max_hp_gain":0,"max_hp_loss":0,"event_name":"FaceTrader","floor":10,"gold_loss":0},{"damage_healed":0,"gold_gain":0,"player_choice":"Ignored","damage_taken":0,"max_hp_gain":0,"max_hp_loss":0,"event_name":"Shining Light","floor":14,"gold_loss":0}],"is_beta":false,"boss_relics":[{"not_picked":["Honey Jar","Coffee Dripper"],"picked":"Replay:Wanted Poster"}],"items_purged_floors":[12,24],"is_endless":false,"potions_floor_spawned":[5,6,8,13,16,18,19,20,21,23],"killed_by":"Snake Plant","ascension_level":0}}