{"host":"2pgz2fctomabfk86","time":1607666590,"event":{"mods":["AchievementEnabler","BaseMod","Colored Map","DeckTracker","Minty Spire (QoL Compilation)","StSLib","SuperFastMode"],"gold_per_floor":[16,36,53,68,84,84,117,117,117,133,208,208,208,224,224,301,301,321,338,358,408,129,129,129,129,129,129,149,149,167,186,186,261,261,278,278,136,186,202,222,277,296,296,311,201,76,76,88,88,88],"floor_reached":51,"playtime":3663,"items_purged":["Eviscerate","Bouncing Flask","Quick Slash"],"score":1445,"play_id":"b587d126-7347-4c1e-8b14-041b6f94db0f","local_time":"20201211150310","is_ascension_mode":true,"campfire_choices":[{"data":"Cloak And Dagger","floor":6.0,"key":"SMITH"},{"data":"Footwork","floor":8.0,"key":"SMITH"},{"floor":13.0,"key":"REST"},{"data":"Accuracy","floor":15.0,"key":"SMITH"},{"data":"Apotheosis","floor":23.0,"key":"SMITH"},{"data":"Envenom","floor":25.0,"key":"SMITH"},{"data":"Adrenaline","floor":27.0,"key":"SMITH"},{"floor":32.0,"key":"REST"},{"floor":47.0,"key":"REST"},{"floor":49.0,"key":"REST"}],"circlet_count":0,"master_deck":["AscendersBane","Survivor","Neutralize","Cloak And Dagger+1","Accuracy+1","Footwork+1","Masterful Stab","Calculated Gamble","Envenom","Escape Plan","Leg Sweep","Adrenaline+1","Night Terror","Dash","Envenom+1","Cloak And Dagger","Malaise","Blade Dance","Apotheosis+1","Outmaneuver+1","After Image","Acrobatics","Choke","PiercingWail"],"relics":["Ring of the Snake","Incense Burner","Art of War","InkBottle","Pandora\u0027s Box","Pear","Fusion Hammer","The Specimen","Juzu Bracelet"],"acts_visited":["Exordium","TheCity","TheBeyond"],"potions_floor_usage":[50,50],"damage_taken":[{"damage":0.0,"enemies":"Cultist","floor":1.0,"turns":4.0},{"damage":12.0,"enemies":"Small Slimes","floor":2.0,"turns":4.0},{"damage":9.0,"enemies":"2 Louse","floor":3.0,"turns":4.0},{"damage":2.0,"enemies":"Lots of Slimes","floor":4.0,"turns":2.0},{"damage":1.0,"enemies":"Blue Slaver","floor":5.0,"turns":4.0},{"damage":6.0,"enemies":"3 Sentries","floor":7.0,"turns":9.0},{"damage":4.0,"enemies":"Red Slaver","floor":10.0,"turns":5.0},{"damage":14.0,"enemies":"Large Slime","floor":14.0,"turns":8.0},{"damage":33.0,"enemies":"Slime Boss","floor":16.0,"turns":20.0},{"damage":1.0,"enemies":"Chosen","floor":18.0,"turns":6.0},{"damage":6.0,"enemies":"Spheric Guardian","floor":19.0,"turns":4.0},{"damage":9.0,"enemies":"Snecko","floor":20.0,"turns":8.0},{"damage":9.0,"enemies":"Snake Plant","floor":28.0,"turns":5.0},{"damage":13.0,"enemies":"Shelled Parasite and Fungi","floor":30.0,"turns":5.0},{"damage":11.0,"enemies":"Centurion and Healer","floor":31.0,"turns":6.0},{"damage":19.0,"enemies":"Champ","floor":33.0,"turns":9.0},{"damage":5.0,"enemies":"3 Darklings","floor":35.0,"turns":6.0},{"damage":3.0,"enemies":"Orb Walker","floor":39.0,"turns":3.0},{"damage":0.0,"enemies":"4 Shapes","floor":40.0,"turns":7.0},{"damage":21.0,"enemies":"2 Orb Walkers","floor":41.0,"turns":4.0},{"damage":11.0,"enemies":"Jaw Worm Horde","floor":42.0,"turns":4.0},{"damage":20.0,"enemies":"Spire Growth","floor":44.0,"turns":6.0},{"damage":11.0,"enemies":"4 Shapes","floor":48.0,"turns":6.0},{"damage":10,"enemies":"Awakened One","floor":50,"turns":10}],"seed_played":"-4002070285379304890","potions_obtained":[{"floor":3.0,"key":"Explosive Potion"},{"floor":4.0,"key":"SpeedPotion"},{"floor":5.0,"key":"Fire Potion"},{"floor":10.0,"key":"EntropicBrew"},{"floor":12.0,"key":"FairyPotion"},{"floor":19.0,"key":"Regen Potion"},{"floor":31.0,"key":"Poison Potion"},{"floor":39.0,"key":"Poison Potion"},{"floor":40.0,"key":"LiquidMemories"},{"floor":41.0,"key":"BlessingOfTheForge"},{"floor":42.0,"key":"GamblersBrew"},{"floor":44.0,"key":"ColorlessPotion"}],"is_trial":false,"path_per_floor":["M","M","M","M","M","R","E","R","T","M","?","?","R","M","R","B",null,"M","M","M","?","$","R","$","R","T","R","M","?","M","M","R","B",null,"M","?","$","?","M","M","?","M","T","M","?","$","R","M","R","B",null],"character_chosen":"THE_SILENT","items_purchased":["Apotheosis","Choke"],"campfire_rested":4,"item_purchase_floors":[22,37],"current_hp_per_floor":[59,47,38,36,35,35,29,29,29,25,14,14,33,19,19,11,52,51,45,51,51,51,51,51,51,61,61,52,52,39,28,50,31,65,60,60,60,60,57,57,36,25,25,5,5,5,27,16,38,28],"gold":88,"neow_bonus":"ONE_RARE_RELIC","is_daily":false,"chose_seed":false,"campfire_upgraded":6,"win_rate":0.0,"timestamp":1607666590,"path_taken":["M","M","?","M","M","R","E","R","T","M","?","?","R","M","R","BOSS","M","M","?","?","$","R","$","R","T","R","?","?","M","M","R","BOSS","M","?","$","?","?","M","?","M","T","M","?","$","R","M","R","BOSS"],"items_purchased_type":["Card","Card"],"build_version":"2020-11-30","purchased_purges":3,"victory":true,"max_hp_per_floor":[66,66,66,66,66,66,66,66,66,66,66,66,66,66,66,66,66,66,66,66,66,66,66,66,66,76,76,76,76,76,76,76,76,76,76,76,76,76,76,76,76,76,76,76,76,76,76,76,76,76],"card_choices":[{"not_picked":["Prepared","Poisoned Stab"],"picked":"Cloak And Dagger","floor":1.0},{"not_picked":["Riddle With Holes","Sucker Punch"],"picked":"Accuracy","floor":2.0},{"not_picked":["Slice","Sucker Punch"],"picked":"Footwork","floor":3.0},{"not_picked":["Catalyst","Flying Knee"],"picked":"Masterful Stab","floor":4.0},{"not_picked":["Dagger Throw","Slice"],"picked":"Calculated Gamble","floor":5.0},{"not_picked":["Caltrops","Deadly Poison"],"picked":"Envenom","floor":7.0},{"not_picked":["Prepared","Well Laid Plans"],"picked":"Escape Plan","floor":10.0},{"not_picked":["Dodge and Roll","Deadly Poison"],"picked":"Leg Sweep","floor":14.0},{"not_picked":["Tools of the Trade","Unload"],"picked":"Adrenaline","floor":16.0},{"not_picked":["Flechettes","Backstab","Outmaneuver"],"picked":"SKIP","floor":18.0},{"not_picked":["Slice","Flying Knee","Terror"],"picked":"SKIP","floor":19.0},{"not_picked":["Outmaneuver","Endless Agony","Catalyst"],"picked":"SKIP","floor":20.0},{"not_picked":["Storm of Steel","Dash","Calculated Gamble"],"picked":"SKIP","floor":28.0},{"not_picked":["Quick Slash+1","Skewer","Cloak And Dagger"],"picked":"SKIP","floor":30.0},{"not_picked":["Deadly Poison","Prepared"],"picked":"Outmaneuver","floor":31.0},{"not_picked":["Night Terror","A Thousand Cuts"],"picked":"After Image","floor":33.0},{"not_picked":["Quick Slash","Masterful Stab+1"],"picked":"Acrobatics","floor":35.0},{"not_picked":["Cloak And Dagger+1","Dagger Spray","Caltrops+1"],"picked":"SKIP","floor":39.0},{"not_picked":["All Out Attack+1","Dash","Infinite Blades+1"],"picked":"SKIP","floor":40.0},{"not_picked":["Underhanded Strike","Caltrops","Poisoned Stab"],"picked":"SKIP","floor":42.0},{"not_picked":["Eviscerate","Underhanded Strike","Noxious Fumes"],"picked":"SKIP","floor":44.0},{"not_picked":["Well Laid Plans","Cloak And Dagger"],"picked":"PiercingWail","floor":48.0}],"player_experience":876899,"relics_obtained":[{"floor":7.0,"key":"Art of War"},{"floor":9.0,"key":"InkBottle"},{"floor":26.0,"key":"Pear"},{"floor":41.0,"key":"The Specimen"},{"floor":43.0,"key":"Juzu Bracelet"}],"event_choices":[{"damage_healed":0.0,"max_hp_gain":0.0,"max_hp_loss":0.0,"gold_gain":75.0,"event_name":"World of Goop","player_choice":"Gather Gold","floor":11.0,"gold_loss":0.0,"damage_taken":11.0},{"damage_healed":0.0,"max_hp_gain":0.0,"max_hp_loss":0.0,"gold_gain":0.0,"event_name":"Lab","player_choice":"Got Potions","floor":12.0,"gold_loss":0.0,"damage_taken":0.0},{"damage_healed":0.0,"max_hp_gain":0.0,"max_hp_loss":0.0,"gold_gain":50.0,"event_name":"Golden Shrine","player_choice":"Pray","floor":21.0,"gold_loss":0.0,"damage_taken":0.0},{"damage_healed":0.0,"max_hp_gain":0.0,"max_hp_loss":0.0,"gold_gain":0.0,"event_name":"Vampires","player_choice":"Ignored","floor":29.0,"gold_loss":0.0,"damage_taken":0.0},{"damage_healed":0.0,"max_hp_gain":0.0,"max_hp_loss":0.0,"gold_gain":0.0,"event_name":"Tomb of Lord Red Mask","player_choice":"Ignored","floor":36.0,"gold_loss":0.0,"damage_taken":0.0},{"damage_healed":0.0,"max_hp_gain":0.0,"max_hp_loss":0.0,"gold_gain":50.0,"event_name":"Golden Shrine","player_choice":"Pray","floor":38.0,"gold_loss":0.0,"damage_taken":0.0},{"damage_healed":0.0,"max_hp_gain":0.0,"max_hp_loss":0.0,"gold_gain":0.0,"event_name":"Mysterious Sphere","player_choice":"Fight","floor":41.0,"gold_loss":0.0,"damage_taken":0.0},{"cards_removed":["Underhanded Strike"],"damage_healed":0.0,"max_hp_gain":0.0,"max_hp_loss":0.0,"gold_gain":0.0,"event_name":"Designer","player_choice":"Upgrade and Remove","floor":45.0,"gold_loss":110.0,"damage_taken":0.0,"cards_upgraded":["Outmaneuver"]}],"is_beta":false,"boss_relics":[{"not_picked":["Busted Crown","Cursed Key"],"picked":"Pandora\u0027s Box"},{"not_picked":["SacredBark","Calling Bell"],"picked":"Fusion Hammer"}],"items_purged_floors":[22,37,46],"is_endless":false,"potions_floor_spawned":[3,4,5,10,18,19,31,39,40,41,42,44],"ascension_level":16}}