{"host":"1krvlh4vk1vybq4t","time":1607694603,"event":{"mods":["2.2 Compatiblity","Act Like it!","Alarm Clock","BaseMod","Better Altar","Better Match","Better Note","Better Sensory Stone","Better Skull","Better Synergies","Better Third Choice","Better-Laid Plans","BetterRewards","Block Reminder","Booster Modes","Challenge The Spire","Colored Map","Custom Start","Defective Defect","Filter the Spire","GifTheSpireLib","Googly Eyes","Ironclad Rager","Minty Spire (QoL Compilation)","Quick Restart","Relic Stats","Shop Mod","StSLib","SuperFastMode","Swap Starting Deck Mod","Transform Curses","Virulent Crown","Waifu the Spire","everything is the same but u backflip on backflip","slay the spire mod where everything is the same but ironclad has a cowboy hat"],"gold_per_floor":[109,27,27,39,39,67,67,102,102,102,120,120,138,102,102,175,175,213,227,242,10,10,10],"floor_reached":22,"playtime":384,"items_purged":[],"score":320,"play_id":"d2aef66e-8536-4ccc-9128-07ea3c087814","local_time":"20201211145003","is_ascension_mode":true,"campfire_choices":[{"data":"Swift Strike","floor":7,"key":"SMITH"},{"data":"Sword Boomerang","floor":10,"key":"SMITH"},{"data":"Inflame","floor":12,"key":"SMITH"},{"data":"Disarm","floor":15,"key":"SMITH"}],"circlet_count":0,"master_deck":["AscendersBane","Strike_R","Strike_R+1","Strike_R","Strike_R","Strike_R+1","Defend_R","Defend_R","Defend_R","Defend_R","Bash+1","Swift Strike+1","Thunderclap+1","Finesse","Sword Boomerang+1","Inflame+1","Disarm+1","Spot Weakness","Demon Form","Inflame"],"relics":["Burning Blood","Magic Flower","Anchor","Singing Bowl","SlaversCollar","Whetstone"],"acts_visited":["Exordium","TheCity"],"potions_floor_usage":[18,20],"damage_taken":[{"damage":5,"enemies":"Small Slimes","floor":1,"turns":3},{"damage":12,"enemies":"Jaw Worm","floor":4,"turns":3},{"damage":38,"enemies":"3 Sentries","floor":6,"turns":8},{"damage":31,"enemies":"Gremlin Nob","floor":8,"turns":4},{"damage":0,"enemies":"Cultist","floor":11,"turns":2},{"damage":1,"enemies":"Looter","floor":13,"turns":2},{"damage":15,"enemies":"Hexaghost","floor":16,"turns":7},{"damage":19,"enemies":"3 Byrds","floor":18,"turns":5},{"damage":24,"enemies":"Spheric Guardian","floor":19,"turns":4},{"damage":51,"enemies":"3 Cultists","floor":20,"turns":5},{"damage":17,"enemies":"Snake Plant","floor":22,"turns":3}],"seed_played":"-4966017010649652688","potions_obtained":[{"floor":4,"key":"FairyPotion"},{"floor":11,"key":"ColorlessPotion"},{"floor":16,"key":"BlessingOfTheForge"},{"floor":19,"key":"LiquidBronze"}],"is_trial":false,"path_per_floor":["M","$","?","M","$","E","R","E","T","R","M","R","M","$","R","B",null,"M","M","M","$","M"],"character_chosen":"IRONCLAD","items_purchased":["Finesse","Spot Weakness","Inflame","Whetstone"],"campfire_rested":0,"item_purchase_floors":[2,14,21,21],"current_hp_per_floor":[73,73,57,51,51,19,19,45,45,45,54,54,62,62,62,56,74,66,53,13,13,0,0],"gold":10,"neow_bonus":"RANDOM_COLORLESS","is_daily":false,"chose_seed":false,"campfire_upgraded":4,"win_rate":0.0,"timestamp":1607694603,"path_taken":["M","$","?","M","$","E","R","E","T","R","M","R","M","$","R","BOSS","M","M","M","$","M"],"items_purchased_type":["Card","Card","Card","Relic"],"build_version":"2020-11-30","purchased_purges":0,"victory":false,"max_hp_per_floor":[80,80,80,80,80,80,80,80,80,80,80,80,80,80,80,80,80,82,84,86,86,86,86],"relic_stats":{"Singing Bowl":6,"counters":[11,46],"Magic Flower":[33],"Whetstone":["Bash","Strike_R"],"obtain_stats":[{"SlaversCollar":17,"Anchor":8,"Singing Bowl":9,"Magic Flower":6,"Whetstone":21,"Burning Blood":0},{"SlaversCollar":7,"Anchor":4,"Singing Bowl":4,"Magic Flower":3,"Whetstone":10,"Burning Blood":0},{"SlaversCollar":29,"Anchor":18,"Singing Bowl":18,"Magic Flower":14,"Whetstone":43,"Burning Blood":0}],"Burning Blood":81},"card_choices":[{"not_picked":["Impatience","Mind Blast"],"picked":"Swift Strike","floor":0},{"not_picked":["Shrug It Off","Ghostly Armor"],"picked":"Thunderclap","floor":1},{"not_picked":["Dual Wield","Clothesline","Armaments"],"picked":"SKIP","floor":4},{"not_picked":["Brutality","Pommel Strike","Clash"],"picked":"SKIP","floor":6},{"not_picked":["Infernal Blade","Cleave"],"picked":"Sword Boomerang","floor":8},{"not_picked":["True Grit","Clash"],"picked":"Inflame","floor":11},{"not_picked":["Flame Barrier","Searing Blow"],"picked":"Disarm","floor":13},{"not_picked":["Immolate","Fiend Fire"],"picked":"Demon Form","floor":16},{"not_picked":["Twin Strike","Thunderclap","Cleave"],"picked":"Singing Bowl","floor":18},{"not_picked":["Warcry","Dropkick","Second Wind"],"picked":"Singing Bowl","floor":19},{"not_picked":["Thunderclap","Pommel Strike","Cleave"],"picked":"Singing Bowl","floor":20}],"player_experience":429475,"relics_obtained":[{"floor":6,"key":"Magic Flower"},{"floor":8,"key":"Anchor"},{"floor":9,"key":"Singing Bowl"}],"event_choices":[{"damage_healed":73,"gold_gain":0,"player_choice":"Upgrade","damage_taken":16,"max_hp_gain":0,"max_hp_loss":80,"event_name":"betterThird:BetterShining","floor":3,"gold_loss":0,"cards_upgraded":["Thunderclap","Strike_R"]}],"is_beta":false,"boss_relics":[{"not_picked":["SacredBark","Coffee Dripper"],"picked":"SlaversCollar"}],"items_purged_floors":[],"is_endless":false,"potions_floor_spawned":[4,11,16,19],"killed_by":"Snake Plant","ascension_level":13}}