{"host":"nvwxkcurnqq848ao","time":1607646198,"event":{"mods":["BaseMod","Block Reminder","Downfall","Infinite Spire","Minty Spire (QoL Compilation)","Relic Sorter","Replay The Spire","StSLib"],"gold_per_floor":[113,113,130,143,3,3,28,28,28,28,28,62,62,62,62],"floor_reached":14,"playtime":679,"items_purged":[],"score":169,"play_id":"98249e5b-2721-4290-91b6-2d097f4805c1","local_time":"20201210182318","is_ascension_mode":true,"campfire_choices":[{"data":"Defragment","floor":6,"key":"SMITH"},{"data":"Echo Form","floor":10,"key":"SMITH"},{"data":"ReplayTheSpireMod:Calculation Training","floor":13,"key":"SMITH"}],"circlet_count":0,"master_deck":["Strike_B","Defend_B","Defend_B","Defend_B","Zap","Dualcast","Glacier+1","Panic Button+1","Scrape+1","Storm","Panic Button","Steam","Defragment+1","Tempest","Echo Form+1","Sickly","ReplayTheSpireMod:Calculation Training+1"],"relics":["Cracked Core","Astrolabe","Cursed Key","Vajra","Shovel"],"acts_visited":["Exordium"],"potions_floor_usage":[12,12],"damage_taken":[{"damage":8,"enemies":"Small Slimes","floor":1,"turns":4},{"damage":0,"enemies":"Cultist","floor":3,"turns":3},{"damage":2,"enemies":"Jaw Worm","floor":4,"turns":5},{"damage":20,"enemies":"3 Sentries","floor":7,"turns":7},{"damage":0,"enemies":"Lagavulin","floor":12,"turns":8},{"damage":89,"enemies":"Gremlin Nob","floor":14,"turns":5}],"seed_played":"-5080453380732529848","potions_obtained":[{"floor":4,"key":"GamblersBrew"},{"floor":7,"key":"Energy Potion"}],"is_trial":false,"path_per_floor":["M","?","M","M","$","R","E","$","T","R","$","E","R","E"],"character_chosen":"DEFECT","items_purchased":["Defragment","Tempest"],"campfire_rested":0,"item_purchase_floors":[5,5],"current_hp_per_floor":[60,60,60,58,58,58,38,38,38,38,38,38,38,0,0],"gold":62,"neow_bonus":"DOUBLE_BOSS_RELIC","is_daily":false,"chose_seed":false,"campfire_upgraded":3,"win_rate":0.0,"timestamp":1607646198,"path_taken":["M","?","M","M","?","R","E","?","T","R","$","E","R","E"],"items_purchased_type":["Card","Card"],"build_version":"2020-11-30","purchased_purges":0,"victory":false,"max_hp_per_floor":[75,75,75,75,75,75,75,75,75,75,75,75,75,75,75],"card_choices":[{"not_picked":["Rebound","Compile Driver"],"picked":"Storm","floor":1},{"not_picked":["Barrage","Sunder"],"picked":"Panic Button","floor":3},{"not_picked":["Leap","Chaos"],"picked":"Steam","floor":4},{"not_picked":["BootSequence","Gash"],"picked":"Echo Form","floor":7},{"not_picked":["Aggregate","Scrape"],"picked":"ReplayTheSpireMod:Calculation Training","floor":12}],"player_experience":506627,"relics_obtained":[{"floor":7,"key":"Vajra"},{"floor":12,"key":"Shovel"}],"event_choices":[{"cards_removed":["Strike_B"],"damage_healed":0,"gold_gain":0,"player_choice":"Purged","damage_taken":0,"max_hp_gain":0,"max_hp_loss":0,"event_name":"Purifier","floor":2,"gold_loss":0}],"is_beta":false,"boss_relics":[],"items_purged_floors":[],"is_endless":false,"potions_floor_spawned":[4,7],"killed_by":"Gremlin Nob","ascension_level":8}}