{"host":"gk5m6v7zec9neb0j","time":1607668624,"event":{"mods":["AchievementEnabler","AlwaysNeverKeys","BaseMod","BetterRewards","Block Reminder","Minty Spire (QoL Compilation)","Rare Cards Sparkle","Relic Stats","StSLib"],"gold_per_floor":[118,135,135,10,21,21,21,47,47,47,60,60,75,89,89,186,186,172,188,201,220,237,237,31,63,89,120,139,139,139,150,150,249,249,267,267,142,165,11,11,11,21,21,37,52,52,63,75,75,75,75,75,35,64,64],"floor_reached":56,"playtime":2446,"items_purged":["Strike_R","Strike_R","Strike_R"],"score":1498,"play_id":"5f3297bc-8627-4896-8130-3b45e8bb1dec","local_time":"20201211013704","is_ascension_mode":false,"campfire_choices":[{"data":"Feel No Pain","floor":6.0,"key":"SMITH"},{"data":"Double Tap","floor":10.0,"key":"SMITH"},{"data":"Disarm","floor":12.0,"key":"SMITH"},{"data":"Armaments","floor":15.0,"key":"SMITH"},{"data":"Demon Form","floor":23.0,"key":"SMITH"},{"data":"Seeing Red","floor":29.0,"key":"SMITH"},{"data":"Feel No Pain","floor":32.0,"key":"SMITH"},{"data":"Juggernaut","floor":40,"key":"SMITH"},{"data":"Evolve","floor":46,"key":"SMITH"},{"data":"Feel No Pain","floor":49,"key":"SMITH"},{"data":"Heavy Blade","floor":52,"key":"SMITH"}],"circlet_count":0,"master_deck":["Defend_R","Defend_R","Defend_R","Bash","Corruption+1","Flex","Shrug It Off","Feel No Pain+1","Havoc","Flex","Seeing Red+1","Disarm+1","Clash","Double Tap+1","Havoc","Cleave","Armaments+1","Demon Form+1","Iron Wave","Sentinel","Bloodletting+1","Havoc","Feel No Pain+1","Disarm","Shockwave","Sentinel+1","Shrug It Off","Impervious","Seeing Red","Juggernaut+1","Iron Wave","Feel No Pain+1","Panacea+1","Heavy Blade+1","Metallicize+1","Evolve+1","Iron Wave","Feel No Pain"],"relics":["Burning Blood","Orrery","HornCleat","StrikeDummy","Empty Cage","Self Forming Clay","Potion Belt","Red Mask","Runic Pyramid","Anchor","Boot","Blood Vial"],"acts_visited":["Exordium","TheCity","TheBeyond","TheEnding"],"potions_floor_usage":[33,45,55],"damage_taken":[{"damage":6.0,"enemies":"Jaw Worm","floor":1.0,"turns":6.0},{"damage":0.0,"enemies":"Small Slimes","floor":2.0,"turns":4.0},{"damage":0.0,"enemies":"Cultist","floor":5.0,"turns":4.0},{"damage":0.0,"enemies":"Lagavulin","floor":8.0,"turns":7.0},{"damage":0.0,"enemies":"2 Fungi Beasts","floor":11.0,"turns":4.0},{"damage":2.0,"enemies":"Gremlin Gang","floor":13.0,"turns":6.0},{"damage":0.0,"enemies":"3 Louse","floor":14.0,"turns":3.0},{"damage":16.0,"enemies":"Slime Boss","floor":16.0,"turns":8.0},{"damage":0.0,"enemies":"2 Thieves","floor":18.0,"turns":5.0},{"damage":3.0,"enemies":"Chosen","floor":19.0,"turns":7.0},{"damage":13.0,"enemies":"Centurion and Healer","floor":20.0,"turns":8.0},{"damage":0.0,"enemies":"Sentry and Sphere","floor":21.0,"turns":6.0},{"damage":32.0,"enemies":"Cultist and Chosen","floor":22.0,"turns":9.0},{"damage":10.0,"enemies":"Book of Stabbing","floor":25.0,"turns":7.0},{"damage":6.0,"enemies":"Masked Bandits","floor":27.0,"turns":7.0},{"damage":6.0,"enemies":"Snake Plant","floor":28.0,"turns":8.0},{"damage":6.0,"enemies":"Centurion and Healer","floor":31.0,"turns":9.0},{"damage":22,"enemies":"Automaton","floor":33,"turns":11},{"damage":7,"enemies":"3 Darklings","floor":35,"turns":6},{"damage":2,"enemies":"Orb Walker","floor":42,"turns":4},{"damage":0,"enemies":"Spire Growth","floor":44,"turns":7},{"damage":3,"enemies":"Transient","floor":45,"turns":5},{"damage":3,"enemies":"Writhing Mass","floor":47,"turns":8},{"damage":2,"enemies":"3 Darklings","floor":48,"turns":4},{"damage":24,"enemies":"Donu and Deca","floor":50,"turns":8},{"damage":27,"enemies":"Shield and Spear","floor":54,"turns":10},{"damage":40,"enemies":"The Heart","floor":55,"turns":10}],"seed_played":"3610753649938167757","potions_obtained":[{"floor":8.0,"key":"SkillPotion"},{"floor":11.0,"key":"Energy Potion"},{"floor":13.0,"key":"Ancient Potion"},{"floor":19.0,"key":"Fire Potion"},{"floor":22.0,"key":"AttackPotion"},{"floor":27.0,"key":"BlessingOfTheForge"},{"floor":28.0,"key":"Strength Potion"},{"floor":33,"key":"FearPotion"},{"floor":45,"key":"Fruit Juice"},{"floor":48,"key":"BloodPotion"},{"floor":54,"key":"Swift Potion"}],"is_trial":false,"path_per_floor":["M","M","?","$","M","R","?","E","T","R","M","R","M","M","R","B",null,"M","M","M","M","M","R","$","E","T","?","M","R","?","M","R","B",null,"M","?","$","T","$","R","?","M","T","M","M","R","M","M","R","B",null,"R","$","E","B",null],"character_chosen":"IRONCLAD","items_purchased":["Orrery","Feel No Pain","Havoc","Flex","FairyPotion","Feel No Pain","Disarm","Juggernaut","Iron Wave","Feel No Pain","Panacea","Feel No Pain"],"campfire_rested":0,"item_purchase_floors":[0,0,0,0,24,24,24,37,37,39,39,53],"current_hp_per_floor":[57,63,47,47,53,53,53,59,59,59,65,65,69,75,75,65,80,80,80,73,79,53,53,53,49,49,49,49,49,49,49,49,33,80,79,79,79,79,79,79,79,80,80,80,85,85,85,85,85,67,85,85,85,64,49],"gold":64,"neow_bonus":"","is_daily":false,"chose_seed":false,"campfire_upgraded":11,"win_rate":0.0,"timestamp":1607668624,"path_taken":["M","M","?","$","M","R","?","E","T","R","M","R","M","M","R","BOSS","M","M","M","M","M","R","$","E","T","?","M","R","?","M","R","BOSS","M","?","$","?","$","R","?","?","T","M","M","R","M","M","R","BOSS","R","$","E","BOSS"],"items_purchased_type":["Relic","Card","Card","Card","Potion","Card","Card","Card","Card","Card","Card","Card"],"build_version":"2020-11-30","purchased_purges":3,"victory":true,"max_hp_per_floor":[80,80,80,80,80,80,80,80,80,80,80,80,80,80,80,80,80,80,80,80,80,80,80,80,80,80,80,80,80,80,80,80,80,80,80,80,80,80,80,80,80,80,80,80,85,85,85,85,85,85,85,85,85,85,85],"relic_stats":{"Blood Vial":2,"counters":[278,1390],"Self Forming Clay":[90],"Boot":[0],"obtain_stats":[{"Whetstone":45,"Ginger":48,"Bottled Tornado":12,"Boot":40,"Old Coin":9,"Blood Vial":54,"Sundial":43,"Fusion Hammer":34,"Kunai":3,"Pear":6,"Blue Candle":9,"Eternal Feather":6,"Pen Nib":9,"Akabeko":37,"SlaversCollar":17,"Runic Dome":17,"Bird Faced Urn":0,"Mark of Pain":34,"StrikeDummy":47,"Unceasing Top":0,"Regal Pillow":9,"Singing Bowl":42,"StoneCalendar":0,"Bag of Preparation":41,"Ancient Tea Set":6,"Burning Blood":0,"Matryoshka":27,"WingedGreaves":11,"Chemical X":0,"Paper Frog":9,"Potion Belt":43,"Lee\u0027s Waffle":0,"Golden Idol":4,"Self Forming Clay":25,"Thread and Needle":0,"The Courier":13,"Omamori":13,"Frozen Egg 2":8,"MawBank":9,"Orrery":0,"Turnip":13,"Art of War":26,"Champion Belt":23,"Toy Ornithopter":9,"Ice Cream":0,"Calipers":0,"Gremlin Horn":24,"CeramicFish":11,"Vajra":19,"Lizard Tail":25,"Centennial Puzzle":26,"HornCleat":54,"Strawberry":43,"Toxic Egg 2":25,"Girya":0,"Happy Flower":0,"Dead Branch":13,"Charon\u0027s Ashes":0,"Letter Opener":26,"War Paint":55,"Question Card":9,"Du-Vu Doll":43,"OrangePellets":0,"Bottled Flame":54,"Shuriken":0,"Bronze Scales":0,"Molten Egg 2":26,"Nloth\u0027s Gift":20,"Pocketwatch":47,"Meat on the Bone":28,"Darkstone Periapt":26,"SacredBark":34,"Black Blood":17,"Mango":26,"Juzu Bracelet":3,"Incense Burner":0,"Empty Cage":17,"ClockworkSouvenir":0,"Nunchaku":36,"Dream Catcher":25,"TheAbacus":37,"Mummified Hand":0,"Gambling Chip":13,"Tiny Chest":24,"Red Mask":41,"Red Skull":4,"Runic Pyramid":34,"Orichalcum":20,"Odd Mushroom":14,"White Beast Statue":2,"Mercury Hourglass":30,"Peace Pipe":0,"Anchor":12,"Bag of Marbles":0,"Membership Card":0,"FossilizedHelix":0,"TungstenRod":36},{"Whetstone":46,"Ginger":104,"Bottled Tornado":137,"Boot":102,"Old Coin":4,"Blood Vial":49,"Sundial":149,"Fusion Hammer":98,"Kunai":2,"Pear":111,"Blue Candle":112,"Eternal Feather":25,"Pen Nib":56,"Akabeko":221,"SlaversCollar":36,"Runic Dome":61,"Bird Faced Urn":129,"Mark of Pain":70,"StrikeDummy":47,"Unceasing Top":0,"Regal Pillow":157,"Singing Bowl":102,"StoneCalendar":80,"Bag of Preparation":196,"Ancient Tea Set":84,"Burning Blood":0,"Matryoshka":118,"WingedGreaves":26,"Chemical X":50,"Paper Frog":33,"Potion Belt":102,"Lee\u0027s Waffle":231,"Golden Idol":2,"Self Forming Clay":265,"Thread and Needle":154,"The Courier":15,"Omamori":27,"Frozen Egg 2":25,"MawBank":13,"Orrery":9,"Turnip":59,"Art of War":117,"Champion Belt":66,"Toy Ornithopter":181,"Ice Cream":80,"Calipers":80,"Gremlin Horn":39,"CeramicFish":33,"Vajra":140,"Lizard Tail":39,"Centennial Puzzle":39,"HornCleat":174,"Strawberry":124,"Toxic Egg 2":117,"Girya":50,"Happy Flower":80,"Dead Branch":88,"Charon\u0027s Ashes":50,"Letter Opener":67,"War Paint":79,"Question Card":135,"Du-Vu Doll":149,"OrangePellets":19,"Bottled Flame":106,"Shuriken":0,"Bronze Scales":29,"Molten Egg 2":165,"Nloth\u0027s Gift":115,"Pocketwatch":172,"Meat on the Bone":216,"Darkstone Periapt":93,"SacredBark":219,"Black Blood":16,"Mango":141,"Juzu Bracelet":10,"Incense Burner":107,"Empty Cage":160,"ClockworkSouvenir":0,"Nunchaku":42,"Dream Catcher":141,"TheAbacus":99,"Mummified Hand":50,"Gambling Chip":34,"Tiny Chest":92,"Red Mask":148,"Red Skull":32,"Runic Pyramid":41,"Orichalcum":17,"Odd Mushroom":28,"White Beast Statue":10,"Mercury Hourglass":69,"Peace Pipe":0,"Anchor":59,"Bag of Marbles":50,"Membership Card":0,"FossilizedHelix":129,"TungstenRod":193},{"Whetstone":235,"Ginger":445,"Bottled Tornado":578,"Boot":443,"Old Coin":20,"Blood Vial":254,"Sundial":607,"Fusion Hammer":434,"Kunai":11,"Pear":468,"Blue Candle":470,"Eternal Feather":132,"Pen Nib":288,"Akabeko":1053,"SlaversCollar":194,"Runic Dome":314,"Bird Faced Urn":552,"Mark of Pain":351,"StrikeDummy":240,"Unceasing Top":0,"Regal Pillow":630,"Singing Bowl":443,"StoneCalendar":388,"Bag of Preparation":876,"Ancient Tea Set":396,"Burning Blood":0,"Matryoshka":499,"WingedGreaves":139,"Chemical X":262,"Paper Frog":177,"Potion Belt":443,"Lee\u0027s Waffle":1104,"Golden Idol":11,"Self Forming Clay":1293,"Thread and Needle":621,"The Courier":70,"Omamori":150,"Frozen Egg 2":132,"MawBank":57,"Orrery":48,"Turnip":301,"Art of War":496,"Champion Belt":329,"Toy Ornithopter":757,"Ice Cream":388,"Calipers":388,"Gremlin Horn":203,"CeramicFish":177,"Vajra":586,"Lizard Tail":203,"Centennial Puzzle":203,"HornCleat":729,"Strawberry":538,"Toxic Egg 2":496,"Girya":262,"Happy Flower":388,"Dead Branch":406,"Charon\u0027s Ashes":262,"Letter Opener":332,"War Paint":381,"Question Card":574,"Du-Vu Doll":607,"OrangePellets":106,"Bottled Flame":448,"Shuriken":0,"Bronze Scales":164,"Molten Egg 2":671,"Nloth\u0027s Gift":488,"Pocketwatch":718,"Meat on the Bone":1028,"Darkstone Periapt":419,"SacredBark":1044,"Black Blood":80,"Mango":587,"Juzu Bracelet":50,"Incense Burner":454,"Empty Cage":646,"ClockworkSouvenir":0,"Nunchaku":221,"Dream Catcher":587,"TheAbacus":436,"Mummified Hand":262,"Gambling Chip":183,"Tiny Chest":417,"Red Mask":605,"Red Skull":173,"Runic Pyramid":217,"Orichalcum":95,"Odd Mushroom":152,"White Beast Statue":50,"Mercury Hourglass":341,"Peace Pipe":0,"Anchor":301,"Bag of Marbles":262,"Membership Card":0,"FossilizedHelix":552,"TungstenRod":854}],"Burning Blood":1576},"card_choices":[{"not_picked":["Havoc","Dual Wield"],"picked":"Corruption","floor":0.0},{"not_picked":["Dropkick","Armaments"],"picked":"Flex","floor":0.0},{"not_picked":["Uppercut","Pommel Strike"],"picked":"Shrug It Off","floor":0.0},{"not_picked":["Ghostly Armor","Combust"],"picked":"Seeing Red","floor":1.0},{"not_picked":["Whirlwind","Wild Strike"],"picked":"Disarm","floor":2.0},{"not_picked":["Shrug It Off","Heavy Blade"],"picked":"Clash","floor":5.0},{"not_picked":["Armaments","Seeing Red"],"picked":"Double Tap","floor":8.0},{"not_picked":["Wild Strike","Headbutt","Havoc"],"picked":"SKIP","floor":11.0},{"not_picked":["Wild Strike","Headbutt"],"picked":"Havoc","floor":11.0},{"not_picked":["True Grit","Pommel Strike"],"picked":"Cleave","floor":13.0},{"not_picked":["Havoc","Twin Strike"],"picked":"Armaments","floor":14.0},{"not_picked":["Fiend Fire","Berserk"],"picked":"Demon Form","floor":16.0},{"not_picked":["Twin Strike+1","Cleave","Combust"],"picked":"SKIP","floor":18.0},{"not_picked":["Anger","Havoc+1"],"picked":"Iron Wave","floor":19.0},{"not_picked":["Perfected Strike+1","Headbutt+1"],"picked":"Sentinel","floor":20.0},{"not_picked":["Twin Strike","True Grit+1"],"picked":"Bloodletting+1","floor":21.0},{"not_picked":["Inflame","True Grit"],"picked":"Havoc","floor":22.0},{"not_picked":["Immolate","Sever Soul"],"picked":"Shockwave","floor":25.0},{"not_picked":["Thunderclap","Iron Wave"],"picked":"Sentinel+1","floor":28.0},{"not_picked":["Rampage","Power Through"],"picked":"Shrug It Off","floor":31.0},{"not_picked":["Feed","Demon Form"],"picked":"Impervious","floor":33},{"not_picked":["Anger+1","Cleave+1"],"picked":"Seeing Red","floor":35},{"not_picked":["Flame Barrier+1","Second Wind"],"picked":"Heavy Blade","floor":42},{"not_picked":["Wild Strike","Twin Strike"],"picked":"Metallicize+1","floor":44},{"not_picked":["Anger","Rage+1"],"picked":"Evolve","floor":45},{"not_picked":["Anger+1","Perfected Strike","True Grit"],"picked":"SKIP","floor":47},{"not_picked":["Clash+1","Brutality"],"picked":"Iron Wave","floor":48},{"not_picked":["Armaments","Pommel Strike+1","Sever Soul+1"],"picked":"SKIP","floor":54}],"player_experience":667074,"relics_obtained":[{"floor":8.0,"key":"HornCleat"},{"floor":9.0,"key":"StrikeDummy"},{"floor":25.0,"key":"Self Forming Clay"},{"floor":26.0,"key":"Potion Belt"},{"floor":27.0,"key":"Red Mask"},{"floor":38,"key":"Anchor"},{"floor":43,"key":"Boot"},{"floor":54,"key":"Blood Vial"}],"event_choices":[{"damage_healed":0.0,"max_hp_gain":0.0,"max_hp_loss":0.0,"gold_gain":0.0,"event_name":"Shining Light","player_choice":"Entered Light","floor":3.0,"gold_loss":0.0,"damage_taken":16.0,"cards_upgraded":["Strike_R","Corruption"]},{"damage_healed":0.0,"max_hp_gain":0.0,"max_hp_loss":0.0,"gold_gain":0.0,"event_name":"Golden Idol","player_choice":"Ignored","floor":7.0,"gold_loss":0.0,"damage_taken":0.0},{"damage_healed":0.0,"max_hp_gain":0.0,"max_hp_loss":0.0,"gold_gain":0.0,"event_name":"Masked Bandits","player_choice":"Fought Bandits","floor":27.0,"gold_loss":0.0,"damage_taken":0.0},{"damage_healed":0.0,"max_hp_gain":0.0,"max_hp_loss":0.0,"gold_gain":0.0,"event_name":"Ghosts","player_choice":"Ignored","floor":30.0,"gold_loss":0.0,"damage_taken":0.0},{"cards_removed":["Defend_R"],"damage_healed":0,"gold_gain":0,"player_choice":"Purged","damage_taken":0,"max_hp_gain":0,"max_hp_loss":0,"event_name":"Purifier","floor":36,"gold_loss":0},{"damage_healed":0,"gold_gain":0,"player_choice":"Upgraded","damage_taken":0,"max_hp_gain":0,"max_hp_loss":0,"event_name":"Upgrade Shrine","floor":41,"gold_loss":0,"cards_upgraded":["Panacea"]}],"is_beta":false,"boss_relics":[{"not_picked":["Ectoplasm","Pandora\u0027s Box"],"picked":"Empty Cage"},{"not_picked":["Runic Dome","Cursed Key"],"picked":"Runic Pyramid"}],"items_purged_floors":[0,0,4],"is_endless":false,"potions_floor_spawned":[8,11,13,19,22,27,28,33,35,45,48,54],"ascension_level":0}}