{"host":"rmsq46plbpwfbxcc","time":1607658573,"event":{"mods":["AchievementEnabler","BaseMod","Colored Map","DeckTracker","Minty Spire (QoL Compilation)","Permanent Neow","SuperFastMode"],"gold_per_floor":[10,20,20,20,39,39,82,97,97,118,118,118,89,105,105,201,201,217,236,236,67,92,92,132,132,156,172,192,192,227,240,240,333,333,354,372,388,238,238,274,274,312,312,312,325,346,346,346,346,346,346],"floor_reached":50,"playtime":1921,"items_purged":["Injury"],"score":1069,"play_id":"69e2ce91-c848-41fb-9b6b-f0fe13f2798d","local_time":"20201211124933","is_ascension_mode":true,"campfire_choices":[{"data":"Apotheosis","floor":6.0,"key":"SMITH"},{"data":"Backstab","floor":12,"key":"SMITH"},{"data":"Accuracy","floor":15,"key":"SMITH"},{"floor":23,"key":"REST"},{"floor":25,"key":"REST"},{"floor":32,"key":"REST"},{"floor":41,"key":"REST"},{"floor":44,"key":"REST"},{"floor":49,"key":"REST"}],"circlet_count":0,"master_deck":["AscendersBane","Strike_G","Strike_G","Strike_G","Defend_G","Defend_G","Defend_G","Defend_G","Defend_G","Survivor","Neutralize+1","Apotheosis+1","Deadly Poison","Accuracy+1","Finisher","Backstab+1","Cloak And Dagger","Tactician","Phantasmal Killer","Acrobatics","Escape Plan","Backflip","Footwork","Bullet Time","Blade Dance","Accuracy+1","Well Laid Plans","Burst","Envenom","Catalyst","Bane","Panacea"],"relics":["Ring of the Snake","Golden Idol","CaptainsWheel","Pocketwatch","Fusion Hammer","Pen Nib","Torii","Ancient Tea Set","Tough Bandages","SlaversCollar","StrikeDummy","Bottled Flame","Paper Crane"],"acts_visited":["Exordium","TheCity","TheBeyond"],"potions_floor_usage":[16,22,33,37,50],"damage_taken":[{"damage":1.0,"enemies":"Small Slimes","floor":1.0,"turns":4.0},{"damage":0.0,"enemies":"2 Louse","floor":2.0,"turns":4.0},{"damage":4.0,"enemies":"Jaw Worm","floor":5.0,"turns":5.0},{"damage":14.0,"enemies":"3 Sentries","floor":7.0,"turns":9.0},{"damage":3.0,"enemies":"Exordium Wildlife","floor":8.0,"turns":4.0},{"damage":5.0,"enemies":"Gremlin Gang","floor":10.0,"turns":4.0},{"damage":0,"enemies":"Looter","floor":14,"turns":2},{"damage":10,"enemies":"The Guardian","floor":16,"turns":9},{"damage":14,"enemies":"Shell Parasite","floor":18,"turns":6},{"damage":0,"enemies":"Chosen","floor":19,"turns":3},{"damage":11,"enemies":"Sentry and Sphere","floor":22,"turns":6},{"damage":5,"enemies":"Book of Stabbing","floor":24,"turns":7},{"damage":7,"enemies":"Centurion and Healer","floor":27,"turns":5},{"damage":11,"enemies":"Snake Plant","floor":28,"turns":5},{"damage":0,"enemies":"Gremlin Leader","floor":30,"turns":5},{"damage":8,"enemies":"Sentry and Sphere","floor":31,"turns":5},{"damage":33,"enemies":"Collector","floor":33,"turns":8},{"damage":0,"enemies":"3 Shapes","floor":35,"turns":4},{"damage":1,"enemies":"3 Darklings","floor":36,"turns":5},{"damage":1,"enemies":"Sphere and 2 Shapes","floor":37,"turns":5},{"damage":20,"enemies":"Giant Head","floor":40,"turns":6},{"damage":22,"enemies":"Nemesis","floor":42,"turns":5},{"damage":2,"enemies":"Transient","floor":45,"turns":5},{"damage":9,"enemies":"3 Darklings","floor":46,"turns":8},{"damage":63,"enemies":"Awakened One","floor":50,"turns":6}],"seed_played":"-5478733537818760890","potions_obtained":[{"floor":1.0,"key":"Energy Potion"},{"floor":5.0,"key":"Block Potion"},{"floor":14,"key":"Swift Potion"},{"floor":19,"key":"Explosive Potion"},{"floor":24,"key":"EssenceOfSteel"},{"floor":35,"key":"SkillPotion"},{"floor":42,"key":"Block Potion"},{"floor":45,"key":"FearPotion"}],"is_trial":false,"path_per_floor":["M","M","?","$","M","R","E","M","T","M","?","R","$","M","R","B",null,"M","M","?","$","M","R","E","R","T","M","M","?","E","M","R","B",null,"M","M","M","$","?","E","R","E","T","R","M","M","?","?","R","B"],"character_chosen":"THE_SILENT","items_purchased":["Cloak And Dagger","Pen Nib","Envenom"],"campfire_rested":6,"item_purchase_floors":[13,21,38],"current_hp_per_floor":[58,58,58,58,54,54,40,37,37,32,32,32,32,32,32,22,55,41,41,41,41,30,49,44,63,63,56,45,45,45,37,56,23,55,55,54,53,53,53,33,52,30,30,49,47,38,38,38,57,0,0],"gold":346,"neow_bonus":"RANDOM_COLORLESS_2","is_daily":false,"chose_seed":false,"campfire_upgraded":3,"win_rate":0.0,"timestamp":1607658573,"path_taken":["M","M","?","$","M","R","E","M","T","M","?","R","$","M","R","BOSS","M","M","?","$","M","R","E","R","T","M","M","?","E","M","R","BOSS","M","M","?","$","?","E","R","E","T","R","M","M","?","?","R","BOSS"],"items_purchased_type":["Card","Relic","Card"],"build_version":"2020-11-30","purchased_purges":1,"victory":false,"max_hp_per_floor":[66,66,66,66,66,66,66,66,66,66,66,66,66,66,66,66,66,66,66,66,66,66,66,66,66,66,66,66,66,66,66,66,66,66,66,66,66,66,66,66,66,66,66,66,66,66,66,66,66,66,66],"card_choices":[{"not_picked":["Mayhem","HandOfGreed"],"picked":"Apotheosis","floor":0.0},{"not_picked":["Poisoned Stab","Prepared"],"picked":"Deadly Poison","floor":1.0},{"not_picked":["Poisoned Stab","Masterful Stab"],"picked":"Accuracy","floor":2.0},{"not_picked":["Endless Agony","Underhanded Strike"],"picked":"Finisher","floor":5.0},{"not_picked":["Acrobatics","Flying Knee","Masterful Stab"],"picked":"SKIP","floor":7.0},{"not_picked":["Acrobatics","Finisher"],"picked":"Backstab","floor":8.0},{"not_picked":["Eviscerate","Deflect","Accuracy"],"picked":"SKIP","floor":10.0},{"not_picked":["Caltrops","Dagger Throw"],"picked":"Tactician","floor":14},{"not_picked":["Storm of Steel","Tools of the Trade"],"picked":"Phantasmal Killer","floor":16},{"not_picked":["Quick Slash","Flying Knee"],"picked":"Acrobatics","floor":18},{"not_picked":["Quick Slash","Outmaneuver"],"picked":"Escape Plan","floor":19},{"not_picked":["Cloak And Dagger","Deflect"],"picked":"Backflip","floor":22},{"not_picked":["Leg Sweep","Crippling Poison"],"picked":"Footwork","floor":24},{"not_picked":["Distraction","Heel Hook+1"],"picked":"Bullet Time","floor":27},{"not_picked":["Outmaneuver","Dodge and Roll"],"picked":"Blade Dance","floor":28},{"not_picked":["Poisoned Stab","Dodge and Roll+1","All Out Attack"],"picked":"SKIP","floor":30},{"not_picked":["Slice","Escape Plan"],"picked":"Well Laid Plans","floor":31},{"not_picked":["Die Die Die","Grand Finale"],"picked":"Burst","floor":33},{"not_picked":["Endless Agony+1","Setup","Sucker Punch+1"],"picked":"SKIP","floor":35},{"not_picked":["Riddle With Holes+1","Underhanded Strike","Flying Knee"],"picked":"SKIP","floor":36},{"not_picked":["Concentrate","Dodge and Roll","Flying Knee+1"],"picked":"SKIP","floor":37},{"not_picked":["Sucker Punch+1","Accuracy+1"],"picked":"Catalyst","floor":40},{"not_picked":["Eviscerate","Dash","Slice"],"picked":"SKIP","floor":42},{"not_picked":["Malaise","Dagger Throw","Outmaneuver"],"picked":"SKIP","floor":45},{"not_picked":["Deadly Poison","Noxious Fumes"],"picked":"Bane","floor":46},{"not_picked":["Bandage Up","Good Instincts"],"picked":"Panacea","floor":48}],"player_experience":1310929,"relics_obtained":[{"floor":7.0,"key":"CaptainsWheel"},{"floor":9.0,"key":"Pocketwatch"},{"floor":24,"key":"Torii"},{"floor":26,"key":"Ancient Tea Set"},{"floor":30,"key":"Tough Bandages"},{"floor":40,"key":"StrikeDummy"},{"floor":42,"key":"Bottled Flame"},{"floor":43,"key":"Paper Crane"}],"event_choices":[{"damage_healed":0.0,"max_hp_gain":0.0,"max_hp_loss":0.0,"gold_gain":0.0,"event_name":"Golden Idol","player_choice":"Take Wound","floor":3.0,"gold_loss":0.0,"damage_taken":0.0,"relics_obtained":["Golden Idol"],"cards_obtained":["Injury"]},{"damage_healed":0,"gold_gain":0,"player_choice":"Grow","damage_taken":0,"max_hp_gain":0,"max_hp_loss":0,"event_name":"Living Wall","floor":11,"gold_loss":0,"cards_upgraded":["Neutralize"]},{"cards_removed":["Strike_G"],"damage_healed":0,"gold_gain":0,"player_choice":"Elegance","damage_taken":0,"max_hp_gain":0,"max_hp_loss":0,"event_name":"Back to Basics","floor":20,"gold_loss":0},{"damage_healed":0,"gold_gain":0,"player_choice":"Copied","damage_taken":0,"max_hp_gain":0,"max_hp_loss":0,"event_name":"Duplicator","floor":29,"gold_loss":0,"cards_obtained":["Accuracy"]},{"damage_healed":0,"gold_gain":0,"player_choice":"Ignored","damage_taken":0,"max_hp_gain":0,"max_hp_loss":0,"event_name":"Tomb of Lord Red Mask","floor":39,"gold_loss":0},{"cards_removed":["Strike_G"],"damage_healed":0,"gold_gain":0,"player_choice":"Removed Attack","damage_taken":0,"max_hp_gain":0,"max_hp_loss":0,"event_name":"Falling","floor":47,"gold_loss":0},{"damage_healed":0,"gold_gain":0,"player_choice":"Memory 1","damage_taken":0,"max_hp_gain":0,"max_hp_loss":0,"event_name":"SensoryStone","floor":48,"gold_loss":0}],"is_beta":false,"boss_relics":[{"not_picked":["Sozu","HoveringKite"],"picked":"Fusion Hammer"},{"not_picked":["Coffee Dripper","Philosopher\u0027s Stone"],"picked":"SlaversCollar"}],"items_purged_floors":[38],"is_endless":false,"potions_floor_spawned":[1,5,14,19,24,27,30,35,42,45],"killed_by":"Awakened One","ascension_level":16}}