{"host":"o7j6aatxjwpw1421","time":1607706627,"event":{"mods":["2.2 Compatiblity","BaseMod","Colored Map","DeckTracker","Highlight Path","Keyboard Shortcuts","Minty Spire (QoL Compilation)","Permanent Neow","Quick Restart","StSLib","SuperFastMode","everything is the same but u backflip on backflip"],"gold_per_floor":[113,38,52,52,72,72,90,90,90,90,90],"floor_reached":10,"playtime":430,"items_purged":["Strike_G"],"score":90,"play_id":"6edecf19-e141-4b6f-b580-4edccc2f0cb8","local_time":"20201212021027","is_ascension_mode":true,"campfire_choices":[{"data":"Dagger Throw","floor":6.0,"key":"SMITH"},{"data":"Dagger Spray","floor":8.0,"key":"SMITH"}],"circlet_count":0,"master_deck":["AscendersBane","Strike_G","Strike_G","Strike_G","Defend_G","Defend_G","Defend_G","Defend_G","Defend_G","Survivor","Neutralize","Corpse Explosion","Dagger Throw+1","Infinite Blades","Dagger Spray+1"],"relics":["Ring of the Snake","Tiny Chest"],"acts_visited":["Exordium"],"potions_floor_usage":[10,10],"damage_taken":[{"damage":3.0,"enemies":"2 Louse","floor":1.0,"turns":2.0},{"damage":1.0,"enemies":"Jaw Worm","floor":3.0,"turns":5.0},{"damage":1.0,"enemies":"Small Slimes","floor":5.0,"turns":4.0},{"damage":7.0,"enemies":"Exordium Wildlife","floor":7.0,"turns":7.0},{"damage":5,"enemies":"Lagavulin","floor":10,"turns":4}],"seed_played":"-3421206634289387063","potions_obtained":[{"floor":1.0,"key":"Strength Potion"},{"floor":7.0,"key":"CultistPotion"}],"is_trial":false,"path_per_floor":["M","$","M","?","M","R","M","R","T","E"],"character_chosen":"THE_SILENT","items_purchased":[],"campfire_rested":0,"item_purchase_floors":[],"current_hp_per_floor":[42,42,41,41,40,40,33,33,33,28,28],"gold":90,"neow_bonus":"THREE_RARE_CARDS","is_daily":false,"chose_seed":false,"campfire_upgraded":2,"win_rate":0.0,"timestamp":1607706627,"path_taken":["M","$","M","?","M","R","M","R","T","E"],"items_purchased_type":[],"build_version":"2020-11-30","purchased_purges":1,"victory":false,"max_hp_per_floor":[70,70,70,70,70,70,70,70,70,70,70],"card_choices":[{"not_picked":["Night Terror","Envenom"],"picked":"Corpse Explosion","floor":0.0},{"not_picked":["Well Laid Plans","All Out Attack"],"picked":"Dagger Throw","floor":1.0},{"not_picked":["Bane","Sucker Punch"],"picked":"Infinite Blades","floor":3.0},{"not_picked":["Bane","Choke","Heel Hook"],"picked":"SKIP","floor":5.0},{"not_picked":["Blur","Infinite Blades"],"picked":"Dagger Spray","floor":7.0}],"player_experience":200978,"relics_obtained":[{"floor":9.0,"key":"Tiny Chest"}],"event_choices":[{"cards_removed":["Strike_G"],"damage_healed":0.0,"max_hp_gain":0.0,"max_hp_loss":0.0,"gold_gain":0.0,"event_name":"Living Wall","player_choice":"Forget","floor":4.0,"gold_loss":0.0,"damage_taken":0.0}],"is_beta":false,"boss_relics":[],"items_purged_floors":[2],"is_endless":false,"potions_floor_spawned":[1,7],"killed_by":"Lagavulin","ascension_level":11}}