{"host":"zb6qm0v0lkutw3nk","time":1607728584,"event":{"mods":["Act Like it!","BaseMod","Dota2Spire","Lobotomy","Luminous","Minty Spire (QoL Compilation)","MostiFishMod","SIMod","Spicy Shops","StSLib","TestMod","The Bug Knight","UnlockEverythingMod","[JumpMod]Îè¶¯¼âËþ","vexMod","¡¾ÒÅÎï¿¨ÅÆ¡¿REMEMod","óô»ðÖ¸ÄÏ"],"gold_per_floor":[119,136,136,136,5,5,33,47,47,58,89,108,143,65,65,166,166,179,198,217,217,27,27,58,58,127,127,47,47,97,197,197,327,327,337,347,97,497,539,539,565,565,565,592,592,637,84,95,95,95,95,95,17,45,75],"floor_reached":56,"playtime":2153,"items_purged":["Strike_R","Bash","MostiFishMod:TheEndOfMoonlight","MostiFishMod:Neptune","MostiFishMod:FantasySummer"],"score":1618,"play_id":"47ce8072-3bba-4e4e-9a17-405ca43c61ca","local_time":"20201212071624","is_ascension_mode":false,"campfire_choices":[{"data":"DeusExMachina","floor":6.0,"key":"SMITH"},{"floor":15.0,"key":"DIG"},{"floor":23.0,"key":"DIG"},{"floor":25.0,"key":"DIG"},{"floor":27.0,"key":"DIG"},{"floor":29.0,"key":"DIG"},{"data":"REME_FearOfPain","floor":32,"key":"SMITH"},{"data":"Body Slam","floor":40,"key":"SMITH"},{"data":"Feel No Pain","floor":42,"key":"SMITH"},{"data":"REME_Cut","floor":45,"key":"SMITH"},{"floor":49,"key":"RECALL"},{"data":"MostiFishMod:DarkDeal","floor":52,"key":"SMITH"}],"circlet_count":0,"master_deck":["Strike_R+1","Strike_R","Strike_R","Strike_R","Defend_R+1","Defend_R","Defend_R","Defend_R","DeusExMachina+1","Feel No Pain+1","Cleave","MostiFishMod:DarkDeal+1","Sword Boomerang+1","Sword Boomerang+1","REME_Cut+1","REME_FearOfPain+1","MostiFishMod:SparklingWater","MostiFishMod:NightSea","Body Slam+1","Feel No Pain","Fire Breathing"],"relics":["Burning Blood","HowToJump","DaveBox","REME_ComplimentaryCards","testmod-InfectionSource","PatriotShield","testmod-Nyarlathotep","Question Card","White Beast Statue","Shovel","Art of War","Oddly Smooth Stone","Dota2Spire:MagicBottle","Toy Ornithopter","ImportantClient","FeatherPendant","Blue Candle","Dota2Spire:HandOfMidas","Dota2Spire:LotusOrb","Dota2Spire:MantaStyle","vexMod:InvisibilityCloak","Dota2Spire:ArmletOfMordiggian","Dota2Spire:AghanimScepter","MoonlightInvasionPlan","Ginger","Dota2Spire:BlackKingBar","Strawberry","Dream Catcher","Potion Belt","Bird Faced Urn","StrikeDummy"],"acts_visited":["Exordium","TheCity","TheBeyond","TheEnding"],"potions_floor_usage":[55,55,55],"damage_taken":[{"damage":0.0,"enemies":"Small Slimes","floor":1.0,"turns":2.0},{"damage":0.0,"enemies":"2 Louse","floor":2.0,"turns":2.0},{"damage":0.0,"enemies":"Lagavulin","floor":7.0,"turns":3.0},{"damage":0.0,"enemies":"Cultist","floor":8.0,"turns":2.0},{"damage":0.0,"enemies":"Large Slime","floor":10.0,"turns":2.0},{"damage":0.0,"enemies":"Gremlin Nob","floor":11.0,"turns":3.0},{"damage":0.0,"enemies":"Exordium Thugs","floor":12.0,"turns":2.0},{"damage":0.0,"enemies":"3 Sentries","floor":13.0,"turns":4.0},{"damage":0.0,"enemies":"The Guardian","floor":16.0,"turns":3.0},{"damage":0.0,"enemies":"Chosen","floor":18.0,"turns":3.0},{"damage":0.0,"enemies":"Spheric Guardian","floor":19.0,"turns":2.0},{"damage":0.0,"enemies":"Cultist and Chosen","floor":20.0,"turns":2.0},{"damage":0.0,"enemies":"Slavers","floor":24.0,"turns":2.0},{"damage":0.0,"enemies":"Snake Plant","floor":30.0,"turns":3.0},{"damage":0.0,"enemies":"Colosseum Slavers","floor":31.0,"turns":1.0},{"damage":0.0,"enemies":"Colosseum Nobs","floor":31.0,"turns":2.0},{"damage":0,"enemies":"Champ","floor":33,"turns":3},{"damage":12,"enemies":"3 Shapes","floor":35,"turns":2},{"damage":0,"enemies":"Orb Walker","floor":36,"turns":1},{"damage":0,"enemies":"Writhing Mass","floor":39,"turns":2},{"damage":0,"enemies":"Nemesis","floor":41,"turns":1},{"damage":0,"enemies":"Reptomancer","floor":44,"turns":2},{"damage":18,"enemies":"4 Shapes","floor":46,"turns":2},{"damage":0,"enemies":"Jaw Worm Horde","floor":48,"turns":1},{"damage":10,"enemies":"Donu and Deca","floor":50,"turns":2},{"damage":0,"enemies":"Shield and Spear","floor":54,"turns":1},{"damage":24,"enemies":"The Heart","floor":55,"turns":3}],"seed_played":"8703289337462051112","potions_obtained":[{"floor":7.0,"key":"ElixirPotion"},{"floor":8.0,"key":"Strength Potion"},{"floor":10.0,"key":"Regen Potion"},{"floor":12.0,"key":"Explosive Potion"},{"floor":13.0,"key":"testmod-TestPotion"},{"floor":16.0,"key":"SpeedPotion"},{"floor":18.0,"key":"FairyPotion"},{"floor":24.0,"key":"testmod-TimePotion"},{"floor":30.0,"key":"Regen Potion"},{"floor":54,"key":"Dota2Spire:HealingSalve"}],"is_trial":false,"path_per_floor":["M","M","?","?","$","R","E","M","T","M","E","M","E","$","R","B",null,"M","M","M","?","$","R","E","R","T","R","$","R","M","?","R","B",null,"M","M","$","?","M","R","E","R","T","E","R","M","R","M","R","B",null,"R","$","E","B",null],"character_chosen":"IRONCLAD","items_purchased":["White Beast Statue","Dota2Spire:MagicBottle","REME_Cut","Dream Catcher","Potion Belt","Feel No Pain","Bird Faced Urn","Fire Breathing"],"campfire_rested":0,"item_purchase_floors":[5,14,22,47,47,47,47,53],"current_hp_per_floor":[62,68,73,56,56,56,62,68,68,74,80,85,85,85,85,85,85,85,85,85,85,85,85,85,85,85,85,85,85,85,85,85,85,85,79,85,85,85,85,85,86,86,86,93,93,81,81,93,93,93,93,93,93,93,93],"gold":75,"neow_bonus":"ONE_RARE_RELIC","is_daily":false,"chose_seed":false,"campfire_upgraded":6,"win_rate":0.0,"timestamp":1607728584,"path_taken":["M","M","?","?","$","R","E","M","T","M","E","M","E","$","R","BOSS","M","M","M","?","$","R","E","R","T","R","?","R","M","?","R","BOSS","M","M","$","?","M","R","E","R","T","E","R","M","R","M","R","BOSS","R","$","E","BOSS"],"items_purchased_type":["Relic","Relic","Card","Relic","Relic","Card","Relic","Card"],"build_version":"2020-11-30","purchased_purges":5,"victory":true,"max_hp_per_floor":[80,80,85,85,85,85,85,85,85,85,85,85,85,85,85,85,85,85,85,85,85,85,85,85,85,85,85,85,85,85,85,85,85,85,85,85,85,85,85,85,86,86,86,93,93,93,93,93,93,93,93,93,93,93,93],"card_choices":[{"not_picked":["Rupture","Perfected Strike","Wild Strike"],"picked":"SKIP","floor":1.0},{"not_picked":["Iron Wave","Uppercut","Pommel Strike","Heavy Blade"],"picked":"SKIP","floor":2.0},{"not_picked":["Rampage","Evolve","Dual Wield","Twin Strike"],"picked":"SKIP","floor":7.0},{"not_picked":["Iron Wave","Burning Pact","Wild Strike","Fire Breathing"],"picked":"SKIP","floor":8.0},{"not_picked":["True Grit","Heavy Blade","Reckless Charge"],"picked":"Feel No Pain","floor":10.0},{"not_picked":["True Grit","Havoc","Barricade"],"picked":"Cleave","floor":11.0},{"not_picked":["REME_SingleHolding","Cleave","Headbutt","Clothesline"],"picked":"SKIP","floor":12.0},{"not_picked":["MostiFishMod:NewArrival","Warcry","Rampage","Ghostly Armor"],"picked":"SKIP","floor":13.0},{"not_picked":["Immolate","Barricade","MostiFishMod:NeverNightCountry"],"picked":"MostiFishMod:DarkDeal","floor":16.0},{"not_picked":["Rupture","Heavy Blade","Flex"],"picked":"Sword Boomerang+1","floor":18.0},{"not_picked":["Hemokinesis+1","Flex","Combust","Warcry"],"picked":"SKIP","floor":19.0},{"not_picked":["Metallicize","Havoc+1","Uppercut"],"picked":"Sword Boomerang+1","floor":20.0},{"not_picked":["Warcry+1","Burning Pact","Clothesline","Sword Boomerang"],"picked":"SKIP","floor":24.0},{"not_picked":["MostiFishMod:NewArrival","Pommel Strike","Sword Boomerang"],"picked":"REME_FearOfPain","floor":30.0},{"not_picked":["Infernal Blade+1","Dual Wield","Rupture","Flex"],"picked":"SKIP","floor":31},{"not_picked":["MostiFishMod:RacingGame","MostiFishMod:FlyOverUtopia","REME_Fury"],"picked":"MostiFishMod:NeverNightCountry","floor":33},{"not_picked":["Clothesline","Clash+1","Armaments"],"picked":"Body Slam","floor":35},{"not_picked":["Rampage","Heavy Blade+1","Power Through+1","Dual Wield+1"],"picked":"SKIP","floor":36},{"not_picked":["Carnage+1","Clothesline","Sentinel","Dual Wield"],"picked":"SKIP","floor":39},{"not_picked":["Anger+1","True Grit","Heavy Blade","Twin Strike+1"],"picked":"SKIP","floor":41},{"not_picked":["Twin Strike+1","MostiFishMod:ChineseTea","Exhume","Whirlwind"],"picked":"SKIP","floor":44},{"not_picked":["Shrug It Off","Shockwave+1","Clothesline","Ghostly Armor"],"picked":"SKIP","floor":46},{"not_picked":["REME_FearOfPain+1","Perfected Strike+1","Armaments+1","Havoc"],"picked":"SKIP","floor":48},{"not_picked":["MostiFishMod:NewArrival","Perfected Strike+1","Metallicize","Flex+1"],"picked":"SKIP","floor":54}],"player_experience":53711,"relics_obtained":[{"floor":1.0,"key":"Question Card"},{"floor":7.0,"key":"Shovel"},{"floor":11.0,"key":"Art of War"},{"floor":13.0,"key":"Oddly Smooth Stone"},{"floor":15.0,"key":"Toy Ornithopter"},{"floor":16.0,"key":"ImportantClient"},{"floor":23.0,"key":"Blue Candle"},{"floor":24.0,"key":"Dota2Spire:HandOfMidas"},{"floor":25.0,"key":"Dota2Spire:LotusOrb"},{"floor":26.0,"key":"Dota2Spire:MantaStyle"},{"floor":27.0,"key":"vexMod:InvisibilityCloak"},{"floor":29.0,"key":"Dota2Spire:ArmletOfMordiggian"},{"floor":31,"key":"Dota2Spire:AghanimScepter"},{"floor":41,"key":"Ginger"},{"floor":43,"key":"Dota2Spire:BlackKingBar"},{"floor":44,"key":"Strawberry"},{"floor":54,"key":"StrikeDummy"}],"event_choices":[{"damage_healed":0.0,"max_hp_gain":5.0,"max_hp_loss":0.0,"gold_gain":0.0,"event_name":"Big Fish","player_choice":"Donut","floor":3.0,"gold_loss":0.0,"damage_taken":0.0},{"damage_healed":0.0,"max_hp_gain":0.0,"max_hp_loss":0.0,"gold_gain":0.0,"event_name":"Shining Light","player_choice":"Entered Light","floor":4.0,"gold_loss":0.0,"damage_taken":17.0,"cards_upgraded":["Strike_R","Defend_R"]},{"damage_healed":0.0,"max_hp_gain":0.0,"max_hp_loss":0.0,"gold_gain":0.0,"event_name":"The Woman in Blue","player_choice":"Bought 0 Potions","floor":21.0,"gold_loss":0.0,"damage_taken":0.0},{"damage_healed":0.0,"max_hp_gain":0.0,"max_hp_loss":0.0,"gold_gain":0.0,"event_name":"Colosseum","player_choice":"Fight","floor":31.0,"gold_loss":0.0,"damage_taken":0.0},{"damage_healed":0.0,"max_hp_gain":0.0,"max_hp_loss":0.0,"gold_gain":0.0,"event_name":"Colosseum","player_choice":"Fought Nobs","floor":31.0,"gold_loss":0.0,"damage_taken":0.0},{"damage_healed":0,"gold_gain":400,"player_choice":"Sell","damage_taken":0,"max_hp_gain":0,"max_hp_loss":0,"event_name":"¶÷ÂåË¹µÄÅÌ×Ó","floor":38,"relics_lost":["testmod-TestBox"],"gold_loss":0}],"is_beta":false,"boss_relics":[{"not_picked":["testmod-Nine","testmod-BloodSacrificeSpiritualization"],"picked":"FeatherPendant"},{"not_picked":["TimeKeys","REME_DuelDisc"],"picked":"MoonlightInvasionPlan"}],"items_purged_floors":[22,28,37,37,47],"is_endless":false,"potions_floor_spawned":[7,8,10,11,12,13,16,18,19,20,24,30,31,31,33,35,36,39,41,44,46,48,54],"ascension_level":0}}