{"host":"kv06jx36eid0zw4n","time":1607701462,"event":{"mods":["AchievementEnabler","Act Like it!","Aspiration","BaseMod","Beaked The Cultist","Better Note","Better Skull","Better Third Choice","BetterRewards","Block Reminder","CCEM","Colored Map","Conspire","Curses Come First","Dota2Spire","Elementarium","Energized Spire","Friendly Minions","Gensokyo","GifTheSpireLib","Glutton Mod","GungeonMod","Halation","Hallownest","Hermit","Hubris","Infinite Spire","Key Reminder","KomeijiMod","Lobotomy","LobotomyExtend","Mimic Mod","Minty Spire (QoL Compilation)","MostiFishMod","Pale of the Ancients","Prisma Mod","Quarter Circle Forward PUNCH!","Rare Cards Sparkle","Replay The Spire","RumiaBox-????????","Small Relic Pack","Spicy Shops","StSLib","Stuff the Spire","The Blue Laboratory","The Cursed","The Judge","TheBandit","Trackpad","Uncapped","Wandering Minibosses","[IsaacMod]????","vexMod"],"gold_per_floor":[113,113,35,35,45,45,63,163,190,221,232,262,262,262,262,262,262],"floor_reached":16,"playtime":730,"items_purged":[],"score":206,"play_id":"16e6ae7b-0439-49b4-a30e-bc46e784bb8f","local_time":"20201211164422","is_ascension_mode":true,"campfire_choices":[{"floor":6,"key":"RECALL"},{"data":"DoctorFetus","floor":13,"key":"SMITH"},{"floor":15,"key":"REST"}],"circlet_count":0,"master_deck":[],"relics":["Cracked Core","DaveBox","HushsDoor","BirthdayGift-Tetrahedron","Chaos","aspiration:Nostalgia","KomeijisEye","Question Card","LetterFromLob","halation:EternalFortune","keyreminder:keyreminder","energizedSpire:SpiderWeb","qcfpunch:Army_Boots","DemoMod:GlassGuonStoneRelic","DemoMod:PartiallyEatenCheese"],"acts_visited":["Hallownest:Greenpath"],"potions_floor_usage":[12,12],"damage_taken":[{"damage":3,"enemies":"2_ Uuma","floor":1,"turns":2},{"damage":2,"enemies":"Hallownest:monsterHuskGuard","floor":5,"turns":2},{"damage":2,"enemies":"Hallownest:monsterHuskWarrior","floor":7,"turns":2},{"damage":5,"enemies":"Hallownest:eliteCrystalGuardian","floor":10,"turns":3},{"damage":2,"enemies":"Hallownest:2_Tiktiks_1_Baldur_1_Crawlid","floor":11,"turns":2},{"damage":20,"enemies":"Hallownest:eliteVengeflyKing","floor":12,"turns":3},{"damage":0,"enemies":"Hallownest:BossFalseKnight","floor":16,"turns":1}],"seed_played":"-7492450295704147453","potions_obtained":[{"floor":10,"key":"PowerPotion"},{"floor":11,"key":"Strength Potion"}],"is_trial":false,"path_per_floor":["M","?","$","?","M","R","M","?","T","E","M","E","R","?","R","B"],"character_chosen":"DEFECT","items_purchased":["Defragment"],"campfire_rested":1,"item_purchase_floors":[3],"current_hp_per_floor":[65,65,65,68,66,66,64,64,64,59,57,37,37,78,78,78,78],"gold":262,"neow_bonus":"NOSTALGIA","is_daily":false,"chose_seed":false,"campfire_upgraded":1,"win_rate":0.0,"timestamp":1607701462,"path_taken":["M","?","$","?","?","R","M","?","T","E","M","E","R","?","R","BOSS"],"items_purchased_type":["Card"],"build_version":"2020-11-30","purchased_purges":0,"victory":false,"max_hp_per_floor":[75,75,75,78,78,78,78,78,78,78,78,78,78,78,78,78,78],"card_choices":[{"not_picked":[],"picked":"DoctorFetus","floor":0},{"not_picked":["Conserve Battery","BasicCrystalCard"],"picked":"aspiration:Polymerization","floor":1},{"not_picked":["Time Bomb","Consume","StuffTheSpire:Synthwave"],"picked":"Electrodynamics","floor":5},{"not_picked":["Panic Button","Sweeping Beam","Compile Driver"],"picked":"Glacier","floor":7},{"not_picked":["Leap","FTL","Steam Power"],"picked":"Pulse","floor":8},{"not_picked":["Stack","Redo","Barrage"],"picked":"StuffTheSpire:Plugnplay","floor":10},{"not_picked":["Redo","Fan","Compile Driver"],"picked":"Cold Snap","floor":11},{"not_picked":["Coolheaded","Gash","Panic Button"],"picked":"ReplayTheSpireMod:GoodbyeWorld","floor":12}],"player_experience":1605172,"relics_obtained":[{"floor":1,"key":"Question Card"},{"floor":1,"key":"LetterFromLob"},{"floor":9,"key":"energizedSpire:SpiderWeb"},{"floor":10,"key":"qcfpunch:Army_Boots"},{"floor":12,"key":"DemoMod:PartiallyEatenCheese"}],"event_choices":[],"is_beta":false,"boss_relics":[],"items_purged_floors":[],"is_endless":false,"potions_floor_spawned":[10,11],"killed_by":"Hallownest:BossFalseKnight","ascension_level":13}}