{"host":"tkinv8gv6hgcc58b","time":1607670201,"event":{"mods":["BaseMod","Colored Map","Downfall","Googly Eyes","Hermit","Minty Spire (QoL Compilation)","READ ME - Guardian Mod","StSLib","The Cursed","The Disciple"],"gold_per_floor":[113,113,113,188,201,226,226,257,338,355,355,369,384,398,398,477,477,497,497,522,522,52,52,84,84,84,84,2,2,2,21,21,21,21],"floor_reached":33,"playtime":2187,"items_purged":[],"score":461,"play_id":"7a092eb1-d55c-4ed6-9d39-9f8cbc22a325","local_time":"20201211020321","is_ascension_mode":true,"campfire_choices":[{"floor":7,"key":"REST"},{"floor":11,"key":"REST"},{"floor":15,"key":"REST"},{"data":"HandOfGreed","floor":23,"key":"SMITH"},{"floor":25,"key":"REST"},{"data":"Skewer","floor":27,"key":"SMITH"},{"floor":30,"key":"REST"},{"data":"Dash","floor":32,"key":"SMITH"}],"circlet_count":0,"master_deck":["AscendersBane","Strike_G","Strike_G","Strike_G","Strike_G","Strike_G","Defend_G","Defend_G","Defend_G+1","Defend_G+1","Defend_G","Survivor+1","Neutralize","Riddle With Holes","Skewer+1","Glass Knife","Dash+1","Acrobatics","Flying Knee","Predator","Dash","Burst+1","Injury","HandOfGreed+1","Envenom","TheCursedMod:Dregs","Footwork","RitualDagger"],"relics":["Snecko Eye","Tiny Chest","Blood Vial","Question Card","Cursed Key","War Paint","Juzu Bracelet","Guardian:GemstoneGun","Vajra","Shuriken"],"acts_visited":["Exordium","TheCity"],"potions_floor_usage":[6,12,16,16,33],"damage_taken":[{"damage":6,"enemies":"Jaw Worm","floor":1,"turns":4},{"damage":2,"enemies":"Small Slimes","floor":5,"turns":4},{"damage":16,"enemies":"Gremlin Nob","floor":6,"turns":3},{"damage":20,"enemies":"3 Sentries","floor":8,"turns":8},{"damage":0,"enemies":"Cultist","floor":10,"turns":3},{"damage":12,"enemies":"3 Louse","floor":12,"turns":3},{"damage":0,"enemies":"Lots of Slimes","floor":13,"turns":3},{"damage":7,"enemies":"2 Fungi Beasts","floor":14,"turns":3},{"damage":25,"enemies":"Hexaghost","floor":16,"turns":12},{"damage":0,"enemies":"Shell Parasite","floor":18,"turns":3},{"damage":22,"enemies":"Book of Stabbing","floor":24,"turns":5},{"damage":5,"enemies":"2 Thieves","floor":31,"turns":3},{"damage":72,"enemies":"Collector","floor":33,"turns":6}],"seed_played":"5591911736193109412","potions_obtained":[{"floor":1,"key":"CunningPotion"},{"floor":6,"key":"AttackPotion"},{"floor":8,"key":"Energy Potion"},{"floor":12,"key":"Poison Potion"},{"floor":31,"key":"Fire Potion"}],"is_trial":false,"path_per_floor":["M","?","$","?","M","E","R","E","T","M","R","M","M","M","R","B",null,"M","?","T","?","$","R","E","R","T","R","$","?","R","M","R","B"],"character_chosen":"THE_SILENT","items_purchased":["Guardian:GemstoneGun","HandOfGreed","Footwork"],"campfire_rested":5,"item_purchase_floors":[22,22,28],"current_hp_per_floor":[53,40,40,29,27,11,30,10,10,12,31,21,23,18,37,14,53,55,49,49,49,49,49,29,48,48,48,48,42,61,58,58,0,0],"gold":21,"neow_bonus":"BOSS_RELIC","is_daily":false,"chose_seed":false,"campfire_upgraded":3,"win_rate":0.0,"timestamp":1607670201,"path_taken":["M","?","$","?","M","E","R","E","T","?","R","?","M","M","R","BOSS","M","?","?","?","?","R","E","R","T","R","$","?","R","M","R","BOSS"],"items_purchased_type":["Relic","Card","Card"],"build_version":"2020-11-30","purchased_purges":0,"victory":false,"max_hp_per_floor":[66,66,66,66,66,66,66,66,66,66,66,66,66,66,66,66,66,66,66,66,66,66,66,66,66,66,66,66,66,66,66,66,66,66],"card_choices":[{"not_picked":["Heel Hook","Dagger Throw"],"picked":"Riddle With Holes","floor":1},{"not_picked":["Escape Plan","Outmaneuver"],"picked":"Skewer","floor":5},{"not_picked":["Catalyst","Bane"],"picked":"Glass Knife","floor":6},{"not_picked":["Prepared","Masterful Stab"],"picked":"Dash","floor":8},{"not_picked":["Expertise","Terror","Dagger Spray"],"picked":"Acrobatics","floor":10},{"not_picked":["Slice","Tactician","Quick Slash"],"picked":"Flying Knee","floor":12},{"not_picked":["Doppelganger","Blur","Underhanded Strike"],"picked":"Predator","floor":13},{"not_picked":["Flying Knee","Bane","Dagger Throw"],"picked":"Dash","floor":14},{"not_picked":["Grand Finale","Malaise","Die Die Die"],"picked":"Burst","floor":16},{"not_picked":["Heel Hook","Deadly Poison","Cloak And Dagger","Slice"],"picked":"SKIP","floor":18},{"not_picked":["Catalyst","Dagger Spray","Sucker Punch"],"picked":"Envenom","floor":24},{"not_picked":["Endless Agony+1","Bane","Dodge and Roll","Acrobatics"],"picked":"SKIP","floor":31}],"player_experience":967165,"relics_obtained":[{"floor":6,"key":"Tiny Chest"},{"floor":8,"key":"Blood Vial"},{"floor":9,"key":"Question Card"},{"floor":20,"key":"War Paint"},{"floor":24,"key":"Vajra"},{"floor":26,"key":"Shuriken"}],"event_choices":[{"damage_healed":0,"gold_gain":0,"player_choice":"Entered Light","damage_taken":13,"max_hp_gain":0,"max_hp_loss":0,"event_name":"Shining Light","floor":2,"gold_loss":0,"cards_upgraded":["Defend_G","Survivor"]},{"damage_healed":0,"gold_gain":75,"player_choice":"Gather Gold","damage_taken":11,"max_hp_gain":0,"max_hp_loss":0,"event_name":"World of Goop","floor":4,"gold_loss":0},{"damage_healed":0,"gold_gain":0,"player_choice":"Damaged","damage_taken":6,"max_hp_gain":0,"max_hp_loss":0,"event_name":"Wheel of Change","floor":19,"gold_loss":0},{"damage_healed":0,"gold_gain":0,"player_choice":"Opened","damage_taken":0,"relics_obtained":["Juzu Bracelet"],"max_hp_gain":0,"max_hp_loss":0,"event_name":"The Mausoleum","floor":21,"gold_loss":0},{"damage_healed":0,"gold_gain":0,"player_choice":"Joined the Cult","damage_taken":6,"max_hp_gain":0,"max_hp_loss":0,"event_name":"Nest","floor":29,"gold_loss":0,"cards_obtained":["RitualDagger"]}],"is_beta":false,"boss_relics":[{"not_picked":["Pandora\u0027s Box","Fusion Hammer"],"picked":"Cursed Key"}],"items_purged_floors":[],"is_endless":false,"potions_floor_spawned":[1,6,8,12,14,31],"killed_by":"Collector","ascension_level":14}}