{"host":"2se5dq1do2gp0x9k","time":1607665162,"event":{"mods":["AchievementEnabler","BaseMod","Block Reminder","Colored Map","Colored Powertips","Minty Spire (QoL Compilation)","Relic Stats","StSLib","SuperFastMode"],"gold_per_floor":[115,115,61,74,74,104,104,117,117,127,145,145,145],"floor_reached":12,"playtime":393,"items_purged":[],"score":160,"play_id":"8cdf3168-c4a9-404e-877d-fbabdacde4d1","local_time":"20201210213922","is_ascension_mode":true,"campfire_choices":[{"floor":7,"key":"REST"}],"circlet_count":0,"master_deck":["AscendersBane","Strike_B","Strike_B+1","Strike_B","Defend_B","Defend_B","Defend_B","Defend_B","Zap","Dualcast","Undo+1","Capacitor","Cold Snap","Streamline","Compile Driver+1","Cold Snap+1","Fission","Sweeping Beam+1"],"relics":["Inserter","Molten Egg 2","Smiling Mask"],"acts_visited":["Exordium"],"potions_floor_usage":[6,12,12],"damage_taken":[{"damage":4.0,"enemies":"Jaw Worm","floor":1.0,"turns":4.0},{"damage":8,"enemies":"Small Slimes","floor":4,"turns":6},{"damage":17,"enemies":"Lagavulin","floor":6,"turns":9},{"damage":3,"enemies":"2 Louse","floor":8,"turns":2},{"damage":7,"enemies":"Red Slaver","floor":10,"turns":5},{"damage":11,"enemies":"Blue Slaver","floor":11,"turns":5},{"damage":34,"enemies":"Gremlin Nob","floor":12,"turns":3}],"seed_played":"-7680844471425854824","potions_obtained":[{"floor":1.0,"key":"AttackPotion"},{"floor":6,"key":"SneckoOil"},{"floor":11,"key":"Fruit Juice"}],"is_trial":false,"path_per_floor":["M","?","$","M","?","E","R","M","T","M","M","E"],"character_chosen":"DEFECT","items_purchased":["Cold Snap"],"campfire_rested":1,"item_purchase_floors":[3],"current_hp_per_floor":[60,60,60,52,31,14,35,32,32,25,14,0,0],"gold":145,"neow_bonus":"BOSS_RELIC","is_daily":false,"chose_seed":false,"campfire_upgraded":0,"win_rate":0.0,"timestamp":1607665162,"path_taken":["M","?","$","M","?","E","R","M","T","M","M","E"],"items_purchased_type":["Card"],"build_version":"2020-11-30","purchased_purges":0,"victory":false,"max_hp_per_floor":[71,71,71,71,71,71,71,71,71,71,71,76,76],"relic_stats":{"Inserter":[17],"counters":[7,34],"Smiling Mask":0,"obtain_stats":[{"Inserter":0,"Molten Egg 2":6,"Cracked Core":0,"Smiling Mask":9},{"Inserter":0,"Molten Egg 2":3,"Cracked Core":0,"Smiling Mask":4},{"Inserter":0,"Molten Egg 2":19,"Cracked Core":0,"Smiling Mask":21}]},"card_choices":[{"not_picked":["Fusion","Redo"],"picked":"Undo","floor":1.0},{"not_picked":["White Noise","Double Energy"],"picked":"Streamline","floor":4},{"not_picked":["Redo","Rip and Tear+1"],"picked":"Compile Driver+1","floor":6},{"not_picked":["Reinforced Body","Rip and Tear+1"],"picked":"Cold Snap+1","floor":8},{"not_picked":["Redo","Loop"],"picked":"Fission","floor":10},{"not_picked":["Go for the Eyes+1","Streamline+1"],"picked":"Sweeping Beam+1","floor":11}],"player_experience":3598902,"relics_obtained":[{"floor":6,"key":"Molten Egg 2"},{"floor":9,"key":"Smiling Mask"}],"event_choices":[{"damage_healed":0,"gold_gain":0,"cards_transformed":["Strike_B"],"player_choice":"Change","damage_taken":0,"max_hp_gain":0,"max_hp_loss":0,"event_name":"Living Wall","floor":2,"gold_loss":0,"cards_obtained":["Capacitor"]},{"damage_healed":0,"gold_gain":0,"player_choice":"Entered Light","damage_taken":21,"max_hp_gain":0,"max_hp_loss":0,"event_name":"Shining Light","floor":5,"gold_loss":0,"cards_upgraded":["Undo","Strike_B"]}],"is_beta":false,"boss_relics":[],"items_purged_floors":[],"is_endless":false,"potions_floor_spawned":[1,6,11],"killed_by":"Gremlin Nob","ascension_level":20}}