{"host":"5trcja4hacd149zc","time":1607658750,"event":{"mods":["BaseMod","Colored Map","Minty Spire (QoL Compilation)","Relic Stats"],"gold_per_floor":[110,9,9,21,21,48,48,80,161,28,46,46,46],"floor_reached":12,"playtime":186,"items_purged":["Strike_B"],"score":222,"play_id":"919f6a72-c030-4312-86b3-615b80385340","local_time":"20201210215230","is_ascension_mode":true,"campfire_choices":[{"data":"Doom and Gloom","floor":7,"key":"SMITH"}],"circlet_count":0,"master_deck":["AscendersBane","Strike_B","Defend_B","Defend_B","Defend_B","Defend_B","Zap","Dualcast","Rebound","Ball Lightning","Doom and Gloom+1","Sweeping Beam","Self Repair","Loop","Lockon","Hyperbeam"],"relics":["Cracked Core","NeowsBlessing","Oddly Smooth Stone","Ancient Tea Set","Eternal Feather"],"acts_visited":["Exordium"],"potions_floor_usage":[12],"damage_taken":[{"damage":0,"enemies":"Jaw Worm","floor":1,"turns":1},{"damage":0,"enemies":"Cultist","floor":4,"turns":1},{"damage":0,"enemies":"Lagavulin","floor":6,"turns":1},{"damage":32,"enemies":"Gremlin Nob","floor":8,"turns":4},{"damage":0,"enemies":"2 Louse","floor":11,"turns":2},{"damage":40,"enemies":"Lagavulin","floor":12,"turns":3}],"seed_played":"-8793782161927727146","potions_obtained":[{"floor":4,"key":"Swift Potion"},{"floor":8,"key":"DistilledChaos"}],"is_trial":false,"path_per_floor":["M","$","?","M","?","E","R","E","T","$","M","E"],"character_chosen":"DEFECT","items_purchased":["Ball Lightning","Loop","Lockon"],"campfire_rested":0,"item_purchase_floors":[2,10,10],"current_hp_per_floor":[64,64,57,57,57,57,57,25,25,25,32,0,0],"gold":46,"neow_bonus":"THREE_ENEMY_KILL","is_daily":false,"chose_seed":false,"campfire_upgraded":1,"win_rate":0.0,"timestamp":1607658750,"path_taken":["M","$","?","M","?","E","R","E","T","$","M","E"],"items_purchased_type":["Card","Card","Card"],"build_version":"2020-11-30","purchased_purges":1,"victory":false,"max_hp_per_floor":[71,71,71,71,71,71,71,71,71,71,71,71,71],"relic_stats":{"counters":[6,12],"Eternal Feather":0,"obtain_stats":[{"NeowsBlessing":0,"Oddly Smooth Stone":6,"Eternal Feather":9,"Cracked Core":0,"Ancient Tea Set":8},{"NeowsBlessing":0,"Oddly Smooth Stone":3,"Eternal Feather":4,"Cracked Core":0,"Ancient Tea Set":4},{"NeowsBlessing":0,"Oddly Smooth Stone":3,"Eternal Feather":7,"Cracked Core":0,"Ancient Tea Set":7}]},"card_choices":[{"not_picked":["Leap","Coolheaded"],"picked":"Rebound","floor":1},{"not_picked":["Stack","Sweeping Beam"],"picked":"Doom and Gloom","floor":4},{"not_picked":["White Noise","Streamline"],"picked":"Sweeping Beam","floor":6},{"not_picked":["Gash","Go for the Eyes"],"picked":"Self Repair","floor":8},{"not_picked":["Chaos","Melter"],"picked":"Hyperbeam","floor":11}],"player_experience":741666,"relics_obtained":[{"floor":6,"key":"Oddly Smooth Stone"},{"floor":8,"key":"Ancient Tea Set"},{"floor":9,"key":"Eternal Feather"}],"event_choices":[{"cards_removed":["Strike_B"],"damage_healed":0,"gold_gain":0,"player_choice":"Card Removal","damage_taken":7,"max_hp_gain":0,"max_hp_loss":0,"event_name":"Golden Wing","floor":3,"gold_loss":0},{"cards_removed":["Strike_B"],"damage_healed":0,"gold_gain":0,"player_choice":"Offered Basic","damage_taken":0,"max_hp_gain":0,"max_hp_loss":0,"event_name":"Bonfire Elementals","floor":5,"gold_loss":0}],"is_beta":false,"boss_relics":[],"items_purged_floors":[2],"is_endless":false,"potions_floor_spawned":[4,8],"killed_by":"Lagavulin","ascension_level":20}}