{"host":"6x4iiutqpimyd4s6","time":1607652152,"event":{"mods":["AchievementEnabler","BaseMod","BetterRewards","Colored Map","Data Control","Minty Spire (QoL Compilation)","Nulf Mod","Remove Card Discount Mod","Shop Mod","StSLib"],"gold_per_floor":[119,138,151,137,150,178,178,178,178,198,198,231,231,244,244,364,364,378,374,393,393,418,462,482,513,591,591,288,313,313,168,168,287,350,365,365,390,409,228,228,252,226,253,100,100,116,116,134,134,134,134,134,134,170,170],"floor_reached":56,"playtime":1695,"items_purged":["Strike_R","Defend_R","Defend_R","Strike_R","Strike_R","Defend_R","Strike_R","Defend_R","Strike_R"],"score":1374,"play_id":"4b98d3f3-831e-4772-9404-cd2e157b7872","local_time":"20201210210232","is_ascension_mode":false,"campfire_choices":[{"data":"Clash","floor":7,"key":"SMITH"},{"data":"Shrug It Off","floor":13,"key":"SMITH"},{"data":"Bash","floor":15,"key":"SMITH"},{"floor":30,"key":"RECALL"},{"floor":32,"key":"REST"},{"data":"Dropkick","floor":40,"key":"SMITH"},{"data":"Dropkick","floor":49,"key":"SMITH"},{"floor":52,"key":"REST"}],"circlet_count":0,"master_deck":["Bash+1","Clash+1","Shrug It Off+1","Dropkick+1","Dropkick+1"],"relics":["Burning Blood","Nulfmod:PlaceholderRelic","Nulfmod:PlaceholderRelic2","Torii","Golden Idol","FossilizedHelix","CaptainsWheel","CeramicFish","WingedGreaves","Toy Ornithopter","Kunai","Orichalcum","ClockworkSouvenir","Membership Card","Tiny House","Thread and Needle","Sling","Strawberry","Akabeko"],"acts_visited":["Exordium","TheCity","TheBeyond","TheEnding"],"potions_floor_usage":[33,55,55],"damage_taken":[{"damage":0,"enemies":"Small Slimes","floor":1,"turns":2},{"damage":0,"enemies":"2 Louse","floor":2,"turns":1},{"damage":0,"enemies":"Jaw Worm","floor":3,"turns":2},{"damage":0,"enemies":"Large Slime","floor":5,"turns":2},{"damage":0,"enemies":"Gremlin Nob","floor":6,"turns":2},{"damage":0,"enemies":"3 Louse","floor":10,"turns":2},{"damage":0,"enemies":"Lagavulin","floor":12,"turns":3},{"damage":0,"enemies":"Exordium Thugs","floor":14,"turns":2},{"damage":0,"enemies":"The Guardian","floor":16,"turns":4},{"damage":0,"enemies":"Spheric Guardian","floor":18,"turns":3},{"damage":0,"enemies":"Chosen","floor":20,"turns":2},{"damage":0,"enemies":"Sentry and Sphere","floor":22,"turns":4},{"damage":8,"enemies":"Slavers","floor":23,"turns":7},{"damage":7,"enemies":"Snake Plant","floor":24,"turns":2},{"damage":12,"enemies":"Gremlin Leader","floor":25,"turns":4},{"damage":0,"enemies":"3 Cultists","floor":29,"turns":4},{"damage":30,"enemies":"Automaton","floor":33,"turns":7},{"damage":0,"enemies":"Orb Walker","floor":35,"turns":3},{"damage":0,"enemies":"3 Darklings","floor":37,"turns":5},{"damage":0,"enemies":"Spire Growth","floor":38,"turns":3},{"damage":0,"enemies":"Transient","floor":41,"turns":5},{"damage":0,"enemies":"Jaw Worm Horde","floor":46,"turns":2},{"damage":0,"enemies":"3 Darklings","floor":48,"turns":2},{"damage":14,"enemies":"Donu and Deca","floor":50,"turns":5},{"damage":10,"enemies":"Shield and Spear","floor":54,"turns":5},{"damage":13,"enemies":"The Heart","floor":55,"turns":5}],"seed_played":"4041528488564441204","potions_obtained":[{"floor":3,"key":"DistilledChaos"},{"floor":6,"key":"SteroidPotion"},{"floor":12,"key":"Dexterity Potion"},{"floor":33,"key":"DuplicationPotion"},{"floor":54,"key":"EssenceOfSteel"}],"is_trial":false,"path_per_floor":["M","M","M","$","M","E","R","?","T","M","?","E","R","M","R","B",null,"M","$","M","?","M","E","M","E","T","?","$","M","R","$","R","B",null,"M","?","M","M","$","R","M","$","T","$","?","M","?","M","R","B",null,"R","$","E","B",null],"character_chosen":"IRONCLAD","items_purchased":["Orichalcum","ClockworkSouvenir","Membership Card","Dropkick","Thread and Needle","Dropkick","Sling","Strawberry"],"campfire_rested":2,"item_purchase_floors":[28,28,31,39,39,42,44,44],"current_hp_per_floor":[88,88,88,88,88,88,88,66,66,72,72,78,78,84,84,88,88,88,88,88,88,88,86,85,79,79,79,79,85,85,85,88,64,93,93,93,93,93,93,93,93,93,93,100,95,95,86,92,92,84,95,95,95,91,88],"gold":170,"neow_bonus":"TEN_PERCENT_HP_BONUS","is_daily":false,"chose_seed":false,"campfire_upgraded":5,"win_rate":0.0,"timestamp":1607652152,"path_taken":["M","M","M","$","M","E","R","?","T","M","?","E","R","M","R","BOSS","M","$","M","?","M","E","M","E","T","?","$","M","R","$","R","BOSS","M","?","M","M","$","R","M","$","T","?","?","M","?","M","R","BOSS","R","$","E","BOSS"],"items_purchased_type":["Relic","Relic","Relic","Card","Relic","Card","Relic","Relic"],"build_version":"2020-11-30","purchased_purges":9,"victory":true,"max_hp_per_floor":[88,88,88,88,88,88,88,88,88,88,88,88,88,88,88,88,88,88,88,88,88,88,88,88,88,88,88,88,88,88,88,88,88,93,93,93,93,93,93,93,93,93,93,100,95,95,95,95,95,95,95,95,95,95,95],"card_choices":[{"not_picked":["Feel No Pain","Fire Breathing"],"picked":"Clash","floor":1},{"not_picked":["Cleave","Havoc","Armaments"],"picked":"SKIP","floor":2},{"not_picked":["Metallicize","Headbutt"],"picked":"Shrug It Off","floor":3},{"not_picked":["Havoc","Heavy Blade","Immolate"],"picked":"SKIP","floor":5},{"not_picked":["Wild Strike","Reckless Charge","Blood for Blood"],"picked":"SKIP","floor":6},{"not_picked":["Seeing Red","Cleave","Reckless Charge"],"picked":"SKIP","floor":10},{"not_picked":["Fire Breathing","Anger","Clash"],"picked":"SKIP","floor":12},{"not_picked":["Searing Blow","Anger","Body Slam"],"picked":"SKIP","floor":14},{"not_picked":["Reckless Charge+1","Sever Soul","Thunderclap+1"],"picked":"SKIP","floor":18},{"not_picked":["Clash","Iron Wave","Heavy Blade"],"picked":"SKIP","floor":20},{"not_picked":["Heavy Blade","Flex+1","Wild Strike"],"picked":"SKIP","floor":22},{"not_picked":["Body Slam","Combust","Reckless Charge"],"picked":"SKIP","floor":23},{"not_picked":["Heavy Blade","Burning Pact","True Grit"],"picked":"SKIP","floor":24},{"not_picked":["Havoc","Searing Blow","Juggernaut"],"picked":"SKIP","floor":25},{"not_picked":["Rupture","Shrug It Off+1","Flex+1"],"picked":"SKIP","floor":29},{"not_picked":["Uppercut","Warcry","Havoc"],"picked":"SKIP","floor":35},{"not_picked":["Flex","Body Slam","Power Through"],"picked":"SKIP","floor":37},{"not_picked":["Hemokinesis+1","Bloodletting+1","Inflame"],"picked":"SKIP","floor":38},{"not_picked":["Armaments","Uppercut+1","Sword Boomerang+1"],"picked":"SKIP","floor":41},{"not_picked":["Berserk","Infernal Blade+1","Clothesline"],"picked":"SKIP","floor":46},{"not_picked":["Sword Boomerang+1","Clash","Body Slam+1"],"picked":"SKIP","floor":48},{"not_picked":["Inflame+1","Body Slam+1","Clothesline"],"picked":"SKIP","floor":54}],"player_experience":271486,"relics_obtained":[{"floor":6,"key":"Torii"},{"floor":9,"key":"FossilizedHelix"},{"floor":12,"key":"CaptainsWheel"},{"floor":23,"key":"WingedGreaves"},{"floor":25,"key":"Toy Ornithopter"},{"floor":26,"key":"Kunai"},{"floor":54,"key":"Akabeko"}],"event_choices":[{"damage_healed":0,"gold_gain":0,"player_choice":"Take Damage","damage_taken":22,"relics_obtained":["Golden Idol"],"max_hp_gain":0,"max_hp_loss":0,"event_name":"Golden Idol","floor":8,"gold_loss":0},{"damage_healed":0,"gold_gain":0,"player_choice":"Ignored","damage_taken":0,"max_hp_gain":0,"max_hp_loss":0,"event_name":"Shining Light","floor":11,"gold_loss":0},{"damage_healed":0,"gold_gain":0,"player_choice":"Opened","damage_taken":0,"relics_obtained":["CeramicFish"],"max_hp_gain":0,"max_hp_loss":0,"event_name":"The Mausoleum","floor":21,"gold_loss":0},{"damage_healed":0,"gold_gain":0,"player_choice":"Ignored","damage_taken":0,"max_hp_gain":0,"max_hp_loss":0,"event_name":"Vampires","floor":27,"gold_loss":0},{"damage_healed":0,"gold_gain":0,"player_choice":"Ignored","damage_taken":0,"max_hp_gain":0,"max_hp_loss":0,"event_name":"Duplicator","floor":36,"gold_loss":0},{"damage_healed":0,"gold_gain":0,"player_choice":"Max HP","damage_taken":0,"max_hp_gain":0,"max_hp_loss":5,"event_name":"Winding Halls","floor":45,"gold_loss":0},{"damage_healed":0,"gold_gain":0,"player_choice":"Damaged","damage_taken":9,"max_hp_gain":0,"max_hp_loss":0,"event_name":"Wheel of Change","floor":47,"gold_loss":0}],"is_beta":false,"boss_relics":[{"not_picked":["Fusion Hammer","Philosopher\u0027s Stone","Snecko Eye"]},{"not_picked":["Busted Crown","Cursed Key"],"picked":"Tiny House"}],"items_purged_floors":[4,4,4,4,4,4,4,19,19],"is_endless":false,"potions_floor_spawned":[3,6,12,14,16,23,24,29,33,37,48,54],"ascension_level":0}}