{"host":"9ndbo4kgsfoemf7y","time":1607679321,"event":{"mods":["BaseMod","AchievementEnabler","Colored Map","DeckTracker","Minty Spire (QoL Compilation)","Permanent Neow","Quick Restart","StSLib","SuperFastMode","Keyboard Shortcuts","Relic Stats"],"gold_per_floor":[110,72,72,92,108,133,133,159,183,183,202,247,272,330,330,330,330],"floor_reached":16,"playtime":483,"items_purged":[],"score":189,"play_id":"fecfd2aa-7f69-44ac-92d2-81fac830b326","local_time":"20201211183521","is_ascension_mode":true,"campfire_choices":[{"data":"Neutralize","floor":7.0,"key":"SMITH"},{"data":"Backflip","floor":10.0,"key":"SMITH"},{"floor":15,"key":"REST"}],"circlet_count":0,"master_deck":["AscendersBane","Strike_G","Strike_G","Strike_G","Strike_G","Strike_G","Defend_G","Defend_G","Defend_G","Defend_G","Defend_G","Survivor","Neutralize+1","Panache+1","Backstab","Accuracy","Cloak And Dagger","Leg Sweep","Accuracy","Backflip+1","Heel Hook","Adrenaline"],"special_seed":0,"relics":["Ring of the Snake","MealTicket","Potion Belt","Oddly Smooth Stone","Bag of Marbles","Odd Mushroom","Meat on the Bone"],"acts_visited":["Exordium"],"potions_floor_usage":[14],"damage_taken":[{"damage":0.0,"enemies":"2 Louse","floor":1.0,"turns":3.0},{"damage":2.0,"enemies":"Cultist","floor":4.0,"turns":4.0},{"damage":9.0,"enemies":"Small Slimes","floor":5.0,"turns":4.0},{"damage":26.0,"enemies":"3 Sentries","floor":6.0,"turns":17.0},{"damage":2.0,"enemies":"Lagavulin","floor":8.0,"turns":6.0},{"damage":0,"enemies":"Looter","floor":11,"turns":4},{"damage":0,"enemies":"The Mushroom Lair","floor":13,"turns":2},{"damage":18,"enemies":"Lagavulin Event","floor":14,"turns":6},{"damage":32,"enemies":"Hexaghost","floor":16,"turns":16}],"seed_played":"-3095596556195719749","potions_obtained":[{"floor":1.0,"key":"CunningPotion"},{"floor":6.0,"key":"Poison Potion"},{"floor":13,"key":"Fire Potion"},{"floor":14,"key":"Fire Potion"}],"is_trial":false,"path_per_floor":["M","$","?","M","M","E","R","E","T","R","M","T","?","?","R","B"],"character_chosen":"THE_SILENT","items_purchased":["Accuracy"],"campfire_rested":1,"item_purchase_floors":[2],"current_hp_per_floor":[59,59,59,57,48,22,22,20,20,20,20,20,20,14,32,0,0],"gold":330,"neow_bonus":"RANDOM_COLORLESS_2","is_daily":false,"chose_seed":false,"campfire_upgraded":2,"win_rate":0,"timestamp":1607679321,"path_taken":["M","$","?","M","?","E","R","E","T","R","M","?","?","?","R","BOSS"],"build_version":"2020-11-30","purchased_purges":0,"victory":false,"max_hp_per_floor":[60,60,60,60,60,60,60,60,60,60,60,60,60,60,60,60,60],"relic_stats":{"counters":[9,62],"MealTicket":0,"obtain_stats":[{"Potion Belt":8,"Oddly Smooth Stone":9,"MealTicket":6,"Bag of Marbles":12,"Odd Mushroom":13,"Ring of the Snake":0,"Meat on the Bone":14},{"Potion Belt":5,"Oddly Smooth Stone":5,"MealTicket":4,"Bag of Marbles":6,"Odd Mushroom":7,"Ring of the Snake":0,"Meat on the Bone":7},{"Potion Belt":34,"Oddly Smooth Stone":34,"MealTicket":28,"Bag of Marbles":38,"Odd Mushroom":40,"Ring of the Snake":0,"Meat on the Bone":40}],"Ring of the Snake":[18],"Meat on the Bone":12},"card_choices":[{"not_picked":["Transmutation","Master of Strategy"],"picked":"Panache","floor":0.0},{"not_picked":["Leg Sweep","Deflect"],"picked":"Backstab","floor":1.0},{"not_picked":["Catalyst","PiercingWail"],"picked":"Cloak And Dagger","floor":4.0},{"not_picked":["Quick Slash","Flying Knee"],"picked":"Leg Sweep","floor":5.0},{"not_picked":["Concentrate","Masterful Stab"],"picked":"Accuracy","floor":6.0},{"not_picked":["Dodge and Roll","PiercingWail"],"picked":"Backflip","floor":8.0},{"not_picked":["Masterful Stab","Terror","Dodge and Roll"],"picked":"SKIP","floor":11},{"not_picked":["Dodge and Roll","Endless Agony"],"picked":"Heel Hook","floor":13},{"not_picked":["Footwork","Deflect"],"picked":"Adrenaline","floor":14}],"player_experience":669241,"relics_obtained":[{"floor":6.0,"key":"MealTicket"},{"floor":8.0,"key":"Potion Belt"},{"floor":9.0,"key":"Oddly Smooth Stone"},{"floor":12,"key":"Bag of Marbles"},{"floor":13,"key":"Odd Mushroom"}],"event_choices":[{"damage_healed":0.0,"max_hp_gain":0.0,"max_hp_loss":0.0,"gold_gain":0.0,"event_name":"Upgrade Shrine","player_choice":"Upgraded","floor":3.0,"gold_loss":0.0,"damage_taken":0.0,"cards_upgraded":["Panache"]},{"damage_healed":0,"gold_gain":0,"player_choice":"Fought Mushrooms","damage_taken":0,"max_hp_gain":0,"max_hp_loss":0,"event_name":"Mushrooms","floor":13,"gold_loss":0},{"damage_healed":0,"gold_gain":0,"player_choice":"Searched \u00273\u0027 times","damage_taken":0,"relics_obtained":["Meat on the Bone"],"max_hp_gain":0,"max_hp_loss":0,"event_name":"Dead Adventurer","floor":14,"gold_loss":0}],"is_beta":false,"boss_relics":[],"items_purged_floors":[],"is_endless":false,"potions_floor_spawned":[1,6,13,14],"killed_by":"Hexaghost","ascension_level":15}}