{"host":"8jwif9mna8ud19ho","time":1607671994,"event":{"mods":["BaseMod","Better Vampires","Marisa£¨ìFÓê¡¡Ä§ÀíÉ³£©","Minty Spire (QoL Compilation)","Reimu£¨²©ÀöÁéÃÎ£©","RumiaBox-Â¶Ã×æ«µÄÉñÃØºÐ×Ó","StSLib","¡¾ÒÅÎï¿¨ÅÆ¡¿REMEMod"],"gold_per_floor":[20,20,33,44,55,55,66,29,55,55,88,102,27,27,27,99,99,116,116,116,116,116,116,116,116],"floor_reached":24,"playtime":562,"items_purged":[],"score":388,"play_id":"0d5ef29a-099c-44aa-b857-066d32996b06","local_time":"20201211153314","is_ascension_mode":true,"campfire_choices":[{"data":"Dualcast","floor":6.0,"key":"SMITH"},{"data":"REME_Whirling","floor":10.0,"key":"SMITH"},{"floor":15.0,"key":"REST"},{"floor":23,"key":"REST"}],"circlet_count":0,"master_deck":["AscendersBane","Strike_B+1","Strike_B+1","Strike_B+1","Defend_B+1","Defend_B+1","Defend_B+1","Defend_B+1","Zap","Dualcast+1","Thunder Strike","Ball Lightning","REME_Whirling+1","Turbo","REME_SelfUpgrade","Meteor Strike"],"relics":["Cracked Core","REME_ComplimentaryCards","CaptainsWheel","Tiny Chest","Juzu Bracelet","RedLine:ReiMu"],"acts_visited":["Exordium","TheCity"],"potions_floor_usage":[24],"damage_taken":[{"damage":10.0,"enemies":"2 Louse","floor":1.0,"turns":2.0},{"damage":2.0,"enemies":"Jaw Worm","floor":3.0,"turns":3.0},{"damage":1.0,"enemies":"Cultist","floor":4.0,"turns":3.0},{"damage":20.0,"enemies":"3 Louse","floor":5.0,"turns":4.0},{"damage":0.0,"enemies":"Exordium Wildlife","floor":7.0,"turns":2.0},{"damage":20.0,"enemies":"3 Sentries","floor":11.0,"turns":6.0},{"damage":6.0,"enemies":"Large Slime","floor":12.0,"turns":5.0},{"damage":15.0,"enemies":"Slime Boss","floor":16.0,"turns":10.0},{"damage":50.0,"enemies":"Shell Parasite","floor":18.0,"turns":7.0},{"damage":13,"enemies":"Book of Stabbing","floor":24,"turns":3}],"seed_played":"-2099666914388304989","potions_obtained":[{"floor":7.0,"key":"AttackPotion"},{"floor":11.0,"key":"Block Potion"},{"floor":12.0,"key":"FearPotion"},{"floor":18.0,"key":"Regen Potion"}],"is_trial":false,"path_per_floor":["M","?","M","M","M","R","M","$","T","R","E","M","?","$","R","B",null,"M","?","T","?","?","R","E"],"character_chosen":"DEFECT","items_purchased":["REME_SelfUpgrade"],"campfire_rested":2,"item_purchase_floors":[8],"current_hp_per_floor":[54,54,52,51,31,31,31,31,31,31,11,5,5,5,26,11,56,6,6,6,6,6,27,23,23],"gold":116,"neow_bonus":"ONE_RARE_RELIC","is_daily":false,"chose_seed":false,"campfire_upgraded":2,"win_rate":0.0,"timestamp":1607671994,"path_taken":["M","?","M","M","M","R","M","$","T","R","E","M","?","?","R","BOSS","M","?","?","?","?","R","E"],"items_purchased_type":["Card"],"build_version":"2020-11-30","purchased_purges":0,"victory":false,"max_hp_per_floor":[71,71,71,71,71,71,71,71,71,71,71,71,71,71,71,71,71,71,71,71,71,71,71,71,71],"card_choices":[{"not_picked":["Undo","Sweeping Beam"],"picked":"Ball Lightning","floor":1.0},{"not_picked":["Compile Driver","BootSequence"],"picked":"REME_Whirling","floor":3.0},{"not_picked":["Barrage","Beam Cell","Stack"],"picked":"SKIP","floor":4.0},{"not_picked":["Go for the Eyes","Hologram","Reprogram"],"picked":"SKIP","floor":5.0},{"not_picked":["REME_SelfUpgrade","Steam Power"],"picked":"Turbo","floor":7.0},{"not_picked":["Cold Snap","Conserve Battery","Steam","REME_SelfUpgrade"],"picked":"SKIP","floor":11.0},{"not_picked":["Barrage","Machine Learning","Double Energy","Cold Snap"],"picked":"SKIP","floor":12.0},{"not_picked":["Seek","Amplify","Thunder Strike"],"picked":"Meteor Strike","floor":16.0},{"not_picked":["Turbo","Streamline+1","Go for the Eyes+1","Cold Snap+1"],"picked":"SKIP","floor":18.0}],"player_experience":1091103,"relics_obtained":[{"floor":9.0,"key":"Tiny Chest"},{"floor":11.0,"key":"Juzu Bracelet"}],"event_choices":[{"cards_removed":["Strike_B"],"damage_healed":0.0,"max_hp_gain":0.0,"max_hp_loss":0.0,"gold_gain":0.0,"event_name":"The Cleric","player_choice":"Card Removal","floor":13.0,"gold_loss":75.0,"damage_taken":0.0},{"damage_healed":0.0,"max_hp_gain":0.0,"max_hp_loss":0.0,"gold_gain":0.0,"event_name":"FaceTrader","player_choice":"Leave","floor":19.0,"gold_loss":0.0,"damage_taken":0.0},{"damage_healed":0.0,"max_hp_gain":0.0,"max_hp_loss":0.0,"gold_gain":0.0,"event_name":"The Mausoleum","player_choice":"Ignored","floor":21.0,"gold_loss":0.0,"damage_taken":0.0},{"damage_healed":0,"gold_gain":0,"player_choice":"Simplicity","damage_taken":0,"max_hp_gain":0,"max_hp_loss":0,"event_name":"Back to Basics","floor":22,"gold_loss":0,"cards_upgraded":["Strike_B","Strike_B","Strike_B","Defend_B","Defend_B","Defend_B","Defend_B"]}],"is_beta":false,"boss_relics":[{"not_picked":["REME_DuelDisc","Busted Crown"],"picked":"RedLine:ReiMu"}],"items_purged_floors":[],"is_endless":false,"potions_floor_spawned":[7,11,12,18],"killed_by":"Book of Stabbing","ascension_level":20}}