{"host":"8a3g9edf69u3epoz","time":1607671977,"event":{"mods":["BaseMod","Minty Spire (QoL Compilation)","Relic Stats","Remilia（蕾米莉亚）","StSLib","TestMod","UnlockEverythingMod","WarShipGirlsR/战舰少女R mod"],"gold_per_floor":[110,110,125,125,79,110,125,125,149,149,167,210,210,225,225,373,373,409,409,409,442,74,107,107,122,122,247,247,260,108,108,108,236,236,249,549,549,582,582,582,306,342,342,342,675,450,450,298,298,298,298,298,70,117,117],"floor_reached":56,"playtime":2113,"items_purged":[],"score":1289,"play_id":"eea56f2a-6eec-47be-ac1a-3f78dcccbfd7","local_time":"20201211153257","is_ascension_mode":false,"campfire_choices":[{"data":"NightLord","floor":8.0,"key":"SMITH"},{"data":"FavorOfDestiny","floor":10.0,"key":"SMITH"},{"data":"ChainGang","floor":13.0,"key":"SMITH"},{"data":"MastersStateliness","floor":15.0,"key":"SMITH"},{"data":"BatForm","floor":24.0,"key":"SMITH"},{"data":"VampireFantasy","floor":28.0,"key":"SMITH"},{"data":"BloodySeventeenLaser","floor":32.0,"key":"SMITH"},{"data":"ScarletCoffin","floor":40.0,"key":"SMITH"},{"data":"HunterOfTheNight","floor":47.0,"key":"SMITH"},{"floor":49.0,"key":"RECALL"},{"data":"TransientEternity","floor":52.0,"key":"SMITH"}],"circlet_count":0,"master_deck":["Strike_RM","Strike_RM","Strike_RM","Strike_RM","Defend_RM","Defend_RM","Defend_RM","RedMoon","ScarletShoot+1","CharismaGuard+1","VampireFantasy+1","MastersStateliness+1","FavorOfDestiny+1","NightLord+1","ChainGang+1","TransientEternity+1","AfternoonTea+1","FitfulNightmare+1","BatForm+1","NightDance+1","HunterOfTheNight+1","ScarletCoffin+1","BloodySeventeenLaser+1","Envy_TH","Clumsy","Parasite","BloodySeventeenLaser+1","ForecastOfChange+1","ScarletCoffin+1"],"relics":["testmod-TestBox","testmod-SaigiyounoYou","testmod-RealStoneCalender","Bag of Marbles","APieceOfRedMist","MutagenicStrength","Enchiridion","Membership Card","testmod-Justice","Potion Belt","WingedGreaves","testmod-BalancedPeriapt","testmod-Laevatain","testmod-TimeTraveler","Molten Egg 2","Prayer Wheel","testmod-LifeArmor","Whetstone","Regal Pillow","Bronze Scales","testmod-IndustrialRevolution","Frozen Eye","Lantern","DollysMirror","ClockworkSouvenir","Pen Nib","testmod-TurbochargingSystem"],"acts_visited":["Exordium","TheCity","TheBeyond","TheEnding"],"potions_floor_usage":[54,55,55,55,55],"damage_taken":[{"damage":1.0,"enemies":"Cultist","floor":1.0,"turns":3.0},{"damage":5.0,"enemies":"Jaw Worm","floor":3.0,"turns":3.0},{"damage":9.0,"enemies":"Lagavulin","floor":6.0,"turns":6.0},{"damage":8.0,"enemies":"Small Slimes","floor":7.0,"turns":2.0},{"damage":0.0,"enemies":"Exordium Thugs","floor":11.0,"turns":4.0},{"damage":12.0,"enemies":"Blue Slaver","floor":12.0,"turns":4.0},{"damage":0.0,"enemies":"3 Louse","floor":14.0,"turns":3.0},{"damage":5.0,"enemies":"The Guardian","floor":16.0,"turns":8.0},{"damage":6.0,"enemies":"2 Thieves","floor":18.0,"turns":4.0},{"damage":0.0,"enemies":"Chosen","floor":21.0,"turns":4.0},{"damage":17.0,"enemies":"Book of Stabbing","floor":23.0,"turns":4.0},{"damage":0.0,"enemies":"3 Cultists","floor":25.0,"turns":5.0},{"damage":0.0,"enemies":"Colosseum Slavers","floor":27.0,"turns":2.0},{"damage":0.0,"enemies":"Colosseum Nobs","floor":27.0,"turns":3.0},{"damage":16.0,"enemies":"Centurion and Healer","floor":29.0,"turns":4.0},{"damage":14.0,"enemies":"Champ","floor":33.0,"turns":4.0},{"damage":0.0,"enemies":"3 Darklings","floor":35.0,"turns":2.0},{"damage":15.0,"enemies":"Orb Walker","floor":38.0,"turns":3.0},{"damage":0.0,"enemies":"Reptomancer","floor":42.0,"turns":3.0},{"damage":6.0,"enemies":"Awakened One","floor":50.0,"turns":4.0},{"damage":16,"enemies":"Shield and Spear","floor":54,"turns":4},{"damage":14,"enemies":"The Heart","floor":55,"turns":4}],"seed_played":"2383420278757579447","potions_obtained":[{"floor":3.0,"key":"SkillPotion"},{"floor":7.0,"key":"Fire Potion"},{"floor":16.0,"key":"Energy Potion"},{"floor":25.0,"key":"Strength Potion"},{"floor":29.0,"key":"FearPotion"},{"floor":38.0,"key":"SpeedPotion"},{"floor":54,"key":"testmod-TestPotion"}],"is_trial":false,"path_per_floor":["M","?","M","?","$","E","M","R","T","R","M","M","R","M","R","B",null,"M","?","?","M","$","E","R","M","T","?","R","M","$","?","R","B",null,"M","?","?","M","?","R","$","E","T","?","?","$","R","$","R","B",null,"R","$","E","B",null],"character_chosen":"REMILIA","items_purchased":["MastersStateliness","Membership Card","testmod-Justice","BatForm","ScarletCoffin","BloodySeventeenLaser","Prayer Wheel","testmod-LifeArmor","Bronze Scales","testmod-IndustrialRevolution","Frozen Eye","Lantern","DollysMirror","ClockworkSouvenir","Pen Nib","DestinyDice","Energy Potion"],"campfire_rested":0,"item_purchase_floors":[5,22,22,22,30,30,41,41,46,46,46,48,48,53,53,53,53],"current_hp_per_floor":[75,75,75,57,57,59,59,59,59,59,65,60,60,64,64,69,75,75,75,59,67,67,73,73,75,75,75,75,68,68,68,68,75,75,75,75,75,65,65,65,65,75,75,75,75,75,75,75,75,75,75,75,75,75,74],"gold":117,"neow_bonus":"BOSS_RELIC","is_daily":false,"chose_seed":false,"campfire_upgraded":10,"win_rate":0.0,"timestamp":1607671977,"path_taken":["M","?","M","?","?","E","M","R","T","R","?","M","R","M","R","BOSS","M","?","?","?","$","E","R","M","T","?","R","M","?","?","R","BOSS","M","?","?","?","?","R","$","E","T","?","?","$","R","?","R","BOSS","R","$","E","BOSS"],"items_purchased_type":["Card","Relic","Relic","Card","Card","Card","Relic","Relic","Relic","Relic","Relic","Relic","Relic","Relic","Relic","Potion","Potion"],"build_version":"2020-11-30","purchased_purges":0,"victory":true,"max_hp_per_floor":[75,75,75,75,75,75,75,75,75,75,75,75,75,75,75,75,75,75,75,75,75,75,75,75,75,75,75,75,75,75,75,75,75,75,75,75,75,75,75,75,75,75,75,75,75,75,75,75,75,75,75,75,75,75,75],"relic_stats":{"Regal Pillow":0,"counters":[22,83],"Bronze Scales":[72],"Prayer Wheel":0,"Pen Nib":[1],"Whetstone":["ScarletShoot","BloodySeventeenLaser"],"obtain_stats":[{"Regal Pillow":43,"Lantern":48,"Enchiridion":20,"StoneCalendar":26,"testmod-LifeArmor":41,"Whetstone":42,"ScarletHat":0,"ClockworkSouvenir":53,"Frozen Eye":46,"testmod-Laevatain":31,"DollysMirror":48,"Prayer Wheel":41,"WingedGreaves":27,"Potion Belt":23,"testmod-TestBox":0,"testmod-TimeTraveler":34,"Golden Idol":4,"Pen Nib":53,"testmod-TurbochargingSystem":54,"testmod-Justice":22,"testmod-SaigiyounoYou":0,"testmod-IndustrialRevolution":46,"testmod-RealStoneCalender":0,"APieceOfRedMist":17,"MutagenicStrength":19,"Bronze Scales":46,"Molten Egg 2":37,"Bag of Marbles":6,"Membership Card":22,"testmod-BalancedPeriapt":27},{"Regal Pillow":19,"Lantern":19,"Enchiridion":9,"StoneCalendar":12,"testmod-LifeArmor":18,"Whetstone":19,"ScarletHat":0,"ClockworkSouvenir":20,"Frozen Eye":19,"testmod-Laevatain":15,"DollysMirror":19,"Prayer Wheel":18,"WingedGreaves":14,"Potion Belt":11,"testmod-TestBox":0,"testmod-TimeTraveler":16,"Golden Idol":2,"Pen Nib":20,"testmod-TurbochargingSystem":21,"testmod-Justice":10,"testmod-SaigiyounoYou":0,"testmod-IndustrialRevolution":19,"testmod-RealStoneCalender":0,"APieceOfRedMist":8,"MutagenicStrength":9,"Bronze Scales":19,"Molten Egg 2":17,"Bag of Marbles":3,"Membership Card":10,"testmod-BalancedPeriapt":14},{"Regal Pillow":71,"Lantern":71,"Enchiridion":37,"StoneCalendar":50,"testmod-LifeArmor":68,"Whetstone":71,"ScarletHat":0,"ClockworkSouvenir":75,"Frozen Eye":71,"testmod-Laevatain":59,"DollysMirror":71,"Prayer Wheel":68,"WingedGreaves":55,"Potion Belt":45,"testmod-TestBox":0,"testmod-TimeTraveler":63,"Golden Idol":6,"Pen Nib":75,"testmod-TurbochargingSystem":79,"testmod-Justice":41,"testmod-SaigiyounoYou":0,"testmod-IndustrialRevolution":71,"testmod-RealStoneCalender":0,"APieceOfRedMist":33,"MutagenicStrength":37,"Bronze Scales":71,"Molten Egg 2":65,"Bag of Marbles":12,"Membership Card":41,"testmod-BalancedPeriapt":55}]},"card_choices":[{"not_picked":["GlobalNightmare","BlasphemousPunishment"],"picked":"CharismaGuard","floor":1.0},{"not_picked":["SuperhumanBloodyKnife","BlasphemousPunishment"],"picked":"VampireFantasy","floor":3.0},{"not_picked":["Ultimatum","ChainGang"],"picked":"FavorOfDestiny","floor":6.0},{"not_picked":["EndlessAdversity","SuperhumanBloodyKnife"],"picked":"NightLord","floor":7.0},{"not_picked":["ScarletDevil","VampireSweep","RedRainbow"],"picked":"SKIP","floor":11.0},{"not_picked":["BloodHunter","RedNightlessCastle"],"picked":"ChainGang","floor":12.0},{"not_picked":["ScarletImprint","UnstableMagic","ScarletSymphony"],"picked":"SKIP","floor":14.0},{"not_picked":["KillingBlow","ForecastOfChange"],"picked":"TransientEternity","floor":16.0},{"not_picked":["RedRainbow","Stigmanizer"],"picked":"AfternoonTea+1","floor":18.0},{"not_picked":["MastersStateliness+1","DiffusionOfMisfortune"],"picked":"FitfulNightmare+1","floor":21.0},{"not_picked":["ScarletImprint","BloodyMagicSquare"],"picked":"NightDance+1","floor":23.0},{"not_picked":["ScarletDevil","FavorOfDestiny+1","BombardNight"],"picked":"SKIP","floor":25.0},{"not_picked":["RedRainbow","BombardNight"],"picked":"HunterOfTheNight","floor":29.0},{"not_picked":["HellCatastrophe","ChaoticDestiny"],"picked":"BloodySeventeenLaser","floor":33.0},{"not_picked":["UnstableMagic","VampireKiss","ScarletDevil"],"picked":"SKIP","floor":35.0},{"not_picked":["ScarletNetherworld","VampireSweep+1","CharismaGuard"],"picked":"SKIP","floor":38.0},{"not_picked":["UnstableMagic","CharismaGuard+1"],"picked":"ForecastOfChange+1","floor":42.0},{"not_picked":["EndlessAdversity+1","UnderTheZenith+1","NightDance+1"],"picked":"SKIP","floor":54}],"player_experience":23305,"relics_obtained":[{"floor":6.0,"key":"Bag of Marbles"},{"floor":20.0,"key":"Enchiridion"},{"floor":23.0,"key":"Potion Belt"},{"floor":26.0,"key":"StoneCalendar"},{"floor":27.0,"key":"WingedGreaves"},{"floor":27.0,"key":"testmod-BalancedPeriapt"},{"floor":42.0,"key":"Whetstone"},{"floor":43.0,"key":"Regal Pillow"},{"floor":54,"key":"testmod-TurbochargingSystem"}],"event_choices":[{"damage_healed":0.0,"max_hp_gain":0.0,"max_hp_loss":0.0,"gold_gain":0.0,"event_name":"Living Wall","player_choice":"Grow","floor":2.0,"gold_loss":0.0,"damage_taken":0.0,"cards_upgraded":["CharismaGuard"]},{"damage_healed":0.0,"max_hp_gain":0.0,"max_hp_loss":0.0,"gold_gain":0.0,"event_name":"Golden Idol","player_choice":"Take Damage","floor":4.0,"gold_loss":0.0,"damage_taken":18.0,"relics_obtained":["Golden Idol"]},{"damage_healed":0.0,"max_hp_gain":0.0,"max_hp_loss":0.0,"gold_gain":0.0,"event_name":"Drug Dealer","player_choice":"Inject Mutagens","floor":19.0,"gold_loss":0.0,"damage_taken":0.0,"relics_obtained":["MutagenicStrength"]},{"damage_healed":0.0,"max_hp_gain":0.0,"max_hp_loss":0.0,"gold_gain":0.0,"event_name":"Cursed Tome","player_choice":"Obtained Book","floor":20.0,"gold_loss":0.0,"damage_taken":16.0},{"damage_healed":0.0,"max_hp_gain":0.0,"max_hp_loss":0.0,"gold_gain":0.0,"event_name":"Colosseum","player_choice":"Fight","floor":27.0,"gold_loss":0.0,"damage_taken":0.0},{"damage_healed":0.0,"max_hp_gain":0.0,"max_hp_loss":0.0,"gold_gain":0.0,"event_name":"Colosseum","player_choice":"Fought Nobs","floor":27.0,"gold_loss":0.0,"damage_taken":0.0},{"damage_healed":0.0,"max_hp_gain":0.0,"max_hp_loss":0.0,"gold_gain":300.0,"event_name":"恩洛斯的盘子","player_choice":"Sell","floor":36.0,"relics_lost":["StoneCalendar"],"gold_loss":0.0,"damage_taken":0.0},{"damage_healed":0.0,"max_hp_gain":0.0,"max_hp_loss":0.0,"gold_gain":0.0,"event_name":"WeMeetAgain","player_choice":"Gave Potion","floor":37.0,"gold_loss":0.0,"damage_taken":0.0,"relics_obtained":["Molten Egg 2"]},{"cards_removed":["Defend_RM"],"damage_healed":0.0,"max_hp_gain":0.0,"max_hp_loss":0.0,"gold_gain":0.0,"event_name":"Falling","player_choice":"Removed Skill","floor":39.0,"gold_loss":0.0,"damage_taken":0.0},{"damage_healed":0.0,"max_hp_gain":0.0,"max_hp_loss":0.0,"gold_gain":0.0,"event_name":"给自己的盒子","player_choice":"Ignored","floor":44.0,"gold_loss":0.0,"damage_taken":0.0},{"damage_healed":0.0,"max_hp_gain":0.0,"max_hp_loss":0.0,"gold_gain":333.0,"event_name":"The Moai Head","player_choice":"Gave Idol","floor":45.0,"relics_lost":["Golden Idol"],"gold_loss":0.0,"damage_taken":0.0}],"is_beta":false,"boss_relics":[{"not_picked":["testmod-Temperance","testmod-DreamHouse"],"picked":"APieceOfRedMist"},{"not_picked":["Velvet Choker","testmod-IncinerationGenerator"],"picked":"testmod-TimeTraveler"}],"items_purged_floors":[],"is_endless":false,"potions_floor_spawned":[3,7,11,16,18,25,29,38],"ascension_level":0}}