{"host":"ko40t1o51xotjt2v","time":1607657505,"event":{"mods":["2.2 Compatiblity","AchievementEnabler","Aspiration","BaseMod","Conspire","Downfall","Downfall-Rebalance","Energized Spire","GifTheSpireLib","Halation","Hubris","Jedi Mod","Minty Spire (QoL Compilation)","MostiFishMod","Spicy Shops","Spikes Relics","StSLib","Stuff the Spire","TestMod","vexMod"],"gold_per_floor":[211,227,240,254,254,294,294,294,294],"floor_reached":8,"playtime":759,"items_purged":[],"score":99,"play_id":"51eb3b78-e06a-4175-933c-281a2d0efed5","local_time":"20201211043145","is_ascension_mode":true,"campfire_choices":[{"floor":7,"key":"REST"}],"circlet_count":0,"master_deck":["AscendersBane","Strike_G+1","Strike_G+1","Strike_G+1","Strike_G","Strike_G","Defend_G","Defend_G+1","Defend_G+1","Defend_G","Defend_G","Survivor","Neutralize","Distraction"],"relics":["Ring of the Snake","DaveBox","testmod-TestBox","testmod-PortableAltar","DSteel32","Question Card","Golden Idol"],"acts_visited":["Exordium"],"potions_floor_usage":[4],"damage_taken":[{"damage":6,"enemies":"Cultist","floor":1,"turns":5},{"damage":9,"enemies":"Jaw Worm","floor":2,"turns":7},{"damage":4,"enemies":"conspire:RoseBush","floor":3,"turns":4},{"damage":14,"enemies":"2 Fungi Beasts","floor":4,"turns":5},{"damage":24,"enemies":"Gremlin Nob","floor":6,"turns":5},{"damage":32,"enemies":"3 Sentries","floor":8,"turns":13}],"seed_played":"7493314987933229698","potions_obtained":[{"floor":3,"key":"Regen Potion"},{"floor":6,"key":"Ancient Potion"}],"is_trial":false,"path_per_floor":["M","M","M","M","?","E","R","E"],"character_chosen":"THE_SILENT","items_purchased":[],"campfire_rested":1,"item_purchase_floors":[],"current_hp_per_floor":[53,44,40,40,40,16,32,0,0],"gold":294,"neow_bonus":"HUNDRED_GOLD","is_daily":false,"chose_seed":false,"campfire_upgraded":0,"win_rate":0.0,"timestamp":1607657505,"path_taken":["M","?","M","M","?","E","R","E"],"items_purchased_type":[],"build_version":"2020-11-30","purchased_purges":0,"victory":false,"max_hp_per_floor":[65,64,63,62,57,56,55,54,54],"card_choices":[{"not_picked":["Flying Knee","StuffTheSpire:Python","Riddle With Holes"],"picked":"SKIP","floor":1},{"not_picked":["Sucker Punch","Outmaneuver","conspire:DoublingDagger","Pace"],"picked":"SKIP","floor":2},{"not_picked":["Predator","jedi:unstablefumes","Bane","Distraction"],"picked":"SKIP","floor":3},{"not_picked":["Predator","jedi:unstablefumes","Bane"],"picked":"Distraction","floor":3},{"not_picked":["Footwork","Poisoned Stab","Night Terror","Prepared"],"picked":"SKIP","floor":4},{"not_picked":["Reflex","Dagger Throw","StuffTheSpire:Python","Masterful Stab"],"picked":"SKIP","floor":6}],"player_experience":415375,"relics_obtained":[{"floor":1,"key":"Question Card"}],"event_choices":[{"damage_healed":0,"gold_gain":0,"player_choice":"Lose Max HP","damage_taken":0,"relics_obtained":["Golden Idol"],"max_hp_gain":0,"max_hp_loss":4,"event_name":"Golden Idol","floor":5,"gold_loss":0}],"is_beta":false,"boss_relics":[],"items_purged_floors":[],"is_endless":false,"potions_floor_spawned":[3,6],"killed_by":"3 Sentries","ascension_level":14}}