{"host":"agela5aetnmltfvm","time":1607706676,"event":{"mods":["BaseMod","Colored Map","Jorbs\u0027s Wanderer Trilogy","Lobotomy","Minty Spire (QoL Compilation)","Replay The Spire","StSLib","The Hierophant","The Jungle","The Runesmith"],"gold_per_floor":[109,125,135,153,228,258,258,291,344,344,344,374,3,26,26,26,26],"floor_reached":16,"playtime":446,"items_purged":["stsjorbsmod:Defend_Wanderer"],"score":108,"play_id":"a247746a-818f-4451-9861-bc38e3877c63","local_time":"20201212011116","is_ascension_mode":false,"campfire_choices":[{"data":"stsjorbsmod:TinyHut","floor":7,"key":"SMITH"},{"data":"stsjorbsmod:MagicMissiles","floor":15,"key":"PURGE"}],"circlet_count":0,"master_deck":["stsjorbsmod:ForbiddenGrimoire+1","stsjorbsmod:Strike_Wanderer","stsjorbsmod:Strike_Wanderer","stsjorbsmod:Strike_Wanderer","stsjorbsmod:Strike_Wanderer","stsjorbsmod:Defend_Wanderer","stsjorbsmod:Defend_Wanderer","stsjorbsmod:Defend_Wanderer","stsjorbsmod:FreshAdventure","stsjorbsmod:EyeOfTheStorm","stsjorbsmod:TinyHut+1","stsjorbsmod:FranticSearch","stsjorbsmod:ScorchingRay","stsjorbsmod:Index+1","Panache","stsjorbsmod:Firebolt","ReplayTheSpireMod:IOU","stsjorbsmod:PurgeMind"],"relics":["stsjorbsmod:GrimoireRelic","NeowsBlessing","Tiny Chest","Snack Pack","Centennial Puzzle","Replay:Wax Seal","The Courier","Oddly Smooth Stone","Nunchaku"],"acts_visited":["Exordium"],"potions_floor_usage":[8],"damage_taken":[{"damage":0,"enemies":"Cultist","floor":1,"turns":1},{"damage":0,"enemies":"2 Louse","floor":2,"turns":1},{"damage":0,"enemies":"Small Slimes","floor":3,"turns":1},{"damage":8,"enemies":"Looter","floor":4,"turns":3},{"damage":24,"enemies":"3 Sentries","floor":6,"turns":6},{"damage":15,"enemies":"Lagavulin","floor":8,"turns":6},{"damage":32,"enemies":"Slime Boss","floor":16,"turns":3}],"seed_played":"-8609415851103971055","potions_obtained":[{"floor":1,"key":"AttackPotion"},{"floor":4,"key":"stsjorbsmod:LiquidVirtue"},{"floor":6,"key":"Dexterity Potion"}],"is_trial":false,"path_per_floor":["M","M","M","M","?","E","R","E","T","?","?","?","$","T","R_BF","B"],"character_chosen":"WANDERER","items_purchased":["Oddly Smooth Stone","Panache","stsjorbsmod:Firebolt","stsjorbsmod:PurgeMind"],"campfire_rested":0,"item_purchase_floors":[13,13,13,13],"current_hp_per_floor":[68,68,68,64,53,31,31,19,19,19,16,16,16,16,16,0,0],"gold":26,"neow_bonus":"THREE_ENEMY_KILL","is_daily":false,"chose_seed":false,"campfire_upgraded":1,"win_rate":0.0,"timestamp":1607706676,"path_taken":["M","M","?","M","?","E","R","E","T","?","?","?","$","?","R_BF","BOSS"],"items_purchased_type":["Relic","Card","Card","Card"],"build_version":"2020-11-30","purchased_purges":1,"victory":false,"max_hp_per_floor":[68,68,68,70,70,70,70,70,70,70,70,70,70,70,70,70,70],"card_choices":[{"not_picked":["stsjorbsmod:Index","stsjorbsmod:ChatteringStrike"],"picked":"stsjorbsmod:MagicMissiles","floor":1},{"not_picked":["stsjorbsmod:Counterspell","stsjorbsmod:WeightOfMemory"],"picked":"stsjorbsmod:TinyHut","floor":2},{"not_picked":["stsjorbsmod:ChainLightning","stsjorbsmod:Thorns"],"picked":"stsjorbsmod:FranticSearch","floor":3},{"not_picked":["stsjorbsmod:Will","stsjorbsmod:Message"],"picked":"stsjorbsmod:ScorchingRay","floor":4},{"not_picked":["stsjorbsmod:DoubleCheck","stsjorbsmod:RayOfFrost"],"picked":"stsjorbsmod:Index","floor":6},{"not_picked":["stsjorbsmod:Hibernate","stsjorbsmod:Will","stsjorbsmod:WeightOfMemory"],"picked":"SKIP","floor":8}],"player_experience":512705,"relics_obtained":[{"floor":6,"key":"Tiny Chest"},{"floor":8,"key":"Snack Pack"},{"floor":9,"key":"Centennial Puzzle"},{"floor":14,"key":"Nunchaku"}],"event_choices":[{"damage_healed":0,"gold_gain":75,"player_choice":"Gather Gold","damage_taken":11,"max_hp_gain":0,"max_hp_loss":0,"event_name":"World of Goop","floor":5,"gold_loss":0},{"damage_healed":0,"gold_gain":0,"player_choice":"Grow","damage_taken":0,"max_hp_gain":0,"max_hp_loss":0,"event_name":"Living Wall","floor":10,"gold_loss":0,"cards_upgraded":["stsjorbsmod:Index"]},{"damage_healed":0,"gold_gain":0,"player_choice":"Success","damage_taken":3,"relics_obtained":["Replay:Wax Seal"],"max_hp_gain":0,"max_hp_loss":0,"event_name":"Scrap Ooze","floor":11,"gold_loss":0},{"damage_healed":0,"gold_gain":30,"player_choice":"Searched \u00272\u0027 times","damage_taken":0,"relics_obtained":["The Courier"],"max_hp_gain":0,"max_hp_loss":0,"event_name":"Dead Adventurer","floor":12,"gold_loss":0}],"is_beta":false,"boss_relics":[],"items_purged_floors":[13],"is_endless":false,"potions_floor_spawned":[1,4,6],"killed_by":"Slime Boss","ascension_level":0}}