{"host":"28p8ce41sjwa6lzf","time":1607721777,"event":{"mods":["BaseMod","Colored Map","Colored Powertips","Highlight Path","Minty Spire (QoL Compilation)","Permanent Neow","Quick Restart","Random Character Button","Rare Cards Sparkle","Relic Stats","StSLib","Unceasing Turn Reminder"],"gold_per_floor":[111,121,121,134,152,152,152],"floor_reached":6,"playtime":275,"items_purged":[],"score":76,"play_id":"d31f500c-583b-4b22-b1ea-f0e3fa1ec17f","local_time":"20201211152257","is_ascension_mode":true,"campfire_choices":[],"circlet_count":0,"master_deck":["AscendersBane","Strike_R","Strike_R","Strike_R","Strike_R","Strike_R","Defend_R","Defend_R","Defend_R","Defend_R","Bash","Swift Strike","Headbutt","Iron Wave","Twin Strike"],"relics":["Burning Blood","Golden Idol"],"acts_visited":["Exordium"],"potions_floor_usage":[5],"damage_taken":[{"damage":6.0,"enemies":"2 Louse","floor":1.0,"turns":2.0},{"damage":7.0,"enemies":"Jaw Worm","floor":2.0,"turns":2.0},{"damage":4.0,"enemies":"Small Slimes","floor":4.0,"turns":3.0},{"damage":10,"enemies":"Exordium Thugs","floor":5,"turns":5},{"damage":40,"enemies":"3 Sentries","floor":6,"turns":7}],"seed_played":"8880498395998913186","potions_obtained":[{"floor":1.0,"key":"FearPotion"}],"is_trial":false,"path_per_floor":["M","M","?","M","M","E"],"character_chosen":"IRONCLAD","items_purchased":[],"campfire_rested":0,"item_purchase_floors":[],"current_hp_per_floor":[68,67,41,43,39,0,0],"gold":152,"neow_bonus":"RANDOM_COLORLESS","is_daily":false,"chose_seed":false,"campfire_upgraded":0,"win_rate":0.0,"timestamp":1607721777,"path_taken":["M","M","?","M","M","E"],"items_purchased_type":[],"build_version":"2020-11-30","purchased_purges":0,"victory":false,"max_hp_per_floor":[75,75,75,75,75,75,75],"relic_stats":{"counters":[5,19],"Golden Idol":7,"obtain_stats":[{"Golden Idol":3,"Burning Blood":0},{"Golden Idol":2,"Burning Blood":0},{"Golden Idol":4,"Burning Blood":0}],"Burning Blood":24},"card_choices":[{"not_picked":["Finesse","Purity"],"picked":"Swift Strike","floor":0.0},{"not_picked":["Havoc","Shockwave"],"picked":"Headbutt","floor":1.0},{"not_picked":["Clash","Clothesline"],"picked":"Iron Wave","floor":2.0},{"not_picked":["Combust","Body Slam","Thunderclap"],"picked":"SKIP","floor":4.0},{"not_picked":["Metallicize","Thunderclap"],"picked":"Twin Strike","floor":5}],"player_experience":979812,"relics_obtained":[],"event_choices":[{"damage_healed":0.0,"max_hp_gain":0.0,"max_hp_loss":0.0,"gold_gain":0.0,"event_name":"Golden Idol","player_choice":"Take Damage","floor":3.0,"gold_loss":0.0,"damage_taken":26.0,"relics_obtained":["Golden Idol"]}],"is_beta":false,"boss_relics":[],"items_purged_floors":[],"is_endless":false,"potions_floor_spawned":[1],"killed_by":"3 Sentries","ascension_level":20}}