{"host":"dfbnut35xpj0zllb","time":1607661594,"event":{"mods":["Act Like it!","Bard","BaseMod","Beaked The Cultist","Colored Map","Gensokyo","Glutton Mod","Hermit","Highlight Path","Jorbs\u0027s Wanderer Trilogy","Mad Scientist","Marisa????????","Minty Spire (QoL Compilation)","Relic Stats","Replay The Spire","StSLib","The Blue Laboratory","The Bug Knight","The Construct","The Cursed","The Jungle","The Mystic","The Servant 0.9.4","The Witch","Wandering Minibosses"],"gold_per_floor":[109,121,121,131,10,42,60,60,60,60,70,84,114,128,128,230,230,247,247,247,26,0,15,15,25,25,41,41,71,71,98,98,98,98],"floor_reached":33,"playtime":2751,"items_purged":[],"score":297,"play_id":"baadb6b3-9927-4f0d-84da-16274178034e","local_time":"20201210203954","is_ascension_mode":false,"campfire_choices":[{"floor":8,"key":"REST"},{"data":"Adrenaline","floor":10,"key":"SMITH"},{"floor":15,"key":"REST"},{"data":"A Thousand Cuts","floor":24,"key":"SMITH"},{"floor":28,"key":"REST"},{"data":"Draining Mist","floor":32,"key":"SMITH"}],"circlet_count":0,"master_deck":["Strike_G","Strike_G","Strike_G","Strike_G","Strike_G","Defend_G","Defend_G","Defend_G","Defend_G","Defend_G","Survivor","Neutralize","ReplayTheSpireMod:Scrap Shanks","PiercingWail","Draining Mist+1","Footwork","Slice+1","Adrenaline+1","Dagger Throw","Dagger Throw+1","Deflect","ReplayTheSpireMod:Tripwire","Quick Slash+1","A Thousand Cuts+1","Dagger Spray+1","Dash+1","Footwork","Sucker Punch+1","Flying Knee+1","Dodge and Roll","A Thousand Cuts","Envenom"],"relics":["Ring of the Snake","Bronze Scales","Molten Egg 2","Pocketwatch","Replay:Cursed D8","HollowMod:LifeEnderRelic","TwistedFunnel","Pet Ghost","MealTicket","ReplayTheSpireMod:Ring of Collecting","Replay:Wax Seal"],"acts_visited":["Gensokyo:Gensokyo","Gensokyo:Gensokyoer"],"potions_floor_usage":[16,29,29,29],"damage_taken":[{"damage":0.0,"enemies":"Gensokyo:Gryphon","floor":1.0,"turns":5.0},{"damage":3,"enemies":"Gensokyo:Python","floor":2,"turns":5},{"damage":1,"enemies":"Gensokyo:2_Kodama","floor":4,"turns":6},{"damage":49,"enemies":"Gensokyo:Mamizou","floor":6,"turns":13},{"damage":3,"enemies":"Gensokyo:Kitsune","floor":7,"turns":4},{"damage":0,"enemies":"Gensokyo:Gryphon_and_Rabbit","floor":11,"turns":6},{"damage":2,"enemies":"Gensokyo:2_Rabbits","floor":12,"turns":2},{"damage":13,"enemies":"Gensokyo:Aya","floor":13,"turns":5},{"damage":0,"enemies":"Gensokyo:LivingMonolith","floor":14,"turns":3},{"damage":51,"enemies":"Gensokyo:Yukari","floor":16,"turns":12},{"damage":11,"enemies":"Gensokyo:2_Gloops","floor":18,"turns":5},{"damage":2,"enemies":"Gensokyo:3_Dogs","floor":23,"turns":3},{"damage":5,"enemies":"Gensokyo:Slime_Group","floor":25,"turns":5},{"damage":12,"enemies":"Gensokyo:Mirror_and_Dog","floor":27,"turns":2},{"damage":10,"enemies":"Gensokyo:Koishi","floor":29,"turns":4},{"damage":3,"enemies":"Gensokyo:Reisen","floor":31,"turns":5},{"damage":61,"enemies":"Gensokyo:Kaguya","floor":33,"turns":12}],"seed_played":"-7162584397767637581","potions_obtained":[{"floor":4,"key":"blueLaboratory:EnvenomedCoating"},{"floor":6,"key":"DistilledChaos"},{"floor":11,"key":"blueLaboratory:EnvenomedCoating"},{"floor":12,"key":"AttackPotion"},{"floor":16,"key":"Toxic Potion"},{"floor":25,"key":"blueLaboratory:BottleOfVodka"}],"is_trial":false,"path_per_floor":["M","M","?","M","$","E","M","R","T","R","M","M","E","M","R","B",null,"M","?","T","$","?","M","R","M","T","M","R","E","?","E","R","B"],"character_chosen":"THE_SILENT","items_purchased":["Footwork","Slice","TwistedFunnel","Footwork"],"campfire_rested":3,"item_purchase_floors":[5,5,21,21],"current_hp_per_floor":[77,74,74,73,73,24,21,44,44,44,44,42,29,29,52,1,77,66,66,66,66,66,64,64,59,59,47,70,60,60,57,57,0,0],"gold":98,"neow_bonus":"TEN_PERCENT_HP_BONUS","is_daily":false,"chose_seed":false,"campfire_upgraded":3,"win_rate":0.0,"timestamp":1607661594,"path_taken":["M","M","?","?","$","E","M","R","T","R","M","M","E","M","R","BOSS","M","?","?","$","?","M","R","M","T","M","R","E","?","E","R","BOSS"],"items_purchased_type":["Card","Card","Relic","Card"],"build_version":"2020-11-30","purchased_purges":0,"victory":false,"max_hp_per_floor":[77,77,77,77,77,77,77,77,77,77,77,77,77,77,77,77,77,77,77,77,77,77,77,77,77,77,77,77,77,77,77,77,77,77],"relic_stats":{"counters":[17,97],"Bronze Scales":[180],"MealTicket":0,"obtain_stats":[{"TwistedFunnel":21,"Frozen Eye":29,"HollowMod:LifeEnderRelic":20,"Bronze Scales":6,"ReplayTheSpireMod:Ring of Collecting":30,"Replay:Cursed D8":17,"Molten Egg 2":9,"MealTicket":29,"Replay:Wax Seal":31,"Pet Ghost":26,"Ring of the Snake":0,"Pocketwatch":13},{"TwistedFunnel":11,"Frozen Eye":14,"HollowMod:LifeEnderRelic":11,"Bronze Scales":4,"ReplayTheSpireMod:Ring of Collecting":15,"Replay:Cursed D8":10,"Molten Egg 2":5,"MealTicket":15,"Replay:Wax Seal":16,"Pet Ghost":13,"Ring of the Snake":0,"Pocketwatch":8},{"TwistedFunnel":66,"Frozen Eye":76,"HollowMod:LifeEnderRelic":66,"Bronze Scales":29,"ReplayTheSpireMod:Ring of Collecting":80,"Replay:Cursed D8":61,"Molten Egg 2":33,"MealTicket":80,"Replay:Wax Seal":85,"Pet Ghost":74,"Ring of the Snake":0,"Pocketwatch":46}],"Ring of the Snake":[34],"Pocketwatch":[29]},"card_choices":[{"not_picked":["Underhanded Strike","Prepared"],"picked":"ReplayTheSpireMod:Scrap Shanks","floor":1},{"not_picked":["Sucker Punch","Flying Knee"],"picked":"PiercingWail","floor":2},{"not_picked":["Deflect","Expertise"],"picked":"Draining Mist","floor":4},{"not_picked":["Sneak Up","PiercingWail"],"picked":"Adrenaline","floor":6},{"not_picked":["Slice","Prepared"],"picked":"Dagger Throw","floor":7},{"not_picked":["Tactician","Heel Hook+1"],"picked":"Dagger Throw+1","floor":11},{"not_picked":["Dodge and Roll","Deadly Poison"],"picked":"Deflect","floor":12},{"not_picked":["Slice+1","Deflect"],"picked":"ReplayTheSpireMod:Tripwire","floor":13},{"not_picked":["Deadly Poison","Blade Dance"],"picked":"Quick Slash+1","floor":14},{"not_picked":["ReplayTheSpireMod:From All Sides+1","Replay:Bag of Tricks"],"picked":"A Thousand Cuts","floor":16},{"not_picked":["Deadly Poison","Hidden Blade"],"picked":"Dagger Spray+1","floor":18},{"not_picked":["Eviscerate+1","Tactician"],"picked":"Sucker Punch+1","floor":23},{"not_picked":["Bouncing Flask","Dagger Spray+1"],"picked":"Flying Knee+1","floor":25},{"not_picked":["Outmaneuver","ReplayTheSpireMod:Scrap Shanks+1"],"picked":"Dodge and Roll","floor":27},{"not_picked":["ReplayTheSpireMod:Shiv Toss","Calculated Gamble"],"picked":"A Thousand Cuts","floor":29},{"not_picked":["Backflip+1","Acrobatics"],"picked":"Envenom","floor":31}],"player_experience":9218,"relics_obtained":[{"floor":6,"key":"Bronze Scales"},{"floor":9,"key":"Molten Egg 2"},{"floor":13,"key":"Pocketwatch"},{"floor":20,"key":"HollowMod:LifeEnderRelic"},{"floor":26,"key":"Pet Ghost"},{"floor":29,"key":"MealTicket"},{"floor":30,"key":"ReplayTheSpireMod:Ring of Collecting"},{"floor":31,"key":"Replay:Wax Seal"}],"event_choices":[],"is_beta":false,"boss_relics":[{"not_picked":["HoveringKite","ChewingGum"],"picked":"Replay:Cursed D8"}],"items_purged_floors":[],"is_endless":false,"potions_floor_spawned":[4,6,11,12,16,18,25],"killed_by":"Gensokyo:Kaguya","ascension_level":0}}