{"host":"1kq2ingo3j45gyyp","time":1607648979,"event":{"mods":["BaseMod","Better Note","Better Third Choice","Minty Spire (QoL Compilation)","StSLib","The Gatherer"],"gold_per_floor":[110,110,129,129,142,142,172,172,172,26,45,55,55,55,55,160,160,173,173,17,29,29,29,29,29,75,93,123,139,139,157,157,157,157],"floor_reached":33,"playtime":1109,"items_purged":["Gatherer:Strike_Gatherer"],"score":290,"play_id":"61e564c8-04d6-474d-84e9-9868d291b455","local_time":"20201210200939","is_ascension_mode":false,"metric_token":401,"campfire_choices":[{"data":"Gatherer:FlowerWhip+1","floor":6,"key":"SMITH"},{"data":"Gatherer:FlowerWhip+2","floor":8,"key":"SMITH"},{"data":"Gatherer:Photoscythe","floor":13,"key":"SMITH"},{"data":"Gatherer:MiningStrike","floor":15,"key":"SMITH"},{"data":"Echo Form","floor":23,"key":"SMITH"},{"floor":32,"key":"REST"}],"circlet_count":0,"master_deck":["Gatherer:Strike_Gatherer","Gatherer:Strike_Gatherer","Gatherer:Defend_Gatherer","Gatherer:Defend_Gatherer","Gatherer:Defend_Gatherer","Gatherer:Centralize","Gatherer:FlowerWhip+3","Gatherer:BambuSword","Gatherer:RecoveryHerb","Gatherer:MiningStrike+1","Gatherer:Photoscythe+1","Gatherer:FlowerShield","Echo Form+1","Gatherer:FlowerWhip+3","Gatherer:FlowerWhip","Gatherer:FlowerBeam+1","Gatherer:FlowerFalling"],"relics":["Gatherer:AlchemyBag","Eternal Feather","Question Card","Empty Cage","DollysMirror","Dream Catcher","Happy Flower"],"acts_visited":["Exordium","TheCity"],"potions_floor_usage":[18,29,30,31,33],"damage_taken":[{"damage":0,"enemies":"Jaw Worm","floor":1,"turns":4},{"damage":2,"enemies":"2 Louse","floor":3,"turns":2},{"damage":0,"enemies":"Cultist","floor":5,"turns":2},{"damage":27,"enemies":"Lagavulin","floor":7,"turns":6},{"damage":5,"enemies":"Looter","floor":11,"turns":2},{"damage":8,"enemies":"2 Fungi Beasts","floor":12,"turns":3},{"damage":61,"enemies":"The Guardian","floor":16,"turns":13},{"damage":20,"enemies":"Shell Parasite","floor":18,"turns":4},{"damage":5,"enemies":"Spheric Guardian","floor":21,"turns":3},{"damage":12,"enemies":"3 Cultists","floor":27,"turns":5},{"damage":33,"enemies":"Slavers","floor":28,"turns":7},{"damage":11,"enemies":"Cultist and Chosen","floor":29,"turns":5},{"damage":14,"enemies":"Snecko","floor":31,"turns":5},{"damage":76,"enemies":"Champ","floor":33,"turns":10}],"seed_played":"-2467282201025306328","potions_obtained":[{"floor":1,"key":"LiquidBronze"},{"floor":3,"key":"EssenceOfSteel"},{"floor":12,"key":"LiquidMemories"},{"floor":28,"key":"Block Potion"},{"floor":29,"key":"Fruit Juice"},{"floor":30,"key":"Fruit Juice"},{"floor":30,"key":"Regen Potion"},{"floor":30,"key":"Dexterity Potion"}],"is_trial":false,"path_per_floor":["M","?","M","?","M","R","E","R","T","$","M","M","R","?","R","B",null,"M","?","$","M","$","R","?","?","T","M","E","M","?","M","R","B"],"character_chosen":"THE_GATHERER","items_purchased":["Gatherer:Photoscythe","DollysMirror"],"campfire_rested":1,"item_purchase_floors":[10,20],"current_hp_per_floor":[72,72,70,70,70,70,45,51,51,51,49,44,53,58,67,7,77,57,57,57,54,54,60,60,60,60,50,20,20,25,32,67,0,0],"gold":157,"neow_bonus":"THREE_CARDS","is_daily":false,"chose_seed":false,"campfire_upgraded":5,"win_rate":0.0,"timestamp":1607648979,"path_taken":["M","?","M","?","?","R","E","R","T","$","M","M","R","?","R","BOSS","M","?","$","M","$","R","?","?","T","M","E","?","?","M","R","BOSS"],"items_purchased_type":["Card","Relic"],"build_version":"2020-11-30","purchased_purges":1,"victory":false,"max_hp_per_floor":[72,72,72,72,72,72,72,72,72,72,72,72,72,77,77,77,77,77,77,77,77,77,77,77,77,77,77,77,82,87,87,87,87,87,87],"card_choices":[{"not_picked":["Gatherer:QuickSynthesis","Gatherer:EnergyBasket"],"picked":"Gatherer:BambuSword","floor":0},{"not_picked":["Gatherer:Uplift","Gatherer:FeelingFine","Gatherer:CarefulStrike"],"picked":"SKIP","floor":1},{"not_picked":["Gatherer:BalancedGrowth","Gatherer:TacticalStrike"],"picked":"Gatherer:RecoveryHerb","floor":3},{"not_picked":["Gatherer:Transmute","Gatherer:GatherMaterial"],"picked":"Gatherer:MiningStrike","floor":5},{"not_picked":["Gatherer:Transmute","Gatherer:ScentOfRosmari","Gatherer:Herbalism"],"picked":"SKIP","floor":7},{"not_picked":["Gatherer:OddSpoils","Gatherer:Frenzy","Gatherer:DrugPower"],"picked":"Gatherer:FlowerShield","floor":11},{"not_picked":["Gatherer:EnergyBasket","Gatherer:SaveValuables","Gatherer:BalancedGrowth","Gatherer:Polymorphism"],"picked":"SKIP","floor":12},{"not_picked":["Gatherer:PoisonMastery","Gatherer:BomberForm","Gatherer:MindSearch"],"picked":"Gatherer:GrowBook","floor":16},{"not_picked":["Gatherer:CarefulStrike","Gatherer:TreeGrowth+1","Gatherer:EnergyBasket+1","Gatherer:SmartManeuver"],"picked":"SKIP","floor":18},{"not_picked":["Gatherer:FragileHammer","Gatherer:CollectorsShot","Gatherer:CarefulStrike","Gatherer:AcidicSpray"],"picked":"SKIP","floor":21},{"not_picked":["Gatherer:WoolGloves","Gatherer:SaveValuables+1","Gatherer:PoisonMastery","Gatherer:FruitForce"],"picked":"SKIP","floor":27},{"not_picked":["Gatherer:Polymorphism","Gatherer:AcidicSpray","Gatherer:BigPouch"],"picked":"Gatherer:FlowerBeam+1","floor":28},{"not_picked":["Gatherer:FruitForce","Gatherer:CarefulStrike","Gatherer:GatherMaterial+1","Gatherer:BigPouch+1"],"picked":"SKIP","floor":29},{"not_picked":["Gatherer:BambuSword+1","Gatherer:FragileHammer+1","Gatherer:FeelingFine"],"picked":"Gatherer:FlowerFalling","floor":31}],"player_experience":800980,"relics_obtained":[{"floor":7,"key":"Eternal Feather"},{"floor":9,"key":"Question Card"},{"floor":26,"key":"Dream Catcher"},{"floor":28,"key":"Happy Flower"}],"event_choices":[{"damage_healed":0,"gold_gain":0,"player_choice":"Grow","damage_taken":0,"max_hp_gain":0,"max_hp_loss":0,"event_name":"Living Wall","floor":2,"gold_loss":0,"cards_upgraded":["Gatherer:FlowerWhip"]},{"cards_removed":["Gatherer:Defend_Gatherer"],"damage_healed":0,"gold_gain":0,"player_choice":"Offered Basic","damage_taken":0,"max_hp_gain":0,"max_hp_loss":0,"event_name":"Bonfire Elementals","floor":4,"gold_loss":0},{"damage_healed":0,"gold_gain":0,"player_choice":"Donut","damage_taken":0,"max_hp_gain":5,"max_hp_loss":0,"event_name":"Big Fish","floor":14,"gold_loss":0},{"cards_removed":["Gatherer:Strike_Gatherer"],"damage_healed":0,"gold_gain":0,"player_choice":"Purged","damage_taken":0,"max_hp_gain":0,"max_hp_loss":0,"event_name":"Purifier","floor":19,"gold_loss":0},{"damage_healed":0,"gold_gain":0,"player_choice":"Ignored","damage_taken":0,"max_hp_gain":0,"max_hp_loss":0,"event_name":"N\u0027loth","floor":24,"gold_loss":0},{"damage_healed":0,"gold_gain":0,"player_choice":"1 cards matched","damage_taken":0,"max_hp_gain":0,"max_hp_loss":0,"event_name":"Match and Keep!","floor":25,"gold_loss":0,"cards_obtained":["Gatherer:FlowerWhip"]},{"damage_healed":0,"gold_gain":0,"player_choice":"Got Potions","damage_taken":0,"max_hp_gain":0,"max_hp_loss":0,"event_name":"Lab","floor":30,"gold_loss":0}],"is_beta":false,"boss_relics":[{"not_picked":["Sozu","Fusion Hammer"],"picked":"Empty Cage"}],"items_purged_floors":[10],"is_endless":false,"potions_floor_spawned":[1,3,12,16,28,29],"killed_by":"Champ","ascension_level":0}}