{"host":"nwz9s93nkn2ush8t","time":1607721102,"event":{"mods":["AchievementEnabler","Act Like it!","BaseMod","Block Reminder","Colored Powertips","Googly Eyes","Minty Spire (QoL Compilation)","Quick Restart","Rare Cards Sparkle","StSLib","everything is the same but u backflip on backflip","slay the spire mod where everything is the same but ironclad has a cowboy hat"],"gold_per_floor":[116,132,102,117,27,44,74,74,74,5,18,29,6,63,63,163,163,163],"floor_reached":17,"playtime":1357,"items_purged":[],"score":157,"play_id":"bfa8ee59-8b0e-49cb-8d35-701ae353f36d","local_time":"20201211161142","is_ascension_mode":false,"campfire_choices":[{"floor":8.0,"key":"RECALL"},{"floor":15.0,"key":"REST"}],"circlet_count":0,"master_deck":["Strike_G","Strike_G","Strike_G","Strike_G","Defend_G","Defend_G","Defend_G","Survivor","Neutralize+1","Deflect","Flying Knee","Finisher","Slice","Acrobatics","Dagger Spray","PiercingWail","Blade Dance","Slice","Corpse Explosion","Poisoned Stab","Dagger Throw","Bouncing Flask","Venomology","Distraction+1","Dagger Throw+1","Glass Knife+1"],"relics":["Ring of the Snake","Frozen Egg 2","Torii","FossilizedHelix","Astrolabe"],"acts_visited":["TheEnding"],"potions_floor_usage":[],"damage_taken":[{"damage":6.0,"enemies":"Cultist","floor":1.0,"turns":5.0},{"damage":0.0,"enemies":"2 Louse","floor":2.0,"turns":2.0},{"damage":0.0,"enemies":"Small Slimes","floor":4.0,"turns":4.0},{"damage":3.0,"enemies":"2 Fungi Beasts","floor":6.0,"turns":3.0},{"damage":17.0,"enemies":"Lagavulin","floor":7.0,"turns":6.0},{"damage":2.0,"enemies":"Exordium Wildlife","floor":11.0,"turns":4.0},{"damage":12.0,"enemies":"Exordium Thugs","floor":12.0,"turns":4.0},{"damage":9.0,"enemies":"3 Sentries","floor":14.0,"turns":4.0},{"damage":25.0,"enemies":"The Guardian","floor":16.0,"turns":8.0}],"seed_played":"8683033174686716486","potions_obtained":[{"floor":3.0,"key":"Energy Potion"},{"floor":3.0,"key":"Fire Potion"},{"floor":6.0,"key":"PowerPotion"},{"floor":11.0,"key":"CultistPotion"},{"floor":12.0,"key":"GamblersBrew"},{"floor":16.0,"key":"SpeedPotion"}],"is_trial":false,"path_per_floor":["M","M","?","M","$","M","E","R","T","$","M","M","$","?","R","B",null],"character_chosen":"THE_SILENT","items_purchased":["Slice","Acrobatics","Blade Dance","Slice","Dagger Throw"],"campfire_rested":1,"item_purchase_floors":[5,5,10,10,13],"current_hp_per_floor":[64,64,64,64,64,61,44,44,44,44,42,30,30,21,42,17,70,70],"gold":163,"neow_bonus":"UPGRADE_CARD","is_daily":false,"chose_seed":false,"campfire_upgraded":0,"win_rate":0.0,"timestamp":1607721102,"path_taken":["M","?","?","M","$","M","E","R","T","$","?","M","?","?","R","BOSS"],"items_purchased_type":["Card","Card","Card","Card","Card"],"build_version":"2020-11-30","purchased_purges":0,"victory":false,"max_hp_per_floor":[70,70,70,70,70,70,70,70,70,70,70,70,70,70,70,70,70,70],"card_choices":[{"not_picked":["Flying Knee","Underhanded Strike"],"picked":"Deflect","floor":1.0},{"not_picked":["Slice","Calculated Gamble"],"picked":"Flying Knee","floor":2.0},{"not_picked":["Quick Slash","Prepared"],"picked":"Finisher","floor":4.0},{"not_picked":["Dodge and Roll","Backflip"],"picked":"Dagger Spray","floor":6.0},{"not_picked":["Cloak And Dagger","Sucker Punch"],"picked":"PiercingWail","floor":7.0},{"not_picked":["Dagger Spray","PiercingWail"],"picked":"Corpse Explosion","floor":11.0},{"not_picked":["Acrobatics","Dagger Throw"],"picked":"Poisoned Stab","floor":12.0},{"not_picked":["Acrobatics","Deflect"],"picked":"Bouncing Flask","floor":14.0},{"not_picked":["Storm of Steel","Burst"],"picked":"Venomology","floor":16.0}],"player_experience":379279,"relics_obtained":[{"floor":7.0,"key":"Frozen Egg 2"},{"floor":9.0,"key":"Torii"}],"event_choices":[{"damage_healed":0.0,"max_hp_gain":0.0,"max_hp_loss":0.0,"gold_gain":0.0,"event_name":"The Woman in Blue","player_choice":"Bought 2 Potions","floor":3.0,"gold_loss":0.0,"damage_taken":0.0},{"damage_healed":0.0,"max_hp_gain":0.0,"max_hp_loss":0.0,"gold_gain":0.0,"event_name":"Dead Adventurer","player_choice":"Searched \u00272\u0027 times","floor":14.0,"gold_loss":0.0,"damage_taken":0.0,"relics_obtained":["FossilizedHelix"]}],"is_beta":false,"boss_relics":[{"not_picked":["Ectoplasm","Pandora\u0027s Box"],"picked":"Astrolabe"}],"items_purged_floors":[],"is_endless":false,"potions_floor_spawned":[6,11,12,16],"ascension_level":0}}