{"host":"gk5m6v7zec9neb0j","time":1607666011,"event":{"mods":["AchievementEnabler","AlwaysNeverKeys","BaseMod","BetterRewards","Block Reminder","Minty Spire (QoL Compilation)","Rare Cards Sparkle","Relic Stats","StSLib"],"gold_per_floor":[114,127,27,43,43,43,68,88,115,133,162,162,12,32,32,134,134,154,429,173,191,29,48,58,58,58,69,120,135,135,145,145,248,248,260,53,71,71,71],"floor_reached":38,"playtime":1315,"items_purged":["Strike_R","Regret","Strike_R"],"score":630,"play_id":"b071d60f-860b-4d34-8805-c06b65aa2a4c","local_time":"20201211005331","is_ascension_mode":false,"campfire_choices":[{"data":"Intimidate","floor":6.0,"key":"SMITH"},{"data":"Limit Break","floor":12.0,"key":"SMITH"},{"floor":15.0,"key":"REST"},{"data":"Demon Form","floor":25.0,"key":"SMITH"},{"data":"Limit Break","floor":30.0,"key":"SMITH"},{"data":"Heavy Blade","floor":32.0,"key":"SMITH"}],"circlet_count":0,"master_deck":["Strike_R","Strike_R","Strike_R","Defend_R","Defend_R","Defend_R","Defend_R","Bash+1","Metallicize+1","Intimidate+1","Flex","Heavy Blade+1","Limit Break+1","Limit Break+1","Dropkick+1","Double Tap","Seeing Red+1","True Grit","True Grit+1","Demon Form+1","Bloodletting","Limit Break","Cleave+1","Seeing Red"],"relics":["Burning Blood","Incense Burner","Turnip","Lee\u0027s Waffle","Regal Pillow","Bag of Marbles","Odd Mushroom","ClockworkSouvenir","Runic Pyramid","Orrery","Pear","Tiny Chest"],"acts_visited":["Exordium","TheCity","TheBeyond"],"potions_floor_usage":[38],"damage_taken":[{"damage":8.0,"enemies":"Jaw Worm","floor":1.0,"turns":4.0},{"damage":7.0,"enemies":"Small Slimes","floor":2.0,"turns":4.0},{"damage":1.0,"enemies":"Cultist","floor":4.0,"turns":4.0},{"damage":28.0,"enemies":"Lagavulin","floor":7.0,"turns":7.0},{"damage":7.0,"enemies":"Exordium Thugs","floor":8.0,"turns":8.0},{"damage":16.0,"enemies":"Gremlin Gang","floor":10.0,"turns":5.0},{"damage":14.0,"enemies":"The Mushroom Lair","floor":11.0,"turns":4.0},{"damage":3.0,"enemies":"3 Louse","floor":14.0,"turns":5.0},{"damage":22.0,"enemies":"Slime Boss","floor":16.0,"turns":9.0},{"damage":16.0,"enemies":"Shell Parasite","floor":18.0,"turns":5.0},{"damage":26.0,"enemies":"3 Byrds","floor":21.0,"turns":6.0},{"damage":10.0,"enemies":"Snake Plant","floor":23.0,"turns":5.0},{"damage":2.0,"enemies":"Chosen and Byrds","floor":24.0,"turns":6.0},{"damage":5.0,"enemies":"Centurion and Healer","floor":27.0,"turns":5.0},{"damage":2.0,"enemies":"Snake Plant","floor":29.0,"turns":4.0},{"damage":8.0,"enemies":"Snecko","floor":31.0,"turns":5.0},{"damage":6.0,"enemies":"Automaton","floor":33.0,"turns":6.0},{"damage":59.0,"enemies":"3 Darklings","floor":35.0,"turns":5.0},{"damage":23.0,"enemies":"3 Shapes","floor":37.0,"turns":5.0},{"damage":33,"enemies":"3 Darklings","floor":38,"turns":3}],"seed_played":"7653755141177693005","potions_obtained":[{"floor":1.0,"key":"BloodPotion"},{"floor":4.0,"key":"GamblersBrew"},{"floor":10.0,"key":"Fire Potion"},{"floor":11.0,"key":"Ancient Potion"},{"floor":18.0,"key":"DuplicationPotion"},{"floor":21.0,"key":"AttackPotion"},{"floor":24.0,"key":"HeartOfIron"},{"floor":29.0,"key":"Regen Potion"},{"floor":35.0,"key":"Weak Potion"}],"is_trial":false,"path_per_floor":["M","M","$","M","?","R","E","M","T","M","?","R","$","M","R","B",null,"M","?","$","M","$","M","M","R","T","M","T","M","R","M","R","B",null,"M","$","M","M"],"character_chosen":"IRONCLAD","items_purchased":["Lee\u0027s Waffle","Metallicize","Flex","ClockworkSouvenir","Orrery","Demon Form","Seeing Red"],"campfire_rested":1,"item_purchase_floors":[0,0,3,13,20,22,36],"current_hp_per_floor":[85,84,84,87,70,70,48,64,64,54,46,46,46,49,87,71,87,77,77,77,57,57,53,57,57,67,68,68,72,72,70,70,85,97,44,44,27,0,0],"gold":71,"neow_bonus":"","is_daily":false,"chose_seed":false,"campfire_upgraded":5,"win_rate":0.0,"timestamp":1607666011,"path_taken":["M","M","$","M","?","R","E","M","T","M","?","R","$","M","R","BOSS","M","?","$","M","$","M","M","R","T","?","?","M","R","M","R","BOSS","M","$","M","?"],"items_purchased_type":["Relic","Card","Card","Relic","Relic","Card","Card"],"build_version":"2020-11-30","purchased_purges":3,"victory":false,"max_hp_per_floor":[87,87,87,87,87,87,87,87,87,87,87,87,87,87,87,87,87,87,87,87,87,87,87,87,87,97,97,97,97,97,97,97,97,97,97,97,97,97,97],"relic_stats":{"Lee\u0027s Waffle":42,"Regal Pillow":20,"counters":[251,1209],"Tiny Chest":0,"Turnip":[12],"obtain_stats":[{"Ice Cream":0,"Calipers":0,"Gremlin Horn":24,"CeramicFish":11,"Vajra":19,"Whetstone":45,"Ginger":48,"Bottled Tornado":12,"Boot":40,"Old Coin":9,"Blood Vial":54,"Lizard Tail":25,"Centennial Puzzle":26,"HornCleat":54,"Sundial":43,"Strawberry":43,"Fusion Hammer":34,"Kunai":3,"Toxic Egg 2":25,"Girya":0,"Pear":6,"Happy Flower":0,"Dead Branch":13,"Blue Candle":9,"Eternal Feather":6,"Charon\u0027s Ashes":0,"Pen Nib":9,"Letter Opener":26,"War Paint":55,"Question Card":9,"Akabeko":37,"Du-Vu Doll":43,"OrangePellets":0,"SlaversCollar":17,"Runic Dome":17,"Bottled Flame":54,"Shuriken":0,"Bronze Scales":0,"Bird Faced Urn":0,"Molten Egg 2":26,"Mark of Pain":34,"Nloth\u0027s Gift":20,"StrikeDummy":47,"Unceasing Top":0,"Pocketwatch":47,"Meat on the Bone":28,"Darkstone Periapt":26,"Regal Pillow":9,"Singing Bowl":42,"SacredBark":34,"Black Blood":17,"StoneCalendar":0,"Mango":26,"Juzu Bracelet":3,"Incense Burner":0,"Bag of Preparation":41,"Ancient Tea Set":6,"Empty Cage":17,"Burning Blood":0,"ClockworkSouvenir":0,"Nunchaku":36,"Dream Catcher":25,"TheAbacus":37,"Matryoshka":27,"Mummified Hand":0,"Gambling Chip":13,"Tiny Chest":24,"WingedGreaves":11,"Red Mask":41,"Chemical X":0,"Red Skull":4,"Paper Frog":9,"Runic Pyramid":34,"Potion Belt":43,"Lee\u0027s Waffle":0,"Golden Idol":4,"Thread and Needle":0,"The Courier":13,"Omamori":13,"Orichalcum":20,"Frozen Egg 2":8,"Odd Mushroom":14,"MawBank":9,"White Beast Statue":2,"Mercury Hourglass":30,"Peace Pipe":0,"Anchor":12,"Orrery":0,"Turnip":13,"Bag of Marbles":0,"Art of War":26,"Membership Card":0,"Champion Belt":23,"FossilizedHelix":0,"Toy Ornithopter":9,"TungstenRod":36},{"Ice Cream":80,"Calipers":80,"Gremlin Horn":39,"CeramicFish":33,"Vajra":140,"Whetstone":46,"Ginger":104,"Bottled Tornado":137,"Boot":102,"Old Coin":4,"Blood Vial":49,"Lizard Tail":39,"Centennial Puzzle":39,"HornCleat":174,"Sundial":149,"Strawberry":124,"Fusion Hammer":98,"Kunai":2,"Toxic Egg 2":117,"Girya":50,"Pear":111,"Happy Flower":80,"Dead Branch":88,"Blue Candle":112,"Eternal Feather":25,"Charon\u0027s Ashes":50,"Pen Nib":56,"Letter Opener":67,"War Paint":79,"Question Card":135,"Akabeko":221,"Du-Vu Doll":149,"OrangePellets":19,"SlaversCollar":36,"Runic Dome":61,"Bottled Flame":106,"Shuriken":0,"Bronze Scales":29,"Bird Faced Urn":129,"Molten Egg 2":165,"Mark of Pain":70,"Nloth\u0027s Gift":115,"StrikeDummy":47,"Unceasing Top":0,"Pocketwatch":172,"Meat on the Bone":216,"Darkstone Periapt":93,"Regal Pillow":157,"Singing Bowl":102,"SacredBark":219,"Black Blood":16,"StoneCalendar":80,"Mango":141,"Juzu Bracelet":10,"Incense Burner":107,"Bag of Preparation":196,"Ancient Tea Set":84,"Empty Cage":160,"Burning Blood":0,"ClockworkSouvenir":0,"Nunchaku":42,"Dream Catcher":141,"TheAbacus":99,"Matryoshka":118,"Mummified Hand":50,"Gambling Chip":34,"Tiny Chest":92,"WingedGreaves":26,"Red Mask":148,"Chemical X":50,"Red Skull":32,"Paper Frog":33,"Runic Pyramid":41,"Potion Belt":102,"Lee\u0027s Waffle":231,"Golden Idol":2,"Thread and Needle":154,"The Courier":15,"Omamori":27,"Orichalcum":17,"Frozen Egg 2":25,"Odd Mushroom":28,"MawBank":13,"White Beast Statue":10,"Mercury Hourglass":69,"Peace Pipe":0,"Anchor":59,"Orrery":9,"Turnip":59,"Bag of Marbles":50,"Art of War":117,"Membership Card":0,"Champion Belt":66,"FossilizedHelix":129,"Toy Ornithopter":181,"TungstenRod":193},{"Ice Cream":388,"Calipers":388,"Gremlin Horn":203,"CeramicFish":177,"Vajra":586,"Whetstone":235,"Ginger":445,"Bottled Tornado":578,"Boot":443,"Old Coin":20,"Blood Vial":254,"Lizard Tail":203,"Centennial Puzzle":203,"HornCleat":729,"Sundial":607,"Strawberry":538,"Fusion Hammer":434,"Kunai":11,"Toxic Egg 2":496,"Girya":262,"Pear":468,"Happy Flower":388,"Dead Branch":406,"Blue Candle":470,"Eternal Feather":132,"Charon\u0027s Ashes":262,"Pen Nib":288,"Letter Opener":332,"War Paint":381,"Question Card":574,"Akabeko":1053,"Du-Vu Doll":607,"OrangePellets":106,"SlaversCollar":194,"Runic Dome":314,"Bottled Flame":448,"Shuriken":0,"Bronze Scales":164,"Bird Faced Urn":552,"Molten Egg 2":671,"Mark of Pain":351,"Nloth\u0027s Gift":488,"StrikeDummy":240,"Unceasing Top":0,"Pocketwatch":718,"Meat on the Bone":1028,"Darkstone Periapt":419,"Regal Pillow":630,"Singing Bowl":443,"SacredBark":1044,"Black Blood":80,"StoneCalendar":388,"Mango":587,"Juzu Bracelet":50,"Incense Burner":454,"Bag of Preparation":876,"Ancient Tea Set":396,"Empty Cage":646,"Burning Blood":0,"ClockworkSouvenir":0,"Nunchaku":221,"Dream Catcher":587,"TheAbacus":436,"Matryoshka":499,"Mummified Hand":262,"Gambling Chip":183,"Tiny Chest":417,"WingedGreaves":139,"Red Mask":605,"Chemical X":262,"Red Skull":173,"Paper Frog":177,"Runic Pyramid":217,"Potion Belt":443,"Lee\u0027s Waffle":1104,"Golden Idol":11,"Thread and Needle":621,"The Courier":70,"Omamori":150,"Orichalcum":95,"Frozen Egg 2":132,"Odd Mushroom":152,"MawBank":57,"White Beast Statue":50,"Mercury Hourglass":341,"Peace Pipe":0,"Anchor":301,"Orrery":48,"Turnip":301,"Bag of Marbles":262,"Art of War":496,"Membership Card":0,"Champion Belt":329,"FossilizedHelix":552,"Toy Ornithopter":757,"TungstenRod":854}],"Burning Blood":1442},"card_choices":[{"not_picked":["Sword Boomerang","Reckless Charge"],"picked":"Intimidate","floor":1.0},{"not_picked":["Pommel Strike","Heavy Blade","Warcry"],"picked":"SKIP","floor":2.0},{"not_picked":["True Grit","Dual Wield","Wild Strike"],"picked":"SKIP","floor":4.0},{"not_picked":["Armaments","Havoc"],"picked":"Heavy Blade","floor":7.0},{"not_picked":["Power Through","Wild Strike","Body Slam"],"picked":"SKIP","floor":8.0},{"not_picked":["Dark Embrace","Second Wind"],"picked":"Limit Break","floor":10.0},{"not_picked":["Armaments","Rage","Heavy Blade"],"picked":"SKIP","floor":14.0},{"not_picked":["Fiend Fire","Corruption"],"picked":"Limit Break","floor":16.0},{"not_picked":["Clothesline","Shrug It Off"],"picked":"Dropkick+1","floor":18.0},{"not_picked":["Twin Strike","Fiend Fire"],"picked":"Double Tap","floor":20.0},{"not_picked":["Metallicize","Twin Strike"],"picked":"Seeing Red+1","floor":20.0},{"not_picked":["Iron Wave+1","Sever Soul"],"picked":"True Grit","floor":20.0},{"not_picked":["Rampage+1","Sword Boomerang"],"picked":"True Grit+1","floor":21.0},{"not_picked":["Pummel","Headbutt","Heavy Blade+1"],"picked":"SKIP","floor":23.0},{"not_picked":["Heavy Blade","Wild Strike","Disarm"],"picked":"SKIP","floor":24.0},{"not_picked":["Hemokinesis","Power Through","Sword Boomerang"],"picked":"SKIP","floor":27.0},{"not_picked":["Heavy Blade+1","Intimidate+1"],"picked":"Bloodletting","floor":29.0},{"not_picked":["Rupture","Wild Strike","Thunderclap"],"picked":"SKIP","floor":31.0},{"not_picked":["Immolate","Feed"],"picked":"Limit Break","floor":33.0},{"not_picked":["Flex","Clash+1"],"picked":"Cleave+1","floor":35.0},{"not_picked":["Havoc+1","Headbutt+1","Thunderclap+1"],"picked":"SKIP","floor":37.0}],"player_experience":665759,"relics_obtained":[{"floor":7.0,"key":"Regal Pillow"},{"floor":9.0,"key":"Bag of Marbles"},{"floor":11.0,"key":"Odd Mushroom"},{"floor":26.0,"key":"Pear"},{"floor":28.0,"key":"Tiny Chest"}],"event_choices":[{"damage_healed":0.0,"max_hp_gain":0.0,"max_hp_loss":0.0,"gold_gain":0.0,"event_name":"Shining Light","player_choice":"Entered Light","floor":5.0,"gold_loss":0.0,"damage_taken":17.0,"cards_upgraded":["Bash","Metallicize"]},{"damage_healed":0.0,"max_hp_gain":0.0,"max_hp_loss":0.0,"gold_gain":0.0,"event_name":"Mushrooms","player_choice":"Fought Mushrooms","floor":11.0,"gold_loss":0.0,"damage_taken":0.0},{"damage_healed":0.0,"max_hp_gain":0.0,"max_hp_loss":0.0,"gold_gain":275.0,"event_name":"Golden Shrine","player_choice":"Desecrate","floor":19.0,"gold_loss":0.0,"damage_taken":0.0,"cards_obtained":["Regret"]}],"is_beta":false,"boss_relics":[{"not_picked":["Pandora\u0027s Box","Tiny House"],"picked":"Runic Pyramid"},{"not_picked":["Runic Dome","Velvet Choker","Astrolabe"]}],"items_purged_floors":[3,20,36],"is_endless":false,"potions_floor_spawned":[1,4,10,11,18,21,24,29,35],"killed_by":"3 Darklings","ascension_level":0}}