{"host":"utqe55yv0jihe4d6","time":1607654065,"event":{"mods":["2.2 Compatiblity","AchievementEnabler","BaseMod","Block Reminder","Colored Map","Colored Powertips","Minty Spire (QoL Compilation)","Quick Restart","Rare Cards Sparkle","Relic Stats","SuperFastMode"],"gold_per_floor":[113,133,133,133,133,133,176,176,176,176,207,241,255,255,255,255,255],"floor_reached":16,"playtime":360,"items_purged":[],"score":212,"play_id":"7496185d-dac3-45eb-a55a-8cc5fa56c83f","local_time":"20201210213425","is_ascension_mode":true,"campfire_choices":[{"data":"Neutralize","floor":6.0,"key":"SMITH"},{"floor":8.0,"key":"REST"},{"data":"Infinite Blades","floor":10.0,"key":"SMITH"},{"data":"Dagger Spray","floor":15.0,"key":"SMITH"}],"circlet_count":0,"master_deck":["AscendersBane","Strike_G","Strike_G","Strike_G","Strike_G","Strike_G","Defend_G","Defend_G","Defend_G","Defend_G","Defend_G","Survivor","Neutralize+1","Bouncing Flask+1","Infinite Blades+1","Dagger Throw","Quick Slash","Dagger Spray+1","Cloak And Dagger"],"relics":["Ring of the Snake","Golden Idol","Bird Faced Urn","Juzu Bracelet","Anchor","Odd Mushroom","Kunai"],"acts_visited":["Exordium"],"potions_floor_usage":[16],"damage_taken":[{"damage":0.0,"enemies":"2 Louse","floor":1.0,"turns":4.0},{"damage":24.0,"enemies":"Jaw Worm","floor":2.0,"turns":7.0},{"damage":33.0,"enemies":"Gremlin Nob","floor":7.0,"turns":5.0},{"damage":21.0,"enemies":"The Mushroom Lair","floor":11.0,"turns":4.0},{"damage":12.0,"enemies":"Lagavulin","floor":12.0,"turns":5.0},{"damage":4.0,"enemies":"Cultist","floor":13.0,"turns":4.0},{"damage":30,"enemies":"Slime Boss","floor":16,"turns":6}],"seed_played":"-3744450644560876547","potions_obtained":[{"floor":2.0,"key":"Ancient Potion"},{"floor":7.0,"key":"Energy Potion"},{"floor":11.0,"key":"FairyPotion"},{"floor":12.0,"key":"LiquidMemories"}],"is_trial":false,"path_per_floor":["M","M","?","?","T","R","E","R","T","R","?","E","M","?","R","B"],"character_chosen":"THE_SILENT","items_purchased":[],"campfire_rested":1,"item_purchase_floors":[],"current_hp_per_floor":[65,41,41,41,41,41,10,29,29,29,10,19,17,17,17,0,0],"gold":255,"neow_bonus":"TEN_PERCENT_HP_BONUS","is_daily":false,"chose_seed":false,"campfire_upgraded":3,"win_rate":0.0,"timestamp":1607654065,"path_taken":["M","M","?","?","?","R","E","R","T","R","?","E","M","?","R","BOSS"],"items_purchased_type":[],"build_version":"2020-11-30","purchased_purges":0,"victory":false,"max_hp_per_floor":[72,72,65,65,65,65,65,65,65,65,65,65,65,65,65,65,65],"relic_stats":{"counters":[7,35],"Golden Idol":25,"Bird Faced Urn":[10],"Juzu Bracelet":1,"Kunai":[6],"obtain_stats":[{"Anchor":9,"Golden Idol":3,"Bird Faced Urn":5,"Juzu Bracelet":7,"Kunai":12,"Odd Mushroom":11,"Ring of the Snake":0},{"Anchor":3,"Golden Idol":2,"Bird Faced Urn":2,"Juzu Bracelet":3,"Kunai":5,"Odd Mushroom":4,"Ring of the Snake":0},{"Anchor":16,"Golden Idol":11,"Bird Faced Urn":11,"Juzu Bracelet":16,"Kunai":25,"Odd Mushroom":20,"Ring of the Snake":0}],"Ring of the Snake":[14]},"card_choices":[{"not_picked":["Flying Knee","Deflect"],"picked":"Bouncing Flask","floor":1.0},{"not_picked":["Flechettes","Prepared"],"picked":"Infinite Blades","floor":2.0},{"not_picked":["Bullet Time","Expertise"],"picked":"Dagger Throw","floor":7.0},{"not_picked":["Cloak And Dagger","Riddle With Holes"],"picked":"Quick Slash","floor":11.0},{"not_picked":["All Out Attack","Heel Hook"],"picked":"Dagger Spray","floor":12.0},{"not_picked":["Backflip","Expertise"],"picked":"Cloak And Dagger","floor":13.0}],"player_experience":2727442,"relics_obtained":[{"floor":5.0,"key":"Bird Faced Urn"},{"floor":7.0,"key":"Juzu Bracelet"},{"floor":9.0,"key":"Anchor"},{"floor":11.0,"key":"Odd Mushroom"},{"floor":12.0,"key":"Kunai"}],"event_choices":[{"damage_healed":0.0,"max_hp_gain":0.0,"max_hp_loss":7.0,"gold_gain":0.0,"event_name":"Golden Idol","player_choice":"Lose Max HP","floor":3.0,"gold_loss":0.0,"damage_taken":0.0,"relics_obtained":["Golden Idol"]},{"damage_healed":0.0,"max_hp_gain":0.0,"max_hp_loss":0.0,"gold_gain":0.0,"event_name":"Living Wall","player_choice":"Grow","floor":4.0,"gold_loss":0.0,"damage_taken":0.0,"cards_upgraded":["Bouncing Flask"]},{"damage_healed":0.0,"max_hp_gain":0.0,"max_hp_loss":0.0,"gold_gain":0.0,"event_name":"Mushrooms","player_choice":"Fought Mushrooms","floor":11.0,"gold_loss":0.0,"damage_taken":0.0},{"damage_healed":0.0,"max_hp_gain":0.0,"max_hp_loss":0.0,"gold_gain":0.0,"event_name":"Shining Light","player_choice":"Ignored","floor":14.0,"gold_loss":0.0,"damage_taken":0.0}],"is_beta":false,"boss_relics":[],"items_purged_floors":[],"is_endless":false,"potions_floor_spawned":[2,7,11,12],"killed_by":"Slime Boss","ascension_level":20}}