{"host":"9z9bilz90zy1bfdt","time":1607679615,"event":{"mods":["BaseMod","Minty Spire (QoL Compilation)","StSLib","SuperFastMode"],"gold_per_floor":[117,117,117,180,241,241,271,285,285,335,345,148,214,139,139,237,237,251,301,105,105,173,48,98,98,149,199,199,263,263,290,290,394,394,413,463,312,417,435,435,435],"floor_reached":40,"playtime":1109,"items_purged":["Strike_R","Strike_R","Strike_R"],"score":685,"play_id":"a5a1667d-69d7-4949-b2fe-66f043dc379b","local_time":"20201211184015","is_ascension_mode":true,"campfire_choices":[{"data":"Bash","floor":6.0,"key":"SMITH"},{"data":"Inflame","floor":15.0,"key":"SMITH"},{"data":"Heavy Blade","floor":28.0,"key":"SMITH"},{"data":"Barricade","floor":30.0,"key":"SMITH"},{"data":"Whirlwind","floor":32.0,"key":"SMITH"}],"circlet_count":0,"master_deck":["Defend_R","Defend_R","Defend_R","Bash+1","Whirlwind+1","Twin Strike","Feed","Pommel Strike","Inflame+1","Shrug It Off","Limit Break+1","Intimidate+1","Heavy Blade+1","Barricade+1","Reaper","Flash of Steel","Flash of Steel","Disarm","Power Through"],"relics":["Black Blood","NeowsBlessing","SsserpentHead","Happy Flower","Potion Belt","Self Forming Clay","OrangePellets","Oddly Smooth Stone","Bag of Marbles","Singing Bowl","Black Star","Chemical X","Incense Burner"],"acts_visited":["Exordium","TheCity","TheBeyond"],"potions_floor_usage":[],"damage_taken":[{"damage":0.0,"enemies":"Small Slimes","floor":1.0,"turns":1.0},{"damage":0.0,"enemies":"Cultist","floor":4.0,"turns":1.0},{"damage":0.0,"enemies":"2 Louse","floor":5.0,"turns":1.0},{"damage":17.0,"enemies":"Gremlin Nob","floor":7.0,"turns":4.0},{"damage":21.0,"enemies":"Gremlin Gang","floor":8.0,"turns":5.0},{"damage":3.0,"enemies":"Blue Slaver","floor":11.0,"turns":4.0},{"damage":12.0,"enemies":"Exordium Thugs","floor":13.0,"turns":4.0},{"damage":0.0,"enemies":"Slime Boss","floor":16.0,"turns":5.0},{"damage":16.0,"enemies":"Spheric Guardian","floor":18.0,"turns":5.0},{"damage":2.0,"enemies":"Chosen","floor":22.0,"turns":4.0},{"damage":19.0,"enemies":"Centurion and Healer","floor":29.0,"turns":6.0},{"damage":20.0,"enemies":"Slavers","floor":31.0,"turns":5.0},{"damage":60.0,"enemies":"Champ","floor":33.0,"turns":8.0},{"damage":28.0,"enemies":"3 Shapes","floor":35.0,"turns":4.0},{"damage":37,"enemies":"2 Orb Walkers","floor":38,"turns":3},{"damage":21,"enemies":"Orb Walker","floor":39,"turns":4},{"damage":60,"enemies":"Giant Head","floor":40,"turns":7}],"seed_played":"-124867177758312095","potions_obtained":[{"floor":1.0,"key":"AttackPotion"},{"floor":5.0,"key":"ColorlessPotion"},{"floor":7.0,"key":"ColorlessPotion"},{"floor":11.0,"key":"FearPotion"},{"floor":16.0,"key":"SteroidPotion"},{"floor":18.0,"key":"AttackPotion"},{"floor":31.0,"key":"LiquidMemories"},{"floor":39,"key":"ElixirPotion"}],"is_trial":false,"path_per_floor":["M","?","?","M","M","R","E","M","T","?","M","$","M","$","R","B",null,"M","?","$","$","M","$","?","$","T","?","R","M","R","E","R","B",null,"M","?","$","?","M","E"],"character_chosen":"IRONCLAD","items_purchased":["Shrug It Off","OrangePellets","Oddly Smooth Stone","Chemical X"],"campfire_rested":0,"item_purchase_floors":[12,12,20,37],"current_hp_per_floor":[78,71,71,77,80,80,72,60,60,60,66,66,63,63,63,72,89,85,85,85,85,98,98,98,98,98,98,98,94,94,88,88,43,90,99,91,91,66,57,0,0],"gold":435,"neow_bonus":"THREE_ENEMY_KILL","is_daily":false,"chose_seed":false,"campfire_upgraded":5,"win_rate":0.0,"timestamp":1607679615,"path_taken":["M","?","?","?","?","R","E","M","T","?","M","$","?","$","R","BOSS","M","?","?","$","?","$","?","$","T","?","R","?","R","E","R","BOSS","M","?","$","?","M","E"],"items_purchased_type":["Card","Relic","Relic","Relic"],"build_version":"2020-11-30","purchased_purges":3,"victory":false,"max_hp_per_floor":[80,80,80,80,80,80,83,86,86,86,89,89,92,92,92,95,95,95,95,95,95,98,98,98,98,98,98,98,101,101,103,103,106,106,111,113,113,113,113,113,113],"card_choices":[{"not_picked":["Sever Soul","Wild Strike"],"picked":"Whirlwind","floor":1.0},{"not_picked":["Armaments","Heavy Blade"],"picked":"Twin Strike","floor":4.0},{"not_picked":["Entrench","Clash"],"picked":"Feed","floor":5.0},{"not_picked":["Iron Wave","Rampage","Havoc"],"picked":"SKIP","floor":7.0},{"not_picked":["Iron Wave","Havoc"],"picked":"Pommel Strike","floor":8.0},{"not_picked":["Pommel Strike","Twin Strike"],"picked":"Inflame","floor":11.0},{"not_picked":["Rage","Headbutt","Armaments"],"picked":"SKIP","floor":13.0},{"not_picked":["Immolate","Reaper"],"picked":"Limit Break","floor":16.0},{"not_picked":["Clash+1","Iron Wave"],"picked":"Intimidate+1","floor":18.0},{"not_picked":["Shrug It Off","Ghostly Armor"],"picked":"Heavy Blade","floor":22.0},{"not_picked":["Combust","Wild Strike"],"picked":"Barricade","floor":29.0},{"not_picked":["Demon Form","Clothesline","Iron Wave"],"picked":"Singing Bowl","floor":31.0},{"not_picked":["Barricade","Double Tap"],"picked":"Reaper","floor":33.0},{"not_picked":["Shrug It Off","Pommel Strike+1","Fire Breathing+1"],"picked":"Singing Bowl","floor":35.0},{"not_picked":["Chrysalis","Dark Shackles"],"picked":"Flash of Steel","floor":36.0},{"not_picked":["Purity","Chrysalis","Enlightenment"],"picked":"Singing Bowl","floor":36.0},{"not_picked":["Swift Strike","Mayhem"],"picked":"Flash of Steel","floor":36.0},{"not_picked":["Pummel","Havoc+1"],"picked":"Disarm","floor":38},{"not_picked":["Headbutt","Wild Strike"],"picked":"Power Through","floor":39}],"player_experience":312064,"relics_obtained":[{"floor":7.0,"key":"Happy Flower"},{"floor":9.0,"key":"Potion Belt"},{"floor":10.0,"key":"Self Forming Clay"},{"floor":26.0,"key":"Bag of Marbles"},{"floor":31.0,"key":"Singing Bowl"},{"floor":38,"key":"Incense Burner"}],"event_choices":[{"cards_removed":["Strike_R"],"damage_healed":0.0,"max_hp_gain":0.0,"max_hp_loss":0.0,"gold_gain":0.0,"event_name":"Golden Wing","player_choice":"Card Removal","floor":2.0,"gold_loss":0.0,"damage_taken":7.0},{"damage_healed":0.0,"max_hp_gain":0.0,"max_hp_loss":0.0,"gold_gain":0.0,"event_name":"FaceTrader","player_choice":"Trade","floor":3.0,"gold_loss":0.0,"damage_taken":0.0,"relics_obtained":["SsserpentHead"]},{"damage_healed":0.0,"max_hp_gain":0.0,"max_hp_loss":0.0,"gold_gain":0.0,"event_name":"Wheel of Change","player_choice":"Relic","floor":10.0,"gold_loss":0.0,"damage_taken":0.0},{"damage_healed":0.0,"max_hp_gain":0.0,"max_hp_loss":0.0,"gold_gain":0.0,"event_name":"Accursed Blacksmith","player_choice":"Forge","floor":19.0,"gold_loss":0.0,"damage_taken":0.0,"cards_upgraded":["Limit Break"]},{"cards_removed":["Defend_R"],"damage_healed":0.0,"max_hp_gain":0.0,"max_hp_loss":0.0,"gold_gain":0.0,"event_name":"Back to Basics","player_choice":"Elegance","floor":24.0,"gold_loss":0.0,"damage_taken":0.0},{"cards_removed":["Strike_R"],"damage_healed":0.0,"max_hp_gain":0.0,"max_hp_loss":0.0,"gold_gain":0.0,"event_name":"Bonfire Elementals","player_choice":"Offered Basic","floor":27.0,"gold_loss":0.0,"damage_taken":0.0},{"damage_healed":0.0,"max_hp_gain":0.0,"max_hp_loss":0.0,"gold_gain":0.0,"event_name":"SensoryStone","player_choice":"Memory 3","floor":36.0,"gold_loss":0.0,"damage_taken":10.0},{"damage_healed":0,"gold_gain":0,"player_choice":"Fight","damage_taken":0,"max_hp_gain":0,"max_hp_loss":0,"event_name":"Mysterious Sphere","floor":38,"gold_loss":0}],"is_beta":false,"boss_relics":[{"not_picked":["Fusion Hammer","Ectoplasm"],"picked":"Black Blood"},{"not_picked":["Calling Bell","SacredBark"],"picked":"Black Star"}],"items_purged_floors":[14,20,23],"is_endless":false,"potions_floor_spawned":[1,5,7,11,16,18,31,39],"killed_by":"Giant Head","ascension_level":7}}