{"host":"1kq2ingo3j45gyyp","time":1607670353,"event":{"mods":["BaseMod","Better Note","Better Third Choice","Minty Spire (QoL Compilation)","StSLib","The Gatherer"],"gold_per_floor":[118,136,6,26,26,26,44,44,44,44,62,62,79,97,97,194,194,213,213,213,213,61,90,90,110,110,128,141,159,179,3,3,100,100,114,0,0,18,18,18,29,46,46,46,46,80,80,90,90,90],"floor_reached":51,"playtime":2174,"items_purged":["Gatherer:Strike_Gatherer"],"score":766,"play_id":"4970cf05-e627-4e83-b4f0-ec329307f2b9","local_time":"20201211020553","is_ascension_mode":false,"metric_token":401,"campfire_choices":[{"data":"Gatherer:CollectorsShot","floor":6,"key":"SMITH"},{"data":"Gatherer:CollectorsShot","floor":8,"key":"SMITH"},{"data":"Gatherer:FruitForce","floor":15,"key":"SMITH"},{"floor":24,"key":"REST"},{"floor":32,"key":"REST"},{"data":"Gatherer:Centralize","floor":40,"key":"SMITH"},{"floor":44,"key":"REST"},{"floor":47,"key":"REST"},{"floor":49,"key":"REST"}],"circlet_count":0,"master_deck":["Gatherer:Strike_Gatherer","Gatherer:Strike_Gatherer","Gatherer:Strike_Gatherer","Gatherer:Defend_Gatherer","Gatherer:Defend_Gatherer","Gatherer:Defend_Gatherer","Gatherer:Defend_Gatherer","Gatherer:Defend_Gatherer","Gatherer:Centralize+1","Gatherer:FlowerWhip","Finesse","Gatherer:CollectorsShot+1","Gatherer:CarefulStrike","Gatherer:FruitForce+1","Gatherer:QuickSynthesis","Gatherer:CollectorsShot+1","Burn","Gatherer:GlowingPlant","Gatherer:Shadow","Gatherer:Light","Gatherer:ScherryThrow","Gatherer:PotentialSlash","Gatherer:VenomBarrier","Gatherer:WitheringStrike","Gatherer:FruitForce","Gatherer:Polymorphism","Inflame","Gatherer:RottenStipe","Gatherer:MiningStrike","Shame","Gatherer:RecoveryHerb+1","Gatherer:SmartManeuver+1","Gatherer:FlowerShield+1","Gatherer:Frenzy","Gatherer:Herbalism+1","Gatherer:FragileHammer","Gatherer:Snatch","Gatherer:MindSearch+1","CurseOfTheBell","Gatherer:GatherMaterial+1","Gatherer:OddSpoils","Gatherer:Polymorphism+1","Gatherer:BalancedGrowth","Gatherer:PotentialSlash+1","Decay","Gatherer:RecoveryHerb+1","Gatherer:AcidicSpray+1"],"relics":["Gatherer:AlchemyBag","Darkstone Periapt","Cursed Key","Nilry\u0027s Codex","Toxic Egg 2","MealTicket","Calling Bell","Akabeko","Pantograph","Gatherer:Leftovers","Red Mask","White Beast Statue","Boot","Frozen Egg 2"],"acts_visited":["Exordium","TheCity","TheBeyond"],"potions_floor_usage":[16,46,46,50],"damage_taken":[{"damage":0,"enemies":"2 Louse","floor":1,"turns":2},{"damage":3,"enemies":"Jaw Worm","floor":2,"turns":3},{"damage":0,"enemies":"Small Slimes","floor":4,"turns":2},{"damage":6,"enemies":"Red Slaver","floor":7,"turns":2},{"damage":0,"enemies":"Exordium Wildlife","floor":11,"turns":2},{"damage":12,"enemies":"2 Fungi Beasts","floor":13,"turns":3},{"damage":0,"enemies":"Blue Slaver","floor":14,"turns":2},{"damage":10,"enemies":"Hexaghost","floor":16,"turns":7},{"damage":12,"enemies":"3 Byrds","floor":18,"turns":6},{"damage":43,"enemies":"Gremlin Leader","floor":23,"turns":6},{"damage":0,"enemies":"Chosen","floor":25,"turns":3},{"damage":19,"enemies":"Shelled Parasite and Fungi","floor":27,"turns":5},{"damage":3,"enemies":"3 Cultists","floor":28,"turns":5},{"damage":0,"enemies":"Snecko","floor":29,"turns":4},{"damage":23,"enemies":"Snake Plant","floor":30,"turns":4},{"damage":51,"enemies":"Champ","floor":33,"turns":11},{"damage":30,"enemies":"3 Darklings","floor":35,"turns":5},{"damage":12,"enemies":"Orb Walker","floor":38,"turns":3},{"damage":11,"enemies":"Maw","floor":41,"turns":7},{"damage":12,"enemies":"3 Darklings","floor":42,"turns":4},{"damage":91,"enemies":"Giant Head","floor":46,"turns":9},{"damage":13,"enemies":"4 Shapes","floor":48,"turns":3},{"damage":67,"enemies":"Donu and Deca","floor":50,"turns":9}],"seed_played":"1601689807269726740","potions_obtained":[{"floor":1,"key":"Strength Potion"},{"floor":2,"key":"Ancient Potion"},{"floor":11,"key":"Poison Potion"},{"floor":16,"key":"BloodPotion"},{"floor":46,"key":"Fruit Juice"},{"floor":48,"key":"ColorlessPotion"}],"is_trial":false,"path_per_floor":["M","M","$","M","?","R","M","R","T","?","M","?","M","M","R","B",null,"M","?","?","?","$","E","R","M","T","M","M","M","M","$","R","B",null,"M","?","?","M","$","R","M","M","T","R","?","E","R","M","R","B",null],"character_chosen":"THE_GATHERER","items_purchased":["Gatherer:FruitForce","Gatherer:QuickSynthesis","Gatherer:Polymorphism","Gatherer:Herbalism+1","Gatherer:FragileHammer","Gatherer:Snatch"],"campfire_rested":5,"item_purchase_floors":[3,3,22,31,31,31],"current_hp_per_floor":[72,69,73,73,73,73,67,67,67,72,72,72,60,60,60,50,81,69,69,53,57,57,14,39,39,45,26,30,37,21,36,63,16,97,67,67,67,55,70,70,62,55,61,91,91,28,60,47,79,45],"gold":90,"neow_bonus":"RANDOM_COLORLESS","is_daily":false,"chose_seed":false,"campfire_upgraded":4,"win_rate":0.0,"timestamp":1607670353,"path_taken":["M","M","$","M","?","R","M","R","T","?","M","?","M","M","R","BOSS","M","?","?","?","?","E","R","M","T","M","M","?","M","$","R","BOSS","M","?","?","M","$","R","?","M","T","R","?","E","R","?","R","BOSS"],"items_purchased_type":["Card","Card","Card","Undefined","Card","Card"],"build_version":"2020-11-30","purchased_purges":1,"victory":true,"max_hp_per_floor":[72,72,76,76,76,76,76,76,76,81,81,81,81,81,81,81,81,81,81,81,85,85,85,85,85,91,91,91,91,91,91,91,91,97,97,97,97,97,97,97,97,97,103,103,103,108,108,108,108,108],"card_choices":[{"not_picked":["Trip","Purity"],"picked":"Finesse","floor":0},{"not_picked":["Gatherer:FlowerBeam","Gatherer:Frenzy"],"picked":"Gatherer:CollectorsShot","floor":1},{"not_picked":["Gatherer:PotentialSlash","Gatherer:Duplicator"],"picked":"Gatherer:CarefulStrike","floor":2},{"not_picked":["Gatherer:ScentOfRosmari","Gatherer:Convert"],"picked":"Gatherer:CollectorsShot","floor":4},{"not_picked":["Gatherer:TreeGrowth","Gatherer:MiningStrike"],"picked":"Gatherer:GlowingPlant","floor":7},{"not_picked":["Gatherer:FlowerShield","Gatherer:DrugPower"],"picked":"Gatherer:ScherryThrow","floor":11},{"not_picked":["Gatherer:BomberForm","Gatherer:FlowerFalling"],"picked":"Gatherer:PotentialSlash","floor":13},{"not_picked":["Gatherer:SealedBomb","Gatherer:Nutrients"],"picked":"Gatherer:VenomBarrier","floor":14},{"not_picked":["Gatherer:StoneFence","Gatherer:LuckyClover"],"picked":"Gatherer:GrowBook","floor":16},{"not_picked":["Gatherer:FragileHammer+1","Gatherer:SealedBomb"],"picked":"Gatherer:WitheringStrike","floor":18},{"not_picked":["Gatherer:CollectorsShot","Gatherer:EchoOfNature+1"],"picked":"Gatherer:RottenStipe","floor":23},{"not_picked":["Gatherer:SaveValuables+1","Gatherer:AlchemyTrial"],"picked":"Gatherer:MiningStrike","floor":25},{"not_picked":["Gatherer:Snatch+1","Gatherer:GatherMaterial+1"],"picked":"Gatherer:RecoveryHerb+1","floor":27},{"not_picked":["Gatherer:TacticalStrike","Gatherer:QuickSynthesis+1"],"picked":"Gatherer:SmartManeuver+1","floor":28},{"not_picked":["Gatherer:AromaProtection+1","Gatherer:QuickSynthesis+1"],"picked":"Gatherer:FlowerShield+1","floor":29},{"not_picked":["Gatherer:TacticalStrike+1","Gatherer:GlowingPlant+1"],"picked":"Gatherer:Frenzy","floor":30},{"not_picked":["Gatherer:Examine+1","Gatherer:PoisonMastery"],"picked":"Gatherer:MindSearch+1","floor":33},{"not_picked":["Gatherer:FlowerPower","Gatherer:Convert+1"],"picked":"Gatherer:GatherMaterial+1","floor":35},{"not_picked":["Gatherer:QuickSynthesis+1","Gatherer:LuckyClover"],"picked":"Gatherer:Polymorphism+1","floor":38},{"not_picked":["Gatherer:TacticalStrike+1","Gatherer:FlowerShield+1"],"picked":"Gatherer:BalancedGrowth","floor":41},{"not_picked":["Gatherer:Convert+1","Gatherer:FragileHammer+1"],"picked":"Gatherer:PotentialSlash+1","floor":42},{"not_picked":["Gatherer:BlackTea+1","Gatherer:Convert+1"],"picked":"Gatherer:RecoveryHerb+1","floor":46},{"not_picked":["Gatherer:FlowerShield+1","Gatherer:Solidify+1"],"picked":"Gatherer:AcidicSpray+1","floor":48}],"player_experience":802089,"relics_obtained":[{"floor":9,"key":"Darkstone Periapt"},{"floor":20,"key":"Nilry\u0027s Codex"},{"floor":23,"key":"Toxic Egg 2"},{"floor":26,"key":"MealTicket"},{"floor":34,"key":"Akabeko"},{"floor":34,"key":"Pantograph"},{"floor":34,"key":"Gatherer:Leftovers"},{"floor":43,"key":"White Beast Statue"},{"floor":46,"key":"Frozen Egg 2"}],"event_choices":[{"damage_healed":73,"gold_gain":0,"player_choice":"Embrace Burn","damage_taken":0,"max_hp_gain":0,"max_hp_loss":76,"event_name":"betterThird:BetterShining","floor":5,"gold_loss":0},{"damage_healed":0,"gold_gain":0,"player_choice":"Donut","damage_taken":0,"max_hp_gain":5,"max_hp_loss":0,"event_name":"Big Fish","floor":10,"gold_loss":0},{"damage_healed":0,"gold_gain":0,"player_choice":"Bought 0 Potions","damage_taken":0,"max_hp_gain":0,"max_hp_loss":0,"event_name":"The Woman in Blue","floor":12,"gold_loss":0},{"damage_healed":0,"gold_gain":0,"player_choice":"Ignored","damage_taken":0,"max_hp_gain":0,"max_hp_loss":0,"event_name":"betterNote:BetterNote","floor":19,"gold_loss":0,"cards_obtained":["Blind"]},{"damage_healed":0,"gold_gain":0,"player_choice":"Obtained Book","damage_taken":16,"max_hp_gain":0,"max_hp_loss":0,"event_name":"Cursed Tome","floor":20,"gold_loss":0},{"damage_healed":0,"gold_gain":0,"player_choice":"Read","damage_taken":0,"max_hp_gain":0,"max_hp_loss":0,"event_name":"The Library","floor":21,"gold_loss":0,"cards_obtained":["Gatherer:FruitForce"]},{"damage_healed":0,"gold_gain":0,"player_choice":"Paid","damage_taken":0,"relics_obtained":["Red Mask"],"max_hp_gain":0,"max_hp_loss":0,"event_name":"Tomb of Lord Red Mask","floor":36,"gold_loss":114},{"damage_healed":0,"gold_gain":0,"cards_transformed":["Gatherer:Strike_Gatherer"],"player_choice":"Transformed","damage_taken":0,"max_hp_gain":0,"max_hp_loss":0,"event_name":"Transmorgrifier","floor":37,"gold_loss":0,"cards_obtained":["Gatherer:OddSpoils"]},{"damage_healed":0,"gold_gain":0,"player_choice":"Gave Potion","damage_taken":0,"relics_obtained":["Boot"],"max_hp_gain":0,"max_hp_loss":0,"event_name":"WeMeetAgain","floor":45,"gold_loss":0}],"is_beta":false,"boss_relics":[{"not_picked":["Runic Pyramid","Velvet Choker"],"picked":"Cursed Key"},{"not_picked":["Fusion Hammer","Tiny House"],"picked":"Calling Bell"}],"items_purged_floors":[22],"is_endless":false,"potions_floor_spawned":[1,2,11,16,18,27,29,38,41,42,46,48],"ascension_level":0}}