{"host":"pc7bizyp7423q6r6","time":1607715323,"event":{"mods":["AchievementEnabler","Act Like it!","Aspiration","BaseMod","Better Match","Better Note","Better Third Choice","BetterRewards","Block Reminder","Conspire","Disable Question Mark Monsters","Emptier Cage","GifTheSpireLib","Hubris","Infinite Spire","Minty Spire (QoL Compilation)","Rare Cards Sparkle","Relic Stats","Replay The Spire","Robot Space Explorer","Spicy Shops","StSLib","Stuff the Spire","The Blue Laboratory","The Cursed","Wandering Minibosses","everything is the same but u backflip on backflip"],"gold_per_floor":[114,114,84,84,84,57,57,85,85,85,25,55,85,95,95,200,200,213,213,60,76,76,90,116,116,139,139,171,191,218,253,253,383,383,425,468,468,510,410,462,462,512,512,565,565,623,659,701,701,701,701,701,332,374,374],"floor_reached":56,"playtime":1622,"items_purged":["TheCursedMod:Strike_TheCursed","TheCursedMod:Strike_TheCursed","TheCursedMod:Strike_TheCursed","TheCursedMod:Strike_TheCursed","hubris:Greed","hubris:Greed"],"score":1945,"play_id":"9d2e8f88-7f9e-4932-af98-883972dc1baa","local_time":"20201211133523","is_ascension_mode":true,"campfire_choices":[{"data":"TheCursedMod:RavingStaff","floor":7,"key":"SMITH"},{"data":"TheCursedMod:ReleasedStrength","floor":10,"key":"SMITH"},{"floor":15,"key":"REST"},{"data":"TheCursedMod:CursedRelics","floor":32,"key":"SMITH"},{"data":"TheCursedMod:CursedMace","floor":41,"key":"SMITH"},{"data":"Master of Strategy","floor":45,"key":"SMITH"},{"floor":49,"key":"RECALL"},{"data":"Replay:BasicMightCard","floor":52,"key":"SMITH"}],"circlet_count":0,"master_deck":["TheCursedMod:CleanUpWorkshop","TheCursedMod:Dregs","TheCursedMod:CursedMace+1","Master of Strategy+1","TheCursedMod:RavingStaff+1","TheCursedMod:HellsGateOpen","TheCursedMod:HellsGateOpen","TheCursedMod:Obscuration","Replay:BasicMightCard+1","TheCursedMod:RavingStaff+1","TheCursedMod:CursedRelics+1","CurseOfTheBell","hubris:Greed","Shame","hubris:Greed","hubris:Greed"],"relics":["TheCursedMod:BlackMagic101","Membership Card","hubris:OldNail","TungstenRod","Orichalcum","StuffTheSpire:DarkSteelAnvil","Chemical X","StuffTheSpire:Expresso","HandDrill","hubris:Icosahedron","Replay:Bottled Snecko","Singing Bowl","Blood Vial","White Beast Statue","Calling Bell","ReplayTheSpireMod:TigerMarble","aspiration:FrozenJewel","aspiration:HatOfInfinitePower","wanderingMiniBosses:CarrionFlame","Darkstone Periapt","StuffTheSpire:OldFever","ReplayFunnel","PrismaticShard","StuffTheSpire:Barrel","Incense Burner","Kintsugi","Dead Branch","conspire:SpecialSausage","StuffTheSpire:Rhapsscallions","Lantern","infinitespire:WardingShard","ClockworkSouvenir","Vajra","hubris:MysteriousPyramids","StuffTheSpire:SapphireSignet"],"acts_visited":["Exordium","TheCity","TheBeyond","TheEnding"],"potions_floor_usage":[55,55],"damage_taken":[{"damage":0,"enemies":"2 Louse","floor":1,"turns":2},{"damage":0,"enemies":"Replay:BlueRogue","floor":8,"turns":4},{"damage":13,"enemies":"conspire:MimicChest","floor":12,"turns":4},{"damage":0,"enemies":"Gremlin Nob","floor":13,"turns":1},{"damage":2,"enemies":"Small Slimes","floor":14,"turns":2},{"damage":0,"enemies":"Slime Boss","floor":16,"turns":4},{"damage":10,"enemies":"3 Byrds","floor":18,"turns":5},{"damage":0,"enemies":"Spheric Guardian","floor":21,"turns":1},{"damage":2,"enemies":"Snecko","floor":23,"turns":3},{"damage":0,"enemies":"Slavers","floor":24,"turns":1},{"damage":15,"enemies":"Book of Stabbing","floor":28,"turns":2},{"damage":0,"enemies":"Snake Plant","floor":29,"turns":1},{"damage":0,"enemies":"Cultist and Chosen","floor":30,"turns":2},{"damage":0,"enemies":"3 Cultists","floor":31,"turns":1},{"damage":4,"enemies":"conspire:MysteriousRune","floor":33,"turns":3},{"damage":0,"enemies":"Orb Walker","floor":35,"turns":1},{"damage":0,"enemies":"3 Shapes","floor":36,"turns":1},{"damage":0,"enemies":"Transient","floor":38,"turns":5},{"damage":6,"enemies":"Nemesis","floor":40,"turns":3},{"damage":0,"enemies":"R_Hoarder","floor":42,"turns":1},{"damage":0,"enemies":"Nemesis","floor":44,"turns":2},{"damage":3,"enemies":"Sphere and 2 Shapes","floor":46,"turns":1},{"damage":0,"enemies":"Jaw Worm Horde","floor":47,"turns":1},{"damage":0,"enemies":"Transient","floor":48,"turns":5},{"damage":0,"enemies":"Replay:Hell Engine","floor":50,"turns":2},{"damage":0,"enemies":"Shield and Spear","floor":54,"turns":2},{"damage":10,"enemies":"The Heart","floor":55,"turns":3}],"seed_played":"2753301254247423913","potions_obtained":[{"floor":1,"key":"FearPotion"},{"floor":14,"key":"blueLaboratory:AbyssPotion"},{"floor":16,"key":"blueLaboratory:BubblePotion"},{"floor":21,"key":"blueLaboratory:TrueEctoplasm"},{"floor":44,"key":"PowerPotion"},{"floor":46,"key":"SteroidPotion"}],"is_trial":false,"path_per_floor":["M","?","$","?","?","$","R","E","T","R","$","?","E","M","R","B",null,"M","?","$","M","?","M","E","?","T","AVR","E","M","M","M","R","B",null,"M","M","?","M","NS","E","R","E","T","E","R","M","M","M","R","B",null,"R","$","E","B",null],"character_chosen":"THE_CURSED","items_purchased":["Membership Card","hubris:OldNail","Orichalcum","TheCursedMod:CursedMace","Master of Strategy","StuffTheSpire:DarkSteelAnvil","Chemical X","TheCursedMod:RavingStaff","TheCursedMod:HellsGateOpen","TheCursedMod:Obscuration","HandDrill","TheCursedMod:HellfireBreathing+1","Replay:BasicMightCard","TheCursedMod:RavingStaff+1","Darkstone Periapt","StuffTheSpire:OldFever","ClockworkSouvenir","Vajra","hubris:MysteriousPyramids"],"campfire_rested":1,"item_purchase_floors":[0,0,0,0,0,0,0,0,0,0,3,6,11,11,20,20,53,53,53],"current_hp_per_floor":[28,28,28,22,22,22,22,22,22,22,22,11,15,17,41,43,81,75,75,81,85,85,87,91,86,86,98,87,97,107,111,111,129,151,153,155,155,157,157,156,156,160,160,164,164,165,169,172,172,172,172,172,172,174,165],"gold":374,"neow_bonus":"","is_daily":false,"chose_seed":false,"campfire_upgraded":6,"win_rate":0.0,"timestamp":1607715323,"path_taken":["M","?","$","?","?","$","R","E","T","R","$","?","E","M","R","BOSS","M","?","$","M","?","M","E","?","T","AVR","E","M","?","M","R","BOSS","M","M","?","M","NS","E","R","E","T","E","R","M","M","?","R","BOSS","R","$","E","BOSS"],"items_purchased_type":["Relic","Relic","Relic","Card","Card","Relic","Relic","Card","Card","Card","Relic","Card","Card","Card","Relic","Relic","Relic","Relic","Relic"],"build_version":"2020-11-30","purchased_purges":6,"victory":true,"max_hp_per_floor":[75,75,75,75,75,75,75,75,75,75,75,77,79,81,81,81,81,85,85,91,93,93,95,97,99,99,111,113,121,129,131,131,151,151,153,155,155,157,157,162,162,164,164,166,166,168,170,172,172,172,172,172,172,174,175],"relic_stats":{"Blood Vial":31,"Darkstone Periapt":48,"Singing Bowl":46,"counters":[170,511],"Dead Branch":[107],"HandDrill":[20],"Chemical X":[103],"Orichalcum":[78],"obtain_stats":[{"infinitespire:BottledMercury":44,"StuffTheSpire:Barrel":30,"StuffTheSpire:Rhapsscallions":40,"StuffTheSpire:BottledEssence":21,"Whetstone":23,"Ginger":144,"hubris:MysteriousPyramids":53,"Boot":36,"Sling":65,"StuffTheSpire:SapphireSignet":26,"Replay:Wanted Poster":102,"Blood Vial":115,"infinitespire:ShieldingShard":144,"hubris:DeckOfHolding":23,"MealTicket":9,"HandDrill":3,"Replay:Wax Seal":25,"hubris:TinFlute":45,"StuffTheSpire:NeowsTribute":75,"TheCursedMod:BlackMagic101":0,"conspire:TreasureMap":24,"Counterbalance":47,"hubris:SphereOfDissonance":77,"Pen Nib":47,"Akabeko":57,"aspiration:FrozenJewel":17,"StuffTheSpire:MayFlowers":0,"Kintsugi":27,"infinitespire:PuzzleCube":7,"hubris:Reverence":72,"conspire:Flyswatter":41,"aspiration:Lifesprig":23,"Lantern":28,"Torii":0,"Singing Bowl":9,"Blue Doll":80,"StoneCalendar":121,"Replay:Multitool":9,"Cursed Key":17,"Smiling Mask":111,"Replay:Rubber Ducky":12,"conspire:InfiniteJournal":0,"hubris:Backtick":119,"aspiration:AnachronicSnailShell":0,"Toolbox":0,"hubris:ScarierMask":136,"Chemical X":0,"Replay:Bottled Eggs":123,"InkBottle":11,"StuffTheSpire:TintedRock":0,"Lee\u0027s Waffle":0,"TheCursedMod:BlackMagicAdvanced":142,"hubris:64BitClover":19,"StuffTheSpire:Saxophone":19,"StuffTheSpire:Expresso":43,"Circlet":107,"Thread and Needle":60,"PreservedInsect":7,"The Courier":113,"Omamori":43,"infinitespire:Lucky Rock":25,"hubris:Towel":110,"Frozen Egg 2":144,"Replay:Arrowhead":0,"Ornamental Fan":121,"hubris:Spice":131,"Orrery":30,"Durian":61,"ReplayTheSpireMod:Lightbulb":112,"Toy Ornithopter":30,"wanderingMiniBosses:Inkheart":37,"infinitespire:Midas Blood":3,"Tiny House":51,"CeramicFish":92,"TheCursedMod:Tack":133,"Vajra":0,"Sozu":85,"Centennial Puzzle":40,"Lizard Tail":128,"FaceOfCleric":22,"DollysMirror":65,"Strawberry":24,"Prayer Wheel":145,"Iron Hammer":99,"Happy Flower":30,"hubris:DuctTape":115,"ReplayTheSpireMod:CursedCoin":0,"aspiration:Nostalgia":144,"StuffTheSpire:ForceGauntlet":121,"Dead Branch":0,"Oddly Smooth Stone":2,"wanderingMiniBosses:MasterThiefsPresence":18,"infinitespire:Beetle Shell":94,"conspire:Boomerang":80,"aspiration:SeaSaltIceCream":112,"War Paint":98,"Question Card":44,"hubris:Zylophone":11,"conspire:GiftBox":31,"Replay:Baseball":40,"ReplayTheSpireMod:Shallot":132,"wanderingMiniBosses:Blackblade":38,"Bronze Scales":17,"StuffTheSpire:GreaterSneckoEye":38,"Simple Rune":8,"hubris:PeanutButter":121,"StuffTheSpire:DarkSteelAnvil":0,"Black Star":28,"hubris:ToyBattleship":40,"ReplayTheSpireMod:TigerMarble":75,"Grinning Jar":43,"aspiration:HatOfInfinitePower":25,"Mirror":121,"StuffTheSpire:OldFever":20,"Darkstone Periapt":92,"TheCursedMod:BloodyHarpoon":26,"ReplayFunnel":24,"Iron Core":144,"SacredBark":17,"conspire:SpecialSausage":17,"aspiration:TomeofQuesting":47,"Juzu Bracelet":19,"hubris:SlimyHat":98,"Incense Burner":27,"Replay:Mystery Machine":109,"Empty Cage":34,"PrismaticShard":0,"conspire:TopHat":99,"ClockworkSouvenir":5,"StuffTheSpire:Experiment12":61,"Frozen Eye":80,"Replay:Bandana":113,"hubris:Icosahedron":5,"StuffTheSpire:HeavyRock":132,"Tiny Chest":13,"StuffTheSpire:Nightcore":0,"Replay:Bottled Snecko":8,"ReplayTheSpireMod:Ninjato":17,"infinitespire:CursedDice":0,"hubris:MedicalManual":44,"Replay:WaspNest":112,"Odd Mushroom":56,"Orichalcum":0,"Medical Kit":21,"White Beast Statue":13,"Mercury Hourglass":14,"Calling Bell":17,"Peace Pipe":96,"Strange Spoon":11,"StuffTheSpire:HistoryBook":2,"wanderingMiniBosses:CarrionFlame":18,"infinitespire:WardingShard":44,"aspiration:WatcherSkillbook":34,"infinitespire:Satchel":37,"aspiration:KaomsHeart":39,"StuffTheSpire:CocoNut":48,"hubris:BundleOfHerbs":30,"Coffee Dripper":34,"Bag of Marbles":121,"Membership Card":19,"hubris:Potato":0,"hubris:OldNail":112,"FossilizedHelix":0,"TungstenRod":0},{"infinitespire:BottledMercury":72,"StuffTheSpire:Barrel":133,"StuffTheSpire:Rhapsscallions":162,"StuffTheSpire:BottledEssence":33,"Whetstone":34,"Ginger":118,"hubris:MysteriousPyramids":168,"Boot":19,"Sling":82,"StuffTheSpire:SapphireSignet":35,"Replay:Wanted Poster":100,"Blood Vial":106,"infinitespire:ShieldingShard":118,"hubris:DeckOfHolding":12,"MealTicket":27,"HandDrill":144,"Replay:Wax Seal":13,"hubris:TinFlute":44,"StuffTheSpire:NeowsTribute":87,"TheCursedMod:BlackMagic101":0,"conspire:TreasureMap":60,"Counterbalance":73,"hubris:SphereOfDissonance":88,"Pen Nib":45,"Akabeko":80,"aspiration:FrozenJewel":149,"StuffTheSpire:MayFlowers":120,"Kintsugi":153,"infinitespire:PuzzleCube":124,"hubris:Reverence":85,"conspire:Flyswatter":138,"aspiration:Lifesprig":60,"Lantern":61,"Torii":47,"Singing Bowl":145,"Blue Doll":89,"StoneCalendar":109,"Replay:Multitool":5,"Cursed Key":9,"Smiling Mask":104,"Replay:Rubber Ducky":29,"conspire:InfiniteJournal":47,"hubris:Backtick":108,"aspiration:AnachronicSnailShell":120,"Toolbox":23,"hubris:ScarierMask":115,"Chemical X":120,"Replay:Bottled Eggs":109,"InkBottle":125,"StuffTheSpire:TintedRock":120,"Lee\u0027s Waffle":47,"TheCursedMod:BlackMagicAdvanced":118,"hubris:64BitClover":32,"StuffTheSpire:Saxophone":10,"StuffTheSpire:Expresso":71,"Circlet":103,"Thread and Needle":80,"PreservedInsect":26,"The Courier":105,"Omamori":139,"infinitespire:Lucky Rock":61,"hubris:Towel":104,"Frozen Egg 2":118,"Replay:Arrowhead":47,"Ornamental Fan":109,"hubris:Spice":113,"Orrery":37,"Durian":81,"ReplayTheSpireMod:Lightbulb":104,"Toy Ornithopter":63,"wanderingMiniBosses:Inkheart":67,"infinitespire:Midas Blood":2,"Tiny House":74,"CeramicFish":96,"TheCursedMod:Tack":114,"Vajra":120,"Sozu":91,"Centennial Puzzle":70,"Lizard Tail":112,"FaceOfCleric":11,"DollysMirror":82,"Strawberry":12,"Prayer Wheel":119,"Iron Hammer":99,"Happy Flower":37,"hubris:DuctTape":106,"ReplayTheSpireMod:CursedCoin":23,"aspiration:Nostalgia":118,"StuffTheSpire:ForceGauntlet":109,"Dead Branch":120,"Oddly Smooth Stone":121,"wanderingMiniBosses:MasterThiefsPresence":32,"infinitespire:Beetle Shell":96,"conspire:Boomerang":89,"aspiration:SeaSaltIceCream":104,"War Paint":99,"Question Card":72,"hubris:Zylophone":5,"conspire:GiftBox":37,"Replay:Baseball":42,"ReplayTheSpireMod:Shallot":114,"wanderingMiniBosses:Blackblade":138,"Bronze Scales":57,"StuffTheSpire:GreaterSneckoEye":19,"Simple Rune":5,"hubris:PeanutButter":109,"StuffTheSpire:DarkSteelAnvil":143,"Black Star":61,"hubris:ToyBattleship":70,"ReplayTheSpireMod:TigerMarble":87,"Grinning Jar":42,"aspiration:HatOfInfinitePower":35,"Mirror":109,"StuffTheSpire:OldFever":150,"Darkstone Periapt":96,"TheCursedMod:BloodyHarpoon":131,"ReplayFunnel":153,"Iron Core":118,"SacredBark":128,"conspire:SpecialSausage":31,"aspiration:TomeofQuesting":73,"Juzu Bracelet":10,"hubris:SlimyHat":99,"Incense Burner":153,"Replay:Mystery Machine":104,"Empty Cage":64,"PrismaticShard":120,"conspire:TopHat":99,"ClockworkSouvenir":3,"StuffTheSpire:Experiment12":81,"Frozen Eye":89,"Replay:Bandana":105,"hubris:Icosahedron":144,"StuffTheSpire:HeavyRock":114,"Tiny Chest":7,"StuffTheSpire:Nightcore":120,"Replay:Bottled Snecko":145,"ReplayTheSpireMod:Ninjato":57,"infinitespire:CursedDice":47,"hubris:MedicalManual":43,"Replay:WaspNest":104,"Odd Mushroom":79,"Orichalcum":143,"Medical Kit":59,"White Beast Statue":147,"Mercury Hourglass":56,"Calling Bell":57,"Peace Pipe":98,"Strange Spoon":125,"StuffTheSpire:HistoryBook":48,"wanderingMiniBosses:CarrionFlame":150,"infinitespire:WardingShard":164,"aspiration:WatcherSkillbook":135,"infinitespire:Satchel":137,"aspiration:KaomsHeart":19,"StuffTheSpire:CocoNut":73,"hubris:BundleOfHerbs":63,"Coffee Dripper":38,"Bag of Marbles":109,"Membership Card":10,"hubris:Potato":23,"hubris:OldNail":104,"FossilizedHelix":120,"TungstenRod":143},{"infinitespire:BottledMercury":338,"StuffTheSpire:Barrel":429,"StuffTheSpire:Rhapsscallions":494,"StuffTheSpire:BottledEssence":182,"Whetstone":186,"Ginger":399,"hubris:MysteriousPyramids":506,"Boot":103,"Sling":358,"StuffTheSpire:SapphireSignet":192,"Replay:Wanted Poster":379,"Blood Vial":385,"infinitespire:ShieldingShard":399,"hubris:DeckOfHolding":57,"MealTicket":157,"HandDrill":450,"Replay:Wax Seal":61,"hubris:TinFlute":235,"StuffTheSpire:NeowsTribute":366,"TheCursedMod:BlackMagic101":0,"conspire:TreasureMap":301,"Counterbalance":340,"hubris:SphereOfDissonance":367,"Pen Nib":242,"Akabeko":355,"aspiration:FrozenJewel":465,"StuffTheSpire:MayFlowers":401,"Kintsugi":475,"infinitespire:PuzzleCube":406,"hubris:Reverence":361,"conspire:Flyswatter":440,"aspiration:Lifesprig":301,"Lantern":303,"Torii":251,"Singing Bowl":454,"Blue Doll":368,"StoneCalendar":388,"Replay:Multitool":20,"Cursed Key":42,"Smiling Mask":383,"Replay:Rubber Ducky":164,"conspire:InfiniteJournal":251,"hubris:Backtick":387,"aspiration:AnachronicSnailShell":401,"Toolbox":144,"hubris:ScarierMask":396,"Chemical X":401,"Replay:Bottled Eggs":388,"InkBottle":408,"StuffTheSpire:TintedRock":401,"Lee\u0027s Waffle":251,"TheCursedMod:BlackMagicAdvanced":399,"hubris:64BitClover":177,"StuffTheSpire:Saxophone":48,"StuffTheSpire:Expresso":337,"Circlet":382,"Thread and Needle":355,"PreservedInsect":153,"The Courier":384,"Omamori":441,"infinitespire:Lucky Rock":303,"hubris:Towel":383,"Frozen Egg 2":399,"Replay:Arrowhead":251,"Ornamental Fan":388,"hubris:Spice":394,"Orrery":200,"Durian":356,"ReplayTheSpireMod:Lightbulb":383,"Toy Ornithopter":308,"wanderingMiniBosses:Inkheart":325,"infinitespire:Midas Blood":8,"Tiny House":344,"CeramicFish":375,"TheCursedMod:Tack":395,"Vajra":401,"Sozu":370,"Centennial Puzzle":336,"Lizard Tail":393,"FaceOfCleric":51,"DollysMirror":358,"Strawberry":57,"Prayer Wheel":400,"Iron Hammer":378,"Happy Flower":200,"hubris:DuctTape":385,"ReplayTheSpireMod:CursedCoin":144,"aspiration:Nostalgia":399,"StuffTheSpire:ForceGauntlet":388,"Dead Branch":401,"Oddly Smooth Stone":403,"wanderingMiniBosses:MasterThiefsPresence":177,"infinitespire:Beetle Shell":375,"conspire:Boomerang":368,"aspiration:SeaSaltIceCream":383,"War Paint":378,"Question Card":338,"hubris:Zylophone":20,"conspire:GiftBox":200,"Replay:Baseball":227,"ReplayTheSpireMod:Shallot":395,"wanderingMiniBosses:Blackblade":440,"Bronze Scales":289,"StuffTheSpire:GreaterSneckoEye":103,"Simple Rune":20,"hubris:PeanutButter":388,"StuffTheSpire:DarkSteelAnvil":448,"Black Star":303,"hubris:ToyBattleship":336,"ReplayTheSpireMod:TigerMarble":366,"Grinning Jar":227,"aspiration:HatOfInfinitePower":192,"Mirror":388,"StuffTheSpire:OldFever":470,"Darkstone Periapt":375,"TheCursedMod:BloodyHarpoon":427,"ReplayFunnel":475,"Iron Core":399,"SacredBark":423,"conspire:SpecialSausage":172,"aspiration:TomeofQuesting":340,"Juzu Bracelet":48,"hubris:SlimyHat":378,"Incense Burner":475,"Replay:Mystery Machine":383,"Empty Cage":313,"PrismaticShard":401,"conspire:TopHat":378,"ClockworkSouvenir":11,"StuffTheSpire:Experiment12":356,"Frozen Eye":368,"Replay:Bandana":384,"hubris:Icosahedron":450,"StuffTheSpire:HeavyRock":395,"Tiny Chest":29,"StuffTheSpire:Nightcore":401,"Replay:Bottled Snecko":454,"ReplayTheSpireMod:Ninjato":289,"infinitespire:CursedDice":251,"hubris:MedicalManual":232,"Replay:WaspNest":383,"Odd Mushroom":352,"Orichalcum":448,"Medical Kit":296,"White Beast Statue":459,"Mercury Hourglass":281,"Calling Bell":289,"Peace Pipe":377,"Strange Spoon":408,"StuffTheSpire:HistoryBook":255,"wanderingMiniBosses:CarrionFlame":470,"infinitespire:WardingShard":497,"aspiration:WatcherSkillbook":432,"infinitespire:Satchel":436,"aspiration:KaomsHeart":103,"StuffTheSpire:CocoNut":340,"hubris:BundleOfHerbs":308,"Coffee Dripper":206,"Bag of Marbles":388,"Membership Card":48,"hubris:Potato":144,"hubris:OldNail":383,"FossilizedHelix":401,"TungstenRod":448}],"TungstenRod":28},"card_choices":[{"not_picked":["TheCursedMod:HellsGateOpen","TheCursedMod:CursedStaff","TheCursedMod:CursedMace"],"picked":"SKIP","floor":1},{"not_picked":["TheCursedMod:SmokeScreen","TheCursedMod:CursedBlade"],"picked":"TheCursedMod:ReleasedStrength","floor":8},{"not_picked":["TheCursedMod:BlessingInDisguise","TheCursedMod:TacticalStrike","TheCursedMod:Stretching"],"picked":"Singing Bowl","floor":12},{"not_picked":["TheCursedMod:CursedStaff","TheCursedMod:WearCloak","TheCursedMod:RapidMovement"],"picked":"Singing Bowl","floor":13},{"not_picked":["TheCursedMod:TroublousMinions","TheCursedMod:Stigma","TheCursedMod:FleshFromBone"],"picked":"Singing Bowl","floor":14},{"not_picked":["TheCursedMod:StunningStrike","TheCursedMod:OutForBlood"],"picked":"TheCursedMod:CursedRelics","floor":16},{"not_picked":["TheCursedMod:Stigma","TheCursedMod:Obscuration","TheCursedMod:CursedShiv"],"picked":"Singing Bowl","floor":18},{"not_picked":["TheCursedMod:SurpriseAttack","TheCursedMod:HellsGateOpen","TheCursedMod:CursedMace+1"],"picked":"Singing Bowl","floor":21},{"not_picked":["TheCursedMod:DarkBarrier","TheCursedMod:SpitefulPray","TheCursedMod:CircleOfBlood"],"picked":"Singing Bowl","floor":23},{"not_picked":["TheCursedMod:Stretching","TheCursedMod:StingEye","TheCursedMod:UltimatePain"],"picked":"Singing Bowl","floor":24},{"not_picked":["TheCursedMod:CursedBoomerang","TheCursedMod:SoulCrush+1","TheCursedMod:CircleOfCorruption+1"],"picked":"Singing Bowl","floor":25},{"not_picked":["TheCursedMod:SurpriseAttack","StuffTheSpire:Python","Meditate"],"picked":"Singing Bowl","floor":28},{"not_picked":["Anger+1","StuffTheSpire:LoadUp","FlurryOfBlows"],"picked":"Singing Bowl","floor":29},{"not_picked":["Deep Breath","RobotSpaceExplorer:MiniDrones","Compile Driver"],"picked":"Singing Bowl","floor":30},{"not_picked":["Bouncing Flask","CutThroughFate+1","InnerPeace"],"picked":"Singing Bowl","floor":31},{"not_picked":["ReplayRNGCard","Double Tap","ReplayTheSpireMod:Brewmster"],"picked":"Singing Bowl","floor":33},{"not_picked":["Clothesline+1","Blur","Cleave+1"],"picked":"Singing Bowl","floor":35},{"not_picked":["StuffTheSpire:RockThrow","RobotSpaceExplorer:FranticSearch+1","Protect"],"picked":"Singing Bowl","floor":36},{"not_picked":["Turbo+1","Feel No Pain","Study"],"picked":"Singing Bowl","floor":38},{"not_picked":["Run Through+1","StuffTheSpire:Slingshot","Outmaneuver"],"picked":"Singing Bowl","floor":40},{"not_picked":["Conserve Battery+1","Warcry+1","RobotSpaceExplorer:GlueShot+1"],"picked":"Singing Bowl","floor":42},{"not_picked":["Replay:ManipulateFuture","Replay:Undeath\u0027s Touch+1","RobotSpaceExplorer:Probe"],"picked":"Singing Bowl","floor":44},{"not_picked":["ReplayReversal+1","Blur+1","Searing Blow+1"],"picked":"Singing Bowl","floor":46},{"not_picked":["Shrug It Off+1","Slice+1","Defy Death+1"],"picked":"Singing Bowl","floor":47},{"not_picked":["Cloak And Dagger+1","Limit Break","Iron Wave+1"],"picked":"Singing Bowl","floor":48},{"not_picked":["RobotSpaceExplorer:FrostMissile","Rebound+1","TalkToTheHand+1"],"picked":"Singing Bowl","floor":54}],"player_experience":1698807,"relics_obtained":[{"floor":8,"key":"Replay:Bottled Snecko"},{"floor":9,"key":"Singing Bowl"},{"floor":12,"key":"Blood Vial"},{"floor":13,"key":"White Beast Statue"},{"floor":17,"key":"ReplayTheSpireMod:TigerMarble"},{"floor":17,"key":"aspiration:FrozenJewel"},{"floor":17,"key":"aspiration:HatOfInfinitePower"},{"floor":18,"key":"wanderingMiniBosses:CarrionFlame"},{"floor":24,"key":"ReplayFunnel"},{"floor":25,"key":"PrismaticShard"},{"floor":26,"key":"StuffTheSpire:Barrel"},{"floor":28,"key":"Dead Branch"},{"floor":40,"key":"StuffTheSpire:Rhapsscallions"},{"floor":42,"key":"Lantern"},{"floor":44,"key":"infinitespire:WardingShard"},{"floor":54,"key":"StuffTheSpire:SapphireSignet"}],"event_choices":[{"cards_removed":["Pride"],"damage_healed":0,"gold_gain":0,"player_choice":"Card Removal","damage_taken":7,"max_hp_gain":0,"max_hp_loss":0,"event_name":"Golden Wing","floor":4,"gold_loss":0},{"cards_removed":["TheCursedMod:RavingStaff"],"damage_healed":0,"gold_gain":0,"player_choice":"Give","damage_taken":0,"max_hp_gain":0,"max_hp_loss":0,"event_name":"betterNote:BetterNote","floor":19,"gold_loss":0,"cards_obtained":["RobotSpaceExplorer:StarDust"]},{"cards_removed":["hubris:Greed"],"damage_healed":0,"gold_gain":0,"player_choice":"Purged","damage_taken":0,"max_hp_gain":0,"max_hp_loss":0,"event_name":"Purifier","floor":37,"gold_loss":0}],"is_beta":false,"boss_relics":[{"not_picked":["hubris:ScarierMask","Coffee Dripper"],"picked":"Calling Bell"},{"not_picked":["hubris:VirtuousBlindfold","Cursed Key"],"picked":"conspire:SpecialSausage"}],"items_purged_floors":[0,0,0,27,53,53],"is_endless":false,"potions_floor_spawned":[1,14,16,18,21,23,24,28,29,30,31,33,35,36,38,40,42,44,46,47,48,54],"ascension_level":4}}