{"host":"s41rn2jhghpwfrvz","time":1607649381,"event":{"mods":["BaseMod","Minty Spire (QoL Compilation)","Quick Restart","Relic Stats","SuperFastMode"],"gold_per_floor":[119,194,194,205,255,287,287,46,71,106,117,117,133,162,162,236,236,255,94,144,160,173,208,208,241,241,273,273,603,345,376,376,454,454,466,483,534,534,552,587,587,616,616,642,642,667,696,711,711,711,711,711,711,162,195,195],"floor_reached":57,"playtime":1498,"items_purged":["Steam","Seeing Red"],"score":4039,"play_id":"fc2d5e34-6ab8-47ab-a5c0-899d610bd6c0","local_time":"20201211031621","daily_mods":["SealedDeck","Diverse","Elite Swarm"],"is_ascension_mode":true,"campfire_choices":[{"data":"Body Slam","floor":7,"key":"SMITH"},{"data":"Scrawl","floor":12,"key":"SMITH"},{"data":"Barricade","floor":15,"key":"SMITH"},{"data":"Genetic Algorithm","floor":32,"key":"SMITH"},{"data":"Backflip","floor":41,"key":"SMITH"},{"floor":45,"key":"RECALL"},{"data":"Offering","floor":49,"key":"SMITH"},{"data":"Undo","floor":53,"key":"SMITH"}],"circlet_count":0,"master_deck":["AscendersBane","Bloodletting+1","Shrug It Off+1","Double Energy","Undo+1","Body Slam+1","Backflip+1","Barricade+1","Scrawl+1","Genetic Algorithm","Genetic Algorithm+1","Offering+1"],"relics":["Burning Blood","Blue Candle","War Paint","Strawberry","InkBottle","Empty Cage","OrangePellets","Bag of Marbles","Juzu Bracelet","Mercury Hourglass","Prayer Wheel","Old Coin","Centennial Puzzle","White Beast Statue","Runic Cube","Incense Burner","Turnip","HornCleat","Eternal Feather","Bottled Tornado","Champion Belt","Orichalcum","Shuriken","Happy Flower","Red Skull"],"acts_visited":["Exordium","TheCity","TheBeyond","TheEnding"],"potions_floor_usage":[6,18,56,56],"damage_taken":[{"damage":3,"enemies":"Jaw Worm","floor":1,"turns":3},{"damage":9,"enemies":"Small Slimes","floor":4,"turns":3},{"damage":6,"enemies":"Gremlin Nob","floor":6,"turns":2},{"damage":3,"enemies":"3 Sentries","floor":10,"turns":8},{"damage":3,"enemies":"Cultist","floor":11,"turns":2},{"damage":3,"enemies":"2 Fungi Beasts","floor":13,"turns":1},{"damage":3,"enemies":"Lagavulin","floor":14,"turns":3},{"damage":3,"enemies":"Hexaghost","floor":16,"turns":3},{"damage":3,"enemies":"2 Thieves","floor":18,"turns":2},{"damage":3,"enemies":"3 Byrds","floor":21,"turns":2},{"damage":3,"enemies":"Cultist and Chosen","floor":22,"turns":2},{"damage":3,"enemies":"Slavers","floor":23,"turns":2},{"damage":7,"enemies":"Book of Stabbing","floor":25,"turns":3},{"damage":9,"enemies":"Slavers","floor":27,"turns":3},{"damage":3,"enemies":"Gremlin Leader","floor":29,"turns":1},{"damage":3,"enemies":"Book of Stabbing","floor":31,"turns":2},{"damage":3,"enemies":"Automaton","floor":33,"turns":3},{"damage":3,"enemies":"3 Darklings","floor":35,"turns":2},{"damage":3,"enemies":"3 Shapes","floor":36,"turns":2},{"damage":3,"enemies":"2 Orb Walkers","floor":37,"turns":1},{"damage":3,"enemies":"Writhing Mass","floor":39,"turns":1},{"damage":3,"enemies":"Giant Head","floor":40,"turns":1},{"damage":3,"enemies":"Reptomancer","floor":42,"turns":2},{"damage":9,"enemies":"Nemesis","floor":44,"turns":1},{"damage":3,"enemies":"Mind Bloom Boss Battle","floor":46,"turns":2},{"damage":3,"enemies":"Giant Head","floor":47,"turns":2},{"damage":9,"enemies":"4 Shapes","floor":48,"turns":1},{"damage":9,"enemies":"Donu and Deca","floor":50,"turns":2},{"damage":6,"enemies":"Awakened One","floor":51,"turns":2},{"damage":9,"enemies":"Shield and Spear","floor":55,"turns":1},{"damage":9,"enemies":"The Heart","floor":56,"turns":5}],"seed_played":"5567753449084075523","potions_obtained":[{"floor":4,"key":"Swift Potion"},{"floor":6,"key":"SpeedPotion"},{"floor":16,"key":"Swift Potion"},{"floor":22,"key":"ColorlessPotion"},{"floor":29,"key":"Dexterity Potion"}],"is_trial":true,"path_per_floor":["M","?","?","M","?","E","R","$","T","E","M","R","M","E","R","B",null,"M","$","?","M","M","E","?","E","T","E","?","E","$","E","R","B",null,"M","M","?","?","M","E","R","E","T","E","R","?","E","M","R","B","B",null,"R","$","E","B",null],"character_chosen":"IRONCLAD","items_purchased":["War Paint","OrangePellets","Genetic Algorithm","SpeedPotion","Centennial Puzzle","Shuriken","Happy Flower"],"campfire_rested":0,"item_purchase_floors":[8,19,30,30,30,54,54],"current_hp_per_floor":[71,60,65,62,62,62,62,62,62,72,75,75,78,81,81,84,86,87,87,87,87,87,87,87,86,86,83,83,86,86,87,87,87,87,87,87,87,87,87,87,87,87,87,84,87,87,87,84,87,84,84,86,87,87,84,81],"gold":195,"neow_bonus":"","is_daily":false,"chose_seed":false,"campfire_upgraded":7,"win_rate":0.0,"timestamp":1607649381,"path_taken":["M","?","?","M","?","E","R","$","T","E","M","R","?","E","R","BOSS","M","$","?","M","M","E","?","E","T","E","?","E","$","E","R","BOSS","M","M","?","?","M","E","R","E","T","E","R","?","E","M","R","BOSS","BOSS","R","$","E","BOSS"],"items_purchased_type":["Relic","Relic","Card","Potion","Relic","Relic","Relic"],"build_version":"2020-11-30","purchased_purges":2,"victory":true,"max_hp_per_floor":[75,75,80,80,80,80,80,80,80,87,87,87,87,87,87,87,87,87,87,87,87,87,87,87,87,87,87,87,87,87,87,87,87,87,87,87,87,87,87,87,87,87,87,87,87,87,87,87,87,87,87,87,87,87,87,87],"relic_stats":{"Happy Flower":[2],"counters":[31,70],"Blue Candle":[0],"Eternal Feather":7,"Juzu Bracelet":0,"War Paint":["Shrug It Off","Bloodletting"],"Orichalcum":[0],"Burning Blood":146,"Mercury Hourglass":[171],"OrangePellets":[1],"Centennial Puzzle":[39],"Shuriken":[2],"Prayer Wheel":4,"Turnip":[2],"Champion Belt":[9],"obtain_stats":[{"Juzu Bracelet":25,"Incense Burner":37,"Bottled Tornado":44,"Empty Cage":17,"Burning Blood":0,"Old Coin":29,"Centennial Puzzle":30,"HornCleat":42,"Strawberry":10,"Prayer Wheel":27,"InkBottle":14,"Red Skull":55,"Runic Cube":34,"Happy Flower":54,"Blue Candle":6,"Eternal Feather":43,"War Paint":8,"Orichalcum":47,"White Beast Statue":31,"Mercury Hourglass":26,"OrangePellets":19,"Shuriken":54,"Turnip":40,"Bag of Marbles":23,"Champion Belt":46},{"Juzu Bracelet":13,"Incense Burner":20,"Bottled Tornado":24,"Empty Cage":8,"Burning Blood":0,"Old Coin":15,"Centennial Puzzle":15,"HornCleat":23,"Strawberry":4,"Prayer Wheel":14,"InkBottle":7,"Red Skull":30,"Runic Cube":17,"Happy Flower":29,"Blue Candle":3,"Eternal Feather":23,"War Paint":3,"Orichalcum":26,"White Beast Statue":16,"Mercury Hourglass":13,"OrangePellets":9,"Shuriken":29,"Turnip":22,"Bag of Marbles":12,"Champion Belt":25},{"Juzu Bracelet":36,"Incense Burner":50,"Bottled Tornado":55,"Empty Cage":25,"Burning Blood":0,"Old Coin":40,"Centennial Puzzle":40,"HornCleat":54,"Strawberry":16,"Prayer Wheel":39,"InkBottle":22,"Red Skull":65,"Runic Cube":45,"Happy Flower":64,"Blue Candle":8,"Eternal Feather":54,"War Paint":8,"Orichalcum":59,"White Beast Statue":42,"Mercury Hourglass":36,"OrangePellets":27,"Shuriken":64,"Turnip":52,"Bag of Marbles":33,"Champion Belt":57}],"InkBottle":[26],"Runic Cube":[19]},"card_choices":[{"not_picked":["Iron Wave","Skewer","Protect"],"picked":"SKIP","floor":1},{"not_picked":["Terror","PiercingWail","Dodge and Roll"],"picked":"SKIP","floor":4},{"not_picked":["Glass Knife","Fission"],"picked":"Barricade","floor":6},{"not_picked":["Night Terror","ConjureBlade"],"picked":"Scrawl","floor":10},{"not_picked":["Tempest","Endless Agony","Perfected Strike"],"picked":"SKIP","floor":11},{"not_picked":["Acrobatics","SandsOfTime"],"picked":"Genetic Algorithm","floor":13},{"not_picked":["Barricade","MasterReality","Wish"],"picked":"SKIP","floor":14},{"not_picked":["Rip and Tear+1","Blade Dance","Infernal Blade+1"],"picked":"SKIP","floor":18},{"not_picked":["Infinite Blades","Darkness","Leap"],"picked":"SKIP","floor":21},{"not_picked":["Flying Knee","Sentinel+1","Choke"],"picked":"SKIP","floor":22},{"not_picked":["Juggernaut","Limit Break","Seek"],"picked":"SKIP","floor":23},{"not_picked":["Meteor Strike","Judgement","Multi-Cast"],"picked":"SKIP","floor":25},{"not_picked":["Rainbow","Impervious","MasterReality"],"picked":"SKIP","floor":27},{"not_picked":["Impervious","MasterReality","Tools of the Trade"],"picked":"SKIP","floor":29},{"not_picked":["Judgement","Electrodynamics","Reboot"],"picked":"SKIP","floor":31},{"not_picked":["Vengeance","Underhanded Strike","ThirdEye"],"picked":"SKIP","floor":35},{"not_picked":["WaveOfTheHand","CrushJoints","Backflip"],"picked":"SKIP","floor":35},{"not_picked":["Outmaneuver","Turbo","Dodge and Roll+1"],"picked":"SKIP","floor":36},{"not_picked":["Die Die Die","Sucker Punch","Thunderclap"],"picked":"SKIP","floor":36},{"not_picked":["Stack","EmptyFist","Hello World+1"],"picked":"SKIP","floor":39},{"not_picked":["Aggregate","Stack","Cleave+1"],"picked":"SKIP","floor":39},{"not_picked":["Alpha","Electrodynamics","Reboot"],"picked":"SKIP","floor":40},{"not_picked":["Double Tap","Echo Form"],"picked":"Offering","floor":42},{"not_picked":["LessonLearned","Double Tap","Juggernaut"],"picked":"SKIP","floor":44},{"not_picked":["Judgement","Burst","Scrawl"],"picked":"SKIP","floor":47},{"not_picked":["EmptyBody+1","Conserve Battery","PathToVictory+1"],"picked":"SKIP","floor":48},{"not_picked":["Go for the Eyes+1","CrushJoints+1","Chaos"],"picked":"SKIP","floor":48},{"not_picked":["Unload","DeusExMachina","Doppelganger"],"picked":"SKIP","floor":55}],"player_experience":1567747,"relics_obtained":[{"floor":6,"key":"Blue Candle"},{"floor":10,"key":"Strawberry"},{"floor":14,"key":"InkBottle"},{"floor":23,"key":"Bag of Marbles"},{"floor":25,"key":"Juzu Bracelet"},{"floor":26,"key":"Mercury Hourglass"},{"floor":27,"key":"Prayer Wheel"},{"floor":29,"key":"Old Coin"},{"floor":31,"key":"White Beast Statue"},{"floor":37,"key":"Incense Burner"},{"floor":40,"key":"Turnip"},{"floor":42,"key":"HornCleat"},{"floor":43,"key":"Eternal Feather"},{"floor":44,"key":"Bottled Tornado"},{"floor":46,"key":"Champion Belt"},{"floor":47,"key":"Orichalcum"},{"floor":55,"key":"Red Skull"}],"event_choices":[{"damage_healed":0,"gold_gain":75,"player_choice":"Gather Gold","damage_taken":11,"max_hp_gain":0,"max_hp_loss":0,"event_name":"World of Goop","floor":2,"gold_loss":0},{"damage_healed":0,"gold_gain":0,"player_choice":"Donut","damage_taken":0,"max_hp_gain":5,"max_hp_loss":0,"event_name":"Big Fish","floor":3,"gold_loss":0},{"damage_healed":0,"gold_gain":50,"player_choice":"Pray","damage_taken":0,"max_hp_gain":0,"max_hp_loss":0,"event_name":"Golden Shrine","floor":5,"gold_loss":0},{"damage_healed":0,"gold_gain":50,"player_choice":"Stole From Cult","damage_taken":0,"max_hp_gain":0,"max_hp_loss":0,"event_name":"Nest","floor":20,"gold_loss":0},{"damage_healed":0,"gold_gain":0,"player_choice":"Simplicity","damage_taken":0,"max_hp_gain":0,"max_hp_loss":0,"event_name":"Back to Basics","floor":24,"gold_loss":0,"cards_upgraded":[]},{"damage_healed":0,"gold_gain":0,"player_choice":"Ignored","damage_taken":0,"max_hp_gain":0,"max_hp_loss":0,"event_name":"Ghosts","floor":28,"gold_loss":0},{"damage_healed":0,"gold_gain":0,"player_choice":"Fight","damage_taken":0,"max_hp_gain":0,"max_hp_loss":0,"event_name":"Mysterious Sphere","floor":37,"gold_loss":0},{"damage_healed":0,"gold_gain":0,"player_choice":"Ignored","damage_taken":0,"max_hp_gain":0,"max_hp_loss":0,"event_name":"Tomb of Lord Red Mask","floor":38,"gold_loss":0},{"damage_healed":0,"gold_gain":0,"player_choice":"Fight","damage_taken":0,"max_hp_gain":0,"max_hp_loss":0,"event_name":"MindBloom","floor":46,"gold_loss":0}],"is_beta":false,"boss_relics":[{"not_picked":["Fusion Hammer","SlaversCollar"],"picked":"Empty Cage"},{"not_picked":["Coffee Dripper","Runic Dome"],"picked":"Runic Cube"}],"items_purged_floors":[8,54],"is_endless":false,"potions_floor_spawned":[4,6,16,22,23,25,27,29,33,35,36,37,39,40,42,44,46,47,48,55],"ascension_level":20}}