{"host":"ez767vrydzojtnp0","time":1607705435,"event":{"mods":["Act Like it!","Aspiration","BaseMod","Better Note","BetterRewards","Challenge The Spire","Colored Powertips","Conspire","GifTheSpireLib","Hermit","Hubris","Infinite Spire","Minty Spire (QoL Compilation)","Quick Restart","Rare Cards Sparkle","Relic Stats","Replay The Spire","Shop Mod","Spikes Relics","StSLib","Stuff the Spire","SuperFastMode","everything is the same but u backflip on backflip","slay the spire mod where everything is the same but ironclad has a cowboy hat","vexMod"],"gold_per_floor":[111,111,111,121,121,152,162,189,214,234,234,234],"floor_reached":11,"playtime":333,"items_purged":[],"score":83,"play_id":"e00e4c44-04b8-4482-8428-d754529d8a07","local_time":"20201211145035","is_ascension_mode":false,"campfire_choices":[],"circlet_count":0,"master_deck":["Strike_R","Strike_R","Strike_R","Strike_R","Strike_R","Defend_R","Defend_R","Defend_R","Defend_R","Bash","Replay:Undeath\u0027s Touch","Pain","Dropkick","Pommel Strike","ReplayReversal","Perfected Strike","Second Wind"],"relics":["Burning Blood","WarpedTongs","StuffTheSpire:BottledHeartBeat","ShockBauble","aspiration:FetidBarrel"],"acts_visited":["Exordium"],"potions_floor_usage":[11],"damage_taken":[{"damage":0,"enemies":"Small Slimes","floor":1,"turns":3},{"damage":5,"enemies":"Cultist","floor":4,"turns":3},{"damage":17,"enemies":"Gremlin Nob","floor":6,"turns":4},{"damage":4,"enemies":"2 Louse","floor":7,"turns":2},{"damage":40,"enemies":"3 Sentries","floor":8,"turns":10},{"damage":6,"enemies":"2 Fungi Beasts","floor":10,"turns":3},{"damage":22,"enemies":"Lagavulin","floor":11,"turns":3}],"seed_played":"3613930432280633115","potions_obtained":[{"floor":1,"key":"Energy Potion"},{"floor":6,"key":"Milkshake"},{"floor":10,"key":"Dexterity Potion"}],"is_trial":false,"path_per_floor":["M","?","$","M","?","E","M","E","T","M","E"],"character_chosen":"IRONCLAD","items_purchased":[],"campfire_rested":0,"item_purchase_floors":[],"current_hp_per_floor":[80,80,80,80,62,51,53,19,19,19,0,0],"gold":234,"neow_bonus":"","is_daily":false,"chose_seed":false,"campfire_upgraded":0,"win_rate":0.0,"timestamp":1607705435,"path_taken":["M","?","?","M","?","E","M","E","T","?","E"],"items_purchased_type":[],"build_version":"2020-11-30","purchased_purges":0,"victory":false,"max_hp_per_floor":[80,80,80,80,80,80,80,80,80,80,80,80],"relic_stats":{"counters":[20,85],"obtain_stats":[{"ShockBauble":6,"CherryCoatedStake":8,"aspiration:FetidBarrel":8,"StuffTheSpire:BottledHeartBeat":5,"Onion Ring":5,"Painkiller Herb":17,"Omamori":10,"Burning Blood":0,"WarpedTongs":2},{"ShockBauble":16,"CherryCoatedStake":5,"aspiration:FetidBarrel":18,"StuffTheSpire:BottledHeartBeat":15,"Onion Ring":3,"Painkiller Herb":9,"Omamori":6,"Burning Blood":0,"WarpedTongs":14},{"ShockBauble":67,"CherryCoatedStake":15,"aspiration:FetidBarrel":79,"StuffTheSpire:BottledHeartBeat":63,"Onion Ring":8,"Painkiller Herb":40,"Omamori":21,"Burning Blood":0,"WarpedTongs":60}],"Burning Blood":87,"WarpedTongs":[24]},"card_choices":[{"not_picked":["Clash","Clothesline"],"picked":"Replay:Undeath\u0027s Touch","floor":1},{"not_picked":["StuffTheSpire:RockThrow","Massacre"],"picked":"Dropkick","floor":4},{"not_picked":["hubris:ReadiedAction","BarbarianYell"],"picked":"Pommel Strike","floor":6},{"not_picked":["Run Through","ReplayTheSpireMod:Strike From Hell"],"picked":"ReplayReversal","floor":7},{"not_picked":["Combust","StuffTheSpire:RockThrow"],"picked":"Perfected Strike","floor":8},{"not_picked":["Immolate","Havoc"],"picked":"Second Wind","floor":10}],"player_experience":364540,"relics_obtained":[{"floor":6,"key":"ShockBauble"},{"floor":8,"key":"aspiration:FetidBarrel"}],"event_choices":[{"damage_healed":0,"gold_gain":0,"player_choice":"Rummage","damage_taken":0,"relics_obtained":["WarpedTongs"],"max_hp_gain":0,"max_hp_loss":0,"event_name":"Accursed Blacksmith","floor":2,"gold_loss":0,"cards_obtained":["Pain"]},{"damage_healed":0,"gold_gain":0,"player_choice":"Success","damage_taken":18,"relics_obtained":["StuffTheSpire:BottledHeartBeat"],"max_hp_gain":0,"max_hp_loss":0,"event_name":"Scrap Ooze","floor":5,"gold_loss":0}],"is_beta":false,"boss_relics":[],"items_purged_floors":[],"is_endless":false,"potions_floor_spawned":[1,6,10],"killed_by":"Lagavulin","ascension_level":0}}