{"host":"wshh0nphwn6jv7vj","time":1607681101,"event":{"mods":["BaseMod","Bestiary","Minty Spire (QoL Compilation)"],"gold_per_floor":[116,130,148,167,217,243,258,183,183,211,110,136,166,180,180,180,180],"floor_reached":16,"playtime":1155,"items_purged":["Strike_R"],"score":214,"play_id":"ac1f8bf5-2107-4e15-a8dd-6ad5868088ef","local_time":"20201211050501","is_ascension_mode":true,"campfire_choices":[{"data":"Havoc","floor":15,"key":"SMITH"}],"circlet_count":0,"master_deck":["AscendersBane","Strike_R","Strike_R","Strike_R","Defend_R","Defend_R","Defend_R","Defend_R","Bash","Cleave","Metallicize","Shrug It Off","Clothesline","Havoc","Spot Weakness","Feel No Pain","Havoc+1","Exhume"],"relics":["Burning Blood","Tiny Chest","PreservedInsect","Lizard Tail","Unceasing Top","Omamori","Champion Belt"],"acts_visited":["Exordium"],"potions_floor_usage":[4,6,6,13],"damage_taken":[{"damage":9,"enemies":"Jaw Worm","floor":1,"turns":7},{"damage":1,"enemies":"Cultist","floor":2,"turns":3},{"damage":12,"enemies":"Small Slimes","floor":3,"turns":4},{"damage":6,"enemies":"Exordium Wildlife","floor":4,"turns":6},{"damage":45,"enemies":"3 Sentries","floor":6,"turns":11},{"damage":21,"enemies":"3 Louse","floor":7,"turns":3},{"damage":26,"enemies":"Gremlin Nob","floor":10,"turns":5},{"damage":6,"enemies":"Lagavulin","floor":13,"turns":9},{"damage":12,"enemies":"Large Slime","floor":14,"turns":9},{"damage":85,"enemies":"Slime Boss","floor":16,"turns":13}],"seed_played":"-5452967324718233728","potions_obtained":[{"floor":2,"key":"Regen Potion"},{"floor":3,"key":"Energy Potion"},{"floor":4,"key":"Regen Potion"},{"floor":10,"key":"PowerPotion"},{"floor":13,"key":"Weak Potion"}],"is_trial":false,"path_per_floor":["M","M","M","M","?","E","M","?","T","E","$","T","E","M","R","B"],"character_chosen":"IRONCLAD","items_purchased":["Havoc"],"campfire_rested":0,"item_purchase_floors":[11],"current_hp_per_floor":[65,70,64,64,64,75,60,60,60,40,40,40,40,34,34,0,0],"gold":180,"neow_bonus":"RANDOM_COMMON_RELIC","is_daily":false,"chose_seed":false,"campfire_upgraded":1,"win_rate":0.0,"timestamp":1607681101,"path_taken":["M","M","M","M","?","E","?","?","T","E","$","?","E","M","R","BOSS"],"items_purchased_type":["Card"],"build_version":"2020-11-30","purchased_purges":1,"victory":false,"max_hp_per_floor":[75,75,75,75,75,75,75,75,75,75,75,75,75,75,75,75,75],"card_choices":[{"not_picked":["True Grit","Evolve"],"picked":"Cleave","floor":1},{"not_picked":["Feel No Pain","Searing Blow"],"picked":"Metallicize","floor":2},{"not_picked":["Flex","Searing Blow"],"picked":"Shrug It Off","floor":3},{"not_picked":["Iron Wave","Sword Boomerang"],"picked":"Clothesline","floor":4},{"not_picked":["Heavy Blade","Battle Trance"],"picked":"Havoc","floor":6},{"not_picked":["Blood for Blood","Sword Boomerang"],"picked":"Spot Weakness","floor":7},{"not_picked":["Body Slam","Dual Wield"],"picked":"Feel No Pain","floor":10},{"not_picked":["Infernal Blade","Evolve"],"picked":"Exhume","floor":13},{"not_picked":["Cleave","Second Wind","Perfected Strike"],"picked":"SKIP","floor":14}],"player_experience":1372309,"relics_obtained":[{"floor":6,"key":"PreservedInsect"},{"floor":9,"key":"Lizard Tail"},{"floor":10,"key":"Unceasing Top"},{"floor":12,"key":"Omamori"},{"floor":13,"key":"Champion Belt"}],"event_choices":[{"damage_healed":0,"gold_gain":50,"player_choice":"Pray","damage_taken":0,"max_hp_gain":0,"max_hp_loss":0,"event_name":"Golden Shrine","floor":5,"gold_loss":0},{"cards_removed":["Strike_R"],"damage_healed":0,"gold_gain":0,"player_choice":"Card Removal","damage_taken":0,"max_hp_gain":0,"max_hp_loss":0,"event_name":"The Cleric","floor":8,"gold_loss":75}],"is_beta":false,"boss_relics":[],"items_purged_floors":[11],"is_endless":false,"potions_floor_spawned":[2,3,4,10,13],"killed_by":"Slime Boss","ascension_level":15}}