{"host":"0ulgfg5uyx5zlmwg","time":1607681814,"event":{"mods":["Act Like it!","BaseMod","BetterRewards","Challenge The Spire","Custom Start","Grow up Mod","Marked Mod","Minty Spire (QoL Compilation)","RumiaBox-露米娅的神秘盒子","Spicy Shops","StSLib","TestMod","【功能Mod】混沌之环修复补丁","【遗物卡牌】REMEMod","篝火指南"],"gold_per_floor":[113,113,113,133,133,165,5,17,17,29,55,55,55,74,74,179,179,190,190,190,203,1202,976,976,976,976,1007,1007,666,333,350,350,447,447,465,445,456,183,195,225,225,251,301,357,318,377,401,410,410,410,410,410,16,66,126],"floor_reached":56,"playtime":6225,"items_purged":["Decay","Strike_P","EmptyMind","MarkedMod:GracefulMovements","Defend_P"],"score":1827,"play_id":"a0e9392c-25be-4070-89f6-f10cd9df3c8f","local_time":"20201211181654","is_ascension_mode":true,"campfire_choices":[{"floor":15,"key":"RECALL"},{"data":"REME_FirmDetermination","floor":32,"key":"SMITH"},{"data":"REME_FirmDetermination","floor":41,"key":"SMITH"},{"data":"Omniscience","floor":49,"key":"SMITH"},{"data":"Mind Blast","floor":52,"key":"SMITH"}],"circlet_count":0,"master_deck":["Defend_P","Defend_P","Eruption","Vigilance","Devotion","CrushJoints","Weave","REME_Repentance","REME_FirmDetermination+1","Prostrate","PathToVictory","FlurryOfBlows","MarkedMod:ChiBlock","Perseverance+1","FlurryOfBlows","REME_FirmDetermination+1","CutThroughFate","Bite","Bite","Bite","Bite","Bite","Mind Blast+1","MarkedMod:FirstStrike","Devotion","PathToVictory","Judgement","Swivel","Dramatic Entrance","Prostrate","FlurryOfBlows+1","TalkToTheHand","Tantrum","TalkToTheHand+1","Evaluate+1","Omniscience+1","FollowUp","FearNoEvil"],"relics":["PureWater","testmod-TestBox","REME_ComplimentaryCards","testmod-Brilliant","SecretRecord","SecretRecord","AddBug","SecretRecord","SecretRecord","Smiling Mask","GodSword3","testmod-SaigiyounoYou","SecretRecord","CeramicFish","Vajra","MawBank","MealTicket","Prayer Wheel","Membership Card","REME_ArchaeologicalTools","Akabeko","testmod-IndustrialRevolution"],"acts_visited":["Exordium","TheCity","TheBeyond","TheEnding"],"potions_floor_usage":[10,16,16,27,33,39,55],"damage_taken":[{"damage":0.0,"enemies":"2 Louse","floor":1.0,"turns":1.0},{"damage":0.0,"enemies":"Jaw Worm","floor":4.0,"turns":3.0},{"damage":0,"enemies":"3 Sentries","floor":6,"turns":2},{"damage":0,"enemies":"Small Slimes","floor":8,"turns":3},{"damage":0,"enemies":"Exordium Thugs","floor":10,"turns":4},{"damage":30,"enemies":"Gremlin Nob","floor":11,"turns":4},{"damage":0,"enemies":"3 Louse","floor":14,"turns":1},{"damage":28,"enemies":"The Guardian","floor":16,"turns":5},{"damage":0,"enemies":"Spheric Guardian","floor":18,"turns":3},{"damage":0,"enemies":"Shell Parasite","floor":21,"turns":4},{"damage":0,"enemies":"Book of Stabbing","floor":27,"turns":3},{"damage":0,"enemies":"3 Cultists","floor":31,"turns":1},{"damage":24,"enemies":"Champ","floor":33,"turns":3},{"damage":0,"enemies":"3 Shapes","floor":35,"turns":1},{"damage":0,"enemies":"3 Darklings","floor":37,"turns":1},{"damage":0,"enemies":"Transient","floor":39,"turns":5},{"damage":4,"enemies":"Nemesis","floor":40,"turns":2},{"damage":0,"enemies":"Reptomancer","floor":42,"turns":2},{"damage":0,"enemies":"Nemesis","floor":44,"turns":3},{"damage":0,"enemies":"Mind Bloom Boss Battle","floor":46,"turns":1},{"damage":0,"enemies":"Maw","floor":47,"turns":1},{"damage":0,"enemies":"Time Eater","floor":50,"turns":2},{"damage":0,"enemies":"Shield and Spear","floor":54,"turns":1},{"damage":40,"enemies":"The Heart","floor":55,"turns":4}],"seed_played":"4421535452157245223","potions_obtained":[{"floor":6,"key":"StancePotion"},{"floor":8,"key":"DuplicationPotion"},{"floor":11,"key":"Weak Potion"},{"floor":14,"key":"Dexterity Potion"},{"floor":16,"key":"Dexterity Potion"},{"floor":18,"key":"Weak Potion"},{"floor":20,"key":"ColorlessPotion"},{"floor":20,"key":"Energy Potion"},{"floor":20,"key":"PowerPotion"},{"floor":36,"key":"Ancient Potion"},{"floor":39,"key":"Fruit Juice"},{"floor":42,"key":"Explosive Potion"}],"is_trial":false,"path_per_floor":["M","?","?","M","?","E","R","M","T","M","E","?","$","M","R","B",null,"M","?","?","M","?","R","$","?","T","E","?","R","$","M","R","B",null,"M","?","M","$","M","E","R","E","T","E","$","?","M","?","R","B",null,"R","$","E","B",null],"character_chosen":"WATCHER","items_purchased":["REME_FirmDetermination","REME_FirmDetermination","Mind Blast","MarkedMod:FirstStrike","Devotion","Dramatic Entrance","Prostrate","Tantrum","Membership Card","REME_ArchaeologicalTools","Akabeko","FollowUp","FearNoEvil"],"campfire_rested":0,"item_purchase_floors":[7,23,29,30,30,38,38,45,53,53,53,53,53],"current_hp_per_floor":[92,102,112,122,132,142,152,162,172,182,162,172,182,192,202,184,252,262,272,282,292,302,312,322,332,342,352,256,266,276,286,296,288,316,326,336,346,356,371,381,391,401,411,421,431,441,451,461,471,481,491,501,511,521,528],"gold":126,"neow_bonus":"ONE_RANDOM_RARE_CARD","is_daily":false,"chose_seed":false,"campfire_upgraded":4,"win_rate":0.0,"timestamp":1607681814,"path_taken":["M","?","?","M","?","E","R","M","T","?","E","?","?","M","R","BOSS","M","?","?","?","?","R","$","?","T","E","?","R","?","M","R","BOSS","M","?","M","?","M","E","R","E","T","E","$","?","M","?","R","BOSS","R","$","E","BOSS"],"items_purchased_type":["Card","Card","Card","Card","Card","Card","Card","Card","Relic","Relic","Relic","Card","Card"],"build_version":"2020-11-30","purchased_purges":5,"victory":true,"max_hp_per_floor":[92,102,112,122,132,142,152,162,172,182,192,202,212,222,232,242,252,262,272,282,292,302,312,322,332,342,352,256,266,276,286,296,306,316,326,336,346,356,371,381,391,401,411,421,431,441,451,461,471,481,491,501,511,521,541],"card_choices":[{"not_picked":["Study","MarkedMod:FirstStrike"],"picked":"CrushJoints","floor":1.0},{"not_picked":["Study","FearNoEvil"],"picked":"Weave","floor":4.0},{"not_picked":["BowlingBash","MarkedMod:GentlePulse"],"picked":"REME_Repentance","floor":6},{"not_picked":["Wallop","SpiritShield"],"picked":"Prostrate","floor":8},{"not_picked":["EmptyFist","Prostrate"],"picked":"PathToVictory","floor":10},{"not_picked":["Wallop","EmptyBody"],"picked":"MarkedMod:GracefulMovements","floor":11},{"not_picked":["Prostrate","CrushJoints"],"picked":"FlurryOfBlows","floor":14},{"not_picked":["ConjureBlade","MarkedMod:NorthStar"],"picked":"MarkedMod:ChiBlock","floor":16},{"not_picked":["CrushJoints+1","EmptyBody"],"picked":"Perseverance+1","floor":18},{"not_picked":["SandsOfTime","REME_Repentance"],"picked":"FlurryOfBlows","floor":21},{"not_picked":["Meditate","Study+1"],"picked":"CutThroughFate","floor":27},{"not_picked":["Evaluate","Collect"],"picked":"PathToVictory","floor":31},{"not_picked":["Blasphemy","MarkedMod:SlowDance"],"picked":"Judgement","floor":33},{"not_picked":["Halt","Evaluate","Worship"],"picked":"SKIP","floor":35},{"not_picked":["ClearTheMind+1","Crescendo"],"picked":"Swivel","floor":37},{"not_picked":["CrushJoints+1","Weave+1"],"picked":"FlurryOfBlows+1","floor":39},{"not_picked":["CrushJoints","Prostrate","EmptyFist+1"],"picked":"SKIP","floor":40},{"not_picked":["EmptyMind","MarkedMod:GentlePulse+1","ThirdEye+1"],"picked":"SKIP","floor":42},{"not_picked":["BowlingBash+1","REME_Repentance"],"picked":"TalkToTheHand","floor":44},{"not_picked":["Sanctity","DeceiveReality+1"],"picked":"TalkToTheHand+1","floor":46},{"not_picked":["JustLucky","Judgement"],"picked":"Evaluate+1","floor":47},{"not_picked":["CarveReality","SignatureMove","Adaptation"],"picked":"SKIP","floor":47},{"not_picked":["Evaluate+1","Consecrate","Pray"],"picked":"SKIP","floor":54}],"player_experience":435994,"relics_obtained":[{"floor":1.0,"key":"AddBug"},{"floor":6,"key":"CloakClasp"},{"floor":11,"key":"Pen Nib"},{"floor":16,"key":"SecretRecord"},{"floor":18,"key":"SecretRecord"},{"floor":18,"key":"SecretRecord"},{"floor":26,"key":"Smiling Mask"},{"floor":27,"key":"GodSword3"},{"floor":35,"key":"SecretRecord"},{"floor":40,"key":"CeramicFish"},{"floor":42,"key":"Vajra"},{"floor":43,"key":"MawBank"},{"floor":44,"key":"MealTicket"},{"floor":46,"key":"Prayer Wheel"},{"floor":54,"key":"testmod-IndustrialRevolution"}],"event_choices":[{"damage_healed":0.0,"max_hp_gain":0.0,"max_hp_loss":0.0,"gold_gain":0.0,"event_name":"Scrap Ooze","player_choice":"Fled","floor":2.0,"gold_loss":0.0,"damage_taken":0.0},{"damage_healed":0.0,"max_hp_gain":0.0,"max_hp_loss":0.0,"gold_gain":0.0,"cards_transformed":["Scrawl"],"event_name":"Living Wall","player_choice":"Change","floor":3.0,"gold_loss":0.0,"damage_taken":0.0,"cards_obtained":["EmptyMind"]},{"damage_healed":0,"gold_gain":0,"player_choice":"Cursed","damage_taken":0,"max_hp_gain":0,"max_hp_loss":0,"event_name":"Wheel of Change","floor":5,"gold_loss":0,"cards_obtained":["Decay"]},{"damage_healed":0,"gold_gain":0,"player_choice":"Ignored","damage_taken":0,"max_hp_gain":0,"max_hp_loss":0,"event_name":"NoteForYourself","floor":12,"gold_loss":0},{"damage_healed":0,"gold_gain":0,"player_choice":"Got Potions","damage_taken":0,"max_hp_gain":0,"max_hp_loss":0,"event_name":"Lab","floor":20,"gold_loss":0},{"damage_healed":0,"gold_gain":999,"player_choice":"Sell","damage_taken":0,"max_hp_gain":0,"max_hp_loss":0,"event_name":"恩洛斯的盘子","floor":22,"relics_lost":["AddBug"],"gold_loss":0},{"damage_healed":0,"gold_gain":0,"player_choice":"Ignored","damage_taken":0,"max_hp_gain":0,"max_hp_loss":0,"event_name":"The Mausoleum","floor":25,"gold_loss":0},{"damage_healed":0,"gold_gain":0,"player_choice":"Became a vampire","damage_taken":0,"max_hp_gain":0,"max_hp_loss":106,"event_name":"Vampires","floor":28,"gold_loss":0,"cards_obtained":["Bite","Bite","Bite","Bite","Bite"]},{"damage_healed":0,"gold_gain":0,"player_choice":"Bought 1 Potion","damage_taken":0,"max_hp_gain":0,"max_hp_loss":0,"event_name":"The Woman in Blue","floor":36,"gold_loss":0},{"damage_healed":0,"gold_gain":0,"player_choice":"Fight","damage_taken":0,"max_hp_gain":0,"max_hp_loss":0,"event_name":"MindBloom","floor":46,"gold_loss":0},{"damage_healed":0,"gold_gain":0,"cards_transformed":["Defend_P"],"player_choice":"Transformed","damage_taken":0,"max_hp_gain":0,"max_hp_loss":0,"event_name":"Transmorgrifier","floor":48,"gold_loss":0,"cards_obtained":["Omniscience"]}],"is_beta":false,"boss_relics":[{"not_picked":["testmod-EnergyCheck","Pandora\u0027s Box"],"picked":"AddBug"},{"not_picked":["Empty Cage","Runic Pyramid"],"picked":"testmod-SaigiyounoYou"}],"items_purged_floors":[7,23,29,30,38],"is_endless":false,"potions_floor_spawned":[6,8,11,14,16,18,39,42],"ascension_level":1}}