{"host":"afww3gc9iwbqhb2m","time":1607705973,"event":{"mods":["AchievementEnabler","BaseMod","Bestiary","Better Altar","Better Match","Better Note","Better Sensory Stone","Better Skull","Better Third Choice","BetterRewards","Colored Map","Colored Powertips","Custom Start","Minty Spire (QoL Compilation)","Permanent Neow","Quick Restart","Rare Cards Sparkle","Relic Filter","Relic Stats","Spicy Shops","StSLib","Uncapped"],"gold_per_floor":[119,131,151,151,200,234,259,259,259],"floor_reached":8,"playtime":433,"items_purged":[],"score":58,"play_id":"b3e078a6-925c-45f1-899c-09647b0d16bd","local_time":"20201211115933","is_ascension_mode":false,"campfire_choices":[],"circlet_count":0,"master_deck":["Strike_B","Strike_B","Strike_B","Strike_B","Defend_B","Defend_B","Defend_B","Defend_B","Zap","Dualcast","Ball Lightning","Barrage","Barrage","Ball Lightning","Leap"],"relics":["Cracked Core","Juzu Bracelet","Golden Idol","PreservedInsect","Mummified Hand"],"acts_visited":["Exordium"],"potions_floor_usage":[],"damage_taken":[{"damage":6,"enemies":"Cultist","floor":1,"turns":4},{"damage":6,"enemies":"Jaw Worm","floor":2,"turns":3},{"damage":7,"enemies":"2 Louse","floor":3,"turns":2},{"damage":26,"enemies":"Lagavulin","floor":6,"turns":4},{"damage":6,"enemies":"Exordium Thugs","floor":7,"turns":3},{"damage":7,"enemies":"Gremlin Nob","floor":8,"turns":2}],"seed_played":"6927696743850161365","potions_obtained":[{"floor":3,"key":"LiquidBronze"}],"is_trial":false,"path_per_floor":["M","M","M","?","T","E","M","E"],"character_chosen":"DEFECT","items_purchased":[],"campfire_rested":0,"item_purchase_floors":[],"current_hp_per_floor":[69,63,56,38,38,12,6,0,0],"gold":259,"neow_bonus":"RANDOM_COMMON_RELIC","is_daily":false,"chose_seed":false,"campfire_upgraded":0,"win_rate":0.0,"timestamp":1607705973,"path_taken":["M","M","M","?","?","E","M","E"],"items_purchased_type":[],"build_version":"2020-11-30","purchased_purges":0,"victory":false,"max_hp_per_floor":[75,75,75,75,75,75,75,75,75],"relic_stats":{"counters":[6,18],"Golden Idol":12,"Mummified Hand":[0],"PreservedInsect":50,"Juzu Bracelet":0,"obtain_stats":[{"Golden Idol":4,"Mummified Hand":6,"PreservedInsect":5,"Juzu Bracelet":0,"Cracked Core":0},{"Golden Idol":3,"Mummified Hand":4,"PreservedInsect":3,"Juzu Bracelet":0,"Cracked Core":0},{"Golden Idol":9,"Mummified Hand":13,"PreservedInsect":9,"Juzu Bracelet":0,"Cracked Core":0}]},"card_choices":[{"not_picked":["Stack","Capacitor"],"picked":"Ball Lightning","floor":1},{"not_picked":["Compile Driver","Self Repair"],"picked":"Barrage","floor":2},{"not_picked":["Steam","Hologram"],"picked":"Barrage","floor":3},{"not_picked":["Streamline","Multi-Cast"],"picked":"Ball Lightning","floor":6},{"not_picked":["Hologram","Coolheaded"],"picked":"Leap","floor":7}],"player_experience":80291,"relics_obtained":[{"floor":5,"key":"PreservedInsect"},{"floor":6,"key":"Mummified Hand"}],"event_choices":[{"damage_healed":0,"gold_gain":0,"player_choice":"Take Damage","damage_taken":18,"relics_obtained":["Golden Idol"],"max_hp_gain":0,"max_hp_loss":0,"event_name":"Golden Idol","floor":4,"gold_loss":0}],"is_beta":false,"boss_relics":[],"items_purged_floors":[],"is_endless":false,"potions_floor_spawned":[3],"killed_by":"Gremlin Nob","ascension_level":0}}