{"host":"3a1sbpq1iuwiesnh","time":1607680102,"event":{"mods":["AchievementEnabler","BaseMod","Colored Map","Colored Powertips","KOR Keyword Fix","Minty Spire (QoL Compilation)","Rare Cards Sparkle","Relic Stats","SuperFastMode","everything is the same but u backflip on backflip"],"gold_per_floor":[119,269,194,205,224,255,275,94,162,192,192,192,192,202,202,283,283,306,306,315,24,47,89,89,9,85,119,119,140,24,41,41,126,126,154,154,4,24,24,24,24,24],"floor_reached":41,"playtime":1507,"items_purged":["Doubt","Strike_G","Decay","Strike_G"],"score":1124,"play_id":"15015454-e448-4e32-a1f8-703c7ce2e4a2","local_time":"20201211184822","is_ascension_mode":true,"campfire_choices":[{"data":"Noxious Fumes","floor":11.0,"key":"SMITH"},{"data":"Deadly Poison","floor":13,"key":"SMITH"},{"data":"Neutralize","floor":15,"key":"SMITH"},{"data":"Acrobatics","floor":24,"key":"SMITH"},{"data":"Leg Sweep","floor":28,"key":"SMITH"},{"data":"Bouncing Flask","floor":32,"key":"SMITH"},{"data":"Crippling Poison","floor":40,"key":"SMITH"}],"circlet_count":0,"master_deck":["AscendersBane","Strike_G","Defend_G","Defend_G","Defend_G","Defend_G","Defend_G","Survivor","Neutralize+1","Glass Knife","Deadly Poison+1","Dagger Spray","Acrobatics+1","Noxious Fumes+1","After Image+1","Caltrops+1","Backstab+1","Poisoned Stab+1","Leg Sweep+1","Backflip","Bouncing Flask+1","A Thousand Cuts+1","Crippling Poison+1","Calculated Gamble+1"],"relics":["Ring of the Snake","Thread and Needle","Frozen Egg 2","CeramicFish","Coffee Dripper","Medical Kit","Snake Skull","Kunai","Tiny Chest","HoveringKite"],"acts_visited":["Exordium","TheCity","TheBeyond"],"potions_floor_usage":[22,23,27,31],"damage_taken":[{"damage":1.0,"enemies":"Small Slimes","floor":1.0,"turns":4.0},{"damage":0.0,"enemies":"2 Louse","floor":4.0,"turns":2.0},{"damage":0.0,"enemies":"Jaw Worm","floor":5.0,"turns":5.0},{"damage":22.0,"enemies":"Gremlin Nob","floor":6.0,"turns":4.0},{"damage":0.0,"enemies":"3 Louse","floor":7.0,"turns":3.0},{"damage":6.0,"enemies":"3 Sentries","floor":10.0,"turns":6.0},{"damage":0,"enemies":"Looter","floor":14,"turns":3},{"damage":0,"enemies":"Hexaghost","floor":16,"turns":9},{"damage":6,"enemies":"Spheric Guardian","floor":18,"turns":6},{"damage":6,"enemies":"Chosen","floor":22,"turns":6},{"damage":28,"enemies":"Gremlin Leader","floor":23,"turns":7},{"damage":0,"enemies":"Book of Stabbing","floor":27,"turns":4},{"damage":13,"enemies":"Centurion and Healer","floor":29,"turns":7},{"damage":0,"enemies":"3 Cultists","floor":31,"turns":5},{"damage":0,"enemies":"Champ","floor":33,"turns":12},{"damage":0,"enemies":"3 Shapes","floor":35,"turns":4},{"damage":11,"enemies":"3 Darklings","floor":38,"turns":6},{"damage":45,"enemies":"Giant Head","floor":41,"turns":6}],"seed_played":"-4471436930081780511","potions_obtained":[{"floor":1.0,"key":"Explosive Potion"},{"floor":4.0,"key":"FearPotion"},{"floor":7.0,"key":"Energy Potion"},{"floor":14,"key":"DuplicationPotion"},{"floor":18,"key":"Energy Potion"},{"floor":29,"key":"Ancient Potion"},{"floor":33,"key":"AttackPotion"},{"floor":38,"key":"GamblersBrew"}],"is_trial":false,"path_per_floor":["M","?","$","M","M","E","M","$","T","E","R","?","R","M","R","B",null,"M","?","?","$","M","E","R","$","T","E","R","M","$","M","R","B",null,"M","?","$","M","?","R","E"],"character_chosen":"THE_SILENT","items_purchased":["Noxious Fumes","Medical Kit","DistilledChaos","Regen Potion","Bouncing Flask"],"campfire_rested":0,"item_purchase_floors":[8,21,25,30,30],"current_hp_per_floor":[58,58,58,58,58,36,36,36,36,30,30,30,30,30,30,30,57,51,51,51,51,45,17,17,17,17,17,17,4,4,19,19,19,54,54,54,54,43,43,43,0,0],"gold":24,"neow_bonus":"ONE_RANDOM_RARE_CARD","is_daily":false,"chose_seed":false,"campfire_upgraded":7,"win_rate":0.0,"timestamp":1607680102,"path_taken":["M","?","$","M","M","E","M","$","T","E","R","?","R","M","R","BOSS","M","?","?","$","M","E","R","?","T","E","R","M","$","M","R","BOSS","M","?","$","M","?","R","E"],"items_purchased_type":["Card","Relic","Potion","Potion","Card"],"build_version":"2020-11-30","purchased_purges":4,"victory":false,"max_hp_per_floor":[66,66,66,66,66,66,66,66,66,66,66,66,66,66,66,66,66,66,66,66,66,66,66,66,66,66,66,66,66,66,66,66,66,66,66,66,66,66,66,66,66,66],"relic_stats":{"counters":[18,99],"CeramicFish":99,"HoveringKite":[4],"Tiny Chest":0,"Snake Skull":[96],"Kunai":[7],"Medical Kit":[2],"obtain_stats":[{"CeramicFish":10,"HoveringKite":34,"Thread and Needle":6,"Tiny Chest":27,"Snake Skull":23,"Coffee Dripper":17,"Kunai":26,"Frozen Egg 2":9,"Medical Kit":21,"Ring of the Snake":0},{"CeramicFish":6,"HoveringKite":15,"Thread and Needle":4,"Tiny Chest":12,"Snake Skull":11,"Coffee Dripper":8,"Kunai":11,"Frozen Egg 2":5,"Medical Kit":9,"Ring of the Snake":0},{"CeramicFish":24,"HoveringKite":83,"Thread and Needle":15,"Tiny Chest":59,"Snake Skull":55,"Coffee Dripper":36,"Kunai":55,"Frozen Egg 2":18,"Medical Kit":42,"Ring of the Snake":0}],"Ring of the Snake":[36]},"card_choices":[{"not_picked":["Calculated Gamble","Caltrops"],"picked":"Deadly Poison","floor":1.0},{"not_picked":["Poisoned Stab","Blade Dance"],"picked":"Dagger Spray","floor":4.0},{"not_picked":["Dagger Spray","Prepared","Poisoned Stab"],"picked":"SKIP","floor":5.0},{"not_picked":["Predator","Concentrate","Slice"],"picked":"SKIP","floor":6.0},{"not_picked":["PiercingWail","Backflip","Acrobatics"],"picked":"SKIP","floor":7.0},{"not_picked":["PiercingWail","Backflip"],"picked":"Acrobatics","floor":7.0},{"not_picked":["Backflip","Night Terror","Cloak And Dagger"],"picked":"SKIP","floor":10.0},{"not_picked":["Acrobatics","Backstab","Cloak And Dagger"],"picked":"SKIP","floor":14},{"not_picked":["Night Terror","Glass Knife"],"picked":"After Image+1","floor":16},{"not_picked":["Sucker Punch+1","Slice"],"picked":"Caltrops+1","floor":18},{"not_picked":["Terror","Leg Sweep"],"picked":"Backstab+1","floor":22},{"not_picked":["Sucker Punch","Cloak And Dagger"],"picked":"Poisoned Stab+1","floor":23},{"not_picked":["Well Laid Plans+1","Choke"],"picked":"Leg Sweep","floor":27},{"not_picked":["Deflect","Deadly Poison"],"picked":"Backflip","floor":29},{"not_picked":["Underhanded Strike","Distraction","Quick Slash"],"picked":"SKIP","floor":31},{"not_picked":["Bullet Time","Grand Finale"],"picked":"A Thousand Cuts+1","floor":33},{"not_picked":["Escape Plan","Dagger Spray+1"],"picked":"Crippling Poison","floor":35},{"not_picked":["Underhanded Strike+1","Footwork+1"],"picked":"Calculated Gamble+1","floor":38}],"player_experience":543795,"relics_obtained":[{"floor":6.0,"key":"Thread and Needle"},{"floor":9.0,"key":"Frozen Egg 2"},{"floor":10.0,"key":"CeramicFish"},{"floor":23,"key":"Snake Skull"},{"floor":26,"key":"Kunai"},{"floor":27,"key":"Tiny Chest"}],"event_choices":[{"damage_healed":0.0,"max_hp_gain":0.0,"max_hp_loss":0.0,"gold_gain":150.0,"event_name":"Liars Game","player_choice":"AGREE","floor":2.0,"gold_loss":0.0,"damage_taken":0.0,"cards_obtained":["Doubt"]},{"cards_removed":["Strike_G"],"damage_healed":0,"gold_gain":0,"player_choice":"Forget","damage_taken":0,"max_hp_gain":0,"max_hp_loss":0,"event_name":"Living Wall","floor":12,"gold_loss":0},{"damage_healed":0,"gold_gain":0,"player_choice":"Ignored","damage_taken":0,"max_hp_gain":0,"max_hp_loss":0,"event_name":"Ghosts","floor":19,"gold_loss":0},{"damage_healed":0,"gold_gain":0,"player_choice":"Smashed Altar","damage_taken":0,"max_hp_gain":0,"max_hp_loss":0,"event_name":"Forgotten Altar","floor":20,"gold_loss":0,"cards_obtained":["Decay"]},{"damage_healed":0,"gold_gain":0,"player_choice":"Memory 1","damage_taken":0,"max_hp_gain":0,"max_hp_loss":0,"event_name":"SensoryStone","floor":36,"gold_loss":0},{"cards_removed":["Strike_G"],"damage_healed":0,"gold_gain":0,"player_choice":"Purged","damage_taken":0,"max_hp_gain":0,"max_hp_loss":0,"event_name":"Purifier","floor":39,"gold_loss":0}],"is_beta":false,"boss_relics":[{"not_picked":["Calling Bell","Ectoplasm"],"picked":"Coffee Dripper"},{"not_picked":["Tiny House","Runic Dome"],"picked":"HoveringKite"}],"items_purged_floors":[3,8,21,37],"is_endless":false,"potions_floor_spawned":[1,4,7,14,18,29,33,38],"killed_by":"Giant Head","ascension_level":20}}