{"host":"svwqvw2il1zfkkg0","time":1607651921,"event":{"mods":["AchievementEnabler","BaseMod","BetterRewards","Colored Map","Colored Powertips","Custom Start","Downfall","GifTheSpireLib","Highlight Path","Hubris","Infinite Spire","Minty Spire (QoL Compilation)","Quick Restart","Replay The Spire","Shop Mod","StSLib","SuperFastMode"],"gold_per_floor":[361,45,59,72,91,91,109,109,164,189,205,240,240,254,254,359,359,371,385,385,400,24,40,40,67,94,94,94,34,51,66,66,168,168,187,187,201,79,79,79,104,0,0,0,13,13,30,89,89,89],"floor_reached":51,"playtime":1390,"items_purged":["Normality","Shame"],"score":664,"play_id":"3db23876-0d2b-4c24-b71b-b74d6a54b6ac","local_time":"20201210175841","is_ascension_mode":false,"campfire_choices":[{"floor":6,"key":"REST"},{"data":"Cloak And Dagger","floor":8,"key":"SMITH"},{"data":"Blade Dance","floor":15,"key":"SMITH"},{"floor":24,"key":"REST"},{"floor":27,"key":"REST"},{"floor":32,"key":"REST"},{"floor":40,"key":"REST"},{"data":"Heavy Blade","floor":44,"key":"SMITH"},{"floor":46,"key":"REST"},{"data":"A Thousand Cuts","floor":49,"key":"SMITH"}],"circlet_count":0,"master_deck":["Strike_G","Strike_G","Strike_G","Strike_G","Strike_G","Defend_G","Defend_G","Defend_G","Defend_G","Defend_G","Survivor","Neutralize","Blade Dance+1","Cloak And Dagger+1","Die Die Die+1","Die Die Die+1","Riddle With Holes","Replay:Bag of Tricks+1","Hidden Blade","Flying Knee","Endless Agony","Quick Slash","Dagger Spray","Dagger Spray","Blade Dance","A Thousand Cuts+1","Heavy Blade+1","Endless Agony","Hidden Blade+1","Phantasmal Killer","hubris:Gluttony","Parasite","Endless Agony+1","Blade Dance+1","hubris:Disease"],"relics":["Ring of the Snake","Orichalcum","Potion Belt","The Courier","Oddly Smooth Stone","hubris:CrackedHourglass","Replay:Towering Pillar of Hats","Cursed Key","Shuriken","Guide Book","hubris:ToyBattleship","Toy Ornithopter","hubris:VirtuousBlindfold","Golden Egg","Red Mask","hubris:DisguiseKit","Nunchaku"],"acts_visited":["Exordium","TheCity","TheBeyond"],"potions_floor_usage":[10,12,12,33,33,33,41,41,50,50],"damage_taken":[{"damage":1,"enemies":"Cultist","floor":1,"turns":4},{"damage":1,"enemies":"2 Louse","floor":3,"turns":2},{"damage":5,"enemies":"Jaw Worm","floor":4,"turns":2},{"damage":2,"enemies":"Looter","floor":5,"turns":2},{"damage":0,"enemies":"Exordium Wildlife","floor":7,"turns":1},{"damage":0,"enemies":"3 Sentries","floor":10,"turns":2},{"damage":0,"enemies":"Large Slime","floor":11,"turns":4},{"damage":5,"enemies":"Replay:BlueRogue","floor":12,"turns":4},{"damage":2,"enemies":"2 Fungi Beasts","floor":14,"turns":2},{"damage":41,"enemies":"Hexaghost","floor":16,"turns":11},{"damage":0,"enemies":"Spheric Guardian","floor":18,"turns":3},{"damage":15,"enemies":"Shell Parasite","floor":19,"turns":3},{"damage":5,"enemies":"3 Cultists","floor":21,"turns":4},{"damage":17,"enemies":"Shelled Parasite and Fungi","floor":23,"turns":3},{"damage":0,"enemies":"Chosen and Byrds","floor":30,"turns":2},{"damage":23,"enemies":"Snake Plant","floor":31,"turns":3},{"damage":0,"enemies":"Pondfish","floor":33,"turns":4},{"damage":24,"enemies":"3 Shapes","floor":35,"turns":2},{"damage":1,"enemies":"Orb Walker","floor":37,"turns":2},{"damage":3,"enemies":"Giant Head","floor":41,"turns":3},{"damage":23,"enemies":"Writhing Mass","floor":45,"turns":4},{"damage":6,"enemies":"4 Shapes","floor":47,"turns":2},{"damage":29,"enemies":"Replay:Hell Engine","floor":50,"turns":5}],"seed_played":"1358493913808202292","potions_obtained":[{"floor":1,"key":"Strength Potion"},{"floor":5,"key":"GamblersBrew"},{"floor":10,"key":"BlessingOfTheForge"},{"floor":16,"key":"Guardian:BlockOnCardUsePotion"},{"floor":19,"key":"PowerPotion"},{"floor":21,"key":"PowerPotion"},{"floor":30,"key":"Adrenaline Potion"},{"floor":33,"key":"Venom Potion"},{"floor":37,"key":"Fire Potion"},{"floor":47,"key":"SkillPotion"},{"floor":48,"key":"Guardian:BlockOnCardUsePotion"}],"is_trial":false,"path_per_floor":["M","$","M","M","M","R","M","R","T","E","M","E","?","M","R","B",null,"M","M","AVR","M","$","M","R","T","T","R","?","$","M","M","R","B",null,"M","?","M","$","?","R","E","?","T","R","M","R","M","?","R","B",null],"character_chosen":"THE_SILENT","items_purchased":["Cloak And Dagger","Die Die Die","Orichalcum","Shuriken","Guide Book","EssenceOfSteel","Strength Potion"],"campfire_rested":6,"item_purchase_floors":[2,2,2,22,22,22,38],"current_hp_per_floor":[48,48,47,42,40,61,61,61,61,61,61,56,56,54,54,13,70,70,55,55,50,50,33,54,54,54,70,70,70,70,47,68,70,70,46,46,45,45,45,66,67,67,67,67,44,65,59,59,59,40],"gold":89,"neow_bonus":"TWO_FIFTY_GOLD","is_daily":false,"chose_seed":false,"campfire_upgraded":4,"win_rate":0.0,"timestamp":1607651921,"path_taken":["M","$","?","M","M","R","M","R","T","E","M","E","?","M","R","BOSS","M","M","AVR","M","$","M","R","?","T","R","?","?","M","M","R","BOSS","M","?","M","$","?","R","E","?","T","R","?","R","M","?","R","BOSS"],"items_purchased_type":["Card","Card","Relic","Relic","Relic","Potion","Potion"],"build_version":"2020-11-30","purchased_purges":2,"victory":true,"max_hp_per_floor":[70,70,70,70,70,70,70,70,70,70,70,70,70,70,70,70,70,70,70,70,70,70,70,70,70,70,70,70,70,70,70,70,70,70,70,70,70,70,70,70,70,70,70,70,70,70,70,70,70,70],"card_choices":[{"not_picked":["PiercingWail","Slice"],"picked":"Blade Dance","floor":1},{"not_picked":["Outmaneuver","Deflect"],"picked":"Riddle With Holes","floor":3},{"not_picked":["Well Laid Plans","Leg Sweep"],"picked":"Replay:Bag of Tricks","floor":4},{"not_picked":["Setup","Quick Slash"],"picked":"Hidden Blade","floor":5},{"not_picked":["Dash","Poisoned Stab"],"picked":"Flying Knee","floor":7},{"not_picked":["Quick Slash","Expertise"],"picked":"Endless Agony","floor":10},{"not_picked":["Bane","Skewer"],"picked":"Quick Slash","floor":11},{"not_picked":["Skewer","Malaise"],"picked":"Dagger Spray","floor":12},{"not_picked":["Slice","Quick Slash"],"picked":"Dagger Spray","floor":14},{"not_picked":["Escape Plan","hubris:SlightOfHand+1","Prepared"],"picked":"SKIP","floor":18},{"not_picked":["hubris:SlightOfHand+1","Phantasmal Killer"],"picked":"Blade Dance","floor":19},{"not_picked":["ReplayTheSpireMod:Exploit Weakness","Deflect"],"picked":"A Thousand Cuts","floor":21},{"not_picked":["Deflect","Blur+1","ReplayTheSpireMod:Shiv Toss"],"picked":"SKIP","floor":23},{"not_picked":["Poisoned Stab","Reflex"],"picked":"Endless Agony","floor":30},{"not_picked":["Outmaneuver","Leg Sweep"],"picked":"Hidden Blade+1","floor":31},{"not_picked":["Poison Darts","Envenom"],"picked":"Phantasmal Killer","floor":33},{"not_picked":["ReplayTheSpireMod:Tripwire","Bouncing Flask","Quick Slash"],"picked":"SKIP","floor":35},{"not_picked":["Dodge and Roll+1","Caltrops+1","Footwork"],"picked":"SKIP","floor":37},{"not_picked":["Dagger Throw+1","Wraith Form v2","Outmaneuver+1"],"picked":"SKIP","floor":41},{"not_picked":["Acrobatics","Sucker Punch+1","CutThroughFate"],"picked":"Endless Agony+1","floor":45},{"not_picked":["PiercingWail+1","Riddle With Holes+1","Weave"],"picked":"Blade Dance+1","floor":47}],"player_experience":360018,"relics_obtained":[{"floor":9,"key":"Potion Belt"},{"floor":10,"key":"The Courier"},{"floor":12,"key":"Oddly Smooth Stone"},{"floor":25,"key":"hubris:ToyBattleship"},{"floor":26,"key":"Toy Ornithopter"},{"floor":41,"key":"Golden Egg"},{"floor":43,"key":"hubris:DisguiseKit"},{"floor":48,"key":"Nunchaku"}],"event_choices":[{"damage_healed":0,"gold_gain":0,"player_choice":"Ignored","damage_taken":0,"max_hp_gain":0,"max_hp_loss":0,"event_name":"Purifier","floor":13,"gold_loss":0},{"damage_healed":0,"gold_gain":0,"player_choice":"Read","damage_taken":0,"max_hp_gain":0,"max_hp_loss":0,"event_name":"The Library","floor":28,"gold_loss":0,"cards_obtained":["Heavy Blade"]},{"damage_healed":0,"gold_gain":0,"player_choice":"Paid","damage_taken":0,"relics_obtained":["Red Mask"],"max_hp_gain":0,"max_hp_loss":0,"event_name":"Tomb of Lord Red Mask","floor":42,"gold_loss":104}],"is_beta":false,"boss_relics":[{"not_picked":["hubris:TerracottaHorce","Runic Dome"],"picked":"hubris:CrackedHourglass"},{"not_picked":["Astrolabe","Pandora\u0027s Box"],"picked":"hubris:VirtuousBlindfold"}],"items_purged_floors":[29,38],"is_endless":false,"potions_floor_spawned":[1,5,10,16,19,21,30,33,37,47],"ascension_level":0}}