{"host":"agela5aetnmltfvm","time":1607705205,"event":{"mods":["BaseMod","Colored Map","Jorbs\u0027s Wanderer Trilogy","Lobotomy","Minty Spire (QoL Compilation)","Replay The Spire","StSLib","The Hierophant","The Jungle","The Runesmith"],"gold_per_floor":[11,26,26,39,50,50,83,83,83,148,148,163,10,37,91,189,189,209,229,32,46,64,64,95,107,134,134,134,147,163,163,163,268,268,280,295,315,330,67,67,86,100,124,2,14,33,68,68,68],"floor_reached":48,"playtime":2481,"items_purged":["Runesmith:Strike_RS","Runesmith:Strike_RS","Runesmith:RuneHurl"],"score":515,"play_id":"f5acd006-944b-43d8-be4e-ea8f534bc5cf","local_time":"20201212004645","is_ascension_mode":false,"campfire_choices":[{"data":"Runesmith:Fortify","floor":6,"key":"SMITH"},{"data":"Runesmith:CraftIndustria","floor":8,"key":"SMITH"},{"floor":23,"key":"REST"},{"floor":28,"key":"REST"},{"floor":32,"key":"REST"},{"data":"Runesmith:MetallurgicalResearch","floor":40,"key":"SMITH"}],"circlet_count":0,"master_deck":["Runesmith:Strike_RS","Runesmith:Defend_RS","Runesmith:Defend_RS","Runesmith:Defend_RS","Runesmith:Defend_RS","Runesmith:CraftFirestone","Runesmith:Fortify+1","Runesmith:ChaoticBlast","Runesmith:Firewall","Runesmith:Superposition","Runesmith:CraftIndustria+1","Runesmith:LithiumIon","Runesmith:CraftProtectio","Runesmith:LithiumIon","Runesmith:EarthShield","Runesmith:ArcReactor","Runesmith:Firestorm","Runesmith:ArcReactor","Runesmith:Retool","Runesmith:Discharge","Runesmith:MetallurgicalResearch+1","Runesmith:CraftIncendium","Runesmith:CraftIndustria+1","Runesmith:Supernova","Runesmith:ChaoticBlast","Runesmith:ChaoticBlast","Runesmith:BackupBattery+1","Runesmith:Permafrost","Runesmith:OneForEveryone"],"relics":["Runesmith:BrokenRuby","Thread and Needle","Gremlin Horn","Mirror","Pantograph","Dream Catcher","Odd Mushroom","Painkiller Herb","DollysMirror","MealTicket","Smiling Mask","Busted Crown","Runesmith:MiniCore","Art of War"],"acts_visited":["Exordium","TheCity","TheBeyond"],"potions_floor_usage":[10,12,16,16,24,24,29,41,42,46],"damage_taken":[{"damage":2,"enemies":"2 Louse","floor":1,"turns":3},{"damage":10,"enemies":"Jaw Worm","floor":2,"turns":5},{"damage":0,"enemies":"Cultist","floor":4,"turns":4},{"damage":0,"enemies":"Gremlin Gang","floor":5,"turns":6},{"damage":0,"enemies":"Gremlin Nob","floor":7,"turns":5},{"damage":0,"enemies":"3 Sentries","floor":10,"turns":7},{"damage":0,"enemies":"3 Louse","floor":12,"turns":1},{"damage":9,"enemies":"The Mushroom Lair","floor":14,"turns":3},{"damage":26,"enemies":"Hexaghost","floor":16,"turns":10},{"damage":23,"enemies":"Shell Parasite","floor":18,"turns":7},{"damage":7,"enemies":"3 Byrds","floor":19,"turns":7},{"damage":6,"enemies":"Snake Plant","floor":21,"turns":5},{"damage":26,"enemies":"Shelled Parasite and Fungi","floor":22,"turns":8},{"damage":7,"enemies":"Book of Stabbing","floor":24,"turns":5},{"damage":15,"enemies":"Centurion and Healer","floor":25,"turns":7},{"damage":8,"enemies":"Snake Plant","floor":29,"turns":5},{"damage":4,"enemies":"Shelled Parasite and Fungi","floor":30,"turns":7},{"damage":5,"enemies":"Collector","floor":33,"turns":6},{"damage":4,"enemies":"3 Darklings","floor":35,"turns":7},{"damage":16,"enemies":"3 Shapes","floor":36,"turns":3},{"damage":0,"enemies":"Sphere and 2 Shapes","floor":37,"turns":6},{"damage":8,"enemies":"Maw","floor":38,"turns":8},{"damage":21,"enemies":"Jaw Worm Horde","floor":41,"turns":4},{"damage":39,"enemies":"Spire Growth","floor":42,"turns":5},{"damage":5,"enemies":"4 Shapes","floor":45,"turns":5},{"damage":0,"enemies":"Maw","floor":46,"turns":8},{"damage":34,"enemies":"Nemesis","floor":47,"turns":7},{"damage":23,"enemies":"Spire Growth","floor":48,"turns":3}],"seed_played":"-2580928255576409402","potions_obtained":[{"floor":2,"key":"LiquidBronze"},{"floor":4,"key":"EssenceOfSteel"},{"floor":5,"key":"Explosive Potion"},{"floor":14,"key":"ColorlessPotion"},{"floor":19,"key":"LiquidBronze"},{"floor":22,"key":"Block Potion"},{"floor":25,"key":"SkillPotion"},{"floor":36,"key":"SmokeBomb"},{"floor":38,"key":"Regen Potion"},{"floor":42,"key":"SkillPotion"},{"floor":47,"key":"LiquidMemories"}],"is_trial":false,"path_per_floor":["M","M","?","M","M","R","E","R","T","?","T","M","$","?","R_BF","B",null,"?","?","T","?","?","T","E","?","T","?","T","?","?","?","T","B",null,"?","?","?","?","T","T","?","?","T","T","?","?","E","?"],"character_chosen":"RUNESMITH_CLASS","items_purchased":["Runesmith:LithiumIon","DollysMirror","Runesmith:RuneHurl","Runesmith:ChaoticBlast","FairyPotion","Block Potion","Runesmith:Permafrost"],"campfire_rested":3,"item_purchase_floors":[13,20,20,39,39,39,44],"current_hp_per_floor":[68,58,58,58,58,58,58,58,58,58,58,58,58,49,49,44,70,47,40,40,34,8,29,22,7,7,7,28,20,16,16,37,57,70,66,50,50,42,57,57,36,9,9,24,19,19,21,0,0],"gold":68,"neow_bonus":"ONE_RARE_RELIC","is_daily":false,"chose_seed":false,"campfire_upgraded":3,"win_rate":0.0,"timestamp":1607705205,"path_taken":["M","M","?","M","M","R","E","R","T","?","?","M","?","?","R_BF","BOSS","?","?","T","?","?","T","E","?","T","?","T","?","?","?","T","BOSS","?","?","?","?","T","T","?","?","T","T","?","?","E","?"],"items_purchased_type":["Card","Relic","Card","Card","Potion","Potion","Card"],"build_version":"2020-11-30","purchased_purges":3,"victory":false,"max_hp_per_floor":[70,70,70,70,70,70,70,70,70,70,70,70,70,70,70,70,70,70,70,70,70,70,70,70,70,70,70,70,70,70,70,70,70,70,70,70,70,70,70,70,70,70,70,70,70,70,70,70,70],"card_choices":[{"not_picked":["Runesmith:UnstableHammer","Runesmith:BackupBattery"],"picked":"Runesmith:ChaoticBlast","floor":1},{"not_picked":["Runesmith:ElementalConversion","Runesmith:PoweredAnvil"],"picked":"Runesmith:Firewall","floor":2},{"not_picked":["Runesmith:ChargedHammer","Runesmith:HammerThrow","Runesmith:FieryHammer"],"picked":"SKIP","floor":4},{"not_picked":["Runesmith:MakeshiftArmor","Runesmith:CraftMagma"],"picked":"Runesmith:Superposition","floor":5},{"not_picked":["Runesmith:EarthShield","Runesmith:ShiftingStrike"],"picked":"Runesmith:CraftIndustria","floor":7},{"not_picked":["Runesmith:CraftVitae","Runesmith:EarthShield"],"picked":"Runesmith:LithiumIon","floor":10},{"not_picked":["Runesmith:NanitesCloud","Runesmith:ChargedHammer"],"picked":"Runesmith:CraftProtectio","floor":12},{"not_picked":["Runesmith:ShiftingStrike","Runesmith:StaticCage"],"picked":"Runesmith:EarthShield","floor":14},{"not_picked":["Runesmith:GenerateForcefield","Runesmith:LightningRod"],"picked":"Runesmith:ArcReactor","floor":16},{"not_picked":["Runesmith:HeatedChisel+1","Runesmith:ChaoticBlast","Runesmith:UnstableHammer"],"picked":"SKIP","floor":18},{"not_picked":["Runesmith:BackupBattery","Runesmith:HeatedChisel"],"picked":"Runesmith:Firestorm","floor":19},{"not_picked":["Runesmith:Firewall","Runesmith:CraftMagma"],"picked":"Runesmith:Retool","floor":21},{"not_picked":["Runesmith:CraftVitae","Runesmith:HeatExchange","Runesmith:HammerThrow+1"],"picked":"SKIP","floor":22},{"not_picked":["Runesmith:StaticCage","Runesmith:Grindstone"],"picked":"Runesmith:Discharge","floor":23},{"not_picked":["Runesmith:MakeshiftArmor","Runesmith:Overpower","Runesmith:HammerTime"],"picked":"SKIP","floor":24},{"not_picked":["Runesmith:DoubleUp","Runesmith:Repurpose+1"],"picked":"Runesmith:MetallurgicalResearch","floor":25},{"not_picked":["Runesmith:CraftProtectio","Runesmith:HammerThrow","Runesmith:DoubleUp"],"picked":"SKIP","floor":29},{"not_picked":["Runesmith:CraftMagma","Runesmith:EnergizedChisel"],"picked":"Runesmith:CraftIncendium","floor":30},{"not_picked":["Runesmith:LastStand","Runesmith:DuctTape"],"picked":"Runesmith:Supernova","floor":33},{"not_picked":["Runesmith:ChiselStab"],"picked":"SKIP","floor":35},{"not_picked":["Runesmith:HeatExchange+1"],"picked":"SKIP","floor":36},{"not_picked":["Runesmith:ShiftingStrike"],"picked":"SKIP","floor":37},{"not_picked":["Runesmith:Repurpose"],"picked":"SKIP","floor":38},{"not_picked":[],"picked":"Runesmith:BackupBattery+1","floor":41},{"not_picked":["Runesmith:Grindstone+1"],"picked":"SKIP","floor":42},{"not_picked":[],"picked":"Runesmith:OneForEveryone","floor":45},{"not_picked":["Runesmith:ChiselStab+1"],"picked":"SKIP","floor":46},{"not_picked":["Runesmith:CraftMagma"],"picked":"SKIP","floor":47}],"player_experience":509229,"relics_obtained":[{"floor":7,"key":"Gremlin Horn"},{"floor":9,"key":"Mirror"},{"floor":10,"key":"Pantograph"},{"floor":11,"key":"Dream Catcher"},{"floor":14,"key":"Odd Mushroom"},{"floor":24,"key":"MealTicket"},{"floor":26,"key":"Smiling Mask"},{"floor":43,"key":"Runesmith:MiniCore"},{"floor":47,"key":"Art of War"}],"event_choices":[{"damage_healed":0,"gold_gain":30,"player_choice":"Searched \u00272\u0027 times","damage_taken":0,"max_hp_gain":0,"max_hp_loss":0,"event_name":"Dead Adventurer","floor":10,"gold_loss":0},{"damage_healed":0,"gold_gain":0,"player_choice":"Fought Mushrooms","damage_taken":0,"max_hp_gain":0,"max_hp_loss":0,"event_name":"Mushrooms","floor":14,"gold_loss":0},{"damage_healed":0,"gold_gain":0,"player_choice":"Ignored","damage_taken":0,"max_hp_gain":0,"max_hp_loss":0,"event_name":"Ghosts","floor":27,"gold_loss":0},{"damage_healed":0,"gold_gain":0,"player_choice":"Copied","damage_taken":0,"max_hp_gain":0,"max_hp_loss":0,"event_name":"Duplicator","floor":31,"gold_loss":0,"cards_obtained":["Runesmith:CraftIndustria"]}],"is_beta":false,"boss_relics":[{"not_picked":["Velvet Choker","Runic Dome"],"picked":"Painkiller Herb"},{"not_picked":["Fusion Hammer","Runesmith:PocketReactor"],"picked":"Busted Crown"}],"items_purged_floors":[13,39,44],"is_endless":false,"potions_floor_spawned":[2,4,5,14,19,22,25,36,38,42,47],"killed_by":"Spire Growth","ascension_level":0}}