{"host":"a484oiac96svwyi6","time":1607665895,"event":{"mods":["2.2 Compatiblity","AchievementEnabler","Act Like it!","Astrologer","BaseMod","Better Altar","Better Match","Better Sensory Stone","Better Skull","Better Third Choice","Better-Laid Plans","BetterRewards","Block Reminder","Clawfect","Colored Map","Colored Powertips","Conjunction","Conspire","Custom Start","Dio Mod","Displayed Cursed Tome","Duelist Mod","GifTheSpireLib","Gold Saver","Googly Eyes","Hallownest","Hubris","Infinite Spire","Ironclad Rager","Jorbs\u0027s Wanderer Trilogy","Melee Mod","Menagerie","Minty Spire (QoL Compilation)","Quick Restart","RNG Fix","Random Character Button","Relic Filter","Relic Sorter","Relic Stats","Replay The Spire","Retaliation","Shop Mod","Small Relic Pack","Spikes Relics","Spire Birthday Party","StSLib","Stuff the Spire","SuperFastMode","The Fake Hero","The Necromancer","The Poker Player","TheHero","Transform Curses","Uncapped","Virulent Crown","[JumpMod]????","everything is the same but u backflip on backflip","vexMod"],"gold_per_floor":[116,116,133,133,133,168,168,168,168,199,213,131,141,141,141,238,238,249,211,283,298,298,331,331,341,417,417,430,430,441,471,471,570,570,587,606,622,318,318,344,344,374,374,393,426,441,441,441,441,441],"floor_reached":51,"playtime":21645,"items_purged":[],"score":1111,"play_id":"a999f8c9-832d-414a-88e4-9ec469009bb0","local_time":"20201211005135","is_ascension_mode":true,"campfire_choices":[{"data":"dioMod:SecretPlan","floor":7,"key":"SMITH"},{"floor":15,"key":"REST"},{"data":"relicPack:StarPlatinum","floor":24,"key":"SMITH"},{"floor":32,"key":"REST"},{"data":"dioMod:MudaMudaMuda","floor":41,"key":"SMITH"},{"data":"Blind","floor":47,"key":"SMITH"},{"data":"StuffTheSpire:BrainWave","floor":49,"key":"SMITH"}],"circlet_count":0,"master_deck":["dioMod:Strike","dioMod:Strike","dioMod:Strike","dioMod:Strike","Bite","dioMod:Defend","dioMod:Defend","dioMod:Defend","dioMod:Defend","dioMod:BloodSplash","dioMod:DominatingPresence+1","dioMod:SecretPlan+1","dioMod:LaserVision","dioMod:Hiss","dioMod:DaggerToss","dioMod:MudaMudaMuda+1","dioMod:BloodSuck","dioMod:Pluck","relicPack:StarPlatinum+1","dioMod:HeavyLifting","dioMod:ComboFever","dioMod:FlyAway","dioMod:SecretPlan+1","dioMod:DaggerToss+1","dioMod:ComboFever","dioMod:StreetSign+1","dioMod:ZaWarudo","dioMod:Pluck","dioMod:CutDeep","dioMod:SadisticLaugh+1","dioMod:SadisticLaugh+1","dioMod:MudaMudaMuda","Blind+1","dioMod:FlyAway+1","dioMod:HeavyLifting+1","dioMod:Regeneration","dioMod:Hiss+1","dioMod:FlyAway","StuffTheSpire:BrainWave+1"],"relics":["dioMod:VampireBlood","HowToJump","conspire:SlowCooker","hubris:Towel","FossilizedHelix","Regal Pillow","Durian","Happy Flower","relicPack:StarArrow","MealTicket","Nunchaku","conspire:BottledYoYo","Replay:Baseball","conspire:RunicOctahedron","StuffTheSpire:GrapeVine","Whetstone","infinitespire:PuzzleCube","Simple Rune","Bag of Marbles"],"acts_visited":["Exordium","TheCity","TheBeyond"],"potions_floor_usage":[10,10,10,16,23,33,50,50,50],"damage_taken":[{"damage":1,"enemies":"Cultist","floor":1,"turns":4},{"damage":9,"enemies":"conspire:RoseBush","floor":3,"turns":5},{"damage":47,"enemies":"Lagavulin","floor":6,"turns":11},{"damage":10,"enemies":"Gremlin Nob","floor":10,"turns":4},{"damage":1,"enemies":"Jaw Worm","floor":11,"turns":3},{"damage":12,"enemies":"3 Louse","floor":13,"turns":4},{"damage":38,"enemies":"The Guardian","floor":16,"turns":10},{"damage":0,"enemies":"2 Thieves","floor":18,"turns":4},{"damage":0,"enemies":"Spheric Guardian","floor":21,"turns":5},{"damage":8,"enemies":"theDuelist:KaibaA2","floor":23,"turns":4},{"damage":16,"enemies":"Snake Plant","floor":25,"turns":4},{"damage":0,"enemies":"Snecko","floor":28,"turns":3},{"damage":8,"enemies":"Shelled Parasite and Fungi","floor":30,"turns":5},{"damage":20,"enemies":"conspire:SneckoGhost","floor":31,"turns":5},{"damage":17,"enemies":"Automaton","floor":33,"turns":6},{"damage":0,"enemies":"Orb Walker","floor":35,"turns":4},{"damage":12,"enemies":"3 Darklings","floor":36,"turns":6},{"damage":33,"enemies":"Sphere and 2 Shapes","floor":37,"turns":5},{"damage":9,"enemies":"Reptomancer","floor":40,"turns":2},{"damage":6,"enemies":"R_Hoarder","floor":42,"turns":5},{"damage":14,"enemies":"Transient","floor":44,"turns":6},{"damage":0,"enemies":"Giant Head","floor":45,"turns":4},{"damage":0,"enemies":"Jaw Worm Horde","floor":46,"turns":4},{"damage":42,"enemies":"infinitespire:MassOfShapes","floor":50,"turns":5}],"seed_played":"9217103936477114999","potions_obtained":[{"floor":1,"key":"PowerPotion"},{"floor":3,"key":"SneckoOil"},{"floor":5,"key":"Block Potion"},{"floor":5,"key":"LiquidBronze"},{"floor":5,"key":"Fruit Juice"},{"floor":10,"key":"dioMod:HumanBlood"},{"floor":20,"key":"Fire Potion"},{"floor":23,"key":"SmokeBomb"},{"floor":30,"key":"LiquidBronze"},{"floor":33,"key":"GamblersBrew"},{"floor":37,"key":"Swift Potion"},{"floor":46,"key":"Energy Potion"}],"is_trial":false,"path_per_floor":["M","?","M","?","?","E","R","?","T","E","M","$","M","$","R","B",null,"M","$","?","M","?","E","R","M","T","?","M","?","M","E","R","B",null,"M","M","M","$","?","E","R","E","T","M","E","M","R","?","R","B",null],"character_chosen":"THE_DEFAULT","items_purchased":["dioMod:MudaMudaMuda","dioMod:ComboFever","dioMod:MudaMudaMuda","StuffTheSpire:GrapeVine","Blind"],"campfire_rested":2,"item_purchase_floors":[12,19,38,38,38],"current_hp_per_floor":[74,74,73,73,73,41,41,26,31,31,33,33,32,32,72,70,81,85,85,51,58,58,71,71,57,57,57,60,60,75,57,85,77,83,85,85,76,85,85,76,76,75,75,66,71,85,85,77,77,68],"gold":441,"neow_bonus":"","is_daily":false,"chose_seed":false,"campfire_upgraded":5,"win_rate":0.0,"timestamp":1607665895,"path_taken":["M","?","M","?","?","E","R","?","T","E","?","$","M","$","R","BOSS","M","$","?","?","?","E","R","M","T","?","?","?","M","E","R","BOSS","M","?","M","$","?","E","R","E","T","M","E","?","R","?","R","BOSS"],"items_purchased_type":["Card","Card","Card","Relic","Card"],"build_version":"2020-11-30","purchased_purges":0,"victory":true,"max_hp_per_floor":[75,75,75,75,75,75,75,75,80,85,85,85,85,85,85,85,85,85,85,85,85,85,85,85,85,85,85,85,85,85,85,85,85,85,85,85,85,85,85,85,85,85,85,85,85,85,85,77,77,77],"relic_stats":{"Regal Pillow":18,"Nunchaku":[10],"Happy Flower":[31],"counters":[192,727],"MealTicket":9,"Whetstone":["dioMod:StreetSign","dioMod:DaggerToss"],"obtain_stats":[{"infinitespire:BottledMercury":28,"StuffTheSpire:Barrel":11,"vexMod:MemoryStick":26,"StuffTheSpire:Rhapsscallions":38,"Whetstone":8,"Ginger":9,"Boot":0,"Sling":5,"Old Coin":23,"Replay:Wanted Poster":17,"Blood Vial":19,"vexMod:InvisibilityCloak":24,"hubris:AstralHammer":0,"Sundial":3,"infinitespire:Golems Mask":24,"MealTicket":20,"Kunai":10,"relicPack:AllForOne":37,"Replay:Bottled Steam":7,"MerchantsRug":0,"Counterbalance":7,"Pen Nib":45,"Akabeko":0,"relicPack:EdsArm":5,"SlaversCollar":34,"dioMod:VampireBlood":0,"Pandora\u0027s Box":34,"conspire:BottledYoYo":46,"vexMod:ImprovementManual":28,"infinitespire:PuzzleCube":42,"vexMod:BigBerry":34,"Lantern":0,"Regal Pillow":14,"Rawhide":11,"Replay:Multitool":40,"Bag of Preparation":27,"StuffTheSpire:GrapeVine":0,"HeavenlyBonsai":32,"Smiling Mask":11,"Pet Ghost":2,"Replay:Rubber Ducky":9,"StuffTheSpire:RunicConfusion":17,"StuffTheSpire:Gunfinga":43,"Shovel":30,"Matryoshka":0,"Toolbox":0,"hubris:FunFungus":9,"Replay:Lucky Slots":28,"Potion Belt":17,"Golden Idol":5,"StuffTheSpire:Expresso":11,"StuffTheSpire:Saxophone":0,"conspire:RunicOctahedron":34,"Omamori":31,"infinitespire:CheckeredPen":0,"hubris:Towel":29,"MawBank":13,"Busted Crown":17,"StuffTheSpire:Mouthbags":43,"Ornamental Fan":13,"betterThird:SlimedRelic":3,"Bloody Idol":19,"dioMod:JoestarBlood":17,"Turnip":0,"SpikesRelics:DaevaFist":0,"Durian":9,"ReplayTheSpireMod:Lightbulb":8,"Ice Cream":0,"Gremlin Horn":46,"CeramicFish":40,"Vajra":13,"relicPack:StarArrow":17,"DollysMirror":10,"Strawberry":26,"Philosopher\u0027s Stone":25,"LugNut":5,"conspire:Dentures":27,"Girya":20,"Happy Flower":6,"vexMod:ScavengeHelm":10,"Replay:Grab Bag":17,"Oddly Smooth Stone":0,"infinitespire:Beetle Shell":0,"conspire:SlowCooker":0,"Letter Opener":26,"BlackRope":0,"War Paint":4,"Question Card":24,"WarpedTongs":19,"Bottled Flame":45,"Replay:Baseball":50,"relicPack:KazumaCape":34,"Shuriken":8,"StuffTheSpire:DarkSteelAnvil":41,"Simple Rune":42,"Molten Egg 2":0,"ReplayTheSpireMod:TigerMarble":28,"infinitespire:EmpoweringShard":23,"ReplayTheSpireMod:DimensionalGlitch":38,"StuffTheSpire:OldFever":7,"Pocketwatch":40,"ReplayFunnel":0,"SnailShell":38,"SacredBark":17,"RetroEgg":30,"conspire:SpecialSausage":17,"BrokenLever":0,"hubris:SlimyHat":0,"Juzu Bracelet":26,"Replay:Mystery Machine":6,"Empty Cage":17,"vexMod:Spyglass":0,"ReplayTheSpireMod:EnergyBall":36,"Frozen Eye":14,"Nunchaku":44,"Replay:Bandana":0,"hubris:Icosahedron":19,"StuffTheSpire:HeavyRock":6,"MiniBlackHole":26,"Gremlin Food":10,"BargainBundle":0,"HowToJump":0,"Quantum Egg":9,"SuspiciousGoo":0,"vexMod:Dragonfruit":43,"Calling Bell":17,"Pondfish Scales":26,"CaptainsWheel":9,"vexMod:BarristanHead":9,"StuffTheSpire:CocoNut":44,"Snack Pack":8,"Bag of Marbles":45,"FossilizedHelix":42},{"infinitespire:BottledMercury":83,"StuffTheSpire:Barrel":72,"vexMod:MemoryStick":127,"StuffTheSpire:Rhapsscallions":108,"Whetstone":4,"Ginger":28,"Boot":25,"Sling":96,"Old Coin":81,"Replay:Wanted Poster":8,"Blood Vial":47,"vexMod:InvisibilityCloak":11,"hubris:AstralHammer":139,"Sundial":141,"infinitespire:Golems Mask":104,"MealTicket":176,"Kunai":99,"relicPack:AllForOne":154,"Replay:Bottled Steam":43,"MerchantsRug":66,"Counterbalance":97,"Pen Nib":62,"Akabeko":39,"relicPack:EdsArm":26,"SlaversCollar":55,"dioMod:VampireBlood":0,"Pandora\u0027s Box":153,"conspire:BottledYoYo":161,"vexMod:ImprovementManual":13,"infinitespire:PuzzleCube":188,"vexMod:BigBerry":131,"Lantern":66,"Regal Pillow":146,"Rawhide":28,"Replay:Multitool":19,"Bag of Preparation":105,"StuffTheSpire:GrapeVine":115,"HeavenlyBonsai":152,"Smiling Mask":5,"Pet Ghost":116,"Replay:Rubber Ducky":4,"StuffTheSpire:RunicConfusion":8,"StuffTheSpire:Gunfinga":135,"Shovel":53,"Matryoshka":139,"Toolbox":25,"hubris:FunFungus":43,"Replay:Lucky Slots":105,"Potion Belt":122,"Golden Idol":117,"StuffTheSpire:Expresso":28,"StuffTheSpire:Saxophone":163,"conspire:RunicOctahedron":107,"Omamori":106,"infinitespire:CheckeredPen":115,"hubris:Towel":151,"MawBank":45,"Busted Crown":76,"StuffTheSpire:Mouthbags":20,"Ornamental Fan":74,"betterThird:SlimedRelic":1,"Bloody Idol":47,"dioMod:JoestarBlood":147,"Turnip":25,"SpikesRelics:DaevaFist":94,"Durian":171,"ReplayTheSpireMod:Lightbulb":43,"Ice Cream":115,"Gremlin Horn":63,"CeramicFish":157,"Vajra":145,"relicPack:StarArrow":175,"DollysMirror":43,"Strawberry":82,"Philosopher\u0027s Stone":151,"LugNut":141,"conspire:Dentures":36,"Girya":9,"Happy Flower":97,"vexMod:ScavengeHelm":120,"Replay:Grab Bag":8,"Oddly Smooth Stone":25,"infinitespire:Beetle Shell":139,"conspire:SlowCooker":168,"Letter Opener":12,"BlackRope":66,"War Paint":41,"Question Card":35,"WarpedTongs":148,"Bottled Flame":21,"Replay:Baseball":65,"relicPack:KazumaCape":16,"Shuriken":71,"StuffTheSpire:DarkSteelAnvil":91,"Simple Rune":91,"Molten Egg 2":94,"ReplayTheSpireMod:TigerMarble":13,"infinitespire:EmpoweringShard":50,"ReplayTheSpireMod:DimensionalGlitch":18,"StuffTheSpire:OldFever":142,"Pocketwatch":110,"ReplayFunnel":94,"SnailShell":18,"SacredBark":8,"RetroEgg":14,"conspire:SpecialSausage":31,"BrokenLever":94,"hubris:SlimyHat":66,"Juzu Bracelet":104,"Replay:Mystery Machine":118,"Empty Cage":8,"vexMod:Spyglass":66,"ReplayTheSpireMod:EnergyBall":88,"Frozen Eye":45,"Nunchaku":21,"Replay:Bandana":25,"hubris:Icosahedron":9,"StuffTheSpire:HeavyRock":3,"MiniBlackHole":35,"Gremlin Food":43,"BargainBundle":139,"HowToJump":0,"Quantum Egg":142,"SuspiciousGoo":163,"vexMod:Dragonfruit":91,"Calling Bell":122,"Pondfish Scales":51,"CaptainsWheel":71,"vexMod:BarristanHead":119,"StuffTheSpire:CocoNut":62,"Snack Pack":98,"Bag of Marbles":190,"FossilizedHelix":60},{"infinitespire:BottledMercury":314,"StuffTheSpire:Barrel":284,"vexMod:MemoryStick":464,"StuffTheSpire:Rhapsscallions":395,"Whetstone":21,"Ginger":96,"Boot":81,"Sling":356,"Old Coin":309,"Replay:Wanted Poster":32,"Blood Vial":191,"vexMod:InvisibilityCloak":40,"hubris:AstralHammer":507,"Sundial":515,"infinitespire:Golems Mask":379,"MealTicket":654,"Kunai":364,"relicPack:AllForOne":561,"Replay:Bottled Steam":169,"MerchantsRug":269,"Counterbalance":359,"Pen Nib":254,"Akabeko":154,"relicPack:EdsArm":84,"SlaversCollar":227,"dioMod:VampireBlood":0,"Pandora\u0027s Box":559,"conspire:BottledYoYo":586,"vexMod:ImprovementManual":43,"infinitespire:PuzzleCube":708,"vexMod:BigBerry":478,"Lantern":269,"Regal Pillow":532,"Rawhide":96,"Replay:Multitool":57,"Bag of Preparation":383,"StuffTheSpire:GrapeVine":415,"HeavenlyBonsai":552,"Smiling Mask":24,"Pet Ghost":418,"Replay:Rubber Ducky":21,"StuffTheSpire:RunicConfusion":32,"StuffTheSpire:Gunfinga":490,"Shovel":214,"Matryoshka":507,"Toolbox":81,"hubris:FunFungus":169,"Replay:Lucky Slots":383,"Potion Belt":440,"Golden Idol":421,"StuffTheSpire:Expresso":96,"StuffTheSpire:Saxophone":591,"conspire:RunicOctahedron":392,"Omamori":385,"infinitespire:CheckeredPen":415,"hubris:Towel":550,"MawBank":176,"Busted Crown":296,"StuffTheSpire:Mouthbags":61,"Ornamental Fan":291,"betterThird:SlimedRelic":3,"Bloody Idol":191,"dioMod:JoestarBlood":538,"Turnip":81,"SpikesRelics:DaevaFist":351,"Durian":629,"ReplayTheSpireMod:Lightbulb":169,"Ice Cream":415,"Gremlin Horn":257,"CeramicFish":569,"Vajra":529,"relicPack:StarArrow":650,"DollysMirror":169,"Strawberry":312,"Philosopher\u0027s Stone":550,"LugNut":515,"conspire:Dentures":140,"Girya":35,"Happy Flower":359,"vexMod:ScavengeHelm":430,"Replay:Grab Bag":32,"Oddly Smooth Stone":81,"infinitespire:Beetle Shell":507,"conspire:SlowCooker":609,"Letter Opener":42,"BlackRope":269,"War Paint":160,"Question Card":137,"WarpedTongs":541,"Bottled Flame":66,"Replay:Baseball":263,"relicPack:KazumaCape":51,"Shuriken":281,"StuffTheSpire:DarkSteelAnvil":341,"Simple Rune":341,"Molten Egg 2":351,"ReplayTheSpireMod:TigerMarble":43,"infinitespire:EmpoweringShard":204,"ReplayTheSpireMod:DimensionalGlitch":53,"StuffTheSpire:OldFever":521,"Pocketwatch":400,"ReplayFunnel":351,"SnailShell":53,"SacredBark":32,"RetroEgg":45,"conspire:SpecialSausage":114,"BrokenLever":351,"hubris:SlimyHat":269,"Juzu Bracelet":379,"Replay:Mystery Machine":424,"Empty Cage":32,"vexMod:Spyglass":269,"ReplayTheSpireMod:EnergyBall":331,"Frozen Eye":176,"Nunchaku":66,"Replay:Bandana":81,"hubris:Icosahedron":35,"StuffTheSpire:HeavyRock":14,"MiniBlackHole":137,"Gremlin Food":169,"BargainBundle":507,"HowToJump":0,"Quantum Egg":521,"SuspiciousGoo":591,"vexMod:Dragonfruit":341,"Calling Bell":440,"Pondfish Scales":207,"CaptainsWheel":281,"vexMod:BarristanHead":426,"StuffTheSpire:CocoNut":254,"Snack Pack":362,"Bag of Marbles":718,"FossilizedHelix":249}]},"card_choices":[{"not_picked":["dioMod:Roundabout","dioMod:VengefulMuda"],"picked":"dioMod:DominatingPresence","floor":1},{"not_picked":["dioMod:SlashThroughTime","dioMod:Diversion"],"picked":"dioMod:SecretPlan","floor":3},{"not_picked":["dioMod:CoffinBath","dioMod:DarkRebirth"],"picked":"dioMod:LaserVision","floor":6},{"not_picked":["dioMod:SecretPlan","dioMod:SadisticLaugh"],"picked":"dioMod:Hiss","floor":10},{"not_picked":["dioMod:VengefulMuda","dioMod:HeavyLifting"],"picked":"dioMod:DaggerToss","floor":11},{"not_picked":["dioMod:SadisticLaugh","dioMod:StreetSign"],"picked":"dioMod:BloodSuck","floor":13},{"not_picked":["dioMod:Refresh","dioMod:Despair"],"picked":"dioMod:Pluck","floor":16},{"not_picked":["dioMod:ComposedMuda","dioMod:WRYYY"],"picked":"dioMod:HeavyLifting","floor":18},{"not_picked":["dioMod:DaggerSpree","dioMod:Minions"],"picked":"dioMod:FlyAway","floor":20},{"not_picked":["dioMod:FlyAway","dioMod:BlendIn"],"picked":"dioMod:SecretPlan+1","floor":20},{"not_picked":["dioMod:TripleThreat","dioMod:Diversion"],"picked":"dioMod:DaggerToss","floor":21},{"not_picked":["dioMod:ComposedMuda+1","dioMod:GoodbyeJojo+1","dioMod:DisarmingVoice"],"picked":"SKIP","floor":23},{"not_picked":["dioMod:StreetSign+1","dioMod:LaserVision"],"picked":"dioMod:KonoDioDa","floor":25},{"not_picked":["dioMod:DarkRebirth","dioMod:TripleThreat"],"picked":"dioMod:ComboFever","floor":28},{"not_picked":["dioMod:HeavyLifting","dioMod:BloodSuck"],"picked":"dioMod:StreetSign","floor":30},{"not_picked":["dioMod:LaserVision+1","dioMod:ZaWarudo","dioMod:BloodTransfusion"],"picked":"SKIP","floor":31},{"not_picked":["dioMod:LaserVision+1","dioMod:BloodTransfusion"],"picked":"dioMod:ZaWarudo","floor":31},{"not_picked":["dioMod:Refresh","dioMod:ZaWarudo"],"picked":"dioMod:Pluck","floor":33},{"not_picked":["dioMod:Diversion","dioMod:VengefulMuda+1"],"picked":"dioMod:CutDeep","floor":35},{"not_picked":["dioMod:StreetSign","dioMod:BloodTransfusion+1"],"picked":"dioMod:SadisticLaugh+1","floor":36},{"not_picked":["dioMod:CutDeep","dioMod:BlendIn+1"],"picked":"dioMod:SadisticLaugh+1","floor":37},{"not_picked":["dioMod:BloodSplash+1","dioMod:CautiousMuda"],"picked":"dioMod:FlyAway+1","floor":40},{"not_picked":["dioMod:Refresh","dioMod:TripleThreat"],"picked":"dioMod:HeavyLifting+1","floor":42},{"not_picked":["dioMod:ComboFever","dioMod:BlendIn+1"],"picked":"dioMod:Regeneration","floor":44},{"not_picked":["dioMod:VengefulMuda","dioMod:CoffinBath"],"picked":"dioMod:Hiss+1","floor":45},{"not_picked":["dioMod:Diversion","dioMod:ComposedMuda"],"picked":"dioMod:FlyAway","floor":46}],"player_experience":288730,"relics_obtained":[{"floor":6,"key":"Regal Pillow"},{"floor":9,"key":"Durian"},{"floor":10,"key":"Happy Flower"},{"floor":20,"key":"MealTicket"},{"floor":23,"key":"Nunchaku"},{"floor":26,"key":"conspire:BottledYoYo"},{"floor":31,"key":"Replay:Baseball"},{"floor":40,"key":"Whetstone"},{"floor":42,"key":"infinitespire:PuzzleCube"},{"floor":43,"key":"Simple Rune"},{"floor":45,"key":"Bag of Marbles"}],"event_choices":[{"damage_healed":0,"gold_gain":0,"player_choice":"Gave Potion","damage_taken":0,"relics_obtained":["FossilizedHelix"],"max_hp_gain":0,"max_hp_loss":0,"event_name":"WeMeetAgain","floor":4,"gold_loss":0},{"damage_healed":0,"gold_gain":0,"player_choice":"Got Potions","damage_taken":0,"max_hp_gain":0,"max_hp_loss":0,"event_name":"Lab","floor":5,"gold_loss":0},{"damage_healed":41,"gold_gain":0,"player_choice":"Upgrade","damage_taken":15,"max_hp_gain":0,"max_hp_loss":75,"event_name":"betterThird:BetterShining","floor":8,"gold_loss":0,"cards_upgraded":["dioMod:DominatingPresence","dioMod:Strike"]},{"damage_healed":0,"gold_gain":0,"player_choice":"Simplicity","damage_taken":0,"max_hp_gain":0,"max_hp_loss":7,"event_name":"betterThird:BetterWriting","floor":22,"gold_loss":0},{"cards_removed":["dioMod:KonoDioDa"],"damage_healed":0,"gold_gain":0,"player_choice":"Purged","damage_taken":0,"max_hp_gain":0,"max_hp_loss":0,"event_name":"Purifier","floor":29,"gold_loss":0},{"damage_healed":5,"gold_gain":0,"player_choice":"LEAVE ","damage_taken":0,"relics_obtained":[],"max_hp_gain":0,"max_hp_loss":0,"event_name":"betterSkull:BetterSkull","floor":39,"gold_loss":0,"cards_upgraded":[]}],"is_beta":false,"boss_relics":[{"not_picked":["Astrolabe","Tiny House"],"picked":"relicPack:StarArrow"},{"not_picked":["conspire:SeveredTorchhead","hubris:RunicObelisk"],"picked":"conspire:RunicOctahedron"}],"items_purged_floors":[],"is_endless":false,"potions_floor_spawned":[1,3,10,23,30,33,37,42,45,46],"ascension_level":8}}