{"host":"sq65xgedotq5nei3","time":1607654730,"event":{"mods":["AchievementEnabler","BaseMod","Colored Powertips","Minty Spire (QoL Compilation)","Permanent Neow","Rare Cards Sparkle","StSLib","SuperFastMode"],"gold_per_floor":[116,66,78,153,171,171,197,197,245,257,283,308,320,35,35,110,110,120,219,237,260,270,270,270,270],"floor_reached":24,"playtime":537,"items_purged":[],"score":316,"play_id":"a87443e7-c5d4-4605-92b2-d897efaa8abe","local_time":"20201211134530","is_ascension_mode":true,"campfire_choices":[{"data":"Body Slam","floor":6.0,"key":"SMITH"},{"data":"Defend_R","floor":8.0,"key":"SMITH"},{"data":"Double Tap","floor":10.0,"key":"SMITH"},{"floor":15.0,"key":"REST"},{"data":"Shrug It Off","floor":23.0,"key":"SMITH"}],"circlet_count":0,"master_deck":["AscendersBane","Strike_R","Strike_R","Strike_R","Defend_R+1","Defend_R","Defend_R","Bash","Dropkick","Body Slam+1","Double Tap+1","Reaper","Battle Trance","Metallicize","Shrug It Off+1"],"relics":["Black Blood","Odd Mushroom","MawBank","Bottled Lightning","Brimstone","Pen Nib","Blood Vial"],"acts_visited":["Exordium","TheCity"],"potions_floor_usage":[24],"damage_taken":[{"damage":8.0,"enemies":"Small Slimes","floor":1.0,"turns":4.0},{"damage":0.0,"enemies":"2 Louse","floor":3.0,"turns":2.0},{"damage":7.0,"enemies":"Jaw Worm","floor":5.0,"turns":3.0},{"damage":22.0,"enemies":"The Mushroom Lair","floor":7.0,"turns":4.0},{"damage":21.0,"enemies":"Gremlin Gang","floor":11.0,"turns":5.0},{"damage":13.0,"enemies":"Large Slime","floor":12.0,"turns":7.0},{"damage":26.0,"enemies":"The Guardian","floor":16.0,"turns":6.0},{"damage":19.0,"enemies":"Chosen","floor":18.0,"turns":5.0},{"damage":29.0,"enemies":"2 Thieves","floor":20.0,"turns":3.0},{"damage":41.0,"enemies":"Snake Plant","floor":22.0,"turns":4.0},{"damage":79,"enemies":"Book of Stabbing","floor":24,"turns":4}],"seed_played":"2514950203499055715","potions_obtained":[{"floor":3.0,"key":"SteroidPotion"},{"floor":5.0,"key":"AttackPotion"},{"floor":12.0,"key":"SkillPotion"},{"floor":22.0,"key":"GamblersBrew"}],"is_trial":false,"path_per_floor":["M","?","M","?","M","R","?","R","T","R","M","M","T","$","R","B",null,"M","?","M","T","M","R","E"],"character_chosen":"IRONCLAD","items_purchased":["Brimstone","Pen Nib"],"campfire_rested":1,"item_purchase_floors":[14,14],"current_hp_per_floor":[66,66,68,57,56,56,40,40,40,40,25,18,18,18,38,18,56,68,68,51,51,43,43,0,0],"gold":270,"neow_bonus":"REMOVE_TWO","is_daily":false,"chose_seed":false,"campfire_upgraded":4,"win_rate":0.0,"timestamp":1607654730,"path_taken":["M","?","M","?","M","R","?","R","T","R","M","M","?","$","R","BOSS","M","?","M","?","M","R","E"],"items_purchased_type":["Relic","Relic"],"build_version":"2020-11-30","purchased_purges":0,"victory":false,"max_hp_per_floor":[68,68,68,68,68,68,68,68,68,68,68,68,68,68,68,68,68,68,68,68,68,68,68,68,68],"card_choices":[{"not_picked":["Anger","Burning Pact"],"picked":"Dropkick","floor":1.0},{"not_picked":["Headbutt","Uppercut","Hemokinesis"],"picked":"SKIP","floor":3.0},{"not_picked":["Armaments","Twin Strike"],"picked":"Body Slam","floor":5.0},{"not_picked":["Dropkick","Warcry"],"picked":"Double Tap","floor":7.0},{"not_picked":["Clash","Inflame","Iron Wave"],"picked":"SKIP","floor":11.0},{"not_picked":["Rupture","Inflame","Second Wind"],"picked":"SKIP","floor":12.0},{"not_picked":["Exhume","Bludgeon"],"picked":"Reaper","floor":16.0},{"not_picked":["Burning Pact+1","Havoc"],"picked":"Battle Trance","floor":18.0},{"not_picked":["Warcry","Cleave"],"picked":"Metallicize","floor":20.0},{"not_picked":["Battle Trance","Thunderclap"],"picked":"Shrug It Off","floor":22.0}],"player_experience":743534,"relics_obtained":[{"floor":7.0,"key":"Odd Mushroom"},{"floor":9.0,"key":"MawBank"},{"floor":13.0,"key":"Bottled Lightning"},{"floor":21.0,"key":"Blood Vial"}],"event_choices":[{"cards_removed":["Strike_R"],"damage_healed":0.0,"max_hp_gain":0.0,"max_hp_loss":0.0,"gold_gain":0.0,"event_name":"The Cleric","player_choice":"Card Removal","floor":2.0,"gold_loss":50.0,"damage_taken":0.0},{"damage_healed":0.0,"max_hp_gain":0.0,"max_hp_loss":0.0,"gold_gain":75.0,"event_name":"World of Goop","player_choice":"Gather Gold","floor":4.0,"gold_loss":0.0,"damage_taken":11.0},{"damage_healed":0.0,"max_hp_gain":0.0,"max_hp_loss":0.0,"gold_gain":0.0,"event_name":"Mushrooms","player_choice":"Fought Mushrooms","floor":7.0,"gold_loss":0.0,"damage_taken":0.0},{"damage_healed":0.0,"max_hp_gain":0.0,"max_hp_loss":0.0,"gold_gain":99.0,"event_name":"Nest","player_choice":"Stole From Cult","floor":19.0,"gold_loss":0.0,"damage_taken":0.0}],"is_beta":false,"boss_relics":[{"not_picked":["Pandora\u0027s Box","Velvet Choker"],"picked":"Black Blood"}],"items_purged_floors":[],"is_endless":false,"potions_floor_spawned":[3,5,12,22],"killed_by":"Book of Stabbing","ascension_level":14}}