{"host":"4qkvkh7pd9qr2mca","time":1607715121,"event":{"mods":["AchievementEnabler","BaseMod","Colored Map","Colored Powertips","Highlight Path","Minty Spire (QoL Compilation)","Permanent Neow","Quick Restart","StSLib","SuperFastMode"],"gold_per_floor":[364,439,451,41,54,54,85,85,85,85,235,160,183,196,196,274,274,288,288,93,93,105,131,131,151,151,165,165,40,40,59,59,59,59],"floor_reached":33,"playtime":1105,"items_purged":["Doubt","Strike_B","Strike_B"],"score":526,"play_id":"0d450ff8-72e6-4b36-ac03-3dcba6690118","local_time":"20201211203201","is_ascension_mode":true,"campfire_choices":[{"floor":6.0,"key":"REST"},{"data":"Dualcast","floor":8.0,"key":"SMITH"},{"data":"Darkness","floor":10.0,"key":"SMITH"},{"data":"Barrage","floor":15.0,"key":"SMITH"},{"floor":24.0,"key":"REST"},{"floor":30.0,"key":"REST"},{"floor":32,"key":"REST"}],"circlet_count":0,"master_deck":["AscendersBane","Defend_B","Defend_B","Defend_B","Defend_B","Zap","Dualcast+1","Genetic Algorithm","Glacier","Darkness+1","Barrage+1","Go for the Eyes","Echo Form","Cold Snap","Necronomicurse","Panacea","Loop","Multi-Cast","Streamline+1","Hologram","Reinforced Body","Blizzard+1"],"relics":["Cracked Core","Happy Flower","Orichalcum","Lizard Tail","Sundial","Bag of Preparation","Sozu","Necronomicon","Potion Belt","Molten Egg 2"],"acts_visited":["Exordium","TheCity"],"potions_floor_usage":[],"damage_taken":[{"damage":9.0,"enemies":"2 Louse","floor":1.0,"turns":2.0},{"damage":1.0,"enemies":"Jaw Worm","floor":3.0,"turns":2.0},{"damage":0.0,"enemies":"Cultist","floor":5.0,"turns":3.0},{"damage":5.0,"enemies":"Gremlin Nob","floor":7.0,"turns":3.0},{"damage":1.0,"enemies":"2 Fungi Beasts","floor":14.0,"turns":4.0},{"damage":66.0,"enemies":"Hexaghost","floor":16.0,"turns":12.0},{"damage":12.0,"enemies":"Shell Parasite","floor":18.0,"turns":6.0},{"damage":0.0,"enemies":"Chosen","floor":22.0,"turns":4.0},{"damage":21.0,"enemies":"Book of Stabbing","floor":23.0,"turns":6.0},{"damage":2.0,"enemies":"Shelled Parasite and Fungi","floor":25.0,"turns":8.0},{"damage":4.0,"enemies":"Cultist and Chosen","floor":27.0,"turns":7.0},{"damage":26,"enemies":"Snake Plant","floor":31,"turns":4},{"damage":51,"enemies":"Champ","floor":33,"turns":8}],"seed_played":"-6738014046390545538","potions_obtained":[{"floor":1.0,"key":"DistilledChaos"},{"floor":5.0,"key":"LiquidMemories"},{"floor":7.0,"key":"LiquidBronze"}],"is_trial":false,"path_per_floor":["M","?","M","$","M","R","E","R","T","R","?","$","T","M","R","B",null,"M","?","$","?","M","E","R","M","T","M","?","$","R","M","R","B"],"character_chosen":"DEFECT","items_purchased":["Happy Flower","Orichalcum","Darkness","Panacea"],"campfire_rested":4,"item_purchase_floors":[4,4,4,20],"current_hp_per_floor":[37,26,25,25,25,46,41,41,41,41,41,41,41,40,40,12,56,44,23,23,23,23,2,23,21,21,17,17,17,38,12,33,0,0],"gold":59,"neow_bonus":"TWO_FIFTY_GOLD","is_daily":false,"chose_seed":false,"campfire_upgraded":3,"win_rate":0.0,"timestamp":1607715121,"path_taken":["M","?","M","$","M","R","E","R","T","R","?","$","?","M","R","BOSS","M","?","$","?","M","E","R","M","T","?","?","$","R","M","R","BOSS"],"items_purchased_type":["Relic","Relic","Card","Card"],"build_version":"2020-11-30","purchased_purges":3,"victory":false,"max_hp_per_floor":[71,71,71,71,71,71,71,71,71,71,71,71,71,71,71,71,71,71,71,71,71,71,71,71,71,71,71,71,71,71,71,71,71,71],"card_choices":[{"not_picked":["Storm","Hello World"],"picked":"Genetic Algorithm","floor":1.0},{"not_picked":["Turbo","Leap"],"picked":"Glacier","floor":3.0},{"not_picked":["BootSequence","Go for the Eyes"],"picked":"Barrage","floor":5.0},{"not_picked":["Gash","Rebound"],"picked":"Go for the Eyes","floor":7.0},{"not_picked":["Ball Lightning","Thunder Strike","Beam Cell"],"picked":"SKIP","floor":14.0},{"not_picked":["Multi-Cast","Fission"],"picked":"Echo Form","floor":16.0},{"not_picked":["Barrage","Auto Shields"],"picked":"Cold Snap","floor":18.0},{"not_picked":["Compile Driver+1","Sweeping Beam"],"picked":"Streamline+1","floor":22.0},{"not_picked":["Steam","Cold Snap"],"picked":"Hologram","floor":23.0},{"not_picked":["FTL","Streamline"],"picked":"Reinforced Body","floor":25.0},{"not_picked":["Rip and Tear+1","Hologram","Heatsinks"],"picked":"SKIP","floor":27.0},{"not_picked":["Redo","Beam Cell+1","Barrage+1"],"picked":"SKIP","floor":31}],"player_experience":294936,"relics_obtained":[{"floor":7.0,"key":"Lizard Tail"},{"floor":9.0,"key":"Sundial"},{"floor":13.0,"key":"Bag of Preparation"},{"floor":19.0,"key":"Necronomicon"},{"floor":23.0,"key":"Potion Belt"},{"floor":26.0,"key":"Molten Egg 2"}],"event_choices":[{"damage_healed":0.0,"max_hp_gain":0.0,"max_hp_loss":0.0,"gold_gain":75.0,"event_name":"World of Goop","player_choice":"Gather Gold","floor":2.0,"gold_loss":0.0,"damage_taken":11.0},{"damage_healed":0.0,"max_hp_gain":0.0,"max_hp_loss":0.0,"gold_gain":150.0,"event_name":"Liars Game","player_choice":"AGREE","floor":11.0,"gold_loss":0.0,"damage_taken":0.0,"cards_obtained":["Doubt"]},{"damage_healed":0.0,"max_hp_gain":0.0,"max_hp_loss":0.0,"gold_gain":0.0,"event_name":"Cursed Tome","player_choice":"Obtained Book","floor":19.0,"gold_loss":0.0,"damage_taken":21.0},{"damage_healed":0.0,"max_hp_gain":0.0,"max_hp_loss":0.0,"gold_gain":0.0,"cards_transformed":["Strike_B","Strike_B"],"event_name":"Drug Dealer","player_choice":"Became Test Subject","floor":21.0,"gold_loss":0.0,"damage_taken":0.0,"cards_obtained":["Loop","Multi-Cast"]},{"damage_healed":0.0,"max_hp_gain":0.0,"max_hp_loss":0.0,"gold_gain":0.0,"event_name":"The Library","player_choice":"Read","floor":28.0,"gold_loss":0.0,"damage_taken":0.0,"cards_obtained":["Blizzard"]}],"is_beta":false,"boss_relics":[{"not_picked":["Nuclear Battery","Coffee Dripper"],"picked":"Sozu"}],"items_purged_floors":[12,20,29],"is_endless":false,"potions_floor_spawned":[1,5,7,18,22,23],"killed_by":"Champ","ascension_level":20}}