{"host":"9z9bilz90zy1bfdt","time":1607677578,"event":{"mods":["BaseMod","Minty Spire (QoL Compilation)","StSLib","SuperFastMode"],"gold_per_floor":[367,44,44,59,73,73,107,107,107,127,159,8,8,21,21,123,123,135,97,115,115,115,115],"floor_reached":22,"playtime":910,"items_purged":["Strike_P"],"score":291,"play_id":"728da2de-1d0a-49a3-8e14-0182a7fa1c40","local_time":"20201211180618","is_ascension_mode":true,"campfire_choices":[{"floor":6.0,"key":"REST"},{"floor":8.0,"key":"REST"},{"data":"BattleHymn","floor":13.0,"key":"SMITH"},{"floor":15,"key":"REST"}],"circlet_count":0,"master_deck":["AscendersBane","Strike_P+1","Defend_P+1","Defend_P+1","Defend_P+1","Eruption+1","Vigilance+1","TalkToTheHand+1","LessonLearned","Adaptation+1","Evaluate","Meditate","CrushJoints","EmptyFist","BattleHymn+1","MasterReality","Vengeance+1","BattleHymn+1","Collect+1","Adaptation+1","Wallop+1"],"relics":["PureWater","PreservedInsect","Tiny Chest","Pantograph","Darkstone Periapt","Astrolabe","Blood Vial"],"acts_visited":["TheCity"],"potions_floor_usage":[22],"damage_taken":[{"damage":12.0,"enemies":"2 Louse","floor":1.0,"turns":3.0},{"damage":0.0,"enemies":"Cultist","floor":4.0,"turns":4.0},{"damage":12.0,"enemies":"Small Slimes","floor":5.0,"turns":2.0},{"damage":23.0,"enemies":"Lagavulin","floor":7.0,"turns":6.0},{"damage":0.0,"enemies":"Gremlin Gang","floor":10.0,"turns":3.0},{"damage":11.0,"enemies":"Gremlin Nob","floor":11.0,"turns":3.0},{"damage":8,"enemies":"Blue Slaver","floor":14,"turns":4},{"damage":29,"enemies":"The Guardian","floor":16,"turns":12},{"damage":10,"enemies":"Chosen","floor":18,"turns":5},{"damage":20,"enemies":"3 Byrds","floor":20,"turns":5},{"damage":36,"enemies":"3 Cultists","floor":22,"turns":3}],"seed_played":"4888021105880864415","potions_obtained":[{"floor":1.0,"key":"ColorlessPotion"},{"floor":5.0,"key":"BottledMiracle"},{"floor":7.0,"key":"Fire Potion"},{"floor":10.0,"key":"LiquidBronze"},{"floor":16,"key":"GamblersBrew"},{"floor":18,"key":"PowerPotion"}],"is_trial":false,"path_per_floor":["M","$","?","M","M","R","E","R","T","M","E","$","R","M","R","B",null,"M","$","M","?","M"],"character_chosen":"WATCHER","items_purchased":["PreservedInsect","LessonLearned","Adaptation","BattleHymn","Wallop"],"campfire_rested":3,"item_purchase_floors":[2,2,2,12,19],"current_hp_per_floor":[35,35,35,35,23,44,21,42,42,42,31,31,31,23,44,40,64,54,54,34,34,0,0],"gold":115,"neow_bonus":"TWO_FIFTY_GOLD","is_daily":false,"chose_seed":false,"campfire_upgraded":1,"win_rate":0.0,"timestamp":1607677578,"path_taken":["M","$","?","M","?","R","E","R","T","M","E","$","R","M","R","BOSS","M","?","M","?","M"],"items_purchased_type":["Relic","Card","Card","Card","Card"],"build_version":"2020-11-30","purchased_purges":1,"victory":false,"max_hp_per_floor":[72,72,72,72,72,72,72,72,72,72,72,72,72,72,72,72,72,72,72,72,72,72,72],"card_choices":[{"not_picked":["Collect","Prostrate"],"picked":"TalkToTheHand","floor":1.0},{"not_picked":["SashWhip","ClearTheMind","WindmillStrike"],"picked":"SKIP","floor":4.0},{"not_picked":["Prostrate","FlurryOfBlows"],"picked":"Evaluate","floor":5.0},{"not_picked":["Wireheading","Crescendo"],"picked":"Meditate","floor":7.0},{"not_picked":["WreathOfFlame","CarveReality"],"picked":"CrushJoints","floor":10.0},{"not_picked":["Study","DeusExMachina"],"picked":"EmptyFist","floor":11.0},{"not_picked":["EmptyFist","CrushJoints","PathToVictory"],"picked":"SKIP","floor":14},{"not_picked":["Judgement","Ragnarok"],"picked":"MasterReality","floor":16},{"not_picked":["CrushJoints","ThirdEye+1"],"picked":"Adaptation","floor":18},{"not_picked":["Evaluate","Conclude","SashWhip"],"picked":"SKIP","floor":20}],"player_experience":310805,"relics_obtained":[{"floor":7.0,"key":"Tiny Chest"},{"floor":9.0,"key":"Pantograph"},{"floor":11.0,"key":"Darkstone Periapt"}],"event_choices":[{"damage_healed":0.0,"max_hp_gain":0.0,"max_hp_loss":0.0,"gold_gain":0.0,"event_name":"Upgrade Shrine","player_choice":"Upgraded","floor":3.0,"gold_loss":0.0,"damage_taken":0.0,"cards_upgraded":["Eruption"]},{"damage_healed":0,"gold_gain":0,"player_choice":"Opened","damage_taken":0,"relics_obtained":["Blood Vial"],"max_hp_gain":0,"max_hp_loss":0,"event_name":"The Mausoleum","floor":21,"gold_loss":0}],"is_beta":false,"boss_relics":[{"not_picked":["Tiny House","HolyWater"],"picked":"Astrolabe"}],"items_purged_floors":[12],"is_endless":false,"potions_floor_spawned":[1,5,7,10,16,18,20],"killed_by":"3 Cultists","ascension_level":10}}