{"host":"6x4iiutqpimyd4s6","time":1607717414,"event":{"mods":["AchievementEnabler","BaseMod","BetterRewards","Colored Map","Data Control","Minty Spire (QoL Compilation)","Nulf Mod","Remove Card Discount Mod","Shop Mod","StSLib"],"gold_per_floor":[114,132,132,145,159,159,170,198,198,198,258,258,273,284,284,383,433,453,453,469,482,480,507,507,534,534,534,548,548,561,578,578,675,675,692,705,720,630,630,657,672,691,745,741,741,758,758,724,724,724,724],"floor_reached":50,"playtime":904,"items_purged":["Warcry","Strike_R","Strike_R","Strike_R","Defend_R","Strike_R+1","Defend_R+1"],"score":643,"play_id":"3444e83c-f9d9-4dd0-8499-c9cb21156d42","local_time":"20201211151014","is_ascension_mode":false,"campfire_choices":[{"data":"Bash","floor":6,"key":"SMITH"},{"data":"Entrench","floor":10,"key":"SMITH"},{"data":"Heavy Blade","floor":15,"key":"SMITH"},{"floor":24,"key":"RECALL"},{"data":"Defend_R","floor":29,"key":"SMITH"},{"data":"Defend_R","floor":32,"key":"SMITH"},{"data":"Barricade","floor":45,"key":"SMITH"},{"data":"Metallicize","floor":47,"key":"SMITH"},{"data":"Metallicize","floor":49,"key":"SMITH"}],"circlet_count":0,"master_deck":["Defend_R+1","Defend_R+1","Bash+1","Entrench+1","Heavy Blade+1","Heavy Blade+1","Heavy Blade+1","Shrug It Off+1","Whirlwind+1","Barricade+1","Metallicize","Metallicize+1","Metallicize+1"],"relics":["Black Blood","Strawberry","Nulfmod:PlaceholderRelic","Nulfmod:PlaceholderRelic2","Ornamental Fan","Molten Egg 2","Tiny House","Bottled Lightning","Singing Bowl","White Beast Statue","Self Forming Clay","Pen Nib"],"acts_visited":["Exordium","TheCity","TheBeyond"],"potions_floor_usage":[],"damage_taken":[{"damage":1,"enemies":"Cultist","floor":1,"turns":3},{"damage":0,"enemies":"2 Louse","floor":2,"turns":2},{"damage":0,"enemies":"Jaw Worm","floor":4,"turns":2},{"damage":0,"enemies":"2 Fungi Beasts","floor":5,"turns":2},{"damage":0,"enemies":"Lots of Slimes","floor":7,"turns":3},{"damage":6,"enemies":"Lagavulin","floor":8,"turns":4},{"damage":0,"enemies":"Large Slime","floor":13,"turns":2},{"damage":0,"enemies":"Gremlin Gang","floor":14,"turns":3},{"damage":21,"enemies":"Hexaghost","floor":16,"turns":4},{"damage":0,"enemies":"Shell Parasite","floor":18,"turns":3},{"damage":9,"enemies":"3 Byrds","floor":20,"turns":4},{"damage":15,"enemies":"Centurion and Healer","floor":21,"turns":3},{"damage":0,"enemies":"Book of Stabbing","floor":23,"turns":3},{"damage":0,"enemies":"Slavers","floor":25,"turns":4},{"damage":4,"enemies":"Snecko","floor":28,"turns":3},{"damage":12,"enemies":"Snake Plant","floor":30,"turns":3},{"damage":0,"enemies":"Centurion and Healer","floor":31,"turns":2},{"damage":11,"enemies":"Collector","floor":33,"turns":6},{"damage":0,"enemies":"3 Shapes","floor":35,"turns":1},{"damage":15,"enemies":"Orb Walker","floor":36,"turns":2},{"damage":0,"enemies":"3 Darklings","floor":37,"turns":3},{"damage":0,"enemies":"Giant Head","floor":40,"turns":6},{"damage":0,"enemies":"Transient","floor":41,"turns":5},{"damage":6,"enemies":"Sphere and 2 Shapes","floor":42,"turns":1},{"damage":0,"enemies":"Jaw Worm Horde","floor":46,"turns":1},{"damage":0,"enemies":"Time Eater","floor":50,"turns":1}],"seed_played":"-6859226268833233369","potions_obtained":[{"floor":2,"key":"Block Potion"},{"floor":8,"key":"Block Potion"},{"floor":13,"key":"Energy Potion"}],"is_trial":false,"path_per_floor":["M","M","$","M","M","R","M","E","T","R","?","?","M","M","R","B",null,"M","?","M","M","$","E","R","E","T","?","M","R","M","M","R","B",null,"M","M","M","$","?","E","M","M","T","$","R","M","R","$","R","B"],"character_chosen":"IRONCLAD","items_purchased":["Metallicize","Metallicize"],"campfire_rested":0,"item_purchase_floors":[38,48],"current_hp_per_floor":[87,87,87,87,87,87,87,87,87,87,87,70,76,82,82,67,92,92,92,89,80,80,86,86,94,94,94,94,94,90,98,98,93,98,100,99,102,102,102,104,106,108,108,108,108,110,110,110,110,110,110],"gold":724,"neow_bonus":"RANDOM_COMMON_RELIC","is_daily":false,"chose_seed":false,"campfire_upgraded":8,"win_rate":0.0,"timestamp":1607717414,"path_taken":["M","M","$","M","M","R","?","E","T","R","?","?","M","M","R","BOSS","M","?","M","?","$","E","R","E","T","?","M","R","M","M","R","BOSS","M","?","M","$","?","E","M","?","T","$","R","M","R","$","R","BOSS"],"items_purchased_type":["Card","Card"],"build_version":"2020-11-30","purchased_purges":7,"victory":false,"max_hp_per_floor":[87,87,87,87,87,87,87,87,87,87,87,87,87,87,87,87,92,92,92,92,92,92,92,92,94,94,94,94,94,96,98,98,98,98,100,102,102,102,102,104,106,108,108,108,108,110,110,110,110,110,110],"card_choices":[{"not_picked":["Twin Strike","Power Through","Havoc"],"picked":"SKIP","floor":1},{"not_picked":["Clash","Wild Strike"],"picked":"Entrench","floor":2},{"not_picked":["Pommel Strike","Shrug It Off"],"picked":"Heavy Blade","floor":4},{"not_picked":["Seeing Red","True Grit","Clash"],"picked":"SKIP","floor":5},{"not_picked":["Warcry","Seeing Red","Combust"],"picked":"SKIP","floor":7},{"not_picked":["Pommel Strike","Brutality"],"picked":"Heavy Blade","floor":8},{"not_picked":["Shockwave","Pommel Strike+1","Armaments"],"picked":"SKIP","floor":13},{"not_picked":["Seeing Red","Ghostly Armor"],"picked":"Heavy Blade+1","floor":14},{"not_picked":["Rupture+1","Shrug It Off","Uppercut+1"],"picked":"SKIP","floor":18},{"not_picked":["Thunderclap+1","Disarm"],"picked":"Warcry","floor":20},{"not_picked":["Perfected Strike+1","Pommel Strike+1"],"picked":"Shrug It Off+1","floor":21},{"not_picked":["Seeing Red","Burning Pact+1","Rage"],"picked":"SKIP","floor":23},{"not_picked":["Bloodletting+1","Iron Wave+1","Warcry"],"picked":"Singing Bowl","floor":25},{"not_picked":["Double Tap","Heavy Blade+1"],"picked":"Whirlwind+1","floor":28},{"not_picked":["Dual Wield+1","Pommel Strike+1","Headbutt+1"],"picked":"Singing Bowl","floor":30},{"not_picked":["Sword Boomerang+1","Hemokinesis+1","Anger+1"],"picked":"Singing Bowl","floor":31},{"not_picked":["Demon Form","Immolate+1"],"picked":"Barricade","floor":33},{"not_picked":["Iron Wave+1","Inflame+1","Armaments+1"],"picked":"Singing Bowl","floor":35},{"not_picked":["True Grit","Sword Boomerang+1","Power Through+1"],"picked":"Singing Bowl","floor":36},{"not_picked":["Cleave+1","Warcry+1"],"picked":"Metallicize","floor":37},{"not_picked":["Headbutt+1","Flex","Cleave+1"],"picked":"Singing Bowl","floor":40},{"not_picked":["Infernal Blade+1","Dropkick+1","Anger+1"],"picked":"Singing Bowl","floor":41},{"not_picked":["Sever Soul+1","Cleave+1","Offering"],"picked":"Singing Bowl","floor":42},{"not_picked":["Power Through+1","Sword Boomerang+1","Headbutt+1"],"picked":"Singing Bowl","floor":46}],"player_experience":283913,"relics_obtained":[{"floor":8,"key":"Ornamental Fan"},{"floor":9,"key":"Molten Egg 2"},{"floor":23,"key":"Bottled Lightning"},{"floor":25,"key":"Singing Bowl"},{"floor":26,"key":"White Beast Statue"},{"floor":40,"key":"Self Forming Clay"},{"floor":43,"key":"Pen Nib"}],"event_choices":[{"damage_healed":0,"gold_gain":60,"player_choice":"Gained Gold","damage_taken":0,"max_hp_gain":0,"max_hp_loss":0,"event_name":"Golden Wing","floor":11,"gold_loss":0},{"damage_healed":0,"gold_gain":0,"player_choice":"Entered Light","damage_taken":17,"max_hp_gain":0,"max_hp_loss":0,"event_name":"Shining Light","floor":12,"gold_loss":0,"cards_upgraded":["Heavy Blade","Strike_R"]},{"damage_healed":0,"gold_gain":0,"player_choice":"Got Potions","damage_taken":0,"max_hp_gain":0,"max_hp_loss":0,"event_name":"Lab","floor":19,"gold_loss":0},{"damage_healed":0,"gold_gain":0,"player_choice":"Forge","damage_taken":0,"max_hp_gain":0,"max_hp_loss":0,"event_name":"Accursed Blacksmith","floor":27,"gold_loss":0,"cards_upgraded":["Defend_R"]},{"cards_removed":["Strike_R"],"damage_healed":0,"gold_gain":0,"player_choice":"Purged","damage_taken":0,"max_hp_gain":0,"max_hp_loss":0,"event_name":"Purifier","floor":39,"gold_loss":0}],"is_beta":false,"boss_relics":[{"not_picked":["Busted Crown","Philosopher\u0027s Stone"],"picked":"Tiny House"},{"not_picked":["Astrolabe","Sozu"],"picked":"Black Blood"}],"items_purged_floors":[22,38,38,38,38,44,44],"is_endless":false,"potions_floor_spawned":[2,8,13,14,18,21,25,28,30,31,33,35,36,37,40,41,42,46],"killed_by":"Time Eater","ascension_level":0}}