{"host":"jr9f8lmgw9kaplsw","time":1607651923,"event":{"mods":["AchievementEnabler","BaseMod","BetterRewards","Colored Map","Hubris","Minty Spire (QoL Compilation)","Replay The Spire","Shop Mod","StSLib","The Cursed"],"gold_per_floor":[114,189,204,204,204,242,261,261,261,261,261,261,60,98,98,223,223,242,242,242,17,17,55,74,112,112,112,150,188,226,276,288,425,500,531,543,405,255,60,98,136,136,161,213,267,267,298,298,298,326],"floor_reached":51,"playtime":2793,"items_purged":[],"score":1354,"play_id":"61a500ad-fe0d-4a3f-840b-12d85821589e","local_time":"20201210205843","daily_mods":["Heirloom","Flight","DeadlyEvents"],"is_ascension_mode":false,"campfire_choices":[{"floor":8.0,"key":"REST"},{"data":"1","floor":10.0,"key":"LIFT"},{"data":"2","floor":11.0,"key":"LIFT"},{"data":"3","floor":12.0,"key":"LIFT"},{"floor":15.0,"key":"REST"},{"data":"After Image","floor":32,"key":"SMITH"},{"data":"A Thousand Cuts","floor":46,"key":"SMITH"},{"floor":49,"key":"REST"}],"circlet_count":0,"master_deck":["Strike_G","Strike_G","Strike_G","Strike_G+2","Defend_G+1","Defend_G+1","Defend_G+1","Defend_G+1","Defend_G+2","Survivor","Neutralize","Flying Knee","Endless Agony","Injury","Endless Agony","Deflect","Footwork+1","Cloak And Dagger","Backstab","Outmaneuver","After Image+1","PiercingWail","Fluid Movement","Dash","Dodge and Roll","A Thousand Cuts+1","Deflect+1","Dark Shackles","After Image+1","Replay:Poison Smokescreen","Backstab","Flying Knee","Noxious Fumes","Escape Plan+1"],"relics":["Ring of the Snake","Girya","Golden Idol","Happy Flower","White Beast Statue","Akabeko","Replay:Grab Bag","hubris:VirtuousBlindfold","Busted Crown","hubris:ScarierMask","SacredBark","hubris:Icosahedron","Membership Card","Gremlin Food","Gremlin Horn","Eternal Feather","FossilizedHelix","Sundial","Simple Rune","Replay:Bottled Eggs","MawBank","PreservedInsect","Tiny House","DollysMirror","Bronze Scales","Bag of Marbles","Strawberry","Anchor","Quantum Egg","Mummified Hand","Mercury Hourglass","Replay:Bandana","hubris:Spice","hubris:Towel"],"acts_visited":["Exordium","TheCity","TheBeyond"],"potions_floor_usage":[24,25,28,28,28,30,30,30,33,33,41,41,50,50,50],"damage_taken":[{"damage":3.0,"enemies":"2 Louse","floor":1.0,"turns":3.0},{"damage":2.0,"enemies":"Small Slimes","floor":3.0,"turns":4.0},{"damage":40.0,"enemies":"Lagavulin","floor":6.0,"turns":10.0},{"damage":1.0,"enemies":"Jaw Worm","floor":7.0,"turns":4.0},{"damage":0.0,"enemies":"Gremlin Nob","floor":14.0,"turns":2.0},{"damage":38.0,"enemies":"Hexaghost","floor":16.0,"turns":15.0},{"damage":0.0,"enemies":"3 Byrds","floor":18.0,"turns":4.0},{"damage":12,"enemies":"Replay:Snechameleon","floor":23,"turns":9},{"damage":0,"enemies":"Spheric Guardian","floor":24,"turns":3},{"damage":0,"enemies":"Book of Stabbing","floor":25,"turns":7},{"damage":0,"enemies":"Gremlin Leader","floor":28,"turns":8},{"damage":0,"enemies":"Replay:Snechameleon","floor":29,"turns":8},{"damage":0,"enemies":"Book of Stabbing","floor":30,"turns":4},{"damage":0,"enemies":"Replay:Snechameleon","floor":31,"turns":8},{"damage":0,"enemies":"Collector","floor":33,"turns":13},{"damage":0,"enemies":"3 Shapes","floor":35,"turns":3},{"damage":0,"enemies":"R_Hoarder","floor":40,"turns":7},{"damage":0,"enemies":"Nemesis","floor":41,"turns":5},{"damage":0,"enemies":"R_Hoarder","floor":44,"turns":5},{"damage":0,"enemies":"Giant Head","floor":45,"turns":8},{"damage":0,"enemies":"3 Darklings","floor":47,"turns":2},{"damage":0,"enemies":"hubris:GrandSnecko","floor":50,"turns":8}],"seed_played":"-551933171069321123","potions_obtained":[{"floor":7.0,"key":"CunningPotion"},{"floor":14.0,"key":"LiquidMemories"},{"floor":16.0,"key":"SkillPotion"},{"floor":18.0,"key":"BlessingOfTheForge"},{"floor":23,"key":"Languid Potion"},{"floor":24,"key":"ColorlessPotion"},{"floor":25,"key":"LiquidMemories"},{"floor":28,"key":"FearPotion"},{"floor":29,"key":"EntropicBrew"},{"floor":30,"key":"Block Potion"},{"floor":31,"key":"SpeedPotion"},{"floor":33,"key":"SpeedPotion"},{"floor":34,"key":"Dexterity Potion"},{"floor":35,"key":"Block Potion"},{"floor":41,"key":"CunningPotion"},{"floor":44,"key":"Death Potion"}],"is_trial":false,"path_per_floor":["M","?","M","?","?","E","M","R","T","R","R","R","$","E","R_BF","B",null,"M","?","?","$","?","E","M","E","T","?","E","E","E","E","R","B",null,"M","?","$","$","$","E","E","T","T","E","E","R","M","?","R_BF","B",null],"character_chosen":"THE_SILENT","items_purchased":["Footwork","Cloak And Dagger","Backstab","Membership Card","Gremlin Food","DollysMirror","Bronze Scales","Bag of Marbles","Strawberry","Anchor","Replay:Poison Smokescreen","Backstab","Flying Knee","Noxious Fumes"],"campfire_rested":3,"item_purchase_floors":[13,13,13,21,21,37,37,38,38,39,39,39,39,39],"current_hp_per_floor":[67,56,54,54,54,14,13,34,34,34,34,34,34,34,55,17,70,70,70,70,70,70,58,58,58,58,58,58,58,58,58,70,70,75,75,75,75,82,82,82,82,82,82,90,98,98,98,98,98,98],"gold":326,"neow_bonus":"","is_daily":true,"chose_seed":false,"campfire_upgraded":2,"win_rate":0.0,"timestamp":1607651923,"path_taken":["M","?","M","?","?","E","?","R","T","R","R","R","$","?","R_BF","BOSS","M","?","?","$","?","E","?","?","T","?","E","?","E","E","R","BOSS","M","?","$","$","$","E","E","?","T","E","?","R","?","?","R_BF","BOSS"],"items_purchased_type":["Card","Card","Card","Relic","Relic","Relic","Relic","Relic","Relic","Relic","Card","Card","Card","Card"],"build_version":"2020-11-30","purchased_purges":0,"victory":true,"max_hp_per_floor":[70,70,70,70,70,70,70,70,70,70,70,70,70,70,70,70,70,70,70,70,70,70,70,70,70,70,70,70,70,70,70,70,70,75,75,75,75,82,82,82,82,82,82,90,98,98,98,98,98,98],"card_choices":[{"not_picked":["Slice","Cloak And Dagger"],"picked":"Flying Knee","floor":1.0},{"not_picked":["Hidden Blade","Deadly Poison"],"picked":"Endless Agony","floor":3.0},{"not_picked":["Setup","Eviscerate"],"picked":"Endless Agony","floor":6.0},{"not_picked":["hubris:SlightOfHand","ReplayTheSpireMod:The Works"],"picked":"Deflect","floor":7.0},{"not_picked":["Predator","Quick Slash"],"picked":"Outmaneuver","floor":14.0},{"not_picked":["Phantasmal Killer","ReplayTheSpireMod:From All Sides"],"picked":"After Image","floor":16.0},{"not_picked":[],"picked":"PiercingWail","floor":18.0},{"not_picked":[],"picked":"Fluid Movement","floor":23},{"not_picked":["Catalyst"],"picked":"SKIP","floor":24},{"not_picked":["Hidden Blade"],"picked":"SKIP","floor":25},{"not_picked":["Malaise"],"picked":"SKIP","floor":28},{"not_picked":[],"picked":"Dash","floor":29},{"not_picked":["Catalyst"],"picked":"SKIP","floor":30},{"not_picked":[],"picked":"Dodge and Roll","floor":31},{"not_picked":[],"picked":"A Thousand Cuts","floor":33},{"not_picked":[],"picked":"Deflect+1","floor":34},{"not_picked":["Prepared+1"],"picked":"SKIP","floor":35},{"not_picked":[],"picked":"Dark Shackles","floor":36},{"not_picked":["Bouncing Flask"],"picked":"SKIP","floor":40},{"not_picked":[],"picked":"Escape Plan+1","floor":41},{"not_picked":["Dagger Throw"],"picked":"SKIP","floor":44},{"not_picked":["Acrobatics+1"],"picked":"SKIP","floor":45},{"not_picked":["Catalyst+1"],"picked":"SKIP","floor":47}],"player_experience":2768511,"relics_obtained":[{"floor":6.0,"key":"Happy Flower"},{"floor":9.0,"key":"White Beast Statue"},{"floor":14.0,"key":"Akabeko"},{"floor":23,"key":"Eternal Feather"},{"floor":25,"key":"FossilizedHelix"},{"floor":26,"key":"Sundial"},{"floor":28,"key":"Simple Rune"},{"floor":29,"key":"Replay:Bottled Eggs"},{"floor":30,"key":"MawBank"},{"floor":31,"key":"PreservedInsect"},{"floor":40,"key":"Quantum Egg"},{"floor":41,"key":"Mummified Hand"},{"floor":42,"key":"Mercury Hourglass"},{"floor":43,"key":"Replay:Bandana"},{"floor":44,"key":"hubris:Spice"},{"floor":45,"key":"hubris:Spice"}],"event_choices":[{"damage_healed":0.0,"max_hp_gain":0.0,"max_hp_loss":0.0,"gold_gain":75.0,"event_name":"World of Goop","player_choice":"Gather Gold","floor":2.0,"gold_loss":0.0,"damage_taken":11.0},{"damage_healed":0.0,"max_hp_gain":0.0,"max_hp_loss":0.0,"gold_gain":0.0,"event_name":"Golden Idol","player_choice":"Take Wound","floor":5.0,"gold_loss":0.0,"damage_taken":0.0,"relics_obtained":["Golden Idol"],"cards_obtained":["Injury"]},{"damage_healed":0.0,"max_hp_gain":0.0,"max_hp_loss":0.0,"gold_gain":0.0,"event_name":"Cursed Tome","player_choice":"Ignored","floor":19.0,"gold_loss":0.0,"damage_taken":0.0},{"damage_healed":0,"gold_gain":0,"player_choice":"Memory 1","damage_taken":0,"max_hp_gain":0,"max_hp_loss":0,"event_name":"SensoryStone","floor":36,"gold_loss":0}],"is_beta":false,"boss_relics":[{"not_picked":["Ectoplasm","Ring of Chaos"],"picked":"Replay:Grab Bag"},{"not_picked":["hubris:GrandSneckoEye","Philosopher\u0027s Stone"],"picked":"hubris:VirtuousBlindfold"},{"not_picked":["Replay:Wanted Poster","Abe\u0027s Treasure"],"picked":"Busted Crown"},{"not_picked":["Snecko Eye","HoveringKite"],"picked":"hubris:ScarierMask"},{"not_picked":["Replay:Drink Me","Ring of the Serpent"],"picked":"SacredBark"},{"not_picked":["Honey Jar","Runic Pyramid"],"picked":"Tiny House"}],"items_purged_floors":[],"is_endless":false,"potions_floor_spawned":[7,14,16,18,23,24,25,28,29,30,31,33,35,40,41,44,45,47],"ascension_level":0}}