{"host":"aeidq2c3auzxo1yh","time":1607707452,"event":{"mods":["AchievementEnabler","BaseMod","Colored Map","Colored Powertips","Minty Spire (QoL Compilation)","Relic Stats","StSLib"],"gold_per_floor":[111,81,93,93,93,93,128,128,128,147,180,8,8,28,28,99,99,117,117,117,117,136,136,136],"floor_reached":23,"playtime":1241,"items_purged":["Strike_G"],"score":469,"play_id":"6997f5bf-9868-4e59-a2ff-2af59d610b11","local_time":"20201211222412","is_ascension_mode":true,"campfire_choices":[{"data":"Dagger Spray","floor":6,"key":"SMITH"},{"data":"Neutralize","floor":8,"key":"SMITH"},{"data":"Noxious Fumes","floor":13,"key":"SMITH"},{"data":"Dagger Throw","floor":15,"key":"SMITH"}],"circlet_count":0,"master_deck":["AscendersBane","Defend_G","Defend_G","Defend_G","Defend_G","Survivor","Neutralize+1","Dagger Spray+1","Dagger Throw+1","Reflex","Terror","Crippling Poison","Acrobatics","Noxious Fumes+1","PiercingWail","Well Laid Plans","After Image","Tactician","Bite","Bite","Bite","Bite","Bite","J.A.X."],"relics":["Ring of the Snake","NeowsBlessing","Bag of Preparation","CaptainsWheel","Cursed Key","Enchiridion"],"acts_visited":["Exordium","TheCity"],"potions_floor_usage":[11,11,11,16,22],"damage_taken":[{"damage":0,"enemies":"Small Slimes","floor":1,"turns":1},{"damage":0,"enemies":"Cultist","floor":3,"turns":1},{"damage":0,"enemies":"3 Sentries","floor":7,"turns":1},{"damage":0,"enemies":"2 Louse","floor":10,"turns":2},{"damage":1,"enemies":"Lagavulin","floor":11,"turns":4},{"damage":1,"enemies":"2 Fungi Beasts","floor":14,"turns":3},{"damage":6,"enemies":"Hexaghost","floor":16,"turns":9},{"damage":0,"enemies":"Chosen","floor":18,"turns":5},{"damage":26,"enemies":"Shell Parasite","floor":22,"turns":4},{"damage":41,"enemies":"Book of Stabbing","floor":23,"turns":5}],"seed_played":"-5442690906635673416","potions_obtained":[{"floor":2,"key":"GhostInAJar"},{"floor":2,"key":"EntropicBrew"},{"floor":11,"key":"Dexterity Potion"},{"floor":16,"key":"Ancient Potion"},{"floor":22,"key":"Ancient Potion"}],"is_trial":false,"path_per_floor":["M","?","M","?","?","R","E","R","T","M","E","$","R","M","R","B",null,"M","?","?","?","M","E"],"character_chosen":"THE_SILENT","items_purchased":["Noxious Fumes","PiercingWail"],"campfire_rested":0,"item_purchase_floors":[12,12],"current_hp_per_floor":[59,59,59,52,52,52,52,52,52,52,51,51,51,52,52,48,62,64,43,43,43,27,0,0],"gold":136,"neow_bonus":"THREE_ENEMY_KILL","is_daily":false,"chose_seed":false,"campfire_upgraded":4,"win_rate":0.0,"timestamp":1607707452,"path_taken":["M","?","?","?","?","R","E","R","T","M","E","$","R","M","R","BOSS","M","?","?","?","M","E"],"items_purchased_type":["Card","Card"],"build_version":"2020-11-30","purchased_purges":1,"victory":false,"max_hp_per_floor":[66,66,66,66,66,66,66,66,66,66,66,66,66,66,66,66,66,66,66,66,66,66,66,66],"relic_stats":{"counters":[10,35],"Bag of Preparation":[14],"Cursed Key":0,"obtain_stats":[{"Blood Vial":11,"CaptainsWheel":9,"NeowsBlessing":0,"Enchiridion":19,"Bag of Preparation":7,"Cursed Key":17,"Ring of the Snake":0},{"Blood Vial":5,"CaptainsWheel":3,"NeowsBlessing":0,"Enchiridion":8,"Bag of Preparation":3,"Cursed Key":7,"Ring of the Snake":0},{"Blood Vial":9,"CaptainsWheel":3,"NeowsBlessing":0,"Enchiridion":26,"Bag of Preparation":3,"Cursed Key":21,"Ring of the Snake":0}],"Ring of the Snake":[20]},"card_choices":[{"not_picked":["Sucker Punch","Blade Dance"],"picked":"Dagger Spray","floor":1},{"not_picked":["Acrobatics","Bane"],"picked":"Dagger Throw","floor":3},{"not_picked":["Expertise","Terror","Cloak And Dagger"],"picked":"SKIP","floor":7},{"not_picked":["Expertise","Cloak And Dagger"],"picked":"Terror","floor":7},{"not_picked":["Bane","Endless Agony"],"picked":"Crippling Poison","floor":10},{"not_picked":["Sucker Punch","Outmaneuver"],"picked":"Acrobatics","floor":11},{"not_picked":["Blur","Quick Slash"],"picked":"Well Laid Plans","floor":14},{"not_picked":["Malaise","Venomology"],"picked":"After Image","floor":16},{"not_picked":["PiercingWail","Slice+1"],"picked":"Tactician","floor":18},{"not_picked":["Deadly Poison","Well Laid Plans","Dagger Throw"],"picked":"SKIP","floor":22}],"player_experience":839761,"relics_obtained":[{"floor":7,"key":"Bag of Preparation"},{"floor":9,"key":"CaptainsWheel"},{"floor":11,"key":"Blood Vial"},{"floor":19,"key":"Enchiridion"}],"event_choices":[{"damage_healed":0,"gold_gain":0,"player_choice":"Bought 2 Potions","damage_taken":0,"max_hp_gain":0,"max_hp_loss":0,"event_name":"The Woman in Blue","floor":2,"gold_loss":0},{"cards_removed":["Strike_G"],"damage_healed":0,"gold_gain":0,"player_choice":"Card Removal","damage_taken":7,"max_hp_gain":0,"max_hp_loss":0,"event_name":"Golden Wing","floor":4,"gold_loss":0},{"damage_healed":0,"gold_gain":0,"cards_transformed":["Defend_G"],"player_choice":"Change","damage_taken":0,"max_hp_gain":0,"max_hp_loss":0,"event_name":"Living Wall","floor":5,"gold_loss":0,"cards_obtained":["Reflex"]},{"damage_healed":0,"gold_gain":0,"player_choice":"Obtained Book","damage_taken":21,"max_hp_gain":0,"max_hp_loss":0,"event_name":"Cursed Tome","floor":19,"gold_loss":0},{"damage_healed":0,"gold_gain":0,"player_choice":"Became a vampire (Vial)","damage_taken":0,"max_hp_gain":0,"max_hp_loss":0,"event_name":"Vampires","floor":20,"relics_lost":["Blood Vial"],"gold_loss":0,"cards_obtained":["Bite","Bite","Bite","Bite","Bite"]},{"damage_healed":0,"gold_gain":0,"player_choice":"Obtain J.A.X.","damage_taken":0,"max_hp_gain":0,"max_hp_loss":0,"event_name":"Drug Dealer","floor":21,"gold_loss":0,"cards_obtained":["J.A.X."]}],"is_beta":false,"boss_relics":[{"not_picked":["Pandora\u0027s Box","Philosopher\u0027s Stone"],"picked":"Cursed Key"}],"items_purged_floors":[12],"is_endless":false,"potions_floor_spawned":[10,11,16,22],"killed_by":"Book of Stabbing","ascension_level":20}}