{"host":"Krakhan","time":1607663453,"event":{"mods":["AchievementEnabler","BaseMod","Colored Map","Colored Powertips","Faster Ascension Climbing","Highlight Path","Minty Spire (QoL Compilation)","Rare Cards Sparkle","Relic Stats","StSLib"],"gold_per_floor":[110,122,141,141,60,60,89,89,116,166,166,194,207,250,250,358,358,383,383,405,420,26,26,26,67,141,141,141],"floor_reached":27,"playtime":2662,"items_purged":["Strike_P"],"score":552,"play_id":"ac139e04-608c-4e1b-b2f1-4ce25e87c5d5","local_time":"20201211001053","is_ascension_mode":true,"campfire_choices":[{"data":"BowlingBash","floor":6.0,"key":"SMITH"},{"data":"Protect","floor":11.0,"key":"SMITH"},{"data":"Wireheading","floor":15.0,"key":"SMITH"},{"data":"Perseverance","floor":23.0,"key":"SMITH"}],"circlet_count":0,"master_deck":["AscendersBane","Strike_P","Strike_P","Defend_P","Defend_P","Defend_P","Defend_P","Eruption","Vigilance","Tantrum","BowlingBash+1","ClearTheMind","FlyingSleeves","Protect+1","FlurryOfBlows","Wireheading+1","Perseverance+1","Vault","Devotion+1","ThirdEye"],"relics":["PureWater","NeowsBlessing","Smiling Mask","Golden Idol","CeramicFish","Mummified Hand","Strawberry","Snecko Eye","Incense Burner","The Courier","Toxic Egg 2"],"acts_visited":["Exordium","TheCity"],"potions_floor_usage":[],"damage_taken":[{"damage":0.0,"enemies":"Small Slimes","floor":1.0,"turns":1.0},{"damage":0.0,"enemies":"Cultist","floor":2.0,"turns":1.0},{"damage":0.0,"enemies":"2 Louse","floor":3.0,"turns":1.0},{"damage":12.0,"enemies":"3 Sentries","floor":7.0,"turns":6.0},{"damage":11.0,"enemies":"Gremlin Nob","floor":10.0,"turns":3.0},{"damage":0.0,"enemies":"Blue Slaver","floor":12.0,"turns":3.0},{"damage":1.0,"enemies":"Looter","floor":13.0,"turns":4.0},{"damage":0.0,"enemies":"Lagavulin","floor":14.0,"turns":6.0},{"damage":16.0,"enemies":"The Guardian","floor":16.0,"turns":12.0},{"damage":14.0,"enemies":"3 Byrds","floor":18.0,"turns":5.0},{"damage":0.0,"enemies":"Chosen","floor":20.0,"turns":4.0},{"damage":0.0,"enemies":"Centurion and Healer","floor":21.0,"turns":6.0},{"damage":29.0,"enemies":"Slavers","floor":25.0,"turns":8.0},{"damage":16,"enemies":"Snake Plant","floor":27,"turns":2}],"seed_played":"-2669793926230969914","potions_obtained":[{"floor":1.0,"key":"Swift Potion"},{"floor":3.0,"key":"SpeedPotion"},{"floor":13.0,"key":"EssenceOfSteel"},{"floor":14.0,"key":"ColorlessPotion"},{"floor":16.0,"key":"Explosive Potion"},{"floor":18.0,"key":"GamblersBrew"}],"is_trial":false,"path_per_floor":["M","M","M","?","$","R","E","?","T","E","R","M","M","E","R","B",null,"M","?","M","M","$","R","$","E","T","M"],"character_chosen":"WATCHER","items_purchased":["FlyingSleeves","Protect","Incense Burner"],"campfire_rested":0,"item_purchase_floors":[5,5,22],"current_hp_per_floor":[61,61,61,54,54,54,42,42,42,31,31,31,30,37,37,21,57,43,43,43,43,43,43,43,14,14,0,0],"gold":141,"neow_bonus":"THREE_ENEMY_KILL","is_daily":false,"chose_seed":false,"campfire_upgraded":4,"win_rate":0.0,"timestamp":1607663453,"path_taken":["M","M","M","?","$","R","E","?","T","E","R","M","M","E","R","BOSS","M","?","M","M","$","R","?","E","T","?"],"items_purchased_type":["Card","Card","Relic"],"build_version":"2020-12-07","purchased_purges":1,"victory":false,"max_hp_per_floor":[68,68,68,68,68,68,68,62,62,62,62,62,62,69,69,69,69,69,69,69,69,69,69,69,69,69,69,69],"relic_stats":{"counters":[14,62],"Golden Idol":61,"Mummified Hand":[21],"CeramicFish":45,"Snecko Eye":[34,43,41,40],"Smiling Mask":25,"obtain_stats":[{"NeowsBlessing":0,"Golden Idol":8,"Mummified Hand":10,"CeramicFish":9,"Strawberry":14,"Snecko Eye":17,"The Courier":25,"Incense Burner":22,"PureWater":0,"Toxic Egg 2":26,"Smiling Mask":7},{"NeowsBlessing":0,"Golden Idol":4,"Mummified Hand":5,"CeramicFish":4,"Strawberry":8,"Snecko Eye":9,"The Courier":13,"Incense Burner":12,"PureWater":0,"Toxic Egg 2":13,"Smiling Mask":4},{"NeowsBlessing":0,"Golden Idol":9,"Mummified Hand":12,"CeramicFish":9,"Strawberry":25,"Snecko Eye":37,"The Courier":60,"Incense Burner":52,"PureWater":0,"Toxic Egg 2":60,"Smiling Mask":9}]},"card_choices":[{"not_picked":["Nirvana","MentalFortress"],"picked":"Tantrum","floor":1.0},{"not_picked":["Halt","CutThroughFate"],"picked":"BowlingBash","floor":2.0},{"not_picked":["ForeignInfluence","PathToVictory"],"picked":"ClearTheMind","floor":3.0},{"not_picked":["BattleHymn","EmptyFist"],"picked":"FlurryOfBlows","floor":7.0},{"not_picked":["Omniscience","Adaptation"],"picked":"Wireheading","floor":10.0},{"not_picked":["FlurryOfBlows","EmptyMind"],"picked":"Perseverance","floor":12.0},{"not_picked":["FlurryOfBlows","FollowUp","Prostrate"],"picked":"SKIP","floor":13.0},{"not_picked":["Sanctity","BowlingBash"],"picked":"Vault","floor":14.0},{"not_picked":["Judgement","MasterReality"],"picked":"Devotion","floor":16.0},{"not_picked":["Fasting2","Vengeance","Prostrate"],"picked":"SKIP","floor":18.0},{"not_picked":["SignatureMove","FlurryOfBlows"],"picked":"ThirdEye","floor":20.0},{"not_picked":["BowlingBash","Prostrate","ClearTheMind"],"picked":"SKIP","floor":21.0},{"not_picked":["FlyingSleeves","Crescendo","Prostrate"],"picked":"SKIP","floor":25.0}],"player_experience":1188304,"relics_obtained":[{"floor":7.0,"key":"Smiling Mask"},{"floor":9.0,"key":"CeramicFish"},{"floor":10.0,"key":"Mummified Hand"},{"floor":14.0,"key":"Strawberry"},{"floor":25.0,"key":"The Courier"},{"floor":26.0,"key":"Toxic Egg 2"}],"event_choices":[{"cards_removed":["Strike_P"],"damage_healed":0.0,"max_hp_gain":0.0,"max_hp_loss":0.0,"gold_gain":0.0,"event_name":"Golden Wing","player_choice":"Card Removal","floor":4.0,"gold_loss":0.0,"damage_taken":7.0},{"damage_healed":0.0,"max_hp_gain":0.0,"max_hp_loss":6.0,"gold_gain":0.0,"event_name":"Golden Idol","player_choice":"Lose Max HP","floor":8.0,"gold_loss":0.0,"damage_taken":0.0,"relics_obtained":["Golden Idol"]},{"damage_healed":0.0,"max_hp_gain":0.0,"max_hp_loss":0.0,"gold_gain":0.0,"event_name":"Upgrade Shrine","player_choice":"Upgraded","floor":19.0,"gold_loss":0.0,"damage_taken":0.0,"cards_upgraded":["Devotion"]}],"is_beta":true,"boss_relics":[{"not_picked":["Cursed Key","Sozu"],"picked":"Snecko Eye"}],"items_purged_floors":[22],"is_endless":false,"potions_floor_spawned":[1,3,13,14,16,18,21],"killed_by":"Snake Plant","ascension_level":20}}