{"host":"poop","time":1607712074,"event":{"mods":["BaseMod","Minty Spire (QoL Compilation)","Permanent Neow","Shop Mod","StSLib"],"gold_per_floor":[113,113,125,138,138,166,178,178,256,274,265,265,265,286,286,416,416,437,437,169,169,193,193,193,208,254,302,324,348,348,361,361,482,482,498,522,546,546,585,624,95,158,185,185,60,60,60,79,79,79,79],"floor_reached":50,"playtime":2218,"items_purged":["Strike_B","Defend_B","Defend_B"],"score":496,"play_id":"e4c2c0fc-2d0b-4515-82df-9584ace7de81","local_time":"20201211124114","is_ascension_mode":false,"campfire_choices":[{"data":"Loop","floor":12,"key":"SMITH"},{"data":"Zap","floor":15,"key":"SMITH"},{"data":"Buffer","floor":23,"key":"SMITH"},{"floor":30,"key":"REST"},{"floor":32,"key":"REST"},{"data":"Apotheosis","floor":44,"key":"SMITH"},{"floor":46,"key":"RECALL"},{"floor":49,"key":"REST"}],"circlet_count":0,"master_deck":["Defend_B+1","Defend_B+1","Zap+1","Dualcast","Redo","Loop+1","Thunder Strike","Creative AI","Loop+1","Capacitor","Buffer+1","Storm","Electrodynamics","Heatsinks+1","Force Field","Fusion+1","Consume","Parasite","Defragment+1","Apotheosis+1"],"relics":["FrozenCore","Unceasing Top","Golden Idol","Mummified Hand","War Paint","Orrery","MutagenicStrength","CeramicFish","DataDisk","Empty Cage","Ornamental Fan","Singing Bowl","Gambling Chip"],"acts_visited":["Exordium","TheCity","TheBeyond"],"potions_floor_usage":[10,11,14,16,27,36],"damage_taken":[{"damage":3,"enemies":"Small Slimes","floor":1,"turns":3},{"damage":1,"enemies":"Cultist","floor":3,"turns":3},{"damage":0,"enemies":"2 Louse","floor":4,"turns":2},{"damage":10,"enemies":"Gremlin Nob","floor":6,"turns":3},{"damage":2,"enemies":"Blue Slaver","floor":7,"turns":2},{"damage":0,"enemies":"Looter","floor":10,"turns":3},{"damage":4,"enemies":"Exordium Thugs","floor":11,"turns":4},{"damage":11,"enemies":"Exordium Wildlife","floor":14,"turns":2},{"damage":17,"enemies":"Hexaghost","floor":16,"turns":7},{"damage":23,"enemies":"Spheric Guardian","floor":18,"turns":4},{"damage":10,"enemies":"Shell Parasite","floor":22,"turns":3},{"damage":0,"enemies":"Cultist and Chosen","floor":25,"turns":5},{"damage":36,"enemies":"Slavers","floor":27,"turns":4},{"damage":3,"enemies":"Sentry and Sphere","floor":28,"turns":5},{"damage":11,"enemies":"Snake Plant","floor":29,"turns":3},{"damage":1,"enemies":"Shelled Parasite and Fungi","floor":31,"turns":6},{"damage":9,"enemies":"Collector","floor":33,"turns":6},{"damage":10,"enemies":"3 Shapes","floor":35,"turns":5},{"damage":9,"enemies":"3 Darklings","floor":36,"turns":4},{"damage":0,"enemies":"Spire Growth","floor":37,"turns":6},{"damage":0,"enemies":"Writhing Mass","floor":39,"turns":5},{"damage":5,"enemies":"Giant Head","floor":40,"turns":6},{"damage":17,"enemies":"2 Orb Walkers","floor":42,"turns":2},{"damage":27,"enemies":"Transient","floor":48,"turns":5},{"damage":31,"enemies":"Donu and Deca","floor":50,"turns":2}],"seed_played":"5940371503323717690","potions_obtained":[{"floor":1,"key":"EssenceOfDarkness"},{"floor":2,"key":"Regen Potion"},{"floor":2,"key":"Weak Potion"},{"floor":10,"key":"PowerPotion"},{"floor":11,"key":"LiquidBronze"},{"floor":18,"key":"EssenceOfDarkness"},{"floor":25,"key":"EssenceOfDarkness"},{"floor":33,"key":"Energy Potion"},{"floor":36,"key":"SmokeBomb"},{"floor":37,"key":"PotionOfCapacity"}],"is_trial":false,"path_per_floor":["M","?","M","M","?","E","M","?","T","M","M","R","?","M","R","B",null,"M","?","$","?","M","R","?","M","T","E","M","M","R","M","R","B",null,"M","M","M","?","M","E","$","?","T","R","$","R","?","M","R","B"],"character_chosen":"DEFECT","items_purchased":["Capacitor","Orrery","Apotheosis","Singing Bowl"],"campfire_rested":3,"item_purchase_floors":[20,20,41,41],"current_hp_per_floor":[72,72,71,71,64,54,52,52,52,61,57,57,69,58,58,41,69,46,46,46,46,36,36,59,59,59,23,20,9,29,28,48,39,69,59,50,50,50,50,45,45,30,30,30,30,30,30,5,26,0,0],"gold":79,"neow_bonus":"RANDOM_COLORLESS","is_daily":false,"chose_seed":false,"campfire_upgraded":4,"win_rate":0.0,"timestamp":1607712074,"path_taken":["M","?","M","?","?","E","M","?","T","M","M","R","?","M","R","BOSS","M","?","$","?","M","R","?","?","T","E","M","M","R","M","R","BOSS","M","M","M","?","M","E","$","?","T","R","$","R","?","M","R","BOSS"],"items_purchased_type":["Card","Relic","Card","Relic"],"build_version":"2020-12-07","purchased_purges":3,"victory":false,"max_hp_per_floor":[75,75,75,75,75,75,75,69,69,69,69,69,69,69,69,69,69,69,69,69,69,69,69,69,69,69,69,69,69,69,69,69,69,69,69,69,69,69,69,69,69,71,71,71,71,71,71,73,73,73,73],"card_choices":[{"not_picked":["Blind","Trip"],"picked":"Dark Shackles","floor":0},{"not_picked":["Conserve Battery","Double Energy"],"picked":"Ball Lightning","floor":1},{"not_picked":["Gash","Rebound","Turbo"],"picked":"SKIP","floor":3},{"not_picked":["Steam","FTL"],"picked":"Redo","floor":4},{"not_picked":["Hologram","Leap","FTL"],"picked":"SKIP","floor":6},{"not_picked":["Hologram","Turbo","Genetic Algorithm"],"picked":"SKIP","floor":7},{"not_picked":["Rebound","Compile Driver"],"picked":"Loop","floor":10},{"not_picked":["Gash","Coolheaded","Scrape"],"picked":"SKIP","floor":11},{"not_picked":["Ball Lightning","Steam"],"picked":"Thunder Strike","floor":14},{"not_picked":["Meteor Strike","All For One"],"picked":"Creative AI","floor":16},{"not_picked":["Turbo+1","Rip and Tear"],"picked":"Loop+1","floor":18},{"not_picked":["Leap+1","Conserve Battery"],"picked":"Buffer","floor":20},{"not_picked":["Coolheaded+1","Redo"],"picked":"Storm","floor":20},{"not_picked":["Doom and Gloom","Compile Driver+1"],"picked":"Electrodynamics","floor":20},{"not_picked":["Reprogram+1","Steam"],"picked":"Heatsinks+1","floor":22},{"not_picked":["White Noise","Rip and Tear+1"],"picked":"Force Field","floor":25},{"not_picked":["Sunder","Rebound+1"],"picked":"Fusion+1","floor":27},{"not_picked":["Static Discharge+1","Streamline+1"],"picked":"Consume","floor":28},{"not_picked":["Auto Shields","Conserve Battery+1","Consume"],"picked":"SKIP","floor":29},{"not_picked":["Go for the Eyes","Glacier","Sunder"],"picked":"SKIP","floor":31},{"not_picked":["Redo","Rebound+1","Sunder"],"picked":"SKIP","floor":35},{"not_picked":["Rip and Tear","Redo","Hologram+1"],"picked":"SKIP","floor":36},{"not_picked":["Go for the Eyes","Barrage","Conserve Battery"],"picked":"SKIP","floor":37},{"not_picked":["Coolheaded","Compile Driver+1"],"picked":"Defragment+1","floor":39},{"not_picked":["Barrage","FTL+1","Rainbow"],"picked":"SKIP","floor":40},{"not_picked":["Redo","Force Field+1","Rebound"],"picked":"Singing Bowl","floor":42},{"not_picked":["Beam Cell","Skim+1","Defragment"],"picked":"Singing Bowl","floor":48}],"player_experience":511521,"relics_obtained":[{"floor":6,"key":"Unceasing Top"},{"floor":9,"key":"Mummified Hand"},{"floor":26,"key":"CeramicFish"},{"floor":27,"key":"DataDisk"},{"floor":40,"key":"Ornamental Fan"},{"floor":42,"key":"Gambling Chip"}],"event_choices":[{"damage_healed":0,"gold_gain":0,"player_choice":"Got Potions","damage_taken":0,"max_hp_gain":0,"max_hp_loss":0,"event_name":"Lab","floor":2,"gold_loss":0},{"cards_removed":["Strike_B"],"damage_healed":0,"gold_gain":0,"player_choice":"Card Removal","damage_taken":7,"max_hp_gain":0,"max_hp_loss":0,"event_name":"Golden Wing","floor":5,"gold_loss":0},{"damage_healed":0,"gold_gain":0,"player_choice":"Lose Max HP","damage_taken":0,"relics_obtained":["Golden Idol"],"max_hp_gain":0,"max_hp_loss":6,"event_name":"Golden Idol","floor":8,"gold_loss":0},{"cards_removed":["Dark Shackles"],"damage_healed":12,"gold_gain":0,"player_choice":"Offered Uncommon","damage_taken":0,"max_hp_gain":0,"max_hp_loss":0,"event_name":"Bonfire Elementals","floor":13,"gold_loss":0},{"damage_healed":0,"gold_gain":0,"player_choice":"Opened","damage_taken":0,"relics_obtained":["War Paint"],"max_hp_gain":0,"max_hp_loss":0,"event_name":"The Mausoleum","floor":19,"gold_loss":0},{"damage_healed":0,"gold_gain":0,"player_choice":"Inject Mutagens","damage_taken":0,"relics_obtained":["MutagenicStrength"],"max_hp_gain":0,"max_hp_loss":0,"event_name":"Drug Dealer","floor":21,"gold_loss":0},{"damage_healed":23,"gold_gain":0,"player_choice":"Heal","damage_taken":0,"max_hp_gain":0,"max_hp_loss":0,"event_name":"The Library","floor":24,"gold_loss":0},{"damage_healed":0,"gold_gain":0,"player_choice":"Ignored","damage_taken":0,"max_hp_gain":0,"max_hp_loss":0,"event_name":"Tomb of Lord Red Mask","floor":38,"gold_loss":0},{"damage_healed":0,"gold_gain":0,"player_choice":"Fight","damage_taken":0,"max_hp_gain":0,"max_hp_loss":0,"event_name":"Mysterious Sphere","floor":42,"gold_loss":0},{"cards_removed":["Ball Lightning"],"damage_healed":0,"gold_gain":0,"player_choice":"Removed Attack","damage_taken":0,"max_hp_gain":0,"max_hp_loss":0,"event_name":"Falling","floor":47,"gold_loss":0}],"is_beta":true,"boss_relics":[{"not_picked":["Snecko Eye","Fusion Hammer"],"picked":"FrozenCore"},{"not_picked":["SacredBark","Velvet Choker"],"picked":"Empty Cage"}],"items_purged_floors":[20,41,45],"is_endless":false,"potions_floor_spawned":[1,3,10,11,18,25,33,36,37,48],"killed_by":"Donu and Deca","ascension_level":0}}