{"host":"oluf6aumjll4vfac","time":1607695198,"event":{"mods":["BaseMod","Colored Map","Colored Powertips","Conspire","Minty Spire (QoL Compilation)","Quick Restart","Shop Mod","StSLib","SuperFastMode"],"gold_per_floor":[109,125,145,45,45,45,65,82,108,108,133,35,54,73,73,173,173,186,201,126,51,64,64,64],"floor_reached":23,"playtime":784,"items_purged":["Strike_R"],"score":185,"play_id":"287f0b6c-0c37-4fc0-99d5-0f709e4376e5","local_time":"20201211215958","is_ascension_mode":false,"campfire_choices":[{"data":"Ghostly","floor":6,"key":"SMITH"},{"data":"Thunderclap","floor":10,"key":"SMITH"},{"floor":15,"key":"REST"}],"circlet_count":0,"master_deck":["Strike_R","Strike_R","Strike_R","Defend_R","Defend_R","Defend_R","Defend_R","Bash","Clothesline","Searing Blow","Ghostly+1","Thunderclap+1","Anger","Intimidate","Enlightenment","Cleave","Spot Weakness","Corruption","Rage","Thunderclap"],"relics":["Black Blood","Pen Nib","Odd Mushroom"],"acts_visited":["Exordium","TheCity"],"potions_floor_usage":[7,8,16,18,23],"damage_taken":[{"damage":5,"enemies":"2 Louse","floor":1,"turns":2},{"damage":9,"enemies":"conspire:RoseBush","floor":2,"turns":2},{"damage":4,"enemies":"Cultist","floor":3,"turns":3},{"damage":25,"enemies":"Large Slime","floor":7,"turns":6},{"damage":10,"enemies":"Looter","floor":8,"turns":2},{"damage":2,"enemies":"The Mushroom Lair","floor":11,"turns":4},{"damage":20,"enemies":"conspire:2 RoseBushes","floor":13,"turns":3},{"damage":16,"enemies":"Large Slime","floor":14,"turns":3},{"damage":62,"enemies":"Hexaghost","floor":16,"turns":10},{"damage":12,"enemies":"2 Thieves","floor":18,"turns":4},{"damage":35,"enemies":"conspire:FuzzyDice","floor":19,"turns":7},{"damage":54,"enemies":"Centurion and Healer","floor":22,"turns":6},{"damage":24,"enemies":"Book of Stabbing","floor":23,"turns":4}],"seed_played":"-1747181328225285620","potions_obtained":[{"floor":3,"key":"LiquidMemories"},{"floor":7,"key":"LiquidMemories"},{"floor":14,"key":"Weak Potion"},{"floor":16,"key":"GamblersBrew"},{"floor":19,"key":"Strength Potion"}],"is_trial":false,"path_per_floor":["M","M","M","?","?","R","M","M","T","R","?","$","M","M","R","B",null,"M","M","?","$","M","E"],"character_chosen":"IRONCLAD","items_purchased":["Enlightenment"],"campfire_rested":1,"item_purchase_floors":[12],"current_hp_per_floor":[88,85,87,87,87,87,68,64,64,64,68,68,54,44,70,14,88,88,65,65,65,23,0,0],"gold":64,"neow_bonus":"TEN_PERCENT_HP_BONUS","is_daily":false,"chose_seed":false,"campfire_upgraded":2,"win_rate":0.0,"timestamp":1607695198,"path_taken":["M","M","M","?","?","R","M","M","T","R","?","$","M","M","R","BOSS","M","M","?","$","M","E"],"items_purchased_type":["Card"],"build_version":"2020-11-30","purchased_purges":1,"victory":false,"max_hp_per_floor":[88,88,88,88,88,88,88,88,88,88,88,88,88,88,88,88,88,88,88,88,88,88,88,88],"card_choices":[{"not_picked":["Warcry","Entrench"],"picked":"Clothesline","floor":1},{"not_picked":["Feel No Pain","Perfected Strike","Sword Boomerang"],"picked":"SKIP","floor":2},{"not_picked":["Dark Embrace","Rampage"],"picked":"Searing Blow","floor":3},{"not_picked":["Reckless Charge","Havoc"],"picked":"Thunderclap","floor":7},{"not_picked":["Thunderclap","Flame Barrier"],"picked":"Anger","floor":8},{"not_picked":["Dual Wield","Second Wind"],"picked":"Intimidate","floor":11},{"not_picked":["Infernal Blade","Headbutt"],"picked":"Cleave","floor":13},{"not_picked":["Flame Barrier","Armaments"],"picked":"Spot Weakness","floor":14},{"not_picked":["Impervious","Reaper"],"picked":"Corruption","floor":16},{"not_picked":["Headbutt","Perfected Strike"],"picked":"Rage","floor":18},{"not_picked":["Shrug It Off","Cleave"],"picked":"Thunderclap","floor":19},{"not_picked":["Havoc","Body Slam","Burning Pact"],"picked":"SKIP","floor":22}],"player_experience":38087,"relics_obtained":[{"floor":9,"key":"Pen Nib"},{"floor":11,"key":"Odd Mushroom"}],"event_choices":[{"damage_healed":0,"gold_gain":0,"player_choice":"Argue","damage_taken":0,"max_hp_gain":0,"max_hp_loss":0,"event_name":"conspire:LoneGhost","floor":4,"gold_loss":0},{"damage_healed":0,"gold_gain":0,"player_choice":"Leave","damage_taken":0,"max_hp_gain":0,"max_hp_loss":0,"event_name":"conspire:Investor","floor":5,"gold_loss":0},{"damage_healed":0,"gold_gain":0,"player_choice":"Fought Mushrooms","damage_taken":0,"max_hp_gain":0,"max_hp_loss":0,"event_name":"Mushrooms","floor":11,"gold_loss":0},{"cards_removed":["Strike_R"],"damage_healed":0,"gold_gain":0,"player_choice":"Gave Gold","damage_taken":0,"max_hp_gain":0,"max_hp_loss":0,"event_name":"Beggar","floor":20,"gold_loss":75}],"is_beta":false,"boss_relics":[{"not_picked":["Velvet Choker","Mark of Pain"],"picked":"Black Blood"}],"items_purged_floors":[21],"is_endless":false,"potions_floor_spawned":[3,7,14,16,19],"killed_by":"Book of Stabbing","ascension_level":0}}