{"host":"vdpaduzlq0qlaikq","time":1607705250,"event":{"mods":["AchievementEnabler","BaseMod","Better Third Choice","BetterRewards","Colored Map","Downfall","Hermit","Minty Spire (QoL Compilation)","Relic Filter","StSLib","The Necromancer"],"gold_per_floor":[113,113,124,124,142,142,160,160,215,232,232,244,281,293,305,422,434,460,472,484,484],"floor_reached":20,"playtime":662,"items_purged":["Strike_B"],"score":367,"play_id":"cd07d4db-5ef3-4b12-b986-d182558e5cf1","local_time":"20201211144730","is_ascension_mode":true,"campfire_choices":[{"data":"Capacitor","floor":6.0,"key":"SMITH"},{"floor":8.0,"key":"REST"},{"data":"Capacitor","floor":12.0,"key":"SMITH"},{"floor":15.0,"key":"RECALL"}],"circlet_count":0,"master_deck":["Strike_B","Defend_B","Defend_B","Zap","Dualcast","Capacitor+1","Apotheosis+1","Capacitor+1","Ball Lightning","Ball Lightning","Loop","Conserve Battery","Echo Form","Consume+1","Stack+1","Rebound+1"],"relics":["Cracked Core","MealTicket","Tiny Chest","DollysMirror","MawBank","Bag of Preparation","Astrolabe"],"acts_visited":[],"potions_floor_usage":[],"damage_taken":[{"damage":5.0,"enemies":"2 Louse","floor":1.0,"turns":3.0},{"damage":1.0,"enemies":"Cultist","floor":3.0,"turns":3.0},{"damage":12.0,"enemies":"Jaw Worm","floor":5.0,"turns":2.0},{"damage":6.0,"enemies":"2 Fungi Beasts","floor":7.0,"turns":3.0},{"damage":0.0,"enemies":"Exordium Wildlife","floor":10.0,"turns":2.0},{"damage":38.0,"enemies":"Gremlin Nob","floor":13.0,"turns":4.0},{"damage":17.0,"enemies":"The Guardian","floor":16.0,"turns":7.0},{"damage":40.0,"enemies":"2 Thieves","floor":18.0,"turns":5.0},{"damage":0,"enemies":"3 Byrds","floor":20,"turns":2}],"seed_played":"-8860831413195962758","potions_obtained":[{"floor":1.0,"key":"CultistPotion"},{"floor":5.0,"key":"CultistPotion"}],"is_trial":false,"path_per_floor":["M","?","M","?","M","R","M","R","T","M","T","R","E","$","R","B",null,"M","?","M"],"character_chosen":"DEFECT","items_purchased":["Capacitor","MealTicket","Tiny Chest","Apotheosis","DollysMirror","Ball Lightning","DistilledChaos"],"campfire_rested":1,"item_purchase_floors":[0,0,0,0,0,0,0],"current_hp_per_floor":[63,63,62,62,50,50,44,66,66,66,66,66,28,43,43,26,63,23,23,23,23],"gold":484,"neow_bonus":"","is_daily":false,"chose_seed":false,"campfire_upgraded":2,"win_rate":0.0,"timestamp":1607705250,"path_taken":["M","?","?","?","M","R","M","R","T","M","?","R","E","$","R","BOSS","M","?","M"],"items_purchased_type":["Card","Relic","Relic","Card","Relic","Card","Potion"],"build_version":"2020-11-30","purchased_purges":1,"victory":false,"max_hp_per_floor":[75,75,75,75,75,75,75,75,75,75,75,75,75,75,75,75,75,75,75,75,75],"card_choices":[{"not_picked":["Beam Cell","Compile Driver"],"picked":"Ball Lightning","floor":1.0},{"not_picked":["Beam Cell","Rebound","Glacier"],"picked":"SKIP","floor":3.0},{"not_picked":["Rip and Tear","Compile Driver","Redo"],"picked":"SKIP","floor":5.0},{"not_picked":["Ball Lightning","Amplify","Beam Cell"],"picked":"SKIP","floor":7.0},{"not_picked":["Beam Cell","Stack"],"picked":"Loop","floor":10.0},{"not_picked":["Stack","Cold Snap"],"picked":"Conserve Battery","floor":13.0},{"not_picked":["Thunder Strike","Reboot"],"picked":"Echo Form","floor":16.0},{"not_picked":["Ball Lightning","Gash","Hologram"],"picked":"SKIP","floor":18.0}],"player_experience":485919,"relics_obtained":[{"floor":11.0,"key":"MawBank"},{"floor":13.0,"key":"Bag of Preparation"}],"event_choices":[{"damage_healed":0.0,"max_hp_gain":0.0,"max_hp_loss":0.0,"gold_gain":0.0,"event_name":"Upgrade Shrine","player_choice":"Upgraded","floor":2.0,"gold_loss":0.0,"damage_taken":0.0,"cards_upgraded":["Apotheosis"]},{"cards_removed":["Strike_B"],"damage_healed":0.0,"max_hp_gain":0.0,"max_hp_loss":0.0,"gold_gain":0.0,"event_name":"Purifier","player_choice":"Purged","floor":4.0,"gold_loss":0.0,"damage_taken":0.0},{"damage_healed":0.0,"max_hp_gain":0.0,"max_hp_loss":0.0,"gold_gain":0.0,"event_name":"Vampires","player_choice":"Ignored","floor":19.0,"gold_loss":0.0,"damage_taken":0.0}],"is_beta":false,"boss_relics":[{"not_picked":["Calling Bell","Pandora\u0027s Box"],"picked":"Astrolabe"}],"items_purged_floors":[0],"is_endless":false,"potions_floor_spawned":[1,5],"killed_by":"3 Byrds","ascension_level":7}}