{"host":"2lo6hma6kymb0g9i","time":1607694669,"event":{"mods":["BaseMod","Colored Map","DeckTracker","Minty Spire (QoL Compilation)"],"gold_per_floor":[112,62,62,62,79,79,109,109,109,138,63,63,63,119,119,119,119],"floor_reached":16,"playtime":889,"items_purged":["Strike_G"],"score":146,"play_id":"f1efa953-55a8-4ea9-b18b-fa68ebfbb7e0","local_time":"20201211225109","is_ascension_mode":true,"campfire_choices":[{"data":"Neutralize","floor":6,"key":"SMITH"},{"data":"Cloak And Dagger","floor":8,"key":"SMITH"},{"floor":13,"key":"REST"},{"floor":15,"key":"REST"}],"circlet_count":0,"master_deck":["Strike_G","Strike_G","Strike_G","Defend_G","Defend_G","Defend_G","Defend_G","Defend_G","Survivor","Neutralize+1","Quick Slash","Cloak And Dagger+1","Deflect","Finisher","Blade Dance","Predator"],"relics":["Ring of the Snake","Ginger","Juzu Bracelet","Art of War","Oddly Smooth Stone"],"acts_visited":["Exordium"],"potions_floor_usage":[10],"damage_taken":[{"damage":4,"enemies":"2 Louse","floor":1,"turns":3},{"damage":3,"enemies":"Jaw Worm","floor":5,"turns":5},{"damage":28,"enemies":"Lagavulin","floor":7,"turns":10},{"damage":20,"enemies":"3 Sentries","floor":10,"turns":8},{"damage":26,"enemies":"Lagavulin Event","floor":14,"turns":5},{"damage":25,"enemies":"Hexaghost","floor":16,"turns":11}],"seed_played":"-137513540705471450","potions_obtained":[{"floor":7,"key":"BlessingOfTheForge"}],"is_trial":false,"path_per_floor":["M","?","?","$","M","R","E","R","T","E","$","?","R","?","R","B"],"character_chosen":"THE_SILENT","items_purchased":[],"campfire_rested":2,"item_purchase_floors":[],"current_hp_per_floor":[59,59,59,59,56,56,28,28,28,8,8,8,29,3,24,0,0],"gold":119,"neow_bonus":"THREE_CARDS","is_daily":false,"chose_seed":false,"campfire_upgraded":2,"win_rate":0.0,"timestamp":1607694669,"path_taken":["M","?","?","$","M","R","E","R","T","E","$","?","R","?","R","BOSS"],"items_purchased_type":[],"build_version":"2020-11-30","purchased_purges":1,"victory":false,"max_hp_per_floor":[70,70,70,70,70,70,70,70,70,70,70,70,70,70,70,70,70],"card_choices":[{"not_picked":["Underhanded Strike","Escape Plan"],"picked":"Quick Slash","floor":0},{"not_picked":["Deflect","Underhanded Strike"],"picked":"Cloak And Dagger","floor":1},{"not_picked":["Cloak And Dagger","Backflip"],"picked":"Deflect","floor":5},{"not_picked":["Catalyst","Reflex"],"picked":"Finisher","floor":7},{"not_picked":["Flying Knee","Heel Hook"],"picked":"Blade Dance","floor":10},{"not_picked":["Skewer","Slice"],"picked":"Predator","floor":14}],"player_experience":766016,"relics_obtained":[{"floor":7,"key":"Ginger"},{"floor":9,"key":"Juzu Bracelet"},{"floor":10,"key":"Art of War"},{"floor":14,"key":"Oddly Smooth Stone"}],"event_choices":[{"cards_removed":["Strike_G"],"damage_healed":0,"gold_gain":0,"player_choice":"Card Removal","damage_taken":0,"max_hp_gain":0,"max_hp_loss":0,"event_name":"The Cleric","floor":2,"gold_loss":50},{"damage_healed":0,"gold_gain":0,"player_choice":"Ignored","damage_taken":0,"max_hp_gain":0,"max_hp_loss":0,"event_name":"Liars Game","floor":3,"gold_loss":0},{"damage_healed":0,"gold_gain":0,"player_choice":"Ignored","damage_taken":0,"max_hp_gain":0,"max_hp_loss":0,"event_name":"Shining Light","floor":12,"gold_loss":0},{"damage_healed":0,"gold_gain":0,"player_choice":"Searched \u00271\u0027 times","damage_taken":0,"max_hp_gain":0,"max_hp_loss":0,"event_name":"Dead Adventurer","floor":14,"gold_loss":0}],"is_beta":false,"boss_relics":[],"items_purged_floors":[11],"is_endless":false,"potions_floor_spawned":[7],"killed_by":"Hexaghost","ascension_level":8}}