{"host":"y89x8uui45kcjy42","time":1607689905,"event":{"mods":["2.2 Compatiblity","BaseMod","Colored Map","Colored Powertips","Friendly Minions","Highlight Path","Keyboard Shortcuts","Minty Spire (QoL Compilation)","StSLib","SuperFastMode","The Bug Knight","Waifu the Spire"],"gold_per_floor":[111,111,286,299,317,317,329,364,364,393,426,49,49,110,110,215,215,237,237,237,256,296,296,329,26,72,92,126,126,1,14,14,111,111,131,91,111,106,116,152,152,177,177,210,229,229,229,248,248,248],"floor_reached":51,"playtime":1765,"items_purged":["Doubt","HollowMod:NailStrikeStart","HollowMod:QuickDashStart","HollowMod:NailStrikeStart"],"score":1067,"play_id":"3966d83e-87bd-4bd8-b4bc-fccfe42faf29","local_time":"20201211213145","is_ascension_mode":true,"campfire_choices":[{"data":"HollowMod:InfectedCysts","floor":6,"key":"SMITH"},{"data":"HollowMod:HuntersJournal","floor":13,"key":"SMITH"},{"data":"HollowMod:MothsMistake","floor":15,"key":"SMITH"},{"data":"HollowMod:TaintedHusks","floor":23,"key":"SMITH"},{"data":"HollowMod:LuriensSpire","floor":29,"key":"SMITH"},{"data":"HollowMod:InfectedCysts","floor":32,"key":"SMITH"},{"data":"HollowMod:HuntersJournal","floor":41,"key":"SMITH"},{"data":"HollowMod:Grubsong","floor":46,"key":"SMITH"},{"data":"HollowMod:FocusHealStart","floor":49,"key":"SMITH"}],"circlet_count":0,"master_deck":["HollowMod:NailStrikeStart+1","HollowMod:QuickDashStart+1","HollowMod:FocusHealStart+1","HollowMod:PogoStrike","HollowMod:SoulStrike+1","HollowMod:InfectedAttack+1","HollowMod:HowlingWraiths+1","HollowMod:MothsMistake+1","HollowMod:HuntersJournal+1","HollowMod:InfectedCysts+1","HollowMod:TaintedHusks+1","HollowMod:HuntersJournal+1","HollowMod:LuriensSpire","HollowMod:InfectedCysts+1","HollowMod:LuriensSpire+1","HollowMod:NewGlowingWomb","HollowMod:Grubsong+1","HollowMod:QuirrelsAssistance+1","HollowMod:InfectedCysts+1","HollowMod:CloakDash","HollowMod:SoulVessel+1"],"relics":["Astrolabe","Juzu Bracelet","CeramicFish","HornCleat","Mummified Hand","Turnip","Coffee Dripper","Red Mask","Pen Nib","HollowMod:KingsBrand","Bag of Preparation","Tiny Chest","HollowMod:GreatKnightMask","SlaversCollar","HollowMod:JonisBlessing","Anchor","HollowMod:MantisClawRelic","Pantograph","HollowMod:LumaflyLanternRelic"],"acts_visited":["Exordium","TheCity","TheBeyond"],"potions_floor_usage":[18,22,27,33,36,50,50,50,50,50,50],"damage_taken":[{"damage":3,"enemies":"Small Slimes","floor":1,"turns":2},{"damage":15,"enemies":"Jaw Worm","floor":4,"turns":2},{"damage":9,"enemies":"Cultist","floor":5,"turns":3},{"damage":10,"enemies":"2 Fungi Beasts","floor":7,"turns":2},{"damage":35,"enemies":"3 Sentries","floor":8,"turns":4},{"damage":19,"enemies":"Blue Slaver","floor":10,"turns":2},{"damage":41,"enemies":"Gremlin Nob","floor":11,"turns":3},{"damage":37,"enemies":"Slime Boss","floor":16,"turns":6},{"damage":12,"enemies":"3 Byrds","floor":18,"turns":2},{"damage":16,"enemies":"Shell Parasite","floor":21,"turns":3},{"damage":0,"enemies":"Masked Bandits","floor":22,"turns":2},{"damage":46,"enemies":"HollowMod:Nosk","floor":24,"turns":5},{"damage":12,"enemies":"Centurion and Healer","floor":27,"turns":3},{"damage":15,"enemies":"HollowMod:Zote","floor":28,"turns":2},{"damage":30,"enemies":"Snake Plant","floor":31,"turns":2},{"damage":20,"enemies":"Collector","floor":33,"turns":7},{"damage":9,"enemies":"Orb Walker","floor":35,"turns":3},{"damage":8,"enemies":"3 Darklings","floor":37,"turns":3},{"damage":11,"enemies":"4 Shapes","floor":39,"turns":2},{"damage":0,"enemies":"HollowMod:StalkingDevout","floor":40,"turns":4},{"damage":8,"enemies":"Transient","floor":42,"turns":5},{"damage":17,"enemies":"Giant Head","floor":44,"turns":6},{"damage":0,"enemies":"Jaw Worm Horde","floor":45,"turns":2},{"damage":21,"enemies":"Writhing Mass","floor":48,"turns":5},{"damage":0,"enemies":"Donu and Deca","floor":50,"turns":5}],"seed_played":"-2519836776486710380","potions_obtained":[{"floor":1,"key":"FearPotion"},{"floor":7,"key":"Energy Potion"},{"floor":11,"key":"ColorlessPotion"},{"floor":16,"key":"EntropicBrew"},{"floor":22,"key":"Swift Potion"},{"floor":24,"key":"Block Potion"},{"floor":27,"key":"Block Potion"},{"floor":36,"key":"Fruit Juice"},{"floor":36,"key":"SpeedPotion"},{"floor":40,"key":"Regen Potion"},{"floor":44,"key":"LiquidMemories"}],"is_trial":false,"path_per_floor":["M","?","?","M","M","R","M","E","T","M","E","$","R","$","R","B",null,"M","?","?","M","?","R","E","$","T","M","?","R","$","M","R","B",null,"M","?","M","$","M","E","R","M","T","E","M","R","T","M","R","B",null],"character_chosen":"THE_BUGKNIGHT","items_purchased":["HollowMod:LuriensSpire","Mummified Hand","Turnip","HollowMod:InfectedCysts","HollowMod:KingsBrand","Bag of Preparation","HollowMod:JonisBlessing"],"campfire_rested":0,"item_purchase_floors":[12,12,14,14,25,25,38],"current_hp_per_floor":[72,57,57,42,33,33,23,54,54,35,64,64,64,64,64,27,75,69,69,69,53,53,53,17,17,17,5,60,60,60,30,30,22,75,66,71,63,63,52,52,52,44,44,27,27,27,27,6,6,6],"gold":248,"neow_bonus":"BOSS_RELIC","is_daily":false,"chose_seed":false,"campfire_upgraded":9,"win_rate":0.0,"timestamp":1607689905,"path_taken":["M","?","?","?","M","R","M","E","T","M","E","?","R","$","R","BOSS","M","?","?","M","?","R","E","?","T","M","?","R","$","M","R","BOSS","M","?","M","?","M","E","R","M","T","E","M","R","?","M","R","BOSS"],"items_purchased_type":["Card","Relic","Relic","Card","Relic","Relic","Relic"],"build_version":"2020-11-30","purchased_purges":4,"victory":true,"max_hp_per_floor":[75,75,75,75,75,75,75,75,75,75,75,75,75,75,75,75,75,75,75,75,75,75,75,75,75,75,75,75,75,75,75,75,75,75,75,80,80,80,80,80,80,80,80,80,80,80,80,80,80,80],"card_choices":[{"not_picked":["HollowMod:SiblingsShadow","HollowMod:SharpenedNail"],"picked":"HollowMod:MothsMistake","floor":1},{"not_picked":["HollowMod:DashSlash","HollowMod:PureNailStrike"],"picked":"HollowMod:HuntersJournal","floor":4},{"not_picked":["HollowMod:SiblingsSouls","HollowMod:PerfectDash"],"picked":"HollowMod:InfectedCysts","floor":5},{"not_picked":["HollowMod:DungDefenderAura","HollowMod:DashSlash"],"picked":"HollowMod:TaintedHusks","floor":7},{"not_picked":["HollowMod:LordofShades","HollowMod:HeavyBlow","HollowMod:BaldurShell"],"picked":"SKIP","floor":8},{"not_picked":["HollowMod:DoubleDash","HollowMod:ShadowDash"],"picked":"HollowMod:HuntersJournal","floor":10},{"not_picked":["HollowMod:SoulSplash","HollowMod:InfectedAttack","HollowMod:LifebloodCore"],"picked":"SKIP","floor":11},{"not_picked":["HollowMod:FallenFury","HollowMod:DoubleDash"],"picked":"HollowMod:LuriensSpire","floor":18},{"not_picked":["HollowMod:SoulShaman","HollowMod:DoubleDash+1"],"picked":"HollowMod:NewGlowingWomb","floor":21},{"not_picked":["HollowMod:TaintedHusks","HollowMod:SoulSplash"],"picked":"HollowMod:Grubsong","floor":22},{"not_picked":["HollowMod:SoulEater","HollowMod:CycloneSlash","HollowMod:SoulShaman"],"picked":"SKIP","floor":24},{"not_picked":["HollowMod:SoulVessel","HollowMod:GoodIntentions","HollowMod:CoiledNail+1"],"picked":"SKIP","floor":27},{"not_picked":["HollowMod:CycloneSlash","HollowMod:InfectedAttack"],"picked":"HollowMod:QuirrelsAssistance+1","floor":28},{"not_picked":["HollowMod:CycloneSlash","HollowMod:TaintedHusks","HollowMod:InfectedAttack"],"picked":"SKIP","floor":31},{"not_picked":["HollowMod:SharpenedNail+1","HollowMod:SoulShaman"],"picked":"HollowMod:InfectedCysts+1","floor":35},{"not_picked":["HollowMod:RecoilStrike","HollowMod:GreatSlash+1","HollowMod:AbyssShriek+1"],"picked":"SKIP","floor":37},{"not_picked":["HollowMod:ChannelNail+1","HollowMod:CornifersMapStart","HollowMod:TaintedHusks+1"],"picked":"SKIP","floor":39},{"not_picked":["HollowMod:Hiveblood","HollowMod:InfectedAttack+1"],"picked":"HollowMod:CloakDash","floor":40},{"not_picked":["HollowMod:VengefulVoid","HollowMod:CloakDash+1"],"picked":"HollowMod:SoulVessel+1","floor":42},{"not_picked":["HollowMod:CrystalDash","HollowMod:LifebloodCocoon","HollowMod:HeavyBlow+1"],"picked":"SKIP","floor":44},{"not_picked":["HollowMod:SoulEater","HollowMod:WraithStrike","HollowMod:QuirrelsAssistance+1"],"picked":"SKIP","floor":45},{"not_picked":["HollowMod:BlackTendrils+1","HollowMod:DoubleDash+1","HollowMod:TaintedHusks"],"picked":"SKIP","floor":48}],"player_experience":498438,"relics_obtained":[{"floor":8,"key":"Juzu Bracelet"},{"floor":9,"key":"CeramicFish"},{"floor":11,"key":"HornCleat"},{"floor":22,"key":"Red Mask"},{"floor":24,"key":"Pen Nib"},{"floor":26,"key":"Tiny Chest"},{"floor":28,"key":"HollowMod:GreatKnightMask"},{"floor":40,"key":"Anchor"},{"floor":43,"key":"HollowMod:MantisClawRelic"},{"floor":44,"key":"Pantograph"},{"floor":47,"key":"HollowMod:LumaflyLanternRelic"}],"event_choices":[{"damage_healed":0,"gold_gain":0,"player_choice":"Entered Light","damage_taken":15,"max_hp_gain":0,"max_hp_loss":0,"event_name":"Shining Light","floor":2,"gold_loss":0,"cards_upgraded":["HollowMod:QuickDashStart","HollowMod:NailStrikeStart"]},{"damage_healed":0,"gold_gain":175,"player_choice":"AGREE","damage_taken":0,"max_hp_gain":0,"max_hp_loss":0,"event_name":"Liars Game","floor":3,"gold_loss":0,"cards_obtained":["Doubt"]},{"damage_healed":0,"gold_gain":0,"player_choice":"Ignored","damage_taken":0,"max_hp_gain":0,"max_hp_loss":0,"event_name":"Vampires","floor":19,"gold_loss":0},{"damage_healed":0,"gold_gain":0,"player_choice":"Fought Bandits","damage_taken":0,"max_hp_gain":0,"max_hp_loss":0,"event_name":"Masked Bandits","floor":22,"gold_loss":0},{"damage_healed":0,"gold_gain":0,"player_choice":"Bought 3 Potions","damage_taken":0,"max_hp_gain":0,"max_hp_loss":0,"event_name":"The Woman in Blue","floor":36,"gold_loss":0}],"is_beta":false,"boss_relics":[{"not_picked":["Philosopher\u0027s Stone","Sozu","Velvet Choker"]},{"not_picked":["Snecko Eye","Calling Bell"],"picked":"SlaversCollar"}],"items_purged_floors":[12,14,30,38],"is_endless":false,"potions_floor_spawned":[1,7,11,16,22,24,27,31,40,42,44,45],"ascension_level":4}}