{"host":"9544bpadt41uu5ar","time":1607692551,"event":{"mods":["Act Like it!","Aspiration","BaseMod","Conspire","Gensokyo","Hallownest","Highlight Path","KinomotoSakuraMod(木之本樱)","KomeijiMod","Luminous","Marisa（F雨　魔理沙）","Minty Spire (QoL Compilation)","Reimu（博丽灵梦）","Remilia_Scarlet Moed（蕾米莉亚・斯卡雷特）3.3.5","Remilia（蕾米莉亚）","Replay The Spire","StSLib","The Bug Knight","The Gatherer","The Hierophant","The Servant 0.9.4","WarShipGirlsR/战舰少女R mod","Youmu（魂魄妖梦）","Yuyuko","【东方二次创作】八云紫mod","【遗物卡牌】REMEMod"],"gold_per_floor":[114,114,128,147,147,147,72,116,116,141,162,162,162],"floor_reached":12,"playtime":599,"items_purged":["rmod:strick"],"score":80,"play_id":"d25cea2b-3c68-4cf8-9391-c0bceae69d18","local_time":"20201211211551","is_ascension_mode":false,"campfire_choices":[{"data":"RedNightlessCastle","floor":6,"key":"SMITH"}],"circlet_count":0,"master_deck":["rmod:strick","rmod:strick","rmod:strick","rmod:defend","rmod:defend","rmod:defend","rmod:defend","rmod:basicallowance","rmod:maingunfire","rmod:supportescort","RedNightlessCastle+1","rmod:intelligenceanalysis","rmod:expedition","rmod:seals","rmod:wife"],"relics":["rmod:firstchargereward","REME_ComplimentaryCards","NeowsBlessing","Golden Idol","Ancient Tea Set"],"acts_visited":["Exordium"],"potions_floor_usage":[],"damage_taken":[{"damage":0,"enemies":"Cultist","floor":1,"turns":1},{"damage":0,"enemies":"Small Slimes","floor":3,"turns":1},{"damage":0,"enemies":"2 Louse","floor":4,"turns":1},{"damage":25,"enemies":"Gremlin Nob","floor":8,"turns":4},{"damage":10,"enemies":"Red Slaver","floor":10,"turns":4},{"damage":3,"enemies":"Blue Slaver","floor":11,"turns":3},{"damage":32,"enemies":"3 Sentries","floor":12,"turns":4}],"seed_played":"-8355328780906993822","potions_obtained":[{"floor":4,"key":"Fire Potion"},{"floor":8,"key":"Toxic Potion"},{"floor":10,"key":"SpeedPotion"}],"is_trial":false,"path_per_floor":["M","?","M","M","?","R","$","E","T","M","M","E"],"character_chosen":"PRAEFECT","items_purchased":[],"campfire_rested":0,"item_purchase_floors":[],"current_hp_per_floor":[75,57,57,57,65,65,65,40,40,30,27,0,0],"gold":162,"neow_bonus":"THREE_ENEMY_KILL","is_daily":false,"chose_seed":false,"campfire_upgraded":1,"win_rate":0.0,"timestamp":1607692551,"path_taken":["M","?","M","M","?","R","$","E","T","M","M","E"],"items_purchased_type":[],"build_version":"2020-11-30","purchased_purges":1,"victory":false,"max_hp_per_floor":[75,75,75,75,75,75,75,75,75,75,75,75,75],"card_choices":[{"not_picked":["rmod:circuitoustactics","rmod:steelsupply"],"picked":"rmod:supportescort","floor":1},{"not_picked":["rmod:goodfighter","rmod:fletcherpendant"],"picked":"rmod:intelligenceanalysis","floor":3},{"not_picked":["rmod:tearstotiara","rmod:fletcherpendant"],"picked":"rmod:expedition","floor":4},{"not_picked":["rmod:aviationdawn","rmod:unsinkable"],"picked":"rmod:seals","floor":8},{"not_picked":["rmod:slowdown","rmod:aviationdawn","rmod:victimresponsibility"],"picked":"SKIP","floor":10},{"not_picked":["rmod:wolves","rmod:intelligenceanalysis"],"picked":"rmod:wife","floor":11}],"player_experience":59293,"relics_obtained":[{"floor":8,"key":"Ancient Tea Set"}],"event_choices":[{"damage_healed":0,"gold_gain":0,"player_choice":"Take Damage","damage_taken":18,"relics_obtained":["Golden Idol"],"max_hp_gain":0,"max_hp_loss":0,"event_name":"Golden Idol","floor":2,"gold_loss":0}],"is_beta":false,"boss_relics":[],"items_purged_floors":[7],"is_endless":false,"potions_floor_spawned":[4,8,10],"killed_by":"3 Sentries","ascension_level":0}}