{"host":"Crutt","time":1607667364,"event":{"mods":["Aspiration","BaseMod","Downfall","Googly Eyes","Minty Spire (QoL Compilation)","Spicy Shops","StSLib"],"gold_per_floor":[99,125,125,50,85,85,140,140,151,186,201,214,214,232,263,368,368,368,368,368,368,368,368,368,368,368,218,218,218,218,218,218,315,315,315,315,315],"floor_reached":36,"playtime":2204,"items_purged":[],"score":768,"play_id":"71a2ead7-5819-4466-b8d7-419940ce1b10","local_time":"20201211001604","is_ascension_mode":true,"campfire_choices":[{"floor":1,"key":"RECALL"},{"data":"sneckomod:DangerNoodle","floor":4,"key":"SMITH"},{"data":"sneckomod:UnknownClassGREEN","floor":8,"key":"SMITH"},{"data":"sneckomod:Restock","floor":18,"key":"SMITH"},{"floor":21,"key":"REST"},{"data":"Ghostly","floor":27,"key":"SMITH"},{"data":"Ghostly","floor":35,"key":"SMITH"}],"circlet_count":0,"master_deck":["sneckomod:Defend","sneckomod:Defend","sneckomod:Defend","sneckomod:SnekBite","sneckomod:Unknown","sneckomod:Unknown","sneckomod:DangerNoodle+1","sneckomod:UnknownUncommonSkill","sneckomod:UnknownClassGREEN+1","sneckomod:UnknownClassTHE_CHAMP_GRAY","sneckomod:MorePower","sneckomod:UnknownStrength+1","sneckomod:UnknownBlock","sneckomod:UnknownClassPURPLE+2","Dagger Throw","Die Die Die","Underhanded Strike","sneckomod:UnknownClassRED+1","sneckomod:UnknownDexterity","sneckomod:UnknownClassTHE_CHAMP_GRAY+1","sneckomod:UnknownClassTHE_CHAMP_GRAY","sneckomod:Restock+1","sneckomod:UnknownColorless+1","sneckomod:Unknown2Cost+1","sneckomod:SerpentIdol","Ghostly","Ghostly","Ghostly","Ghostly+1","Ghostly+1","sneckomod:UnknownRareSkill+1","sneckomod:UnknownClassRED","sneckomod:UnknownDexterity","sneckomod:UnknownUncommonPower+1","sneckomod:Unknown1Cost+1","Pain","sneckomod:SerpentMind","Shame","hexamod:SixthSeal","sneckomod:Transmogrify","sneckomod:Unknown3Cost+1","sneckomod:Unknown3Cost"],"relics":["sneckomod:SneckoSoul","downfall:HeartsMalice","Blue Candle","downfall:HeartBlessingRed","Juzu Bracelet","Anchor","downfall:RedIOU","Pocketwatch","Lantern","downfall:HeartBlessingGreen","downfall:HeartBlessingBlue","WarpedTongs","sneckomod:LoadedDie","Cursed Key","aspiration:IroncladSkillbook"],"acts_visited":["Exordium","TheCity","TheBeyond"],"potions_floor_usage":[11,12,15,16,20,23,33,33],"damage_taken":[{"damage":0,"enemies":"Lagavulin","floor":2,"turns":1},{"damage":0,"enemies":"Gremlin Nob","floor":5,"turns":1},{"damage":0,"enemies":"Jaw Worm","floor":6,"turns":1},{"damage":0,"enemies":"Cultist","floor":9,"turns":2},{"damage":55,"enemies":"Lagavulin","floor":10,"turns":4},{"damage":0,"enemies":"Small Slimes","floor":11,"turns":3},{"damage":0,"enemies":"Exordium Wildlife","floor":12,"turns":2},{"damage":4,"enemies":"2 Fungi Beasts","floor":14,"turns":3},{"damage":9,"enemies":"Lots of Slimes","floor":15,"turns":5},{"damage":45,"enemies":"downfall:Silent","floor":16,"turns":9},{"damage":16,"enemies":"Slavers","floor":20,"turns":4},{"damage":3,"enemies":"Book of Stabbing","floor":23,"turns":7},{"damage":20,"enemies":"3 Byrds","floor":25,"turns":1},{"damage":3,"enemies":"Snake Plant","floor":26,"turns":4},{"damage":1,"enemies":"Shelled Parasite and Fungi","floor":29,"turns":4},{"damage":1,"enemies":"Centurion and Healer","floor":31,"turns":4},{"damage":4,"enemies":"Chosen and Byrds","floor":32,"turns":3},{"damage":40,"enemies":"downfall:Watcher","floor":33,"turns":9},{"damage":90,"enemies":"Reptomancer","floor":36,"turns":2}],"seed_played":"4596078089851497168","potions_obtained":[{"floor":5,"key":"LiquidMemories"},{"floor":9,"key":"DuplicationPotion"},{"floor":11,"key":"Fruit Juice"},{"floor":12,"key":"LiquidBronze"},{"floor":14,"key":"PowerPotion"},{"floor":16,"key":"DuplicationPotion"},{"floor":20,"key":"Fruit Juice"},{"floor":26,"key":"hexamod:EctoCoolerPotion"},{"floor":32,"key":"EntropicBrew"}],"is_trial":false,"path_per_floor":["R","E","?","R","E","M","T","R","M","E","M","M","?","M","M","B",null,"R","?","E","R","?","E","T","M","M","R","?","M","?","M","M","B",null,"R","E"],"character_chosen":"THE_SNECKO","items_purchased":[],"campfire_rested":1,"item_purchase_floors":[],"current_hp_per_floor":[81,81,81,81,82,83,83,83,84,69,76,77,77,75,68,34,88,88,88,78,111,56,55,55,56,55,65,65,64,64,63,63,52,68,68,0,0],"gold":315,"neow_bonus":"THREE_ENEMY_KILL","is_daily":false,"chose_seed":false,"campfire_upgraded":5,"win_rate":0.0,"timestamp":1607667364,"path_taken":["R","E","?","R","E","M","T","R","M","E","M","M","?","M","M","BOSS","R","?","E","R","?","E","T","M","M","R","?","M","?","M","M","BOSS","R","E"],"items_purchased_type":[],"build_version":"2020-12-07","purchased_purges":0,"victory":false,"max_hp_per_floor":[90,90,90,90,91,92,92,92,93,93,100,101,101,103,105,106,106,106,106,112,112,56,58,58,59,61,71,71,71,71,71,71,73,73,73,73,73],"card_choices":[{"not_picked":["sneckomod:RainOfDice","sneckomod:UnknownX"],"picked":"sneckomod:DangerNoodle","floor":2},{"not_picked":["sneckomod:Unknown2Cost","sneckomod:CheapStock"],"picked":"sneckomod:UnknownUncommonSkill","floor":5},{"not_picked":["sneckomod:DiceCrush","sneckomod:UnknownX"],"picked":"sneckomod:UnknownClassGREEN","floor":6},{"not_picked":["sneckomod:Nope","sneckomod:RainOfDice"],"picked":"sneckomod:UnknownClassTHE_CHAMP_GRAY","floor":9},{"not_picked":["sneckomod:Unknown2Cost","sneckomod:Nope"],"picked":"sneckomod:MorePower","floor":10},{"not_picked":["sneckomod:UnknownStrike+1","sneckomod:UnknownClassGUARDIAN+1"],"picked":"sneckomod:UnknownStrength+1","floor":11},{"not_picked":["sneckomod:SoulDraw","sneckomod:Rotation"],"picked":"sneckomod:UnknownBlock","floor":11},{"not_picked":["sneckomod:UnknownCommonAttack","sneckomod:UnknownEthereal"],"picked":"sneckomod:UnknownClassPURPLE","floor":12},{"not_picked":["sneckomod:UnknownClassBLUE+1","sneckomod:UnknownUncommonSkill+1"],"picked":"sneckomod:UnknownClassRED+1","floor":14},{"not_picked":["sneckomod:DiceBlock","sneckomod:Nope"],"picked":"sneckomod:UnknownDexterity","floor":14},{"not_picked":["sneckomod:UnknownClassBLUE+1","sneckomod:Unknown2Cost+1"],"picked":"sneckomod:UnknownClassTHE_CHAMP_GRAY+1","floor":15},{"not_picked":["sneckomod:Unknown1Cost","sneckomod:Unknown0Cost"],"picked":"sneckomod:UnknownClassTHE_CHAMP_GRAY","floor":15},{"not_picked":["sneckomod:GlitteringGambit","sneckomod:UnlimitedRolls"],"picked":"sneckomod:Restock","floor":16},{"not_picked":["sneckomod:Unknown1Cost+1","sneckomod:UnknownEthereal+1"],"picked":"sneckomod:UnknownColorless+1","floor":16},{"not_picked":["sneckomod:Unknown+1","sneckomod:UnknownEthereal+1"],"picked":"sneckomod:Unknown2Cost+1","floor":20},{"not_picked":["sneckomod:SoulCleanse","sneckomod:UnknownCommonAttack","sneckomod:SerpentIdol"],"picked":"SKIP","floor":20},{"not_picked":["sneckomod:SoulCleanse","sneckomod:UnknownCommonAttack"],"picked":"sneckomod:SerpentIdol","floor":20},{"not_picked":["sneckomod:UnknownClassHEXA_GHOST_PURPLE+1","sneckomod:UnknownCommonSkill+1"],"picked":"sneckomod:UnknownRareSkill+1","floor":23},{"not_picked":["sneckomod:RainOfDice","sneckomod:QuickBite"],"picked":"sneckomod:UnknownClassRED","floor":23},{"not_picked":["sneckomod:IronFang","sneckomod:UnknownClassHEXA_GHOST_PURPLE"],"picked":"sneckomod:UnknownDexterity","floor":25},{"not_picked":["sneckomod:Unknown2Cost+1","sneckomod:UnknownUncommonSkill+1"],"picked":"sneckomod:UnknownUncommonPower+1","floor":26},{"not_picked":["sneckomod:Nope+1","sneckomod:UnknownStrike"],"picked":"sneckomod:Unknown1Cost+1","floor":26},{"not_picked":["sneckomod:SnakeSap","sneckomod:QuickMove"],"picked":"sneckomod:SerpentMind","floor":29},{"not_picked":["hexamod:FifthSeal","hexamod:ThirdSeal"],"picked":"hexamod:SixthSeal","floor":31},{"not_picked":["sneckomod:UnknownStrike+1","sneckomod:MixItUp"],"picked":"sneckomod:Transmogrify","floor":31},{"not_picked":["sneckomod:UnknownVulnerable","sneckomod:IronFang","sneckomod:SoulRoll+1"],"picked":"SKIP","floor":32},{"not_picked":["sneckomod:Unknown+1","sneckomod:UnknownClassGREEN+1"],"picked":"sneckomod:Unknown3Cost+1","floor":33},{"not_picked":["sneckomod:UnlimitedRolls","sneckomod:Mudshield"],"picked":"sneckomod:Unknown3Cost","floor":33}],"player_experience":3052399,"relics_obtained":[{"floor":2,"key":"Blue Candle"},{"floor":5,"key":"Nunchaku"},{"floor":7,"key":"Juzu Bracelet"},{"floor":10,"key":"Anchor"},{"floor":20,"key":"Pocketwatch"},{"floor":23,"key":"Lantern"},{"floor":33,"key":"Cursed Key"}],"event_choices":[{"cards_removed":["sneckomod:TailWhip"],"damage_healed":0,"gold_gain":0,"player_choice":"Purged","damage_taken":0,"max_hp_gain":0,"max_hp_loss":0,"event_name":"Purifier","floor":3,"gold_loss":0},{"damage_healed":0,"gold_gain":0,"player_choice":"Became a Ghost","damage_taken":0,"max_hp_gain":0,"max_hp_loss":56,"event_name":"Ghosts","floor":22,"gold_loss":0,"cards_obtained":["Ghostly","Ghostly","Ghostly","Ghostly","Ghostly"]},{"damage_healed":0,"gold_gain":0,"player_choice":"Rummage","damage_taken":0,"relics_obtained":["WarpedTongs"],"max_hp_gain":0,"max_hp_loss":0,"event_name":"Accursed Blacksmith","floor":28,"gold_loss":0,"cards_obtained":["Pain"]},{"damage_healed":0,"gold_gain":0,"player_choice":"Stole Relic","damage_taken":0,"relics_obtained":["sneckomod:LoadedDie"],"max_hp_gain":0,"max_hp_loss":0,"event_name":"Addict","floor":30,"gold_loss":0,"cards_obtained":["Shame"]}],"is_beta":true,"boss_relics":[{"not_picked":["aspiration:PoetsPen_weak","aspiration:SilentSkillbook"],"picked":"Ectoplasm"},{"not_picked":["SacredBark","Black Star"],"picked":"aspiration:IroncladSkillbook"}],"items_purged_floors":[],"is_endless":false,"potions_floor_spawned":[5,9,11,12,14,16,20,26,29,32],"killed_by":"Reptomancer","ascension_level":9}}