{"host":"p6y17sixyu8q9v1f","time":1607700291,"event":{"mods":["BaseMod","Colored Map","Minty Spire (QoL Compilation)"],"gold_per_floor":[117,117,42,56,56,56,69,69,69,81,96,115,115,130,130,130,130,146,165,84,97,97,97,97,97,97,108,8,41,53,67,67,67,67],"floor_reached":33,"playtime":4013,"items_purged":["Decay","Strike_B"],"score":313,"play_id":"86b0a72b-9cc5-4237-98ae-8d78e2996987","local_time":"20201211092451","is_ascension_mode":true,"campfire_choices":[{"data":"Zap","floor":6,"key":"SMITH"},{"data":"Dualcast","floor":8,"key":"SMITH"},{"data":"Reboot","floor":13,"key":"SMITH"},{"data":"Static Discharge","floor":15,"key":"SMITH"},{"data":"Consume","floor":23,"key":"SMITH"},{"data":"Defragment","floor":25,"key":"SMITH"},{"floor":32,"key":"REST"}],"circlet_count":0,"master_deck":["Defend_B","Defend_B","Defend_B","Defend_B","Zap+1","Dualcast+1","Ball Lightning","Self Repair","Sweeping Beam","Conserve Battery","Reboot+1","Static Discharge+1","Conserve Battery","Consume+1","Defragment+1","Barrage","Conserve Battery+1","Melter","Loop+1","Ball Lightning"],"relics":["Cracked Core","Dream Catcher","Bottled Flame","Empty Cage","Meat on the Bone","Darkstone Periapt"],"acts_visited":["Exordium","TheCity"],"potions_floor_usage":[11,16,21,21,27,30,33],"damage_taken":[{"damage":0,"enemies":"2 Louse","floor":1,"turns":3},{"damage":1,"enemies":"Cultist","floor":4,"turns":3},{"damage":4,"enemies":"Small Slimes","floor":7,"turns":2},{"damage":9,"enemies":"Red Slaver","floor":10,"turns":3},{"damage":19,"enemies":"Gremlin Gang","floor":11,"turns":3},{"damage":0,"enemies":"2 Fungi Beasts","floor":12,"turns":3},{"damage":0,"enemies":"3 Louse","floor":14,"turns":2},{"damage":28,"enemies":"Slime Boss","floor":16,"turns":8},{"damage":6,"enemies":"3 Byrds","floor":18,"turns":2},{"damage":8,"enemies":"Spheric Guardian","floor":19,"turns":3},{"damage":16,"enemies":"Snake Plant","floor":21,"turns":2},{"damage":13,"enemies":"Snecko","floor":27,"turns":4},{"damage":35,"enemies":"Book of Stabbing","floor":29,"turns":5},{"damage":25,"enemies":"Shelled Parasite and Fungi","floor":30,"turns":2},{"damage":19,"enemies":"Centurion and Healer","floor":31,"turns":10},{"damage":65,"enemies":"Collector","floor":33,"turns":6}],"seed_played":"-7949726440952960281","potions_obtained":[{"floor":4,"key":"ColorlessPotion"},{"floor":11,"key":"PowerPotion"},{"floor":12,"key":"Strength Potion"},{"floor":14,"key":"Energy Potion"},{"floor":18,"key":"AttackPotion"},{"floor":21,"key":"Weak Potion"},{"floor":24,"key":"ColorlessPotion"},{"floor":29,"key":"PowerPotion"},{"floor":31,"key":"GamblersBrew"}],"is_trial":false,"path_per_floor":["M","?","$","M","T","R","M","R","T","M","M","M","R","M","R","B",null,"M","M","$","M","?","R","?","R","T","M","$","E","M","M","R","B"],"character_chosen":"DEFECT","items_purchased":["Defragment"],"campfire_rested":1,"item_purchase_floors":[20],"current_hp_per_floor":[75,75,75,74,74,74,70,70,70,68,56,63,63,70,70,49,75,69,68,68,59,59,59,59,59,59,53,53,37,31,31,53,0,0],"gold":67,"neow_bonus":"REMOVE_CARD","is_daily":false,"chose_seed":false,"campfire_upgraded":6,"win_rate":0.0,"timestamp":1607700291,"path_taken":["M","?","$","?","?","R","M","R","T","M","M","?","R","M","R","BOSS","M","M","$","M","?","R","?","R","T","M","$","E","?","M","R","BOSS"],"items_purchased_type":["Card"],"build_version":"2020-11-30","purchased_purges":2,"victory":false,"max_hp_per_floor":[75,75,75,75,75,75,75,75,75,75,75,75,75,75,75,75,75,75,75,75,75,75,75,75,75,75,75,75,75,75,75,75,75,75],"card_choices":[{"not_picked":["Redo","Turbo"],"picked":"Ball Lightning","floor":1},{"not_picked":["Gash","Turbo","Compile Driver"],"picked":"SKIP","floor":4},{"not_picked":["Gash","Steam"],"picked":"Self Repair","floor":7},{"not_picked":["Coolheaded","FTL"],"picked":"Sweeping Beam","floor":10},{"not_picked":["Hologram","Heatsinks","Conserve Battery"],"picked":"SKIP","floor":11},{"not_picked":["Hologram","Heatsinks"],"picked":"Conserve Battery","floor":11},{"not_picked":["Barrage","Chill"],"picked":"Reboot","floor":12},{"not_picked":["Gash","Streamline"],"picked":"Static Discharge","floor":14},{"not_picked":["Storm","Coolheaded+1"],"picked":"Conserve Battery","floor":18},{"not_picked":["Hologram","Turbo"],"picked":"Consume","floor":19},{"not_picked":["Stack","Streamline"],"picked":"Barrage","floor":21},{"not_picked":["BootSequence","Skim"],"picked":"Conserve Battery+1","floor":27},{"not_picked":["Steam+1","Rebound","Conserve Battery"],"picked":"SKIP","floor":29},{"not_picked":["Doom and Gloom","Gash"],"picked":"Melter","floor":30},{"not_picked":["Glacier","Capacitor"],"picked":"Loop+1","floor":31},{"not_picked":["Beam Cell+1","Leap"],"picked":"Ball Lightning","floor":32}],"player_experience":731517,"relics_obtained":[{"floor":5,"key":"Dream Catcher"},{"floor":9,"key":"Bottled Flame"},{"floor":26,"key":"Meat on the Bone"},{"floor":29,"key":"Darkstone Periapt"}],"event_choices":[{"damage_healed":0,"gold_gain":0,"player_choice":"Cursed","damage_taken":0,"max_hp_gain":0,"max_hp_loss":0,"event_name":"Wheel of Change","floor":2,"gold_loss":0,"cards_obtained":["Decay"]},{"damage_healed":0,"gold_gain":0,"player_choice":"Ignored","damage_taken":0,"max_hp_gain":0,"max_hp_loss":0,"event_name":"Vampires","floor":22,"gold_loss":0},{"damage_healed":0,"gold_gain":0,"player_choice":"Got Potions","damage_taken":0,"max_hp_gain":0,"max_hp_loss":0,"event_name":"Lab","floor":24,"gold_loss":0}],"is_beta":false,"boss_relics":[{"not_picked":["SlaversCollar","Ectoplasm"],"picked":"Empty Cage"}],"items_purged_floors":[3,28],"is_endless":false,"potions_floor_spawned":[4,11,12,14,16,18,21,29,31],"killed_by":"Collector","ascension_level":4}}