{"host":"vkn5295jy2rrqx8j","time":1607700392,"event":{"mods":["BaseMod","Colored Map","GifTheSpireLib","Hermit","Minty Spire (QoL Compilation)","StSLib","The Cursed"],"gold_per_floor":[10,10,28,40,55,86,86,113,137,224,248,294,306,331,343,355,355],"floor_reached":16,"playtime":571,"items_purged":[],"score":244,"play_id":"f1e26b02-0f31-4a2b-b38d-59eb60766b87","local_time":"20201212002632","is_ascension_mode":true,"campfire_choices":[{"data":"Wraith Form v2","floor":7,"key":"SMITH"},{"floor":13,"key":"REST"},{"data":"Glass Knife","floor":15,"key":"SMITH"}],"circlet_count":0,"master_deck":["AscendersBane","Strike_G","Strike_G+1","Strike_G","Strike_G","Strike_G","Defend_G","Defend_G","Defend_G","Defend_G","Defend_G","Survivor","Neutralize+1","Glass Knife+1","Dagger Throw","Predator","Blade Dance","Footwork","Wraith Form v2+1","Blade Dance","Deflect","Blur"],"relics":["Ring of the Snake","Pocketwatch","Akabeko","MawBank","Whetstone"],"acts_visited":["Exordium"],"potions_floor_usage":[6,8,12,12,12,16],"damage_taken":[{"damage":0,"enemies":"Cultist","floor":1,"turns":4},{"damage":0,"enemies":"2 Louse","floor":3,"turns":3},{"damage":17,"enemies":"Small Slimes","floor":4,"turns":4},{"damage":0,"enemies":"3 Louse","floor":5,"turns":3},{"damage":12,"enemies":"3 Sentries","floor":6,"turns":8},{"damage":7,"enemies":"Lagavulin","floor":8,"turns":6},{"damage":0,"enemies":"2 Fungi Beasts","floor":11,"turns":2},{"damage":1,"enemies":"Gremlin Nob","floor":12,"turns":3},{"damage":0,"enemies":"Exordium Wildlife","floor":14,"turns":1},{"damage":36,"enemies":"Hexaghost","floor":16,"turns":11}],"seed_played":"406029490222925195","potions_obtained":[{"floor":1,"key":"CultistPotion"},{"floor":5,"key":"DistilledChaos"},{"floor":6,"key":"EntropicBrew"},{"floor":8,"key":"Strength Potion"}],"is_trial":false,"path_per_floor":["M","$","M","M","M","E","R","E","T","?","M","E","R","M","R","B"],"character_chosen":"THE_SILENT","items_purchased":[],"campfire_rested":1,"item_purchase_floors":[],"current_hp_per_floor":[59,59,59,42,42,30,30,23,23,12,12,11,30,30,30,0,0],"gold":355,"neow_bonus":"THREE_RARE_CARDS","is_daily":false,"chose_seed":false,"campfire_upgraded":2,"win_rate":0.0,"timestamp":1607700392,"path_taken":["M","?","M","M","M","E","R","E","T","?","M","E","R","M","R","BOSS"],"items_purchased_type":[],"build_version":"2020-11-30","purchased_purges":0,"victory":false,"max_hp_per_floor":[66,66,66,66,66,66,66,66,66,66,66,66,66,66,66,66,66],"card_choices":[{"not_picked":["Die Die Die","Unload"],"picked":"Glass Knife","floor":0},{"not_picked":["Concentrate","Flying Knee"],"picked":"Dagger Throw","floor":1},{"not_picked":["Underhanded Strike","Acrobatics"],"picked":"Predator","floor":3},{"not_picked":["Escape Plan","Accuracy"],"picked":"Blade Dance","floor":4},{"not_picked":["Well Laid Plans","Dodge and Roll"],"picked":"Footwork","floor":5},{"not_picked":["Terror","Outmaneuver"],"picked":"Wraith Form v2","floor":6},{"not_picked":["Poisoned Stab","Envenom"],"picked":"Blade Dance","floor":8},{"not_picked":["Dodge and Roll","Distraction"],"picked":"Deflect","floor":11},{"not_picked":["PiercingWail","Flying Knee"],"picked":"Blur","floor":12},{"not_picked":["Outmaneuver","Dagger Throw","Underhanded Strike"],"picked":"SKIP","floor":14}],"player_experience":794351,"relics_obtained":[{"floor":6,"key":"Pocketwatch"},{"floor":8,"key":"Akabeko"},{"floor":9,"key":"MawBank"},{"floor":12,"key":"Whetstone"}],"event_choices":[{"damage_healed":0,"gold_gain":75,"player_choice":"Gather Gold","damage_taken":11,"max_hp_gain":0,"max_hp_loss":0,"event_name":"World of Goop","floor":10,"gold_loss":0}],"is_beta":false,"boss_relics":[],"items_purged_floors":[],"is_endless":false,"potions_floor_spawned":[1,5,6,8,11],"killed_by":"Hexaghost","ascension_level":20}}