{"host":"kqqjvufdj6ouyvqb","time":1607695192,"event":{"mods":["BaseMod","HololiveMod","LagranYue(拉格朗・月)","Lobotomy","LobotomyExtend","Minty Spire (QoL Compilation)","Prisma Mod","Quick Restart","Replay The Spire","Shop Mod","StSLib","WarShipGirlsR/战舰少女R mod","[IsaacMod]以撒尖塔"],"gold_per_floor":[82,100,27,38,28,58,58],"floor_reached":6,"playtime":211,"items_purged":[],"score":85,"play_id":"640c421a-b77b-4323-a08f-454207c83a75","local_time":"20201211215952","daily_mods":["Vintage","Heirloom","Flight","Binary"],"is_ascension_mode":true,"campfire_choices":[],"circlet_count":0,"master_deck":["Hololive_Strike","Hololive_Strike","Hololive_Defend","Hololive_Defend","Hololive_Sequa","Hololive_CallDoris","Hololive_CallTokoyamiTowa","Hololive_CallShiroganeNoel","Hololive_CallShirakamiFubuki","Hololive_CallNatsuiroMatsuri","DoctorFetus","Pot Of Greed","Hololive_CallTokinoSora","Pot Of Greed","Hololive_FlareMind","Hololive_CallFriendA"],"relics":["Hololive_TheStar","replay:Trail_Library","HushsDoor","GuppysTail","Replay:Towering Pillar of Hats","Grinning Jar","LetterFromLob","Omamori","Replay:Baseball","ReplayTheSpireMod:Lightbulb"],"acts_visited":["Exordium"],"potions_floor_usage":[],"damage_taken":[{"damage":0,"enemies":"Small Slimes","floor":1,"turns":2},{"damage":0,"enemies":"Jaw Worm","floor":2,"turns":2},{"damage":0,"enemies":"2 Louse","floor":4,"turns":2},{"damage":0,"enemies":"Gremlin Nob","floor":6,"turns":2}],"seed_played":"3018455255509638745","potions_obtained":[{"floor":2,"key":"FairyPotion"},{"floor":4,"key":"ColorlessPotion"}],"is_trial":true,"path_per_floor":["M","M","$","M","?","E"],"character_chosen":"Hololive_HololiveCharacter","items_purchased":["Hololive_CallTokinoSora"],"campfire_rested":0,"item_purchase_floors":[3],"current_hp_per_floor":[35,35,35,35,35,35,35],"gold":58,"neow_bonus":"","is_daily":false,"chose_seed":false,"campfire_upgraded":0,"win_rate":0.0,"timestamp":1607695192,"path_taken":["M","M","$","M","?","E"],"items_purchased_type":["Card"],"build_version":"2020-11-30","purchased_purges":0,"victory":false,"max_hp_per_floor":[35,35,35,35,35,35,35],"card_choices":[{"not_picked":[],"picked":"DoctorFetus","floor":0},{"not_picked":[],"picked":"Hololive_FlareMind","floor":5},{"not_picked":["Hololive_Rebound","Hololive_Drill"],"picked":"Hololive_CallFriendA","floor":6}],"player_experience":159478,"relics_obtained":[{"floor":1,"key":"Grinning Jar"},{"floor":1,"key":"LetterFromLob"},{"floor":2,"key":"Omamori"},{"floor":4,"key":"Replay:Baseball"},{"floor":6,"key":"ReplayTheSpireMod:Lightbulb"}],"event_choices":[],"is_beta":false,"boss_relics":[],"items_purged_floors":[],"is_endless":true,"potions_floor_spawned":[2,4],"killed_by":"Gremlin Nob","ascension_level":4}}