{"host":"cuc3wnex0wexwxxi","time":1607725389,"event":{"mods":["BaseMod","BetterRewards","Colored Powertips","Minty Spire (QoL Compilation)","Relic Stats","StSLib"],"gold_per_floor":[11,11,23,98,98,123,123,123,191,191,191,203,213,239,239,239,239],"floor_reached":16,"playtime":538,"items_purged":[],"score":162,"play_id":"863daaaa-5db8-4614-a308-cfdbd4a550a6","local_time":"20201211172309","is_ascension_mode":true,"campfire_choices":[{"floor":7,"key":"REST"},{"floor":10,"key":"REST"},{"data":"Bash","floor":15,"key":"SMITH"}],"circlet_count":0,"master_deck":["AscendersBane","Strike_R","Strike_R","Strike_R","Strike_R","Strike_R","Defend_R","Defend_R","Defend_R","Bash+1","Panache+1","Flex","Pommel Strike","Cleave","Dropkick","Reaper"],"relics":["Burning Blood","StrikeDummy","White Beast Statue","Meat on the Bone"],"acts_visited":["Exordium"],"potions_floor_usage":[6,13,14,16,16],"damage_taken":[{"damage":17,"enemies":"2 Louse","floor":1,"turns":3},{"damage":15,"enemies":"Small Slimes","floor":3,"turns":5},{"damage":36,"enemies":"Gremlin Nob","floor":6,"turns":4},{"damage":6,"enemies":"Cultist","floor":12,"turns":3},{"damage":0,"enemies":"Gremlin Gang","floor":13,"turns":2},{"damage":20,"enemies":"Lagavulin","floor":14,"turns":3},{"damage":57,"enemies":"The Guardian","floor":16,"turns":7}],"seed_played":"-8199506004652143837","potions_obtained":[{"floor":1,"key":"GamblersBrew"},{"floor":6,"key":"GamblersBrew"},{"floor":12,"key":"SteroidPotion"},{"floor":13,"key":"AttackPotion"},{"floor":14,"key":"BlessingOfTheForge"}],"is_trial":false,"path_per_floor":["M","?","M","?","?","E","R","$","T","R","?","M","M","E","R","B"],"character_chosen":"IRONCLAD","items_purchased":[],"campfire_rested":2,"item_purchase_floors":[],"current_hp_per_floor":[61,61,52,41,41,11,35,35,35,59,59,59,65,51,51,0,0],"gold":239,"neow_bonus":"RANDOM_COLORLESS_2","is_daily":false,"chose_seed":false,"campfire_upgraded":1,"win_rate":0.0,"timestamp":1607725389,"path_taken":["M","?","M","?","?","E","R","$","T","R","?","?","?","E","R","BOSS"],"items_purchased_type":[],"build_version":"2020-11-30","purchased_purges":0,"victory":false,"max_hp_per_floor":[80,80,80,80,80,80,80,80,80,80,80,80,80,80,80,80,80],"relic_stats":{"counters":[33,134],"obtain_stats":[{"Ice Cream":13,"Happy Flower":0,"Oddly Smooth Stone":9,"The Courier":8,"Ancient Tea Set":6,"Empty Cage":17,"Burning Blood":0,"White Beast Statue":9,"HornCleat":9,"MealTicket":6,"Nloth\u0027s Gift":19,"Toxic Egg 2":26,"StrikeDummy":6,"Meat on the Bone":14},{"Ice Cream":9,"Happy Flower":15,"Oddly Smooth Stone":20,"The Courier":7,"Ancient Tea Set":6,"Empty Cage":11,"Burning Blood":0,"White Beast Statue":29,"HornCleat":7,"MealTicket":19,"Nloth\u0027s Gift":24,"Toxic Egg 2":14,"StrikeDummy":29,"Meat on the Bone":32},{"Ice Cream":28,"Happy Flower":61,"Oddly Smooth Stone":78,"The Courier":23,"Ancient Tea Set":19,"Empty Cage":41,"Burning Blood":0,"White Beast Statue":119,"HornCleat":23,"MealTicket":76,"Nloth\u0027s Gift":101,"Toxic Egg 2":55,"StrikeDummy":119,"Meat on the Bone":127}],"Burning Blood":180,"Meat on the Bone":0},"card_choices":[{"not_picked":["Transmutation","Thinking Ahead"],"picked":"Panache","floor":0},{"not_picked":["Second Wind","Burning Pact"],"picked":"Flex","floor":1},{"not_picked":["Iron Wave","Havoc"],"picked":"Pommel Strike","floor":3},{"not_picked":["Sword Boomerang","True Grit","Uppercut"],"picked":"SKIP","floor":6},{"not_picked":["Combust","Sword Boomerang"],"picked":"Cleave","floor":12},{"not_picked":["True Grit","Anger"],"picked":"Dropkick","floor":13},{"not_picked":["Dual Wield","Warcry"],"picked":"Reaper","floor":14}],"player_experience":577880,"relics_obtained":[{"floor":6,"key":"StrikeDummy"},{"floor":9,"key":"White Beast Statue"},{"floor":14,"key":"Meat on the Bone"}],"event_choices":[{"damage_healed":0,"gold_gain":0,"player_choice":"Grow","damage_taken":0,"max_hp_gain":0,"max_hp_loss":0,"event_name":"Living Wall","floor":2,"gold_loss":0,"cards_upgraded":["Panache"]},{"damage_healed":0,"gold_gain":75,"player_choice":"Gather Gold","damage_taken":11,"max_hp_gain":0,"max_hp_loss":0,"event_name":"World of Goop","floor":4,"gold_loss":0},{"damage_healed":0,"gold_gain":0,"player_choice":"Ignored","damage_taken":0,"max_hp_gain":0,"max_hp_loss":0,"event_name":"Golden Wing","floor":5,"gold_loss":0},{"cards_removed":["Defend_R"],"damage_healed":0,"gold_gain":0,"player_choice":"Purged","damage_taken":0,"max_hp_gain":0,"max_hp_loss":0,"event_name":"Purifier","floor":11,"gold_loss":0}],"is_beta":false,"boss_relics":[],"items_purged_floors":[],"is_endless":false,"potions_floor_spawned":[1,6,12,13,14],"killed_by":"The Guardian","ascension_level":10}}