{"host":"br8yomtd5vvxefp2","time":1607703013,"event":{"mods":["BaseMod","Beaked The Cultist","GifTheSpireLib","Hubris","Marisa????????","Minty Spire (QoL Compilation)","StSLib","The Blackbeard","The Bladedancer","The Cursed","The Disciple","The Druid","The Forsaken","The Necromancer","The Runesmith","The Servant 0.9.4","TheBandit"],"gold_per_floor":[115,115,131,151,166,198,198,216,243,263,110,110,110,126,126,126,126],"floor_reached":16,"playtime":872,"items_purged":[],"score":104,"play_id":"f56cd7ee-7fc3-4894-ba94-332926e0f0e5","local_time":"20201211131013","is_ascension_mode":false,"campfire_choices":[{"data":"blademaster:BladeMastery","floor":7,"key":"SMITH"},{"floor":15,"key":"REST"}],"circlet_count":0,"master_deck":["blademaster:Strike","blademaster:Strike","blademaster:Strike","blademaster:Strike","blademaster:Defend+1","blademaster:Defend+1","blademaster:Defend","blademaster:Defend","blademaster:RagingBlow","blademaster:HighVoltage","blademaster:BladeMastery+1","blademaster:DeadlyDance","blademaster:WindSlash","blademaster:AwakeningDefend","blademaster:LightningDraw","blademaster:ThunderingOpener","blademaster:Meditate","theForsaken:PlagueCurse","blademaster:DaggerAndCloak"],"relics":["blademaster:DancersAmulet","Mummified Hand","Anchor","Orichalcum","theForsaken:PlagueMask"],"acts_visited":["Exordium"],"potions_floor_usage":[],"damage_taken":[{"damage":1,"enemies":"Cultist","floor":1,"turns":3},{"damage":0,"enemies":"Small Slimes","floor":3,"turns":3},{"damage":0,"enemies":"Jaw Worm","floor":4,"turns":5},{"damage":0,"enemies":"2 Fungi Beasts","floor":5,"turns":4},{"damage":44,"enemies":"3 Sentries","floor":6,"turns":14},{"damage":0,"enemies":"Blue Slaver","floor":8,"turns":6},{"damage":2,"enemies":"Looter","floor":10,"turns":4},{"damage":5,"enemies":"Red Slaver","floor":14,"turns":5},{"damage":46,"enemies":"Hexaghost","floor":16,"turns":12}],"seed_played":"-5359313325988425606","potions_obtained":[{"floor":3,"key":"AttackPotion"},{"floor":4,"key":"Energy Potion"},{"floor":5,"key":"DistilledChaos"}],"is_trial":false,"path_per_floor":["M","?","M","M","M","E","R","M","T","M","$","?","$","M","R","B"],"character_chosen":"THE_BLADEMASTER","items_purchased":["Orichalcum"],"campfire_rested":1,"item_purchase_floors":[11],"current_hp_per_floor":[81,65,65,65,65,21,21,21,21,19,19,19,19,14,38,4,4],"gold":126,"neow_bonus":"TEN_PERCENT_HP_BONUS","is_daily":false,"chose_seed":false,"campfire_upgraded":1,"win_rate":0.0,"timestamp":1607703013,"path_taken":["M","?","M","M","M","E","R","M","T","M","$","?","?","?","R","BOSS"],"items_purchased_type":["Relic"],"build_version":"2020-11-30","purchased_purges":0,"victory":false,"max_hp_per_floor":[82,82,82,82,82,82,82,82,82,82,82,82,82,82,82,82,82],"card_choices":[{"not_picked":["blademaster:AspectOfLightning","blademaster:AspectOfWind"],"picked":"blademaster:BladeMastery","floor":1},{"not_picked":["blademaster:AirSlash","blademaster:BladeMastery"],"picked":"blademaster:DeadlyDance","floor":3},{"not_picked":["blademaster:Hailwind","blademaster:OneTrickPony"],"picked":"blademaster:WindSlash","floor":4},{"not_picked":["blademaster:ThunderSlash","blademaster:Momentum"],"picked":"blademaster:AwakeningDefend","floor":5},{"not_picked":["blademaster:AwakeningDefend","blademaster:EyeOfTheTornado"],"picked":"blademaster:LightningDraw","floor":6},{"not_picked":["blademaster:Safeguard","blademaster:BloodyBlow"],"picked":"blademaster:ThunderingOpener","floor":8},{"not_picked":["blademaster:TraverseCut","blademaster:Stability"],"picked":"blademaster:Meditate","floor":10},{"not_picked":["blademaster:BloodyBlow","blademaster:WindSlash"],"picked":"blademaster:DaggerAndCloak","floor":14}],"player_experience":112124,"relics_obtained":[{"floor":6,"key":"Mummified Hand"},{"floor":6,"key":"blademaster:BonusFuryPerk"},{"floor":9,"key":"Anchor"}],"event_choices":[{"damage_healed":0,"gold_gain":0,"player_choice":"Entered Light","damage_taken":16,"max_hp_gain":0,"max_hp_loss":0,"event_name":"Shining Light","floor":2,"gold_loss":0,"cards_upgraded":["blademaster:Defend","blademaster:Defend"]},{"damage_healed":0,"gold_gain":0,"player_choice":"Obtain Plague Curse","damage_taken":0,"max_hp_gain":0,"max_hp_loss":0,"event_name":"Plague Doctor","floor":12,"gold_loss":0,"cards_obtained":["theForsaken:PlagueCurse"]}],"is_beta":false,"boss_relics":[],"items_purged_floors":[],"is_endless":false,"potions_floor_spawned":[3,4,5,14],"killed_by":"Hexaghost","ascension_level":0}}