{"host":"pszcj3piwl6eu8b1","time":1607704611,"event":{"mods":["2.2 Compatiblity","Act Like it!","Aspiration","BaseMod","Better Altar","Better Match","Better Note","Better Sensory Stone","Better Skull","Better Third Choice","Better Vampires","CCEM","CapriCore","Downfall","Elementarium","Energized Spire","Gensokyo","GifTheSpireLib","Hallownest","Hermit","Hubris","Humility","Jorbs\u0027s Wanderer Trilogy","Marisa????????","Marked Mod","Menagerie","Minty Spire (QoL Compilation)","Permanent Neow","Quarter Circle Forward PUNCH!","Quick Restart","RNG Fix","Replay The Spire","Shop Mod","Spicy Shops","StSLib","Stuff the Spire","The Animator","The Blue Laboratory","The Hayseed","The Immortal","Wandering Minibosses","vexMod"],"gold_per_floor":[118,118,131,149,162,206,206,216,261,261,283,283,303,335,335,420,420,436,309,324,22,22,22,53,53,53,33,33,333,333,349,349,423,423,437,454,491,503,503,503],"floor_reached":39,"playtime":5075,"items_purged":["animator:Strike","animator:Defend"],"score":886,"play_id":"f1cc289a-0a9b-43b2-88cd-d075a5abd82e","local_time":"20201211083651","is_ascension_mode":true,"campfire_choices":[{"data":"animator:NagisaMomoe","floor":7.0,"key":"SMITH"},{"floor":10.0,"key":"REST"},{"floor":15.0,"key":"REST"},{"data":"animator:QuestionMark","floor":23.0,"key":"SMITH"},{"data":"Menagerie:BeastSpirit","floor":28.0,"key":"SMITH"}],"circlet_count":0,"master_deck":["AscendersBane","animator:Strike_MadokaMagica","animator:Defend_MadokaMagica","animator:Strike","animator:Defend","animator:IrohaTamaki+1","animator:YuiTsuruno","Menagerie:BeastSpirit+1","animator:Togame","animator:YuiTsuruno","animator:NagisaMomoe+1","animator:Raven","animator:YachiyoNanami","animator:YuiTsuruno","animator:Kyubey","animator:YuiTsuruno+1","animator:OrikoMikuni","animator:QuestionMark+1","animator:Kuroyukihime","animator:KyokoSakura","Elementarium:GildedEssence","animator:ZankiKiguchi","animator:Magilou","animator:Shuna","animator:Darkness","StuffTheSpire:CelestialWarden","animator:Eve","animator:SuzuneAmano","animator:IrohaTamaki"],"relics":["animator:LivingPicture","animator:TheMissingPiece","animator:PurgingStone","vexMod:ScavengeHelm","ReplayTheSpireMod:Ring of Exchange","animator:Mistletoe","ClockworkSouvenir","Elementarium:HuntersElixir","animator:CerealBox","animator:EngravedStaff","Replay:Ringing Soul","hubris:NiceRug","animator:HolyGrailRelic","StuffTheSpire:EmeraldSignet","CCEMRelics:DissonantTune","CCEMRelics:WarHorn","Painkiller Herb","Elementarium:FlickeringLantern","Elementarium:ElementariumTrophy","OrangePellets"],"acts_visited":[],"potions_floor_usage":[39],"damage_taken":[{"damage":6.0,"enemies":"Menagerie:MonstrousExperiment","floor":1.0,"turns":3.0},{"damage":4.0,"enemies":"Menagerie:WhisperingWraith","floor":3.0,"turns":4.0},{"damage":0.0,"enemies":"Menagerie:2_RABBITS","floor":4.0,"turns":4.0},{"damage":5.0,"enemies":"Menagerie:RedMage","floor":5.0,"turns":5.0},{"damage":22.0,"enemies":"Menagerie:Hydra","floor":6.0,"turns":4.0},{"damage":10.0,"enemies":"Menagerie:DREAD_MOTH_AND_GRAFTED_WORMS","floor":8.0,"turns":4.0},{"damage":8.0,"enemies":"Menagerie:MENAGERIE_WILDLIFE","floor":11.0,"turns":4.0},{"damage":4.0,"enemies":"Menagerie:KEEPER_AND_YOUNG_SUNEATER","floor":13.0,"turns":6.0},{"damage":1.0,"enemies":"Menagerie:MaskedSummoner","floor":14.0,"turns":5.0},{"damage":11.0,"enemies":"Menagerie:Chimera","floor":16.0,"turns":5.0},{"damage":7.0,"enemies":"Elementarium:2_ELEMENTALS","floor":18.0,"turns":6.0},{"damage":4.0,"enemies":"Elementarium:VoidCorruption","floor":20.0,"turns":7.0},{"damage":43.0,"enemies":"Elementarium:FIRE_NOBILITY","floor":24.0,"turns":6.0},{"damage":12.0,"enemies":"hubris:Merchant","floor":29.0,"turns":5.0},{"damage":6.0,"enemies":"Elementarium:3_ELEMENTALS","floor":31.0,"turns":5.0},{"damage":4.0,"enemies":"Elementarium:PHOENIXES","floor":33.0,"turns":9.0},{"damage":46.0,"enemies":"3 Shapes","floor":35.0,"turns":3.0},{"damage":13.0,"enemies":"3 Darklings","floor":36.0,"turns":5.0},{"damage":0.0,"enemies":"Sphere and 2 Shapes","floor":37.0,"turns":6.0},{"damage":0.0,"enemies":"Jaw Worm Horde","floor":38.0,"turns":4.0},{"damage":31,"enemies":"Transient","floor":39,"turns":6}],"seed_played":"-2554167743503838872","potions_obtained":[{"floor":1.0,"key":"sneckomod:MuddlingPotion"},{"floor":11.0,"key":"DistilledChaos"},{"floor":13.0,"key":"blueLaboratory:BottledHope"},{"floor":14.0,"key":"blueLaboratory:BottleOfVodka"},{"floor":18.0,"key":"FearPotion"},{"floor":20.0,"key":"Ancient Potion"},{"floor":29.0,"key":"Block Potion"},{"floor":33.0,"key":"blueLaboratory:BottledHope"},{"floor":37.0,"key":"blueLaboratory:SavagePotion"},{"floor":38.0,"key":"Elixir"}],"is_trial":false,"path_per_floor":["M","?","M","M","M","E","R","M","T","R","M","?","M","E","R","B",null,"M","?","M","$","?","R","E","$","T","?","R","$","?","?","T","B",null,"?","?","?","?","?"],"character_chosen":"THE_ANIMATOR","items_purchased":["animator:CerealBox","animator:OrikoMikuni"],"campfire_rested":2,"item_purchase_floors":[21,21],"current_hp_per_floor":[48,48,44,44,39,17,17,7,7,21,13,13,10,9,24,13,41,34,34,30,30,30,30,18,26,26,29,29,36,39,35,35,39,65,19,8,13,18,0,0],"gold":503,"neow_bonus":"REMOVE_TWO","is_daily":false,"chose_seed":false,"campfire_upgraded":3,"win_rate":0.0,"timestamp":1607704611,"path_taken":["M","?","M","?","M","E","R","M","T","R","?","?","M","E","R","BOSS","M","?","M","$","?","R","E","$","T","?","R","?","?","?","T","BOSS","?","?","?","?","?"],"items_purchased_type":["Relic","Card"],"build_version":"2020-11-30","purchased_purges":2,"victory":false,"max_hp_per_floor":[54,49,49,49,49,49,49,49,49,49,49,49,50,50,50,50,50,50,50,50,50,50,50,51,51,51,54,54,65,68,70,70,74,74,74,76,81,86,86,86],"card_choices":[{"not_picked":["animator:Bozes","animator:Shuna","animator:MumenRider"],"picked":"SKIP","floor":1.0},{"not_picked":["animator:Kuribayashi","animator:SilverFang"],"picked":"animator:Togame","floor":3.0},{"not_picked":["animator:Yoichi","animator:TsurugaMeisai","animator:Benimaru"],"picked":"SKIP","floor":4.0},{"not_picked":["animator:SayakaMiki","animator:IrohaTamaki"],"picked":"animator:YuiTsuruno","floor":5.0},{"not_picked":["animator:Rimuru","animator:OrikoMikuni"],"picked":"animator:NagisaMomoe","floor":6.0},{"not_picked":["animator:DolaSchwi","animator:Mitsuba","animator:Tyuule"],"picked":"SKIP","floor":8.0},{"not_picked":["animator:Alexander","animator:Darkness"],"picked":"animator:Raven","floor":11.0},{"not_picked":["animator:MamiTomoe","animator:YuiTsuruno"],"picked":"animator:YachiyoNanami","floor":13.0},{"not_picked":["animator:ItamiYouji","animator:Azekura"],"picked":"animator:YuiTsuruno","floor":14.0},{"not_picked":["animator:Gilgamesh","animator:Envy"],"picked":"animator:Kyubey","floor":16.0},{"not_picked":["animator:DwarfShaman","animator:Emonzaemon","animator:DolaSchwi"],"picked":"SKIP","floor":18.0},{"not_picked":["animator:Hitei","animator:Ara"],"picked":"animator:YuiTsuruno","floor":20.0},{"not_picked":["animator:Magilou","animator:Lelouch"],"picked":"animator:QuestionMark","floor":22.0},{"not_picked":["animator:Patchouli","animator:HououinKyouma"],"picked":"animator:Kuroyukihime","floor":22.0},{"not_picked":["animator:YuiTsuruno","animator:OrikoMikuni"],"picked":"animator:KyokoSakura","floor":24.0},{"not_picked":[],"picked":"animator:ZankiKiguchi","floor":29.0},{"not_picked":[],"picked":"animator:Magilou","floor":29.0},{"not_picked":[],"picked":"animator:Shuna","floor":29.0},{"not_picked":[],"picked":"animator:Darkness","floor":29.0},{"not_picked":["animator:Hakurou"],"picked":"SKIP","floor":29.0},{"not_picked":["animator:DolaSchwi"],"picked":"SKIP","floor":29.0},{"not_picked":["animator:TakanashiRikka"],"picked":"SKIP","floor":29.0},{"not_picked":["StuffTheSpire:Harmony","StuffTheSpire:Perfection"],"picked":"StuffTheSpire:CelestialWarden","floor":30.0},{"not_picked":["animator:Cocytus","animator:Entoma","animator:Shalltear+1"],"picked":"SKIP","floor":31.0},{"not_picked":["animator:SwordMaiden","animator:Shizu"],"picked":"animator:Eve","floor":33.0},{"not_picked":["animator:Shalltear","animator:Mikaela","animator:Emonzaemon"],"picked":"SKIP","floor":35.0},{"not_picked":["animator:Mikaela","animator:Emonzaemon+1","animator:Shigure+1"],"picked":"SKIP","floor":36.0},{"not_picked":["animator:KyokoSakura","animator:YuiTsuruno"],"picked":"animator:SuzuneAmano","floor":37.0},{"not_picked":["animator:Tyuule","animator:DolaSchwi"],"picked":"animator:IrohaTamaki","floor":38.0}],"player_experience":1535682,"relics_obtained":[{"floor":6.0,"key":"vexMod:ScavengeHelm"},{"floor":12.0,"key":"ReplayTheSpireMod:Ring of Exchange"},{"floor":14.0,"key":"animator:Mistletoe"},{"floor":24.0,"key":"animator:EngravedStaff"},{"floor":26.0,"key":"Replay:Ringing Soul"},{"floor":29.0,"key":"animator:HolyGrailRelic"},{"floor":29.0,"key":"StuffTheSpire:EmeraldSignet"},{"floor":29.0,"key":"CCEMRelics:DissonantTune"},{"floor":29.0,"key":"CCEMRelics:WarHorn"},{"floor":29.0,"key":"Whetstone"},{"floor":29.0,"key":"Painkiller Herb"}],"event_choices":[{"damage_healed":0.0,"max_hp_gain":0.0,"max_hp_loss":5.0,"gold_gain":0.0,"event_name":"Menagerie:BeastSpiritShrine","player_choice":"Knelt","floor":2.0,"gold_loss":0.0,"damage_taken":0.0,"cards_obtained":["Menagerie:BeastSpirit"]},{"damage_healed":0.0,"max_hp_gain":0.0,"max_hp_loss":0.0,"gold_gain":0.0,"event_name":"Elementarium:BigGameHunter","player_choice":"Sling","floor":19.0,"gold_loss":127.0,"damage_taken":0.0,"relics_obtained":["Elementarium:HuntersElixir"]},{"damage_healed":0.0,"max_hp_gain":0.0,"max_hp_loss":0.0,"gold_gain":0.0,"event_name":"Elementarium:IncubationChamber","player_choice":"Machinery","floor":22.0,"gold_loss":0.0,"damage_taken":0.0},{"damage_healed":0.0,"max_hp_gain":0.0,"max_hp_loss":0.0,"gold_gain":0.0,"event_name":"Elementarium:OnrushingOffering","player_choice":"Toss","floor":27.0,"gold_loss":20.0,"damage_taken":0.0,"cards_obtained":["Elementarium:GildedEssence"]},{"damage_healed":0.0,"max_hp_gain":0.0,"max_hp_loss":0.0,"gold_gain":0.0,"event_name":"Elementarium:HeartOfTheVoid","player_choice":"Take","floor":32.0,"gold_loss":0.0,"damage_taken":0.0,"relics_obtained":["Elementarium:FlickeringLantern"]}],"is_beta":false,"boss_relics":[{"not_picked":["Lee\u0027s Waffle","vexMod:RockOfEvil"],"picked":"ClockworkSouvenir"},{"not_picked":["Chemical X","ChewingGum"],"picked":"OrangePellets"}],"items_purged_floors":[21,21],"is_endless":false,"potions_floor_spawned":[1,11,13,14,18,20,24,33,37,38],"killed_by":"Transient","ascension_level":20}}