{"host":"xenpv6dj5x1yxp66","time":1607729799,"event":{"mods":["AchievementEnabler","Aspiration","BaseMod","Better Altar","Better Sensory Stone","Better Skull","Better Third Choice","BetterRewards","Colored Map","Colored Powertips","Conspire","Downfall","Highlight Path","Hubris","Marisa????????","Minty Spire (QoL Compilation)","Quick Restart","READ ME - Guardian Mod","Replay The Spire","Shade Mod","StSLib","The Animator","The Bug Knight","The Construct","The Cursed","The Disciple","The Necromancer","The Runesmith","The Servant 0.9.4"],"gold_per_floor":[118,137,162,9,9,9,19,19,43,43,69,2,14,24,24,127,127,147,147,167,187,43,43,59,59,107,107,37,37,53,71,71,169,169,184,105,119,137,137,167,167,185,185,198,218,228,228,242,242,242],"floor_reached":51,"playtime":3254,"items_purged":["Regret"],"score":685,"play_id":"29293690-9ea6-4416-b928-ed55a11f9651","local_time":"20201212003639","is_ascension_mode":false,"campfire_choices":[{"floor":6,"key":"REST"},{"data":"Bone_Armory","floor":8,"key":"SMITH"},{"data":"expansioncontent:BronzeBeam","floor":10,"key":"SMITH"},{"data":"Vampiric_Strike","floor":15,"key":"SMITH"},{"data":"Summon_Death_Knight","floor":23,"key":"SMITH"},{"data":"Vampiric_Strike","floor":25,"key":"SMITH"},{"floor":29,"key":"REST"},{"data":"RitualDagger","floor":32,"key":"SMITH"},{"data":"Summon_Undead_Army","floor":41,"key":"SMITH"},{"data":"Thousand_Bone_Knives","floor":47,"key":"SMITH"},{"floor":49,"key":"REST"}],"circlet_count":0,"master_deck":["Strike_W","Strike_W","Strike_W+1","Strike_W+1","Defend_W","Defend_W","Defend_W","Defend_W","Negative_Energy_Arrows+1","Bone_Wall","Vampiric_Strike+1","Bone_Prison","Bone_Armory+1","expansioncontent:BronzeBeam+1","Bone_Prison","Hellfire","Thousand_Bone_Knives+1","Finger_Of_Death","Negative_Energy_Sphere","Summon_Death_Knight+1","Vampiric_Strike+1","Blood_Whip+1","Pandemic+1","Toxic_Smoke_Screen+1","Blood_Wake","Bone_Bullets+1","RitualDagger+1","Bones_to_Steel","Skeleton_Dragon","Finger_Of_Death+1","Summon_Lich","Summon_Undead_Army+1","Bone_Armor+1","Death_Knell+1","Life_Drain+1","Stop_Heart+1","Blood_Is_Power+1"],"relics":["Vampire_Amulet","hubris:BundleOfHerbs","ReplayTheSpireMod:CursedCoin","aspiration:Lifesprig","Vajra","Bag of Marbles","Lantern","hubris:SlimyHat","Snecko Eye","Whetstone","Bag of Preparation","Painkiller Herb","ReplayTheSpireMod:Lightbulb","hubris:MedicalManual"],"acts_visited":["Exordium","TheCity","TheBeyond"],"potions_floor_usage":[11,16,33,33,39,50,50,50],"damage_taken":[{"damage":1,"enemies":"2 Louse","floor":1,"turns":3},{"damage":6,"enemies":"Jaw Worm","floor":2,"turns":4},{"damage":0,"enemies":"Cultist","floor":7,"turns":2},{"damage":18,"enemies":"Gremlin Nob","floor":11,"turns":5},{"damage":0,"enemies":"Large Slime","floor":13,"turns":3},{"damage":5,"enemies":"3 Louse","floor":14,"turns":2},{"damage":17,"enemies":"Slime Boss","floor":16,"turns":9},{"damage":0,"enemies":"Chosen","floor":18,"turns":2},{"damage":17,"enemies":"Spheric Guardian","floor":20,"turns":4},{"damage":1,"enemies":"Snecko","floor":21,"turns":3},{"damage":30,"enemies":"Sentry and Sphere","floor":24,"turns":4},{"damage":2,"enemies":"Cultist and Chosen","floor":30,"turns":4},{"damage":2,"enemies":"3 Cultists","floor":31,"turns":3},{"damage":59,"enemies":"hubris:MusketHawk","floor":33,"turns":9},{"damage":21,"enemies":"3 Darklings","floor":35,"turns":4},{"damage":12,"enemies":"3 Shapes","floor":37,"turns":1},{"damage":7,"enemies":"Jaw Worm Horde","floor":38,"turns":2},{"damage":0,"enemies":"Transient","floor":39,"turns":2},{"damage":43,"enemies":"HollowMod:StalkingDevout","floor":40,"turns":7},{"damage":10,"enemies":"Spire Growth","floor":42,"turns":3},{"damage":18,"enemies":"Jaw Worm Horde","floor":44,"turns":4},{"damage":11,"enemies":"4 Shapes","floor":45,"turns":4},{"damage":11,"enemies":"Sphere and 2 Shapes","floor":46,"turns":4},{"damage":26,"enemies":"Writhing Mass","floor":48,"turns":3},{"damage":71,"enemies":"Donu and Deca","floor":50,"turns":7}],"seed_played":"-628813603583712658","potions_obtained":[{"floor":2,"key":"Fire Potion"},{"floor":7,"key":"EssenceOfSteel"},{"floor":11,"key":"SpeedPotion"},{"floor":16,"key":"EssenceOfSteel"},{"floor":18,"key":"SmokeBomb"},{"floor":20,"key":"LiquidMemories"},{"floor":30,"key":"Languid Potion"},{"floor":31,"key":"Strength Potion"},{"floor":38,"key":"Swift Potion"},{"floor":42,"key":"AttackPotion"},{"floor":44,"key":"Venom Potion"},{"floor":48,"key":"PowerPotion"}],"is_trial":false,"path_per_floor":["M","M","?","$","?","R","M","R","T","R","E","$","M","M","R","B",null,"M","?","M","M","$","R","M","R","T","?","?","R","M","M","R","B",null,"?","T","?","?","?","E","T","?","T","?","?","?","T","?","T","B",null],"character_chosen":"NECROMANCER","items_purchased":["ReplayTheSpireMod:CursedCoin","aspiration:Lifesprig","expansioncontent:BronzeBeam","Thousand_Bone_Knives","Blood_Wake","Summon_Lich"],"campfire_rested":3,"item_purchase_floors":[4,4,4,12,22,36],"current_hp_per_floor":[75,71,71,71,38,60,62,62,62,62,47,47,53,54,54,53,75,75,67,52,53,53,53,30,30,30,24,24,46,48,60,60,56,75,57,57,51,53,57,27,27,19,19,53,58,53,53,42,64,18],"gold":242,"neow_bonus":"UPGRADE_CARD","is_daily":false,"chose_seed":false,"campfire_upgraded":8,"win_rate":0.0,"timestamp":1607729799,"path_taken":["M","M","?","?","?","R","M","R","T","R","E","$","?","?","R","BOSS","M","?","M","M","$","R","M","R","T","?","?","R","M","M","R","BOSS","?","T","?","?","?","E","T","?","T","?","?","?","T","?","T","BOSS"],"items_purchased_type":["Relic","Relic","Card","Card","Card","Card"],"build_version":"2020-11-30","purchased_purges":1,"victory":true,"max_hp_per_floor":[75,75,75,75,75,75,75,75,75,75,75,75,75,75,75,75,75,75,75,75,75,75,75,75,75,75,75,75,75,75,75,75,75,75,75,75,75,75,75,75,75,75,75,75,75,75,75,75,75,75],"card_choices":[{"not_picked":["Negative_Energy_Mist","Strike_from_Beyond"],"picked":"Vampiric_Strike","floor":1},{"not_picked":["Shackles_Of_Pain","Death_Coil"],"picked":"Bone_Prison","floor":2},{"not_picked":["Acid_Javelin","Consume_Illness"],"picked":"Bone_Armory","floor":3},{"not_picked":["Chill_Blood","Death_March_Dance"],"picked":"Bone_Prison","floor":7},{"not_picked":["Summon_Lich","Finger_Of_Death"],"picked":"Hellfire","floor":11},{"not_picked":["Plague_Bolt","Scare"],"picked":"Finger_Of_Death","floor":13},{"not_picked":["Chill_Blood","Death_Coil"],"picked":"Negative_Energy_Sphere","floor":14},{"not_picked":["Hellfire","Summon_Vampire_Lady"],"picked":"Summon_Death_Knight","floor":16},{"not_picked":["Life_Drain","Chill_Blood"],"picked":"Vampiric_Strike","floor":18},{"not_picked":["Negative_Energy_Sphere","Bones_to_Steel"],"picked":"Blood_Whip+1","floor":19},{"not_picked":["Bone_Bullets","Scare"],"picked":"Pandemic+1","floor":20},{"not_picked":["Life_Drain","Spectral_Walk"],"picked":"Toxic_Smoke_Screen+1","floor":21},{"not_picked":["Requiem","Negative_Energy_Burst"],"picked":"Bone_Bullets+1","floor":24},{"not_picked":["Spectral_Walk","Negative_Energy_Javelin","Toxic_Smoke_Screen"],"picked":"SKIP","floor":30},{"not_picked":["Death_Coil","Negative_Energy_Sphere"],"picked":"Bones_to_Steel","floor":31},{"not_picked":["Blood_Wake","Cloudkill"],"picked":"Skeleton_Dragon","floor":33},{"not_picked":["Bone_Bullets+1","Scare"],"picked":"Finger_Of_Death+1","floor":35},{"not_picked":["Shackles_Of_Pain","Scare"],"picked":"Summon_Undead_Army","floor":37},{"not_picked":["Bones_to_Steel","Negative_Energy_Javelin+1"],"picked":"Bone_Armor+1","floor":38},{"not_picked":["Skeleton_Dragon","Consume_Illness+1"],"picked":"Death_Knell+1","floor":40},{"not_picked":["Death_Coil","Pandemic+1","Scare"],"picked":"SKIP","floor":42},{"not_picked":["Bone_Prison","Bone_Armory","Corrupt"],"picked":"SKIP","floor":44},{"not_picked":["Toxic_Smoke_Screen+1","Blood_Whip"],"picked":"Life_Drain+1","floor":45},{"not_picked":["Summon_Death_Knight","Bones_to_Steel"],"picked":"Stop_Heart+1","floor":46},{"not_picked":["Blood_Shield+1","Negative_Energy_Burst"],"picked":"Blood_Is_Power+1","floor":48}],"player_experience":134274,"relics_obtained":[{"floor":3,"key":"hubris:BundleOfHerbs"},{"floor":9,"key":"Lantern"},{"floor":11,"key":"hubris:SlimyHat"},{"floor":26,"key":"Whetstone"},{"floor":40,"key":"ReplayTheSpireMod:Lightbulb"},{"floor":43,"key":"hubris:MedicalManual"}],"event_choices":[{"damage_healed":0,"gold_gain":0,"player_choice":"RE RE ","damage_taken":37,"relics_obtained":["Vajra","Bag of Marbles"],"max_hp_gain":0,"max_hp_loss":0,"event_name":"betterSkull:BetterSkull","floor":5,"gold_loss":0,"cards_upgraded":[]},{"damage_healed":0,"gold_gain":0,"player_choice":"Dagger","damage_taken":6,"max_hp_gain":0,"max_hp_loss":0,"event_name":"betterThird:BetterNest","floor":27,"gold_loss":0,"cards_obtained":["RitualDagger"]},{"damage_healed":0,"gold_gain":0,"player_choice":"Paid Gold","damage_taken":0,"relics_obtained":["Bag of Preparation"],"max_hp_gain":0,"max_hp_loss":0,"event_name":"WeMeetAgain","floor":28,"gold_loss":70}],"is_beta":false,"boss_relics":[{"not_picked":["hubris:GrandSneckoEye","conspire:RunicOctahedron"],"picked":"Snecko Eye"},{"not_picked":["hubris:VirtuousBlindfold","Empty Cage"],"picked":"Painkiller Herb"}],"items_purged_floors":[4],"is_endless":false,"potions_floor_spawned":[2,7,11,16,18,20,30,31,38,42,44,48],"ascension_level":0}}