{"host":"0o4jkshs65tojivq","time":1607662062,"event":{"mods":["AchievementEnabler","BaseMod","Filter the Spire","Minty Spire (QoL Compilation)","Quick Restart","Random Character Button","Relic Stats","Slay the Relics Exporter","StSLib"],"gold_per_floor":[114,114,124,49,49,49,49,49],"floor_reached":7,"playtime":138,"items_purged":[],"score":76,"play_id":"3b009078-d7cc-48db-8796-35d25d99ff85","local_time":"20201210204742","is_ascension_mode":true,"campfire_choices":[{"data":"Doom and Gloom","floor":6,"key":"SMITH"}],"circlet_count":0,"master_deck":["AscendersBane","Strike_B","Strike_B","Strike_B","Strike_B","Defend_B","Defend_B","Defend_B","Doom and Gloom+1","Lockon"],"relics":["Cracked Core"],"acts_visited":["Exordium"],"potions_floor_usage":[7],"damage_taken":[{"damage":17,"enemies":"Cultist","floor":1,"turns":4},{"damage":19,"enemies":"Jaw Worm","floor":3,"turns":3},{"damage":40,"enemies":"Lagavulin","floor":7,"turns":3}],"seed_played":"256097336936200994","potions_obtained":[{"floor":1,"key":"BlessingOfTheForge"},{"floor":3,"key":"LiquidBronze"}],"is_trial":false,"path_per_floor":["M","?","M","?","?","R","E"],"character_chosen":"DEFECT","items_purchased":[],"campfire_rested":0,"item_purchase_floors":[],"current_hp_per_floor":[47,52,33,33,33,33,0,0],"gold":49,"neow_bonus":"REMOVE_CARD","is_daily":false,"chose_seed":false,"campfire_upgraded":1,"win_rate":0.0,"timestamp":1607662062,"path_taken":["M","?","M","?","?","R","E"],"items_purchased_type":[],"build_version":"2020-11-30","purchased_purges":0,"victory":false,"max_hp_per_floor":[71,76,76,76,76,76,76,76],"relic_stats":{"counters":[3,10],"obtain_stats":[{"Cracked Core":0},{"Cracked Core":0},{"Cracked Core":0}]},"card_choices":[{"not_picked":["Storm","Redo"],"picked":"Doom and Gloom","floor":1},{"not_picked":["Streamline","Go for the Eyes"],"picked":"Lockon","floor":3}],"player_experience":1067501,"relics_obtained":[],"event_choices":[{"damage_healed":0,"gold_gain":0,"player_choice":"Donut","damage_taken":0,"max_hp_gain":5,"max_hp_loss":0,"event_name":"Big Fish","floor":2,"gold_loss":0},{"cards_removed":["Dualcast"],"damage_healed":0,"gold_gain":0,"player_choice":"Card Removal","damage_taken":0,"max_hp_gain":0,"max_hp_loss":0,"event_name":"The Cleric","floor":4,"gold_loss":75},{"cards_removed":["Defend_B"],"damage_healed":0,"gold_gain":0,"player_choice":"Forget","damage_taken":0,"max_hp_gain":0,"max_hp_loss":0,"event_name":"Living Wall","floor":5,"gold_loss":0}],"is_beta":false,"boss_relics":[],"items_purged_floors":[],"is_endless":false,"potions_floor_spawned":[1,3],"killed_by":"Lagavulin","ascension_level":19}}