{"host":"m98e3ia7l93qbhre","time":1607701063,"event":{"mods":["BaseMod","Minty Spire (QoL Compilation)","RumiaBox-露米娅的神秘盒子"],"gold_per_floor":[112,37,37,55,55,87,87,114,137,137,157,1,27,43,43,114,114,129,44,44,56,76,76,86,86,86,98,98,98,98,115,115,187,187,201,201,35,35,53,62,116,116,164,64,64,94,112,139,139,139],"floor_reached":51,"playtime":2752,"items_purged":["Regret","Strike_R"],"score":1422,"play_id":"d4a44006-ead3-4e1a-99f7-c4e924d4a87f","local_time":"20201211233743","is_ascension_mode":true,"campfire_choices":[{"data":"Armaments","floor":7,"key":"SMITH"},{"data":"Whirlwind","floor":10,"key":"SMITH"},{"data":"Entrench","floor":15,"key":"SMITH"},{"floor":23,"key":"REST"},{"floor":25,"key":"REST"},{"floor":28,"key":"REST"},{"data":"Metallicize","floor":30,"key":"SMITH"},{"data":"Juggernaut","floor":32,"key":"SMITH"},{"data":"Deep Breath","floor":42,"key":"SMITH"},{"floor":45,"key":"REST"},{"data":"Berserk","floor":49,"key":"SMITH"}],"circlet_count":0,"master_deck":["AscendersBane","Strike_R","Strike_R","Strike_R","Defend_R+1","Defend_R","Defend_R+1","Defend_R","Bash","Whirlwind+1","Armaments+1","Shrug It Off","Impervious","Inflame","Spot Weakness","Entrench+1","Juggernaut+1","Shrug It Off","Rage","Entrench+1","Juggernaut","Metallicize+1","Juggernaut","Deep Breath+1","Madness","Madness","Battle Trance+1","Madness+1","Berserk+1"],"relics":["Burning Blood","NeowsBlessing","War Paint","Ccalipers","Bottled Lightning","PreservedInsect","Bottled Tornado","SlaversCollar","Nloth\u0027s Gift","Mercury Hourglass","Baka2","Busted Crown","Lantern","HornCleat","Gambling Chip","Oddly Smooth Stone","Art of War","Shuriken"],"acts_visited":["Exordium","TheCity","TheBeyond"],"potions_floor_usage":[8,16,22,40,50],"damage_taken":[{"damage":0,"enemies":"2 Louse","floor":1,"turns":1},{"damage":0,"enemies":"Small Slimes","floor":4,"turns":1},{"damage":0,"enemies":"Gremlin Nob","floor":6,"turns":1},{"damage":36,"enemies":"3 Sentries","floor":8,"turns":9},{"damage":7,"enemies":"Cultist","floor":11,"turns":4},{"damage":26,"enemies":"Gremlin Nob","floor":13,"turns":4},{"damage":0,"enemies":"Blue Slaver","floor":14,"turns":3},{"damage":30,"enemies":"The Guardian","floor":16,"turns":12},{"damage":9,"enemies":"Chosen","floor":18,"turns":8},{"damage":5,"enemies":"2 Thieves","floor":21,"turns":2},{"damage":54,"enemies":"3 Cultists","floor":22,"turns":5},{"damage":17,"enemies":"Centurion and Healer","floor":24,"turns":6},{"damage":18,"enemies":"Snake Plant","floor":27,"turns":2},{"damage":14,"enemies":"Snecko","floor":31,"turns":4},{"damage":23,"enemies":"Champ","floor":33,"turns":7},{"damage":0,"enemies":"3 Shapes","floor":35,"turns":2},{"damage":0,"enemies":"Orb Walker","floor":39,"turns":1},{"damage":17,"enemies":"Nemesis","floor":40,"turns":3},{"damage":43,"enemies":"2 Orb Walkers","floor":41,"turns":2},{"damage":3,"enemies":"Reptomancer","floor":46,"turns":3},{"damage":0,"enemies":"3 Darklings","floor":47,"turns":4},{"damage":1,"enemies":"Nemesis","floor":48,"turns":3},{"damage":15,"enemies":"Donu and Deca","floor":50,"turns":3}],"seed_played":"-1921560072925474072","potions_obtained":[{"floor":6,"key":"Explosive Potion"},{"floor":11,"key":"BloodPotion"},{"floor":13,"key":"Block Potion"},{"floor":22,"key":"Strength Potion"},{"floor":33,"key":"Weak Potion"},{"floor":41,"key":"SpeedPotion"}],"is_trial":false,"path_per_floor":["M","?","?","M","?","E","R","E","T","R","M","$","E","M","R","B",null,"M","?","?","M","M","R","M","R","T","M","R","?","R","M","R","B",null,"M","?","$","?","M","E","?","R","T","$","R","E","M","E","R","B",null],"character_chosen":"IRONCLAD","items_purchased":["Inflame","Lantern"],"campfire_rested":4,"item_purchase_floors":[12,37],"current_hp_per_floor":[74,74,74,75,75,75,75,69,69,69,69,69,49,55,55,31,60,57,57,57,58,23,43,32,52,52,40,60,60,60,52,52,35,61,67,67,67,55,61,50,42,42,42,42,64,67,73,75,75,66],"gold":139,"neow_bonus":"THREE_ENEMY_KILL","is_daily":false,"chose_seed":false,"campfire_upgraded":7,"win_rate":0.0,"timestamp":1607701063,"path_taken":["M","?","?","M","?","E","R","E","T","R","?","$","E","M","R","BOSS","M","?","?","?","M","R","M","R","T","M","R","?","R","M","R","BOSS","M","?","$","?","M","E","?","R","T","$","R","E","M","E","R","BOSS"],"items_purchased_type":["Card","Relic"],"build_version":"2020-11-30","purchased_purges":2,"victory":true,"max_hp_per_floor":[75,75,75,75,75,75,75,69,69,69,69,69,69,69,69,69,69,69,69,69,69,69,69,69,69,69,69,69,69,69,69,69,69,69,69,69,69,69,69,69,75,75,75,75,75,75,75,75,75,75],"card_choices":[{"not_picked":["Clash","Second Wind"],"picked":"Whirlwind","floor":1},{"not_picked":["Carnage","Shrug It Off"],"picked":"Armaments","floor":4},{"not_picked":["Heavy Blade","Combust"],"picked":"Shrug It Off","floor":6},{"not_picked":["Anger","Sword Boomerang"],"picked":"Impervious","floor":8},{"not_picked":["Shockwave","Fire Breathing","Body Slam"],"picked":"SKIP","floor":11},{"not_picked":["Shockwave","Fire Breathing","Body Slam"],"picked":"SKIP","floor":11},{"not_picked":["Inflame","Infernal Blade"],"picked":"Spot Weakness","floor":13},{"not_picked":["Havoc","Headbutt"],"picked":"Entrench","floor":14},{"not_picked":["Immolate","Brutality"],"picked":"Juggernaut","floor":16},{"not_picked":["Pummel","Wild Strike"],"picked":"Shrug It Off","floor":18},{"not_picked":["Heavy Blade","Perfected Strike"],"picked":"Rage","floor":21},{"not_picked":["Clash","Shrug It Off"],"picked":"Juggernaut","floor":22},{"not_picked":["Flex","Power Through"],"picked":"Metallicize","floor":24},{"not_picked":["Inflame","Clothesline"],"picked":"Metallicize","floor":27},{"not_picked":["Armaments","Headbutt","Perfected Strike"],"picked":"SKIP","floor":31},{"not_picked":["Feed","Double Tap"],"picked":"Juggernaut","floor":33},{"not_picked":["Intimidate+1"],"picked":"SKIP","floor":35},{"not_picked":[],"picked":"Deep Breath","floor":36},{"not_picked":["Shockwave"],"picked":"SKIP","floor":39},{"not_picked":["True Grit"],"picked":"SKIP","floor":40},{"not_picked":[],"picked":"Battle Trance+1","floor":46},{"not_picked":["Cleave"],"picked":"SKIP","floor":47},{"not_picked":[],"picked":"Berserk","floor":48}],"player_experience":362880,"relics_obtained":[{"floor":1,"key":"Baka"},{"floor":6,"key":"Ccalipers"},{"floor":8,"key":"Bottled Lightning"},{"floor":9,"key":"PreservedInsect"},{"floor":13,"key":"Bottled Tornado"},{"floor":26,"key":"Mercury Hourglass"},{"floor":27,"key":"Baka2"},{"floor":40,"key":"HornCleat"},{"floor":41,"key":"Gambling Chip"},{"floor":43,"key":"Oddly Smooth Stone"},{"floor":46,"key":"Art of War"},{"floor":48,"key":"Shuriken"}],"event_choices":[{"cards_removed":["Strike_R"],"damage_healed":0,"gold_gain":0,"player_choice":"Card Removal","damage_taken":0,"max_hp_gain":0,"max_hp_loss":0,"event_name":"The Cleric","floor":2,"gold_loss":75},{"damage_healed":0,"gold_gain":0,"player_choice":"Box","damage_taken":0,"relics_obtained":["War Paint"],"max_hp_gain":0,"max_hp_loss":0,"event_name":"Big Fish","floor":3,"gold_loss":0,"cards_obtained":["Regret"]},{"damage_healed":0,"gold_gain":0,"player_choice":"0 cards matched","damage_taken":0,"max_hp_gain":0,"max_hp_loss":0,"event_name":"Match and Keep!","floor":5,"gold_loss":0,"cards_obtained":[]},{"damage_healed":0,"gold_gain":0,"player_choice":"Obtained Relic","damage_taken":0,"relics_obtained":["Bird Faced Urn"],"max_hp_gain":0,"max_hp_loss":0,"event_name":"Addict","floor":19,"gold_loss":85},{"damage_healed":0,"gold_gain":0,"player_choice":"Traded Relic","damage_taken":0,"relics_obtained":["Nloth\u0027s Gift"],"max_hp_gain":0,"max_hp_loss":0,"event_name":"N\u0027loth","floor":20,"relics_lost":["Bird Faced Urn"],"gold_loss":0},{"damage_healed":0,"gold_gain":0,"player_choice":"Upgraded","damage_taken":0,"max_hp_gain":0,"max_hp_loss":0,"event_name":"Upgrade Shrine","floor":29,"gold_loss":0,"cards_upgraded":["Metallicize"]},{"damage_healed":0,"gold_gain":0,"player_choice":"Memory 1","damage_taken":0,"max_hp_gain":0,"max_hp_loss":0,"event_name":"SensoryStone","floor":36,"gold_loss":0},{"damage_healed":0,"gold_gain":0,"player_choice":"Embrace Madness","damage_taken":12,"max_hp_gain":0,"max_hp_loss":0,"event_name":"Winding Halls","floor":38,"gold_loss":0,"cards_obtained":["Madness","Madness"]},{"damage_healed":0,"gold_gain":0,"player_choice":"Fight","damage_taken":0,"max_hp_gain":0,"max_hp_loss":0,"event_name":"Mysterious Sphere","floor":41,"gold_loss":0}],"is_beta":false,"boss_relics":[{"not_picked":["SacredBark","Philosopher\u0027s Stone"],"picked":"SlaversCollar"},{"not_picked":["Runic Pyramid","Snecko Eye"],"picked":"Busted Crown"}],"items_purged_floors":[12,44],"is_endless":false,"potions_floor_spawned":[6,11,13,22,33,35,39,41],"ascension_level":16}}