{"host":"wnbfov91sqg45vrw","time":1607654082,"event":{"mods":["BaseMod","Duelist Mod","GifTheSpireLib","Marisa????????","Minty Spire (QoL Compilation)","READ ME - Guardian Mod","Shop Mod","StSLib","The Cursed","The Disciple","The Jungle","The Servant 0.9.4"],"gold_per_floor":[113,113,125,125,35,67,67,67,67],"floor_reached":8,"playtime":233,"items_purged":[],"score":79,"play_id":"57a55c0e-dc0d-4f4b-a939-aa851f10c93c","local_time":"20201210203442","is_ascension_mode":false,"campfire_choices":[{"data":"PrimeTime","floor":7.0,"key":"SMITH"}],"circlet_count":0,"master_deck":["Strike_Br","Strike_Br","Strike_Br","Strike_Br","Defend_Br","Defend_Br","Defend_Br","Defend_Br","SecondHand","PatternShift","WindUp+1","SlimeSpray","Madness","PrimeTime+1"],"relics":["Chronometer","NeowsBlessing","InkBottle","Thread and Needle"],"acts_visited":["Exordium"],"potions_floor_usage":[],"damage_taken":[{"damage":0.0,"enemies":"Jaw Worm","floor":1.0,"turns":1.0},{"damage":0.0,"enemies":"Cultist","floor":3.0,"turns":1.0},{"damage":0.0,"enemies":"Gremlin Nob","floor":6.0,"turns":1.0},{"damage":0,"enemies":"Lagavulin","floor":8,"turns":1}],"seed_played":"4214865362625100894","potions_obtained":[{"floor":1.0,"key":"SpeedPotion"}],"is_trial":false,"path_per_floor":["M","?","M","?","$","E","R","E"],"character_chosen":"CHRONO_CLASS","items_purchased":["expansioncontent:YouAreMine"],"campfire_rested":0,"item_purchase_floors":[5],"current_hp_per_floor":[65,58,58,58,58,58,58,58,58],"gold":67,"neow_bonus":"THREE_ENEMY_KILL","is_daily":false,"chose_seed":false,"campfire_upgraded":1,"win_rate":0.0,"timestamp":1607654082,"path_taken":["M","?","M","?","$","E","R","E"],"items_purchased_type":["Undefined"],"build_version":"2020-11-30","purchased_purges":0,"victory":false,"max_hp_per_floor":[65,65,65,65,65,65,65,65,65],"card_choices":[{"not_picked":["WakeUpCall","AlternateTimeline"],"picked":"WindUp","floor":1.0},{"not_picked":["PrimeTime","EscortCommand"],"picked":"SlimeSpray","floor":3.0},{"not_picked":["BlueShift","Parity"],"picked":"PrimeTime","floor":6.0}],"player_experience":1721694,"relics_obtained":[{"floor":6.0,"key":"Thread and Needle"}],"event_choices":[{"damage_healed":0.0,"max_hp_gain":0.0,"max_hp_loss":0.0,"gold_gain":0.0,"event_name":"Scrap Ooze","player_choice":"Success","floor":2.0,"gold_loss":0.0,"damage_taken":7.0,"relics_obtained":["InkBottle"]},{"damage_healed":0.0,"max_hp_gain":0.0,"max_hp_loss":0.0,"gold_gain":0.0,"event_name":"Upgrade Shrine","player_choice":"Upgraded","floor":4.0,"gold_loss":0.0,"damage_taken":0.0,"cards_upgraded":["WindUp"]}],"is_beta":false,"boss_relics":[],"items_purged_floors":[],"is_endless":false,"potions_floor_spawned":[1],"killed_by":"Lagavulin","ascension_level":0}}