{"host":"g4jqqbmo30rq7cal","time":1607696430,"event":{"mods":["BaseMod","Better Match","BetterRewards","Conspire","DeckTracker","Hermit","Minty Spire (QoL Compilation)","Rare Cards Sparkle","Shop Mod","StSLib","The Bug Knight","The Cursed","The Mystic","[IsaacMod]????"],"gold_per_floor":[111,111,122,122,139,171,171,189,265,265,294,294,76,151,151,151,151],"floor_reached":16,"playtime":666,"items_purged":["Regret"],"score":133,"play_id":"f399d6f0-c331-47ce-92ad-4b6a6bf6847e","local_time":"20201211192030","is_ascension_mode":false,"campfire_choices":[{"data":"Eruption","floor":7,"key":"SMITH"},{"floor":10,"key":"REST"},{"floor":12,"key":"REST"},{"floor":15,"key":"REST"}],"circlet_count":0,"master_deck":["Strike_P","Strike_P","Strike_P","Strike_P","Defend_P","Defend_P","Defend_P","Defend_P","Eruption+1","Vigilance","TalkToTheHand","CarveReality","CrushJoints","CrushJoints","ForeignInfluence+1"],"relics":["PureWater","HushsDoor","Strawberry","GuppysTail","BookOfRevelations","Bronze Scales","Toxic Egg 2","Nunchaku","MerchantsRug"],"acts_visited":["Exordium"],"potions_floor_usage":[6,6,11,16],"damage_taken":[{"damage":2,"enemies":"Small Slimes","floor":1,"turns":3},{"damage":8,"enemies":"2 Louse","floor":3,"turns":3},{"damage":8,"enemies":"Jaw Worm","floor":5,"turns":5},{"damage":5,"enemies":"Lagavulin","floor":6,"turns":8},{"damage":7,"enemies":"Blue Slaver","floor":8,"turns":4},{"damage":47,"enemies":"3 Sentries","floor":11,"turns":6},{"damage":64,"enemies":"The Guardian","floor":16,"turns":11}],"seed_played":"7345732567309967236","potions_obtained":[{"floor":3,"key":"BottledMiracle"},{"floor":5,"key":"PowerPotion"},{"floor":8,"key":"Block Potion"},{"floor":11,"key":"DistilledChaos"}],"is_trial":false,"path_per_floor":["M","?","M","?","M","E","R","M","T","R","E","R","$","?","R","B"],"character_chosen":"WATCHER","items_purchased":["MerchantsRug"],"campfire_rested":3,"item_purchase_floors":[13],"current_hp_per_floor":[77,77,69,69,61,56,56,49,49,72,25,48,48,37,60,0,0],"gold":151,"neow_bonus":"RANDOM_COMMON_RELIC","is_daily":false,"chose_seed":false,"campfire_upgraded":1,"win_rate":0.0,"timestamp":1607696430,"path_taken":["M","?","M","?","M","E","R","?","T","R","E","R","$","?","R","BOSS"],"items_purchased_type":["Relic"],"build_version":"2020-11-30","purchased_purges":1,"victory":false,"max_hp_per_floor":[79,79,79,79,79,79,79,79,79,79,79,79,79,79,79,79,79],"card_choices":[{"not_picked":["Evaluate","Collect"],"picked":"TalkToTheHand","floor":1},{"not_picked":["ForeignInfluence","DeceiveReality","WaveOfTheHand"],"picked":"SKIP","floor":3},{"not_picked":["SashWhip","ClearTheMind"],"picked":"CarveReality","floor":5},{"not_picked":["SashWhip","Halt"],"picked":"CrushJoints","floor":6},{"not_picked":["BowlingBash","Protect"],"picked":"CrushJoints","floor":8},{"not_picked":["ConjureBlade+1","EmptyFist"],"picked":"ForeignInfluence+1","floor":11}],"player_experience":298845,"relics_obtained":[{"floor":6,"key":"Bronze Scales"},{"floor":9,"key":"Toxic Egg 2"},{"floor":11,"key":"Nunchaku"}],"event_choices":[{"damage_healed":0,"gold_gain":0,"player_choice":"Box","damage_taken":0,"relics_obtained":["BookOfRevelations"],"max_hp_gain":0,"max_hp_loss":0,"event_name":"Big Fish","floor":2,"gold_loss":0,"cards_obtained":["Regret"]},{"damage_healed":0,"gold_gain":75,"player_choice":"Gather Gold","damage_taken":11,"max_hp_gain":0,"max_hp_loss":0,"event_name":"World of Goop","floor":14,"gold_loss":0}],"is_beta":false,"boss_relics":[],"items_purged_floors":[13],"is_endless":false,"potions_floor_spawned":[3,5,8,11],"killed_by":"The Guardian","ascension_level":0}}