{"host":"absfy23j4tbeb1p6","time":1607704477,"event":{"mods":["BaseMod","Colored Map","Minty Spire (QoL Compilation)","StSLib","SuperFastMode"],"gold_per_floor":[115,115,115,91,91,123,123,140,140,153,153,163,197,272,272,375,375,388,388,403,422,37,68,80,97,121,121,153,153,153,172,172,272,272,284,302,156,156,174,200,200,233,233,266,286,29,40,55,55,55],"floor_reached":51,"playtime":1688,"items_purged":[],"score":900,"play_id":"9811b210-c328-4b2d-ba49-57b04f9ff802","local_time":"20201211173437","is_ascension_mode":true,"campfire_choices":[{"floor":7,"key":"REST"},{"floor":11,"key":"REST"},{"floor":15,"key":"REST"},{"floor":27,"key":"REST"},{"floor":32,"key":"REST"},{"floor":41,"key":"REST"},{"floor":49,"key":"RECALL"}],"circlet_count":0,"master_deck":["Defend_B","Defend_B+1","Defend_B","Defend_B","Zap","Dualcast","Rainbow","Redo","Beam Cell","Go for the Eyes","Capacitor","Cold Snap","Conserve Battery","Auto Shields","Electrodynamics","CurseOfTheBell","Reinforced Body+1","Defragment","Stack","Ball Lightning","Cold Snap","Cold Snap+1","Steam+1","Redo","Bite","Bite","Bite","Bite","Bite","Redo+1","Core Surge","Barrage","BootSequence+1","Turbo+1","Go for the Eyes+1","Glacier","Ball Lightning","Storm","Capacitor","Lockon+1","Conserve Battery+1"],"relics":["Cracked Core","Lantern","Kunai","Pantograph","DataDisk","Calling Bell","Nunchaku","Question Card","Unceasing Top","White Beast Statue","Sling","HornCleat","Orichalcum","Mummified Hand","Philosopher\u0027s Stone","Bronze Scales","Lizard Tail","Regal Pillow","The Courier","Pen Nib","Toy Ornithopter","Chemical X","Centennial Puzzle"],"acts_visited":["Exordium","TheCity","TheBeyond"],"potions_floor_usage":[6,16,16,18,23,24,28,28,33,40,50,50,50],"damage_taken":[{"damage":4,"enemies":"Jaw Worm","floor":1,"turns":3},{"damage":9,"enemies":"3 Sentries","floor":6,"turns":5},{"damage":0,"enemies":"Cultist","floor":8,"turns":3},{"damage":3,"enemies":"Small Slimes","floor":10,"turns":2},{"damage":5,"enemies":"Looter","floor":12,"turns":3},{"damage":8,"enemies":"Gremlin Nob","floor":13,"turns":5},{"damage":38,"enemies":"The Guardian","floor":16,"turns":10},{"damage":15,"enemies":"3 Byrds","floor":18,"turns":2},{"damage":17,"enemies":"Spheric Guardian","floor":20,"turns":5},{"damage":6,"enemies":"3 Cultists","floor":21,"turns":4},{"damage":23,"enemies":"Gremlin Leader","floor":23,"turns":7},{"damage":0,"enemies":"Centurion and Healer","floor":24,"turns":7},{"damage":9,"enemies":"Snake Plant","floor":25,"turns":4},{"damage":9,"enemies":"Book of Stabbing","floor":28,"turns":6},{"damage":0,"enemies":"3 Cultists","floor":31,"turns":5},{"damage":44,"enemies":"Automaton","floor":33,"turns":10},{"damage":0,"enemies":"Orb Walker","floor":35,"turns":3},{"damage":0,"enemies":"3 Shapes","floor":36,"turns":5},{"damage":53,"enemies":"Spire Growth","floor":39,"turns":6},{"damage":0,"enemies":"Nemesis","floor":40,"turns":7},{"damage":2,"enemies":"Reptomancer","floor":42,"turns":7},{"damage":2,"enemies":"Nemesis","floor":44,"turns":8},{"damage":1,"enemies":"Transient","floor":45,"turns":5},{"damage":0,"enemies":"3 Darklings","floor":47,"turns":2},{"damage":0,"enemies":"Maw","floor":48,"turns":8},{"damage":42,"enemies":"Time Eater","floor":50,"turns":11}],"seed_played":"-2615796448343211632","potions_obtained":[{"floor":5,"key":"Explosive Potion"},{"floor":5,"key":"EssenceOfDarkness"},{"floor":5,"key":"SneckoOil"},{"floor":6,"key":"Dexterity Potion"},{"floor":20,"key":"Swift Potion"},{"floor":23,"key":"Fruit Juice"},{"floor":24,"key":"Swift Potion"},{"floor":25,"key":"Weak Potion"},{"floor":28,"key":"Ancient Potion"},{"floor":31,"key":"AttackPotion"},{"floor":33,"key":"Weak Potion"},{"floor":35,"key":"FocusPotion"},{"floor":39,"key":"Block Potion"},{"floor":40,"key":"SteroidPotion"},{"floor":42,"key":"Energy Potion"},{"floor":44,"key":"Strength Potion"},{"floor":45,"key":"EssenceOfSteel"}],"is_trial":false,"path_per_floor":["M","?","?","$","?","E","R","M","T","M","R","M","E","?","R","B",null,"M","?","M","M","$","E","M","M","T","R","E","?","$","M","R","B",null,"M","M","$","?","M","E","R","E","T","E","M","$","M","M","R","B",null],"character_chosen":"DEFECT","items_purchased":["Beam Cell","White Beast Statue","Sling","Bronze Scales","Capacitor","Chemical X","Centennial Puzzle"],"campfire_rested":6,"item_purchase_floors":[4,22,22,37,46,46,46],"current_hp_per_floor":[71,56,31,31,31,22,44,44,44,41,63,58,50,39,61,37,75,60,60,43,37,37,14,19,10,10,34,25,25,25,33,49,18,56,56,56,56,56,7,15,46,54,54,56,55,55,56,56,56,36],"gold":55,"neow_bonus":"ONE_RANDOM_RARE_CARD","is_daily":false,"chose_seed":false,"campfire_upgraded":0,"win_rate":0.0,"timestamp":1607704477,"path_taken":["M","?","?","$","?","E","R","M","T","?","R","M","E","?","R","BOSS","M","?","M","M","$","E","M","M","T","R","E","?","$","M","R","BOSS","M","M","$","?","M","E","R","E","T","E","M","$","M","?","R","BOSS"],"items_purchased_type":["Card","Relic","Relic","Relic","Card","Relic","Relic"],"build_version":"2020-11-30","purchased_purges":0,"victory":true,"max_hp_per_floor":[75,75,75,75,75,75,75,75,75,75,75,75,75,75,75,75,75,75,75,75,75,75,75,80,80,80,80,80,56,56,56,56,56,56,56,56,56,56,56,56,56,56,56,56,56,56,56,56,56,56],"card_choices":[{"not_picked":["Go for the Eyes","Beam Cell"],"picked":"Redo","floor":1},{"not_picked":["Stack","Aggregate"],"picked":"Go for the Eyes","floor":6},{"not_picked":["Go for the Eyes","Undo"],"picked":"Capacitor","floor":8},{"not_picked":["Blizzard","Thunder Strike"],"picked":"Cold Snap","floor":10},{"not_picked":["Stack","Redo"],"picked":"Conserve Battery","floor":12},{"not_picked":["Streamline","Scrape"],"picked":"Auto Shields","floor":13},{"not_picked":["Meteor Strike","Echo Form"],"picked":"Electrodynamics","floor":16},{"not_picked":["Sweeping Beam","Cold Snap","Doom and Gloom+1"],"picked":"Reinforced Body+1","floor":18},{"not_picked":["Doom and Gloom","Aggregate+1","Reprogram"],"picked":"Stack","floor":20},{"not_picked":["Aggregate","Coolheaded","Sweeping Beam"],"picked":"Ball Lightning","floor":21},{"not_picked":["Go for the Eyes","Melter","Sweeping Beam"],"picked":"Cold Snap","floor":23},{"not_picked":["Coolheaded","Recycle","Go for the Eyes+1"],"picked":"Cold Snap+1","floor":24},{"not_picked":["Aggregate","Amplify","Sweeping Beam"],"picked":"Steam+1","floor":25},{"not_picked":["Compile Driver","Sweeping Beam","Reprogram+1"],"picked":"Redo","floor":28},{"not_picked":["Barrage","Rebound","Heatsinks+1"],"picked":"Redo+1","floor":31},{"not_picked":["Amplify","Meteor Strike","Thunder Strike"],"picked":"Core Surge","floor":33},{"not_picked":["Beam Cell","Steam","Conserve Battery"],"picked":"Barrage","floor":35},{"not_picked":["Gash+1","Go for the Eyes+1","White Noise"],"picked":"BootSequence+1","floor":36},{"not_picked":["FTL","Hologram","Cold Snap"],"picked":"Turbo+1","floor":39},{"not_picked":["Leap","Melter","Ball Lightning"],"picked":"Go for the Eyes+1","floor":40},{"not_picked":["Streamline","Thunder Strike","Leap"],"picked":"Glacier","floor":42},{"not_picked":["Beam Cell","Rebound","Skim"],"picked":"Ball Lightning","floor":44},{"not_picked":["Go for the Eyes","Rebound","Reinforced Body"],"picked":"Storm","floor":45},{"not_picked":["Conserve Battery","Rainbow","Heatsinks"],"picked":"Lockon+1","floor":47},{"not_picked":["Beam Cell+1","Stack","Steam"],"picked":"Conserve Battery+1","floor":48}],"player_experience":66180,"relics_obtained":[{"floor":6,"key":"Kunai"},{"floor":9,"key":"Pantograph"},{"floor":13,"key":"DataDisk"},{"floor":17,"key":"Nunchaku"},{"floor":17,"key":"Question Card"},{"floor":17,"key":"Unceasing Top"},{"floor":23,"key":"HornCleat"},{"floor":26,"key":"Orichalcum"},{"floor":28,"key":"Mummified Hand"},{"floor":40,"key":"Regal Pillow"},{"floor":42,"key":"The Courier"},{"floor":43,"key":"Pen Nib"},{"floor":44,"key":"Toy Ornithopter"}],"event_choices":[{"damage_healed":0,"gold_gain":0,"player_choice":"Entered Light","damage_taken":15,"max_hp_gain":0,"max_hp_loss":0,"event_name":"Shining Light","floor":2,"gold_loss":0,"cards_upgraded":["Strike_B","Defend_B"]},{"damage_healed":0,"gold_gain":0,"player_choice":"Success","damage_taken":25,"relics_obtained":["Lantern"],"max_hp_gain":0,"max_hp_loss":0,"event_name":"Scrap Ooze","floor":3,"gold_loss":0},{"damage_healed":0,"gold_gain":0,"player_choice":"Got Potions","damage_taken":0,"max_hp_gain":0,"max_hp_loss":0,"event_name":"Lab","floor":5,"gold_loss":0},{"damage_healed":0,"gold_gain":75,"player_choice":"Gather Gold","damage_taken":11,"max_hp_gain":0,"max_hp_loss":0,"event_name":"World of Goop","floor":14,"gold_loss":0},{"damage_healed":0,"gold_gain":0,"player_choice":"Read","damage_taken":0,"max_hp_gain":0,"max_hp_loss":0,"event_name":"The Library","floor":19,"gold_loss":0,"cards_obtained":["Defragment"]},{"damage_healed":0,"gold_gain":0,"player_choice":"Became a vampire","damage_taken":0,"max_hp_gain":0,"max_hp_loss":24,"event_name":"Vampires","floor":29,"gold_loss":0,"cards_obtained":["Bite","Bite","Bite","Bite","Bite"]},{"damage_healed":0,"gold_gain":0,"player_choice":"Gave Potion","damage_taken":0,"relics_obtained":["Lizard Tail"],"max_hp_gain":0,"max_hp_loss":0,"event_name":"WeMeetAgain","floor":38,"gold_loss":0}],"is_beta":false,"boss_relics":[{"not_picked":["Runic Pyramid","SlaversCollar"],"picked":"Calling Bell"},{"not_picked":["Empty Cage","Astrolabe"],"picked":"Philosopher\u0027s Stone"}],"items_purged_floors":[],"is_endless":false,"potions_floor_spawned":[6,20,23,24,25,28,31,33,35,36,39,40,42,44,45,47,48],"ascension_level":1}}