{"host":"c4mm8falyg7qgorf","time":1607690926,"event":{"mods":["BaseMod","FoggyMod","Minty Spire (QoL Compilation)","Replay The Spire","Shop Mod","StSLib","Thieving Mod","UnlockEverythingMod","vexMod","¡¾ÒÅÎï¿¨ÅÆ¡¿REMEMod","óô»ðÖ¸ÄÏ"],"gold_per_floor":[115,115,115,128,155,190,190,215,215,241,241,81,105,105,105,233,899,945,945,374,374,299,358,358,405,405,481,524,536,548,448,448,570,570,601,601,691,171,241,292,292,343,413,468,468,468,488,551,551,589,601,601,601,112,145,145],"floor_reached":57,"playtime":1940,"items_purged":["Pain","Voices","Pride"],"score":2878,"play_id":"4d8fa038-f282-4985-8025-4843ee8844a9","local_time":"20201211204846","daily_mods":["Draft","Vintage","Heirloom","Time Dilation","DeadlyEvents","Elite Swarm","Uncertain Future"],"is_ascension_mode":true,"campfire_choices":[{"floor":7.0,"key":"RECALL"},{"data":"Infinite Blades","floor":11.0,"key":"SMITH"},{"data":"Adrenaline","floor":15.0,"key":"SMITH"},{"data":"1","floor":24.0,"key":"LIFT"},{"data":"2","floor":29.0,"key":"LIFT"},{"data":"3","floor":32.0,"key":"LIFT"},{"data":"Envenom","floor":41.0,"key":"SMITH"},{"data":"REME_GreenPollution","floor":45.0,"key":"SMITH"},{"data":"Concentrate","floor":49.0,"key":"SMITH"},{"data":"Prepared","floor":53.0,"key":"SMITH"}],"circlet_count":0,"master_deck":["AscendersBane","Fluid Movement","Blade Dance","Hidden Blade","Distraction","Blade Dance","Dagger Throw","Blade Dance","Hidden Blade","Escape Plan","ReplayTheSpireMod:Scrap Shanks","Hidden Blade","Concentrate+1","Flying Knee","Prepared+1","Blade Dance","Escape Plan","Adrenaline+1","REME_ShadowForm","Die Die Die","Infinite Blades+1","Burst","Pride","Envenom+1","Tools of the Trade","Atom Bomb+1","Deflect","Venomology+1","Envenom+1","Accuracy+1","Venomology+1","Cloak And Dagger+1","Deadly Poison+1","Leg Sweep+1","Deflect+1","Quick Slash+1","REME_SpectralBlade+1","REME_ShadowForm+1","Corpse Explosion+1","REME_GreenPollution+1","Phantasmal Killer+1","Die Die Die+1"],"relics":["Ring of the Snake","replay:Trail_Library","REME_ComplimentaryCards","Tough Bandages","Darkstone Periapt","Byrd Skull","Pocketwatch","REME_HandOfSuture","Divine Protection","Toy Ornithopter","Replay:Bandana","Mirror","NeowsBlessing","vexMod:RockOfEvil","InkBottle","Chemical X","Basket Of Snakes","NeowsBlessing","Girya","Matryoshka","MawBank","Golden Egg","Thread and Needle","REME_HourglassOfDeath","ReplayTheSpireMod:CursedCoin","Bag of Preparation","Busted Crown","Gremlin Food","vexMod:PlasmaPancake","Blue Doll","Orrery","Unceasing Top","Centennial Puzzle","Incense Burner","Dream Catcher","Gremlin Horn","Replay:Towering Pillar of Hats","The Specimen","Tingsha","Bottled Flame","Pet Ghost","Pen Nib"],"acts_visited":["Exordium","TheCity","TheBeyond","TheEnding"],"potions_floor_usage":[],"damage_taken":[{"damage":0.0,"enemies":"Jaw Worm","floor":1.0,"turns":1.0},{"damage":0.0,"enemies":"Cultist","floor":4.0,"turns":2.0},{"damage":5.0,"enemies":"Gremlin Nob","floor":6.0,"turns":2.0},{"damage":1.0,"enemies":"Lagavulin","floor":8.0,"turns":2.0},{"damage":0.0,"enemies":"Gremlin Nob","floor":10.0,"turns":2.0},{"damage":0.0,"enemies":"Small Slimes","floor":13.0,"turns":1.0},{"damage":0.0,"enemies":"Slime Boss","floor":16.0,"turns":3.0},{"damage":0.0,"enemies":"Chosen","floor":18.0,"turns":2.0},{"damage":1.0,"enemies":"Replay:Snechameleon","floor":23.0,"turns":2.0},{"damage":0.0,"enemies":"Slavers","floor":25.0,"turns":1.0},{"damage":0.0,"enemies":"Book of Stabbing","floor":27.0,"turns":2.0},{"damage":0.0,"enemies":"2 Thieves","floor":28.0,"turns":2.0},{"damage":0.0,"enemies":"Champ","floor":33.0,"turns":2.0},{"damage":9.0,"enemies":"3 Shapes","floor":35.0,"turns":1.0},{"damage":0.0,"enemies":"Giant Head","floor":37.0,"turns":2.0},{"damage":0.0,"enemies":"2 Orb Walkers","floor":39.0,"turns":1.0},{"damage":0.0,"enemies":"Reptomancer","floor":40.0,"turns":2.0},{"damage":0.0,"enemies":"Nemesis","floor":42.0,"turns":1.0},{"damage":12.0,"enemies":"R_Hoarder","floor":44.0,"turns":4.0},{"damage":4.0,"enemies":"Orb Walker","floor":47.0,"turns":1.0},{"damage":0.0,"enemies":"Giant Head","floor":48.0,"turns":3.0},{"damage":4.0,"enemies":"Replay:Hell Engine","floor":50.0,"turns":2.0},{"damage":0.0,"enemies":"Time Eater","floor":51.0,"turns":2.0},{"damage":0,"enemies":"Shield and Spear","floor":55,"turns":1},{"damage":0,"enemies":"The Heart","floor":56,"turns":1}],"seed_played":"-1065125963898854871","potions_obtained":[{"floor":1.0,"key":"SkillPotion"},{"floor":13.0,"key":"LiquidMemories"},{"floor":18.0,"key":"Explosive Potion"},{"floor":27.0,"key":"BlessingOfTheForge"},{"floor":35.0,"key":"ColorlessPotion"},{"floor":40.0,"key":"Doom Potion"},{"floor":48.0,"key":"BlessingOfTheForge"}],"is_trial":true,"path_per_floor":["M","?","WH","M","?","E","R","E","T","E","R","$","M","WH","R","B",null,"M","?","$","WH","?","E","R","E","T","E","M","R","WH","$","R","B",null,"M","?","E","$","?","E","R","E","T","E","R","WH","M","E","R","B","B",null,"R","$","E","B",null],"character_chosen":"THE_SILENT","items_purchased":["Replay:Bandana","Chemical X","Basket Of Snakes","ReplayTheSpireMod:CursedCoin","Bag of Preparation","Accuracy+1","Blue Doll","Orrery","Bottled Flame","Pet Ghost","Adrenaline Potion"],"campfire_rested":0,"item_purchase_floors":[12,20,20,31,31,38,38,38,54,54,54],"current_hp_per_floor":[59,66,72,72,78,73,73,72,72,72,72,72,72,72,72,78,96,96,96,96,96,96,95,95,96,96,96,96,96,105,111,111,111,111,102,102,113,113,117,117,117,117,117,105,105,116,122,127,127,128,128,128,128,128,128,128],"gold":145,"neow_bonus":"TEN_PERCENT_HP_BONUS","is_daily":false,"chose_seed":false,"campfire_upgraded":6,"win_rate":0.0,"timestamp":1607690926,"path_taken":["M","?","WH","?","?","E","R","E","T","E","R","$","?","WH","R","BOSS","M","?","$","WH","?","E","R","E","T","E","?","R","WH","?","R","BOSS","M","?","?","$","?","E","R","E","T","E","R","WH","?","?","R","BOSS","BOSS","R","$","E","BOSS"],"items_purchased_type":["Relic","Relic","Relic","Relic","Relic","Undefined","Relic","Relic","Relic","Relic","Potion"],"build_version":"2020-11-30","purchased_purges":3,"victory":true,"max_hp_per_floor":[66,66,72,72,78,78,78,78,78,78,78,78,78,78,78,78,96,96,96,96,96,96,96,96,96,96,96,96,96,105,111,111,111,111,111,111,117,117,117,117,117,117,117,117,117,128,128,128,128,128,128,128,128,128,128,128],"card_choices":[{"not_picked":["PiercingWail","Bane"],"picked":"Fluid Movement","floor":0.0},{"not_picked":["Quick Slash","Backflip"],"picked":"Blade Dance","floor":0.0},{"not_picked":["PiercingWail","Sneak Up"],"picked":"Hidden Blade","floor":0.0},{"not_picked":["Footwork","Slice"],"picked":"Distraction","floor":0.0},{"not_picked":["Slice","Deflect"],"picked":"Blade Dance","floor":0.0},{"not_picked":["Poisoned Stab","Sucker Punch"],"picked":"Dagger Throw","floor":0.0},{"not_picked":["Setup","Blur"],"picked":"Blade Dance","floor":0.0},{"not_picked":["Underhanded Strike","Cloak And Dagger"],"picked":"Hidden Blade","floor":0.0},{"not_picked":["Slice","Well Laid Plans"],"picked":"Escape Plan","floor":0.0},{"not_picked":["Backflip","Poisoned Stab"],"picked":"ReplayTheSpireMod:Scrap Shanks","floor":0.0},{"not_picked":["Backflip","Poisoned Stab"],"picked":"Hidden Blade","floor":0.0},{"not_picked":["Well Laid Plans","Replay:Poison Smokescreen"],"picked":"Concentrate","floor":0.0},{"not_picked":["Dodge and Roll","Setup"],"picked":"Flying Knee","floor":0.0},{"not_picked":["Blade Dance","Tactician"],"picked":"Prepared","floor":0.0},{"not_picked":["Bane","Poisoned Stab"],"picked":"Blade Dance","floor":0.0},{"not_picked":["Riddle With Holes","Flying Knee"],"picked":"Escape Plan","floor":5.0},{"not_picked":["Doppelganger","Bullet Time"],"picked":"Adrenaline","floor":6.0},{"not_picked":["Wraith Form v2","REME_CopyPotion"],"picked":"REME_ShadowForm","floor":8.0},{"not_picked":["ReplayTheSpireMod:From All Sides","Glass Knife"],"picked":"Die Die Die","floor":10.0},{"not_picked":["Corpse Explosion","Wraith Form v2"],"picked":"Burst","floor":16.0},{"not_picked":["Replay:Bag of Tricks","Unload"],"picked":"Envenom","floor":23.0},{"not_picked":["ReplayTheSpireMod:Necrosis","Venomology"],"picked":"Tools of the Trade","floor":25.0},{"not_picked":["Doppelganger","Poison Darts"],"picked":"Atom Bomb","floor":27.0},{"not_picked":["Storm of Steel","Unload"],"picked":"Venomology","floor":33.0},{"not_picked":[],"picked":"Envenom","floor":37.0},{"not_picked":[],"picked":"Venomology","floor":38.0},{"not_picked":[],"picked":"Cloak And Dagger+1","floor":38.0},{"not_picked":[],"picked":"Deadly Poison","floor":38.0},{"not_picked":[],"picked":"Leg Sweep","floor":38.0},{"not_picked":[],"picked":"Deflect","floor":38.0},{"not_picked":[],"picked":"Quick Slash+1","floor":39.0},{"not_picked":[],"picked":"REME_SpectralBlade","floor":40.0},{"not_picked":[],"picked":"REME_ShadowForm","floor":42.0},{"not_picked":[],"picked":"Corpse Explosion","floor":44.0},{"not_picked":[],"picked":"Phantasmal Killer","floor":48.0},{"not_picked":[],"picked":"Die Die Die","floor":55}],"player_experience":162704,"relics_obtained":[{"floor":1.0,"key":"Darkstone Periapt"},{"floor":4.0,"key":"Byrd Skull"},{"floor":5.0,"key":"Pocketwatch"},{"floor":6.0,"key":"REME_HandOfSuture"},{"floor":8.0,"key":"Divine Protection"},{"floor":10.0,"key":"Toy Ornithopter"},{"floor":13.0,"key":"Mirror"},{"floor":18.0,"key":"InkBottle"},{"floor":23.0,"key":"Girya"},{"floor":25.0,"key":"Matryoshka"},{"floor":26.0,"key":"MawBank"},{"floor":26.0,"key":"Golden Egg"},{"floor":27.0,"key":"Thread and Needle"},{"floor":28.0,"key":"REME_HourglassOfDeath"},{"floor":35.0,"key":"Gremlin Food"},{"floor":37.0,"key":"vexMod:PlasmaPancake"},{"floor":39.0,"key":"Unceasing Top"},{"floor":40.0,"key":"Centennial Puzzle"},{"floor":42.0,"key":"Incense Burner"},{"floor":43.0,"key":"Dream Catcher"},{"floor":43.0,"key":"Gremlin Horn"},{"floor":44.0,"key":"Replay:Towering Pillar of Hats"},{"floor":47.0,"key":"The Specimen"},{"floor":48.0,"key":"Tingsha"},{"floor":55,"key":"Pen Nib"}],"event_choices":[{"cards_removed":["Replay:Bootleg Shield Generator"],"damage_healed":7.0,"max_hp_gain":0.0,"max_hp_loss":0.0,"gold_gain":0.0,"event_name":"Bonfire Elementals","player_choice":"Offered Uncommon","floor":2.0,"gold_loss":0.0,"damage_taken":0.0},{"damage_healed":0.0,"max_hp_gain":0.0,"max_hp_loss":0.0,"gold_gain":0.0,"event_name":"Ghosts","player_choice":"Ignored","floor":19.0,"gold_loss":0.0,"damage_taken":0.0},{"cards_removed":["Pride"],"damage_healed":0.0,"max_hp_gain":0.0,"max_hp_loss":0.0,"gold_gain":0.0,"event_name":"Beggar","player_choice":"Gave Gold","floor":22.0,"gold_loss":75.0,"damage_taken":0.0},{"damage_healed":0.0,"max_hp_gain":0.0,"max_hp_loss":0.0,"gold_gain":0.0,"event_name":"Match and Keep!","player_choice":"0 cards matched","floor":36.0,"gold_loss":0.0,"damage_taken":0.0,"cards_obtained":[]},{"damage_healed":0.0,"max_hp_gain":0.0,"max_hp_loss":0.0,"gold_gain":0.0,"event_name":"Mysterious Sphere","player_choice":"Fight","floor":39.0,"gold_loss":0.0,"damage_taken":0.0}],"is_beta":false,"boss_relics":[{"not_picked":["vexMod:MegatonBomb","Runic Pyramid"],"picked":"vexMod:RockOfEvil"},{"not_picked":["Sozu","ChewingGum"],"picked":"Busted Crown"}],"items_purged_floors":[20,31,38],"is_endless":false,"potions_floor_spawned":[1,13,18,27,35,40,48,55],"ascension_level":20}}