{"host":"d9m9v0h6vo0edadb","time":1607676654,"event":{"mods":["BaseMod","Hermit","Keyboard Shortcuts","Minty Spire (QoL Compilation)","StSLib","SuperFastMode","The Cursed"],"gold_per_floor":[119,138,158,171,191,191,116,135,161,161,189,159,176,191,191,263,263,275,252,35,35,52,82,82,82,82],"floor_reached":25,"playtime":772,"items_purged":["hermit:Strike_Hermit","hermit:Strike_Hermit"],"score":431,"play_id":"5edb76c7-0a86-47dd-81fe-b62b0e83bd41","local_time":"20201211175054","is_ascension_mode":true,"campfire_choices":[{"data":"hermit:CalledShot","floor":6.0,"key":"SMITH"},{"data":"hermit:Headshot","floor":10.0,"key":"SMITH"},{"data":"hermit:Manifest","floor":15.0,"key":"SMITH"},{"data":"hermit:Vantage","floor":24,"key":"SMITH"}],"circlet_count":0,"master_deck":["AscendersBane","hermit:Strike_Hermit","hermit:Defend_Hermit","hermit:Defend_Hermit","hermit:Defend_Hermit","hermit:Snapshot+1","hermit:Covet","hermit:Enervate","hermit:CalledShot+1","hermit:Coalescence","hermit:FatalDesire","hermit:Headshot+1","hermit:FlashPowder","hermit:Manifest+1","hermit:GhostlyPresence","hermit:FinalCanter","hermit:Dive","hermit:ShadowCloak+1","hermit:Determination","hermit:Vantage+1","Decay","hermit:Dive+1"],"relics":["hermit:Momento","Potion Belt","Anchor","Empty Cage","Strawberry"],"acts_visited":["Exordium","TheCity"],"potions_floor_usage":[23],"damage_taken":[{"damage":4.0,"enemies":"Small Slimes","floor":1.0,"turns":4.0},{"damage":0.0,"enemies":"Cultist","floor":2.0,"turns":3.0},{"damage":0.0,"enemies":"2 Louse","floor":3.0,"turns":2.0},{"damage":0.0,"enemies":"Gremlin Gang","floor":4.0,"turns":3.0},{"damage":0.0,"enemies":"Exordium Wildlife","floor":5.0,"turns":2.0},{"damage":0.0,"enemies":"Blue Slaver","floor":8.0,"turns":3.0},{"damage":4.0,"enemies":"Lagavulin","floor":11.0,"turns":5.0},{"damage":0.0,"enemies":"2 Fungi Beasts","floor":13.0,"turns":3.0},{"damage":6.0,"enemies":"Large Slime","floor":14.0,"turns":7.0},{"damage":49.0,"enemies":"Slime Boss","floor":16.0,"turns":14.0},{"damage":7.0,"enemies":"3 Byrds","floor":18.0,"turns":8.0},{"damage":1.0,"enemies":"2 Thieves","floor":19.0,"turns":4.0},{"damage":14.0,"enemies":"Centurion and Healer","floor":22.0,"turns":6.0},{"damage":43,"enemies":"Gremlin Leader","floor":23,"turns":13},{"damage":34,"enemies":"3 Cultists","floor":25,"turns":6}],"seed_played":"3628782369802247777","potions_obtained":[{"floor":1.0,"key":"Explosive Potion"},{"floor":2.0,"key":"hermit:Tonic"},{"floor":4.0,"key":"Strength Potion"},{"floor":11.0,"key":"FairyPotion"},{"floor":12.0,"key":"hermit:BlackBile"},{"floor":12.0,"key":"Dexterity Potion"},{"floor":22.0,"key":"Swift Potion"}],"is_trial":false,"path_per_floor":["M","M","M","M","M","R","$","M","T","R","E","?","M","M","R","B",null,"M","M","$","?","M","E","R","M"],"character_chosen":"HERMIT","items_purchased":["hermit:Determination","hermit:Vantage"],"campfire_rested":0,"item_purchase_floors":[20,20],"current_hp_per_floor":[60,60,60,60,60,60,60,60,60,60,56,56,56,50,50,1,54,47,46,46,46,32,28,28,0,0],"gold":82,"neow_bonus":"UPGRADE_CARD","is_daily":false,"chose_seed":false,"campfire_upgraded":4,"win_rate":0.0,"timestamp":1607676654,"path_taken":["M","M","M","M","M","R","$","M","T","R","E","?","M","M","R","BOSS","M","M","$","?","?","E","R","M"],"items_purchased_type":["Card","Card"],"build_version":"2020-11-30","purchased_purges":2,"victory":false,"max_hp_per_floor":[71,71,71,71,71,71,71,71,71,71,71,71,71,71,71,71,71,71,71,71,71,71,78,78,78,78],"card_choices":[{"not_picked":["hermit:TakeAim","hermit:NoHoldsBarred"],"picked":"hermit:Enervate","floor":1.0},{"not_picked":["hermit:Ricochet","hermit:HighCaliber"],"picked":"hermit:CalledShot","floor":2.0},{"not_picked":["hermit:Glare","hermit:WideOpen"],"picked":"hermit:Coalescence","floor":3.0},{"not_picked":["hermit:SprayPray","hermit:Desperado"],"picked":"hermit:FatalDesire","floor":4.0},{"not_picked":["hermit:GoldenBullet","hermit:Roulette"],"picked":"hermit:Headshot","floor":5.0},{"not_picked":["hermit:Gestalt","hermit:EyeOfTheStorm","hermit:Feint"],"picked":"SKIP","floor":8.0},{"not_picked":["hermit:Deadeye","hermit:Combo"],"picked":"hermit:FlashPowder","floor":11.0},{"not_picked":["hermit:HoleUp","hermit:Roulette"],"picked":"hermit:Manifest","floor":13.0},{"not_picked":["hermit:WideOpen","hermit:Feint"],"picked":"hermit:GhostlyPresence","floor":14.0},{"not_picked":["hermit:Dissolve","hermit:HeroicBravado"],"picked":"hermit:FinalCanter","floor":16.0},{"not_picked":["hermit:Desperado","hermit:Feint"],"picked":"hermit:Dive","floor":18.0},{"not_picked":["hermit:Snipe","hermit:BlackWind"],"picked":"hermit:ShadowCloak+1","floor":19.0},{"not_picked":["hermit:TrackingShot","hermit:BodyArmor"],"picked":"hermit:Dive+1","floor":22.0},{"not_picked":["hermit:Feint+1","hermit:EyeOfTheStorm","hermit:TrackingShot"],"picked":"SKIP","floor":23}],"player_experience":931047,"relics_obtained":[{"floor":9.0,"key":"Potion Belt"},{"floor":11.0,"key":"Anchor"},{"floor":23,"key":"Strawberry"}],"event_choices":[{"damage_healed":0.0,"max_hp_gain":0.0,"max_hp_loss":0.0,"gold_gain":0.0,"event_name":"The Woman in Blue","player_choice":"Bought 2 Potions","floor":12.0,"gold_loss":0.0,"damage_taken":0.0},{"damage_healed":0.0,"max_hp_gain":0.0,"max_hp_loss":0.0,"gold_gain":0.0,"event_name":"Wheel of Change","player_choice":"Cursed","floor":21.0,"gold_loss":0.0,"damage_taken":0.0,"cards_obtained":["Decay"]}],"is_beta":false,"boss_relics":[{"not_picked":["Philosopher\u0027s Stone","Runic Pyramid"],"picked":"Empty Cage"}],"items_purged_floors":[7,20],"is_endless":false,"potions_floor_spawned":[1,2,4,11,13,22],"killed_by":"3 Cultists","ascension_level":18}}