{"host":"3j7xx3dgykcuif7u","time":1607661739,"event":{"mods":["2.2 Compatiblity","Bard","BaseMod","Better Note","Better Third Choice","BetterRewards","Colored Map","Colored Powertips","Conspire","Custom Start","Downfall","Faster Ascension Climbing","Friendly Minions","GifTheSpireLib","Hermit","Highlight Path","Hubris","Infinite Spire","Mad Scientist","Marisa????????","Mimic Mod","Minty Spire (QoL Compilation)","Permanent Neow","Quick Restart","RNG Fix","Relic Sorter","Relic Stats","Shop Mod","Somnambulant","StSLib","Stuff the Spire","SuperFastMode","The Blue Laboratory","The Construct","The Disciple","The Jungle","The Mystic","The Servant 0.9.4","vexMod"],"gold_per_floor":[111,131,131,151,151,164,182,208,208,233,233,259,259,269,269,374,374,388,404,404,404,416,444,444,473,473,504,515,529,555,570,570,665,665,679,679,693,693,708,708,708,608,608,636,596,610,610,660,660,660,660,660,134,159,159],"floor_reached":56,"playtime":2795,"items_purged":["Strike_R","Strike_R"],"score":1995,"play_id":"f5501fc9-b4d3-4ae6-bb39-3cebd6675ad2","local_time":"20201210224219","is_ascension_mode":true,"campfire_choices":[{"data":"Carnage","floor":11.0,"key":"SMITH"},{"data":"True Grit","floor":13.0,"key":"SMITH"},{"data":"Whirlwind","floor":15.0,"key":"SMITH"},{"data":"Disarm","floor":32.0,"key":"SMITH"},{"data":"StuffTheSpire:RockThrow","floor":40,"key":"SMITH"},{"floor":47,"key":"RECALL"},{"data":"infinitespire:Collect","floor":49,"key":"SMITH"},{"data":"Battle Trance","floor":52,"key":"SMITH"}],"circlet_count":0,"master_deck":["AscendersBane","Strike_R","Strike_R","Strike_R","Defend_R","Defend_R","Defend_R","Defend_R+1","Bash","Carnage+1","StuffTheSpire:Slingshot","Spot Weakness+1","Whirlwind+1","Immolate","StuffTheSpire:Slingshot","StuffTheSpire:RockThrow+1","True Grit+1","Reaper+1","Burning Pact+1","Flame Barrier+1","infinitespire:Gouge+1","Shockwave+1","Disarm+1","True Grit+1","hubris:StunningStrike","StuffTheSpire:BrainWave","Power Through+1","StuffTheSpire:Incineration","Uppercut+1","infinitespire:Collect+1","Feed","Battle Trance+1","StuffTheSpire:Resist","hubris:Insight","hubris:EnhanceAbility","conspire:HitWhereItHurts"],"relics":["Burning Blood","hubris:Reverence","Pocketwatch","infinitespire:EmpoweringShard","infinitespire:FocusingShard","hubris:OldNail","Lantern","SlaversCollar","War Paint","expansioncontent:StudyCardRelic","hubris:TinFlute","StuffTheSpire:PointBlank","StuffTheSpire:RubySignet","hubris:SphereOfDissonance","Torii","vexMod:DeviousBotling","StoneCalendar","Red Skull","Guardian:GemstoneGun","Membership Card","StuffTheSpire:EmeraldSignet","Toy Ornithopter"],"acts_visited":["Exordium","TheCity","TheBeyond","TheEnding"],"potions_floor_usage":[55,55,55],"damage_taken":[{"damage":2.0,"enemies":"2 Louse","floor":1.0,"turns":4.0},{"damage":2.0,"enemies":"Jaw Worm","floor":2.0,"turns":3.0},{"damage":0.0,"enemies":"Cultist","floor":4.0,"turns":2.0},{"damage":13.0,"enemies":"Blue Slaver","floor":6.0,"turns":2.0},{"damage":7.0,"enemies":"Looter","floor":7.0,"turns":3.0},{"damage":6.0,"enemies":"Gremlin Nob","floor":8.0,"turns":3.0},{"damage":25.0,"enemies":"Lagavulin","floor":10.0,"turns":4.0},{"damage":7.0,"enemies":"3 Sentries","floor":12.0,"turns":5.0},{"damage":9.0,"enemies":"Red Slaver","floor":14.0,"turns":2.0},{"damage":9.0,"enemies":"Slime Boss","floor":16.0,"turns":5.0},{"damage":0.0,"enemies":"Spheric Guardian","floor":18.0,"turns":2.0},{"damage":1.0,"enemies":"Chosen","floor":19.0,"turns":3.0},{"damage":0.0,"enemies":"Snecko","floor":22.0,"turns":3.0},{"damage":1.0,"enemies":"Book of Stabbing","floor":23.0,"turns":3.0},{"damage":14.0,"enemies":"Nightmare","floor":25.0,"turns":5.0},{"damage":10.0,"enemies":"conspire:SneckoGhost","floor":27.0,"turns":6.0},{"damage":3.0,"enemies":"Snake Plant","floor":28.0,"turns":3.0},{"damage":0.0,"enemies":"Chosen and Byrds","floor":29.0,"turns":2.0},{"damage":11.0,"enemies":"Book of Stabbing","floor":30.0,"turns":2.0},{"damage":10.0,"enemies":"Centurion and Healer","floor":31.0,"turns":2.0},{"damage":35.0,"enemies":"Collector","floor":33.0,"turns":7.0},{"damage":7.0,"enemies":"3 Shapes","floor":35.0,"turns":3.0},{"damage":0,"enemies":"3 Darklings","floor":37,"turns":3},{"damage":24,"enemies":"Writhing Mass","floor":39,"turns":2},{"damage":0,"enemies":"Giant Head","floor":44,"turns":2},{"damage":0,"enemies":"Reptomancer","floor":46,"turns":2},{"damage":7,"enemies":"2 Orb Walkers","floor":48,"turns":2},{"damage":0,"enemies":"hubris:GrandSnecko","floor":50,"turns":4},{"damage":0,"enemies":"Shield and Spear","floor":54,"turns":2},{"damage":58,"enemies":"The Heart","floor":55,"turns":4}],"seed_played":"1494243360080182881","potions_obtained":[{"floor":6.0,"key":"blueLaboratory:IronCompound"},{"floor":7.0,"key":"HeartOfIron"},{"floor":10.0,"key":"GamblersBrew"},{"floor":12.0,"key":"SneckoOil"},{"floor":14.0,"key":"infinitespire:BlackPotion"},{"floor":18.0,"key":"blueLaboratory:FrostheartPotion"},{"floor":19.0,"key":"blueLaboratory:Moonshine"},{"floor":20.0,"key":"blueLaboratory:BottleOfRum"},{"floor":28.0,"key":"Swift Potion"},{"floor":31.0,"key":"blueLaboratory:EnragingPotion"},{"floor":46,"key":"Fire Potion"}],"is_trial":false,"path_per_floor":["M","M","?","M","T","M","M","E","T","E","R","E","R","M","R","B",null,"M","M","?","AVR","M","E","?","NM","T","E","M","M","E","M","R","B",null,"M","?","M","?","M","R","AVR","NS","T","E","?","E","R","?","R","B",null,"R","$","E","B",null],"character_chosen":"IRONCLAD","items_purchased":["StuffTheSpire:Resist","Membership Card","StuffTheSpire:EmeraldSignet","hubris:Insight","hubris:EnhanceAbility"],"campfire_rested":0,"item_purchase_floors":[53,53,53,53,53],"current_hp_per_floor":[55,59,59,65,65,58,57,57,57,38,38,37,37,34,34,31,68,74,79,79,79,80,80,80,80,80,80,80,80,75,71,71,53,73,72,72,72,72,54,54,54,54,54,60,60,76,76,78,78,82,82,82,82,85,41],"gold":159,"neow_bonus":"ONE_RARE_RELIC","is_daily":false,"chose_seed":false,"campfire_upgraded":7,"win_rate":0.0,"timestamp":1607661739,"path_taken":["M","M","?","?","?","M","M","E","T","E","R","E","R","M","R","BOSS","M","M","?","AVR","M","E","?","NM","T","E","M","M","E","M","R","BOSS","M","?","M","?","M","R","AVR","NS","T","E","?","E","R","?","R","BOSS","R","$","E","BOSS"],"items_purchased_type":["Card","Relic","Relic","Card","Card"],"build_version":"2020-11-30","purchased_purges":2,"victory":true,"max_hp_per_floor":[80,80,80,80,80,80,80,80,80,80,80,80,80,80,80,80,80,80,80,80,80,80,80,80,80,80,80,80,80,80,80,80,80,80,80,72,72,72,72,72,72,72,72,72,72,76,76,79,79,82,82,82,82,85,85],"relic_stats":{"Torii":15,"counters":[30,95],"StoneCalendar":[0],"War Paint":["Spot Weakness","Burning Pact"],"obtain_stats":[{"Lantern":12,"Torii":30,"Guardian:GemstoneGun":48,"hubris:SphereOfDissonance":27,"StoneCalendar":44,"infinitespire:FocusingShard":9,"StuffTheSpire:EmeraldSignet":53,"expansioncontent:StudyCardRelic":21,"War Paint":21,"Burning Blood":0,"SlaversCollar":17,"vexMod:DeviousBotling":34,"infinitespire:EmpoweringShard":5,"StuffTheSpire:PointBlank":25,"StuffTheSpire:RubySignet":26,"Membership Card":53,"hubris:OldNail":10,"hubris:TinFlute":23,"Red Skull":46,"Toy Ornithopter":54,"Pocketwatch":0,"hubris:Reverence":8},{"Lantern":8,"Torii":19,"Guardian:GemstoneGun":27,"hubris:SphereOfDissonance":16,"StoneCalendar":25,"infinitespire:FocusingShard":6,"StuffTheSpire:EmeraldSignet":28,"expansioncontent:StudyCardRelic":12,"War Paint":12,"Burning Blood":0,"SlaversCollar":10,"vexMod:DeviousBotling":21,"infinitespire:EmpoweringShard":3,"StuffTheSpire:PointBlank":15,"StuffTheSpire:RubySignet":15,"Membership Card":28,"hubris:OldNail":7,"hubris:TinFlute":14,"Red Skull":26,"Toy Ornithopter":29,"Pocketwatch":0,"hubris:Reverence":6},{"Lantern":26,"Torii":62,"Guardian:GemstoneGun":85,"hubris:SphereOfDissonance":55,"StoneCalendar":81,"infinitespire:FocusingShard":17,"StuffTheSpire:EmeraldSignet":89,"expansioncontent:StudyCardRelic":38,"War Paint":38,"Burning Blood":0,"SlaversCollar":33,"vexMod:DeviousBotling":71,"infinitespire:EmpoweringShard":9,"StuffTheSpire:PointBlank":49,"StuffTheSpire:RubySignet":49,"Membership Card":89,"hubris:OldNail":21,"hubris:TinFlute":44,"Red Skull":83,"Toy Ornithopter":91,"Pocketwatch":0,"hubris:Reverence":17}],"Burning Blood":127,"Toy Ornithopter":7,"Pocketwatch":[69]},"card_choices":[{"not_picked":["Clash","Clothesline"],"picked":"Carnage","floor":1.0},{"not_picked":["Spot Weakness","Iron Wave"],"picked":"StuffTheSpire:Slingshot","floor":2.0},{"not_picked":["Flex","Warcry"],"picked":"Spot Weakness","floor":4.0},{"not_picked":["Wild Strike","Fire Breathing"],"picked":"Whirlwind","floor":6.0},{"not_picked":["Rage","Shrug It Off"],"picked":"Immolate","floor":7.0},{"not_picked":["Combust","Clash"],"picked":"StuffTheSpire:Slingshot","floor":8.0},{"not_picked":["Armaments","Cleave"],"picked":"StuffTheSpire:RockThrow","floor":10.0},{"not_picked":["hubris:CleavingFinish","Shrug It Off"],"picked":"True Grit","floor":12.0},{"not_picked":["Twin Strike","StuffTheSpire:RagingBull","Whirlwind"],"picked":"SKIP","floor":14.0},{"not_picked":["conspire:Purge","Corruption"],"picked":"Reaper","floor":16.0},{"not_picked":["Flex","Rupture"],"picked":"Burning Pact","floor":18.0},{"not_picked":["Wild Strike","StuffTheSpire:Incineration"],"picked":"Flame Barrier+1","floor":19.0},{"not_picked":["Sever Soul","Armaments+1","Hemokinesis+1"],"picked":"SKIP","floor":22.0},{"not_picked":["Limit Break","Reckless Charge"],"picked":"Shockwave+1","floor":23.0},{"not_picked":["Anger","Body Slam"],"picked":"Disarm","floor":25.0},{"not_picked":["conspire:Purge","Wild Strike","Havoc+1"],"picked":"SKIP","floor":27.0},{"not_picked":["Armaments","Berserk"],"picked":"Ghostly Armor+1","floor":28.0},{"not_picked":["Armaments","Wild Strike"],"picked":"hubris:SharpeningStone+1","floor":29.0},{"not_picked":["Pommel Strike","Limit Break"],"picked":"True Grit+1","floor":30.0},{"not_picked":["Clash","Sever Soul","Heavy Blade"],"picked":"SKIP","floor":31.0},{"not_picked":["Reaper","Barricade"],"picked":"hubris:StunningStrike","floor":33.0},{"not_picked":["Iron Wave+1","StuffTheSpire:Resist+1","Cleave"],"picked":"SKIP","floor":35.0},{"not_picked":["Dark Embrace+1","Armaments"],"picked":"Power Through+1","floor":37},{"not_picked":["Shrug It Off+1","Reckless Charge"],"picked":"Uppercut+1","floor":39},{"not_picked":["Cleave+1","Heavy Blade"],"picked":"Feed","floor":44},{"not_picked":["Sentinel+1","Impervious"],"picked":"Battle Trance","floor":46},{"not_picked":["Armaments","StuffTheSpire:RockThrow"],"picked":"conspire:HitWhereItHurts","floor":54}],"player_experience":923214,"relics_obtained":[{"floor":5.0,"key":"infinitespire:EmpoweringShard"},{"floor":8.0,"key":"hubris:Reverence"},{"floor":9.0,"key":"infinitespire:FocusingShard"},{"floor":10.0,"key":"hubris:OldNail"},{"floor":12.0,"key":"Lantern"},{"floor":23.0,"key":"hubris:TinFlute"},{"floor":25.0,"key":"StuffTheSpire:PointBlank"},{"floor":26.0,"key":"StuffTheSpire:RubySignet"},{"floor":27.0,"key":"hubris:SphereOfDissonance"},{"floor":30.0,"key":"Torii"},{"floor":44,"key":"StoneCalendar"},{"floor":46,"key":"Red Skull"},{"floor":48,"key":"Guardian:GemstoneGun"},{"floor":54,"key":"Toy Ornithopter"}],"event_choices":[{"damage_healed":0.0,"max_hp_gain":0.0,"max_hp_loss":0.0,"gold_gain":0.0,"event_name":"Lab","player_choice":"Got Potions","floor":20.0,"gold_loss":0.0,"damage_taken":0.0},{"damage_healed":0.0,"max_hp_gain":0.0,"max_hp_loss":0.0,"gold_gain":0.0,"event_name":"Upgrade Shrine","player_choice":"Upgraded","floor":24.0,"gold_loss":0.0,"damage_taken":0.0,"cards_upgraded":["infinitespire:Gouge"]},{"damage_healed":0,"gold_gain":0,"player_choice":"Upgraded Two","damage_taken":0,"max_hp_gain":0,"max_hp_loss":0,"event_name":"Designer","floor":45,"gold_loss":40,"cards_upgraded":["Defend_R","Reaper"]},{"damage_healed":0,"gold_gain":0,"player_choice":"Fight","damage_taken":0,"max_hp_gain":0,"max_hp_loss":0,"event_name":"Mysterious Sphere","floor":48,"gold_loss":0}],"is_beta":false,"boss_relics":[{"not_picked":["Ectoplasm","hubris:ScarierMask"],"picked":"SlaversCollar"},{"not_picked":["hubris:RunicObelisk","Pandora\u0027s Box"],"picked":"vexMod:DeviousBotling"}],"items_purged_floors":[21,53],"is_endless":false,"potions_floor_spawned":[6,7,10,12,14,18,19,28,29,31,37,46],"ascension_level":10}}