{"host":"jrsqjhzisnjpdyoe","time":1607713373,"event":{"mods":["BaseMod","Colored Map","Colored Powertips","Minty Spire (QoL Compilation)","Relic Stats","StSLib"],"gold_per_floor":[109,59,59,59,75,75,93,109,109,139,167,167,202,218,218,352,352,397,397,77,77,127,127,217,217,271,271,345,365,443,443,443],"floor_reached":31,"playtime":2029,"items_purged":["Strike_P"],"score":315,"play_id":"c5e3ec23-98d4-4bc4-9f49-98d23c5eeb6f","local_time":"20201211120253","is_ascension_mode":true,"campfire_choices":[{"data":"Eruption","floor":6.0,"key":"SMITH"},{"data":"Wish","floor":12.0,"key":"SMITH"},{"data":"BowlingBash","floor":15.0,"key":"SMITH"},{"data":"DevaForm","floor":23.0,"key":"SMITH"},{"floor":25.0,"key":"REST"},{"data":"Scrawl","floor":27.0,"key":"SMITH"}],"circlet_count":0,"master_deck":["Strike_P","Strike_P+1","Strike_P","Defend_P","Defend_P","Defend_P","Eruption+1","Vigilance","BowlingBash+1","Halt","JustLucky+1","CarveReality","CrushJoints","Wish+1","Vengeance","FlurryOfBlows","DevaForm+1","EmptyFist","InnerPeace","Omniscience+1","SandsOfTime","Scrawl+1","EmptyMind","WreathOfFlame+1"],"relics":["HolyWater","White Beast Statue","WingedGreaves","Whetstone","Bottled Flame","Enchiridion","Turnip","Boot"],"acts_visited":[],"potions_floor_usage":[],"damage_taken":[{"damage":0.0,"enemies":"2 Louse","floor":1.0,"turns":2.0},{"damage":0.0,"enemies":"Small Slimes","floor":5.0,"turns":2.0},{"damage":0.0,"enemies":"Cultist","floor":7.0,"turns":2.0},{"damage":5.0,"enemies":"3 Louse","floor":8.0,"turns":2.0},{"damage":17.0,"enemies":"3 Sentries","floor":10.0,"turns":6.0},{"damage":0.0,"enemies":"Gremlin Nob","floor":11.0,"turns":2.0},{"damage":21.0,"enemies":"3 Sentries","floor":13.0,"turns":3.0},{"damage":0.0,"enemies":"Exordium Thugs","floor":14.0,"turns":2.0},{"damage":33.0,"enemies":"Hexaghost","floor":16.0,"turns":6.0},{"damage":10.0,"enemies":"Chosen","floor":18.0,"turns":4.0},{"damage":28.0,"enemies":"Spheric Guardian","floor":22.0,"turns":4.0},{"damage":15.0,"enemies":"Gremlin Leader","floor":24.0,"turns":5.0},{"damage":16.0,"enemies":"Snake Plant","floor":28.0,"turns":4.0},{"damage":0.0,"enemies":"Centurion and Healer","floor":29.0,"turns":2.0},{"damage":0,"enemies":"Cultist and Chosen","floor":30,"turns":3},{"damage":24,"enemies":"Slavers","floor":31,"turns":4}],"seed_played":"-3213919398030085760","potions_obtained":[{"floor":7.0,"key":"CultistPotion"},{"floor":10.0,"key":"SteroidPotion"},{"floor":11.0,"key":"Strength Potion"},{"floor":13.0,"key":"FearPotion"},{"floor":14.0,"key":"PowerPotion"},{"floor":16.0,"key":"BottledMiracle"},{"floor":18.0,"key":"SmokeBomb"},{"floor":24.0,"key":"AttackPotion"},{"floor":29.0,"key":"Ambrosia"}],"is_trial":false,"path_per_floor":["M","?","?","?","M","R","M","M","T","E","E","R","E","M","R","B",null,"M","?","$","?","M","R","E","R","T","R","M","M","M","E"],"character_chosen":"WATCHER","items_purchased":["InnerPeace","SteroidPotion","Omniscience"],"campfire_rested":1,"item_purchase_floors":[20,20,20],"current_hp_per_floor":[79,79,84,84,84,84,84,79,79,62,62,62,41,41,41,8,84,74,58,58,58,30,30,15,40,40,40,24,24,24,0,0],"gold":443,"neow_bonus":"TEN_PERCENT_HP_BONUS","is_daily":false,"chose_seed":false,"campfire_upgraded":5,"win_rate":0.0,"timestamp":1607713373,"path_taken":["M","?","?","?","M","R","M","M","T","E","E","R","E","M","R","BOSS","M","?","$","?","M","R","E","R","T","R","M","M","?","E"],"items_purchased_type":["Card","Potion","Card"],"build_version":"2020-11-30","purchased_purges":1,"victory":false,"max_hp_per_floor":[79,79,84,84,84,84,84,84,84,84,84,84,84,84,84,84,84,84,84,84,84,84,84,84,84,84,84,84,84,84,84,84],"relic_stats":{"counters":[16,53],"Turnip":[2],"Whetstone":["JustLucky","Strike_P"],"Boot":[8],"obtain_stats":[{"Bottled Flame":13,"HolyWater":17,"Enchiridion":19,"WingedGreaves":10,"Turnip":24,"Whetstone":11,"PureWater":0,"Boot":26,"White Beast Statue":9},{"Bottled Flame":7,"HolyWater":9,"Enchiridion":10,"WingedGreaves":5,"Turnip":12,"Whetstone":6,"PureWater":0,"Boot":12,"White Beast Statue":4},{"Bottled Flame":19,"HolyWater":27,"Enchiridion":31,"WingedGreaves":14,"Turnip":40,"Whetstone":16,"PureWater":0,"Boot":40,"White Beast Statue":8}]},"card_choices":[{"not_picked":["Halt","Sanctity"],"picked":"BowlingBash","floor":1.0},{"not_picked":["Collect","Evaluate"],"picked":"Halt","floor":5.0},{"not_picked":["Halt","FlyingSleeves"],"picked":"JustLucky","floor":7.0},{"not_picked":["DevaForm","FollowUp"],"picked":"CarveReality","floor":8.0},{"not_picked":["FlyingSleeves","Prostrate"],"picked":"CrushJoints","floor":10.0},{"not_picked":["ThirdEye","FlurryOfBlows"],"picked":"Wish","floor":11.0},{"not_picked":["JustLucky","Protect"],"picked":"Vengeance","floor":13.0},{"not_picked":["Judgement","FollowUp"],"picked":"FlurryOfBlows","floor":14.0},{"not_picked":["Wish","Judgement"],"picked":"DevaForm","floor":16.0},{"not_picked":["Evaluate","SashWhip"],"picked":"EmptyFist","floor":18.0},{"not_picked":["Sanctity","Establishment"],"picked":"SandsOfTime","floor":22.0},{"not_picked":["WreathOfFlame","FollowUp"],"picked":"Scrawl","floor":24.0},{"not_picked":["WheelKick","Adaptation"],"picked":"EmptyMind","floor":28.0},{"not_picked":["ThirdEye","Protect"],"picked":"WreathOfFlame+1","floor":29.0},{"not_picked":["Perseverance+1","FlurryOfBlows","SashWhip"],"picked":"SKIP","floor":30}],"player_experience":153559,"relics_obtained":[{"floor":9.0,"key":"White Beast Statue"},{"floor":10.0,"key":"WingedGreaves"},{"floor":11.0,"key":"Whetstone"},{"floor":13.0,"key":"Bottled Flame"},{"floor":19.0,"key":"Enchiridion"},{"floor":24.0,"key":"Turnip"},{"floor":26.0,"key":"Boot"}],"event_choices":[{"cards_removed":["Defend_P"],"damage_healed":0.0,"max_hp_gain":0.0,"max_hp_loss":0.0,"gold_gain":0.0,"event_name":"The Cleric","player_choice":"Card Removal","floor":2.0,"gold_loss":50.0,"damage_taken":0.0},{"damage_healed":0.0,"max_hp_gain":5.0,"max_hp_loss":0.0,"gold_gain":0.0,"event_name":"Big Fish","player_choice":"Donut","floor":3.0,"gold_loss":0.0,"damage_taken":0.0},{"damage_healed":0.0,"max_hp_gain":0.0,"max_hp_loss":0.0,"gold_gain":0.0,"event_name":"Liars Game","player_choice":"Ignored","floor":4.0,"gold_loss":0.0,"damage_taken":0.0},{"damage_healed":0.0,"max_hp_gain":0.0,"max_hp_loss":0.0,"gold_gain":0.0,"event_name":"Cursed Tome","player_choice":"Obtained Book","floor":19.0,"gold_loss":0.0,"damage_taken":16.0},{"damage_healed":0.0,"max_hp_gain":0.0,"max_hp_loss":0.0,"gold_gain":0.0,"event_name":"Upgrade Shrine","player_choice":"Upgraded","floor":21.0,"gold_loss":0.0,"damage_taken":0.0,"cards_upgraded":["Omniscience"]}],"is_beta":false,"boss_relics":[{"not_picked":["Ectoplasm","Fusion Hammer"],"picked":"HolyWater"}],"items_purged_floors":[20],"is_endless":false,"potions_floor_spawned":[7,10,11,13,14,16,18,22,24,28,29,30],"killed_by":"Slavers","ascension_level":1}}