{"host":"msmkw03x1o7nq45i","time":1607724509,"event":{"mods":["AchievementEnabler","BaseMod","Bestiary","Colored Powertips","GifTheSpireLib","Highlight Path","Minty Spire (QoL Compilation)","Random Character Button","StSLib","everything is the same but u backflip on backflip"],"gold_per_floor":[114,114,129,129,144,159,189,204,204,204,219,219,144,174,174,274,274,289,204,303,318,133,163,178,193,193,193,208,223,253,283,283,383,383,398,398,398,63,78,78,108,108,108,138,138,153,183,198,198,198],"floor_reached":51,"playtime":3252,"items_purged":["Defend_P","Strike_P"],"score":957,"play_id":"94d35ccc-f3e0-48c8-ba4a-225b41b82ee0","local_time":"20201212000829","daily_mods":["Heirloom","Green Cards","DeadlyEvents"],"is_ascension_mode":false,"campfire_choices":[{"data":"BowlingBash","floor":10,"key":"SMITH"},{"data":"Sucker Punch","floor":12,"key":"SMITH"},{"data":"Dash","floor":15,"key":"SMITH"},{"data":"Conclude","floor":27,"key":"SMITH"},{"data":"Predator","floor":32,"key":"SMITH"},{"data":"EmptyFist","floor":40,"key":"SMITH"},{"data":"Blade Dance","floor":42,"key":"SMITH"},{"data":"Vigilance","floor":45,"key":"SMITH"},{"floor":49,"key":"REST"}],"circlet_count":0,"master_deck":["Strike_P+1","Strike_P","Strike_P","Defend_P","Defend_P","Defend_P","Eruption","Vigilance+1","Blade Dance+1","EmptyFist+1","Dash+1","Sucker Punch+1","BowlingBash+1","Tantrum+1","ClearTheMind","Conclude+1","Malaise","FlurryOfBlows","Wireheading+1","Predator+1","PiercingWail+1","Riddle With Holes+1","Terror","Wraith Form v2+1","Madness","Madness","Dark Shackles","Evaluate+1","Distraction+1","Wallop+1","WreathOfFlame+1"],"relics":["PureWater","Mango","Matryoshka","Bag of Marbles","Mummified Hand","Frozen Egg 2","Orichalcum","Black Star","Singing Bowl","Chemical X","Thread and Needle","Lizard Tail","Ornamental Fan","TeardropLocket","MealTicket","Akabeko","Dream Catcher","Anchor","Sozu","Happy Flower","Shuriken","Whetstone","Bottled Flame","Smiling Mask","Lantern","Pen Nib","Bottled Lightning"],"acts_visited":["Exordium","TheCity","TheBeyond"],"potions_floor_usage":[23,28,33,50,50],"damage_taken":[{"damage":0,"enemies":"2 Louse","floor":1,"turns":2},{"damage":0,"enemies":"Small Slimes","floor":3,"turns":4},{"damage":3,"enemies":"Jaw Worm","floor":5,"turns":2},{"damage":5,"enemies":"Looter","floor":6,"turns":3},{"damage":16,"enemies":"Lagavulin","floor":7,"turns":7},{"damage":0,"enemies":"3 Louse","floor":8,"turns":2},{"damage":7,"enemies":"Large Slime","floor":11,"turns":3},{"damage":5,"enemies":"3 Sentries","floor":14,"turns":6},{"damage":20,"enemies":"The Guardian","floor":16,"turns":10},{"damage":0,"enemies":"3 Byrds","floor":18,"turns":4},{"damage":0,"enemies":"Chosen","floor":21,"turns":3},{"damage":9,"enemies":"Book of Stabbing","floor":23,"turns":5},{"damage":10,"enemies":"Sentry and Sphere","floor":24,"turns":4},{"damage":0,"enemies":"Centurion and Healer","floor":25,"turns":3},{"damage":4,"enemies":"Shelled Parasite and Fungi","floor":28,"turns":3},{"damage":2,"enemies":"Cultist and Chosen","floor":29,"turns":3},{"damage":4,"enemies":"Gremlin Leader","floor":30,"turns":5},{"damage":4,"enemies":"Book of Stabbing","floor":31,"turns":4},{"damage":73,"enemies":"Automaton","floor":33,"turns":10},{"damage":0,"enemies":"Orb Walker","floor":35,"turns":2},{"damage":0,"enemies":"3 Darklings","floor":39,"turns":4},{"damage":0,"enemies":"Giant Head","floor":41,"turns":5},{"damage":0,"enemies":"Nemesis","floor":44,"turns":5},{"damage":0,"enemies":"Sphere and 2 Shapes","floor":46,"turns":3},{"damage":0,"enemies":"Giant Head","floor":47,"turns":5},{"damage":29,"enemies":"Maw","floor":48,"turns":4},{"damage":21,"enemies":"Awakened One","floor":50,"turns":4}],"seed_played":"-551933171069321123","potions_obtained":[{"floor":6,"key":"Regen Potion"},{"floor":11,"key":"Fire Potion"},{"floor":14,"key":"Energy Potion"},{"floor":16,"key":"Ancient Potion"},{"floor":23,"key":"Explosive Potion"},{"floor":24,"key":"Energy Potion"},{"floor":28,"key":"Explosive Potion"},{"floor":31,"key":"Regen Potion"},{"floor":33,"key":"DistilledChaos"}],"is_trial":false,"path_per_floor":["M","?","M","?","M","M","E","M","T","R","M","R","$","E","R","B",null,"M","?","?","M","$","E","M","M","T","R","M","M","E","E","R","B",null,"M","?","?","$","M","R","E","R","T","E","R","M","E","M","R","B",null],"character_chosen":"WATCHER","items_purchased":["Chemical X","Wireheading+1","Happy Flower","Dark Shackles"],"campfire_rested":1,"item_purchase_floors":[22,22,38,38],"current_hp_per_floor":[86,83,83,83,80,75,59,59,59,59,52,52,52,47,47,27,86,86,86,86,86,86,79,71,73,73,73,69,67,63,59,59,1,92,92,80,80,92,92,92,94,94,94,96,96,96,96,67,97,76],"gold":198,"neow_bonus":"","is_daily":true,"chose_seed":false,"campfire_upgraded":8,"win_rate":0.0,"timestamp":1607724509,"path_taken":["M","?","M","?","M","M","E","M","T","R","M","R","$","E","R","BOSS","M","?","?","M","$","E","M","?","T","R","M","M","E","?","R","BOSS","M","?","?","$","?","R","E","R","T","E","R","M","?","M","R","BOSS"],"items_purchased_type":["Relic","Card","Relic","Card"],"build_version":"2020-11-30","purchased_purges":2,"victory":true,"max_hp_per_floor":[86,86,86,86,86,86,86,86,86,86,86,86,86,86,86,86,86,86,86,86,86,86,88,90,92,92,92,92,92,92,92,92,92,92,92,92,92,92,92,92,94,94,94,96,96,96,96,96,98,98],"card_choices":[{"not_picked":["Prostrate","SashWhip"],"picked":"Blade Dance","floor":1},{"not_picked":["Outmaneuver","Collect"],"picked":"EmptyFist","floor":3},{"not_picked":["ReachHeaven","Adaptation"],"picked":"Dash","floor":5},{"not_picked":["Protect","WreathOfFlame"],"picked":"Sucker Punch","floor":6},{"not_picked":["Crippling Poison","Adaptation"],"picked":"BowlingBash","floor":7},{"not_picked":["DeceiveReality","EmptyBody"],"picked":"Tantrum","floor":8},{"not_picked":["Concentrate","EmptyFist"],"picked":"ClearTheMind","floor":11},{"not_picked":["Protect","Dodge and Roll"],"picked":"Conclude","floor":14},{"not_picked":["Tools of the Trade+1","Wish"],"picked":"Malaise","floor":16},{"not_picked":["Dodge and Roll+1","Deadly Poison","SashWhip+1"],"picked":"SKIP","floor":18},{"not_picked":["Crescendo","SandsOfTime"],"picked":"FlurryOfBlows","floor":21},{"not_picked":["Establishment+1","Acrobatics","EmptyFist"],"picked":"Singing Bowl","floor":23},{"not_picked":["WindmillStrike","Deadly Poison","Cloak And Dagger"],"picked":"Singing Bowl","floor":24},{"not_picked":["FlurryOfBlows+1","Wireheading+1","Worship"],"picked":"Singing Bowl","floor":25},{"not_picked":["Crescendo+1","Halt"],"picked":"Predator","floor":28},{"not_picked":["EmptyBody","Underhanded Strike"],"picked":"PiercingWail+1","floor":29},{"not_picked":["BowlingBash","Study+1"],"picked":"Riddle With Holes+1","floor":30},{"not_picked":["Quick Slash+1","Adaptation+1"],"picked":"Terror","floor":31},{"not_picked":["MasterReality+1","Devotion+1"],"picked":"Wraith Form v2+1","floor":33},{"not_picked":["CrushJoints+1","Underhanded Strike"],"picked":"Halt","floor":35},{"not_picked":["Tantrum","Outmaneuver"],"picked":"Evaluate+1","floor":39},{"not_picked":["FlyingSleeves+1","DeceiveReality","Slice"],"picked":"Singing Bowl","floor":41},{"not_picked":["EmptyBody","Backstab","Dash+1"],"picked":"Singing Bowl","floor":44},{"not_picked":["Flying Knee+1","BowlingBash"],"picked":"Distraction+1","floor":46},{"not_picked":["BowlingBash","Catalyst+1"],"picked":"Wallop+1","floor":47},{"not_picked":["Pray+1","Sucker Punch+1"],"picked":"WreathOfFlame+1","floor":48},{"not_picked":["PathToVictory+1","JustLucky+1","Backstab"],"picked":"Singing Bowl","floor":49}],"player_experience":264805,"relics_obtained":[{"floor":7,"key":"Bag of Marbles"},{"floor":9,"key":"Mummified Hand"},{"floor":9,"key":"Frozen Egg 2"},{"floor":14,"key":"Orichalcum"},{"floor":23,"key":"Thread and Needle"},{"floor":23,"key":"Lizard Tail"},{"floor":26,"key":"Ornamental Fan"},{"floor":26,"key":"TeardropLocket"},{"floor":30,"key":"MealTicket"},{"floor":30,"key":"Akabeko"},{"floor":31,"key":"Dream Catcher"},{"floor":31,"key":"Anchor"},{"floor":41,"key":"Shuriken"},{"floor":41,"key":"Whetstone"},{"floor":43,"key":"Bottled Flame"},{"floor":44,"key":"Smiling Mask"},{"floor":44,"key":"Lantern"},{"floor":47,"key":"Pen Nib"},{"floor":47,"key":"Bottled Lightning"}],"event_choices":[{"damage_healed":0,"gold_gain":0,"player_choice":"Success","damage_taken":3,"relics_obtained":["Matryoshka"],"max_hp_gain":0,"max_hp_loss":0,"event_name":"Scrap Ooze","floor":2,"gold_loss":0},{"damage_healed":0,"gold_gain":0,"player_choice":"Ignored","damage_taken":0,"max_hp_gain":0,"max_hp_loss":0,"event_name":"Liars Game","floor":4,"gold_loss":0},{"damage_healed":0,"gold_gain":0,"player_choice":"Obtained Relic","damage_taken":0,"relics_obtained":["Singing Bowl"],"max_hp_gain":0,"max_hp_loss":0,"event_name":"Addict","floor":19,"gold_loss":85},{"damage_healed":0,"gold_gain":99,"player_choice":"Stole From Cult","damage_taken":0,"max_hp_gain":0,"max_hp_loss":0,"event_name":"Nest","floor":20,"gold_loss":0},{"damage_healed":0,"gold_gain":0,"player_choice":"Embrace Madness","damage_taken":12,"max_hp_gain":0,"max_hp_loss":0,"event_name":"Winding Halls","floor":36,"gold_loss":0,"cards_obtained":["Madness","Madness"]},{"cards_removed":["Halt"],"damage_healed":0,"gold_gain":0,"player_choice":"Removed Skill","damage_taken":0,"max_hp_gain":0,"max_hp_loss":0,"event_name":"Falling","floor":37,"gold_loss":0}],"is_beta":false,"boss_relics":[{"not_picked":["Empty Cage","Calling Bell"],"picked":"Black Star"},{"not_picked":["Snecko Eye","Busted Crown"],"picked":"Sozu"}],"items_purged_floors":[13,38],"is_endless":false,"potions_floor_spawned":[6,11,14,16,23,24,28,31,33,35,39,41],"ascension_level":0}}