{"host":"w6ebodudjlk2jwu4","time":1607716406,"event":{"mods":["Act Like it!","Bard","BaseMod","Beaked The Cultist","Colored Map","Glutton Mod","Hermit","Highlight Path","Infinite Spire","Jorbs\u0027s Wanderer Trilogy","Mad Scientist","Marisa????????","Minty Spire (QoL Compilation)","Relic Stats","Replay The Spire","StSLib","The Animator","The Blue Laboratory","The Bug Knight","The Construct","The Cursed","The Mystic","The Servant 0.9.4","The Witch","Wandering Minibosses"],"gold_per_floor":[117,131,131,143,160,195,195,223,223,235,5,5,5,180,180,284,284,297,267,279,297,315,343,3,3,3,3,28,39,63,74,74,174,174,190,239,239,259,259,259,291,291,337,357,392,411,423,458,458,556,556,561,566,563,563,563,563,563,563,563,589,601,619,628,640,652,699,711,720,732,752,763,765,780,792,800,812,824,807,806,818,829,841,889,901,904,916,907,919,913,923,927,923,935,942,954,957,969,952,964,1010,1022,1037,1049,1061,1074,1091,1103,1122,1134,1146,1157,1157],"floor_reached":112,"playtime":19369,"items_purged":["Doubt","Strike_G","Strike_G","Defend_G","Wraith Form v2"],"score":1580,"play_id":"197327fe-6e50-4c45-bca8-dac8a436998d","local_time":"20201211115326","is_ascension_mode":false,"campfire_choices":[{"data":"Neutralize","floor":7.0,"key":"SMITH"},{"data":"Tools of the Trade","floor":12.0,"key":"SMITH"},{"data":"Footwork","floor":15.0,"key":"SMITH"},{"data":"Blur","floor":25.0,"key":"SMITH"},{"floor":27.0,"key":"REST"},{"data":"Survivor","floor":32.0,"key":"SMITH"},{"data":"Replay:Poison Smokescreen","floor":40.0,"key":"SMITH"},{"floor":42.0,"key":"REST"},{"data":"Skewer","floor":42.0,"key":"SMITH"},{"floor":49.0,"key":"REST"},{"data":"Backflip","floor":57.0,"key":"SMITH"},{"data":"Footwork","floor":59.0,"key":"SMITH"},{"data":"Deflect","floor":66.0,"key":"SMITH"},{"data":"Adrenaline","floor":78.0,"key":"SMITH"},{"data":"Iron Wave","floor":81.0,"key":"SMITH"},{"data":"Burst","floor":83.0,"key":"SMITH"},{"data":"Footwork","floor":96.0,"key":"SMITH"},{"data":"Blur","floor":98.0,"key":"SMITH"},{"data":"infinitespire:Starlight","floor":100.0,"key":"SMITH"},{"data":"Footwork","floor":108,"key":"SMITH"},{"data":"Barricade","floor":110,"key":"SMITH"}],"circlet_count":0,"master_deck":["Strike_G","Defend_G","Defend_G+1","Defend_G","Defend_G","Survivor+1","Neutralize+1","Flying Knee","Footwork+1","PiercingWail","Deflect+1","Replay:Poison Smokescreen+1","Dash+1","Footwork+1","Tools of the Trade+1","Bullet Time","Infinite Blades+1","Riddle With Holes","Blur+1","Corpse Explosion","Dash+1","Footwork+1","Skewer+1","Bane","Crippling Poison","Calculated Gamble+1","After Image","Noxious Fumes+1","Backflip+1","Deflect+1","Replay:Poison Smokescreen+1","Slice+1","Acrobatics+1","Sneak Up+1","Dagger Spray+1","ReplayTheSpireMod:Speed Training","Poison Darts+1","Dagger Throw","infinitespire:NeuralNetwork","Noxious Fumes","Footwork+1","Hidden Blade","Adrenaline+1","infinitespire:Fortify","Hidden Blade","Infinite Blades","Finisher","Dodge and Roll+1","After Image","Iron Wave+1","Dagger Throw","Burst+1","Blur+1","Malaise","Footwork","Slice","Caltrops","infinitespire:Starlight+1","Replay:Fractal Strike","Blur+1","Fluid Movement","Backflip+1","Replay:Bag of Tricks","Acrobatics+1","Blade Dance","Barricade+1","Poisoned Stab","infinitespire:SevenWalls","ReplayTheSpireMod:Chaos Vortex","Sucker Punch","Dash"],"relics":["Ring of the Snake","Tiny Chest","Odd Mushroom","Replay:WaspNest","Membership Card","infinitespire:Satchel","Replay:Bronze Core","Basket Of Snakes","infinitespire:WardingShard","Vajra","infinitespire:EmpoweringShard","Happy Flower","Replay:Rubber Ducky","Honey Jar","infinitespire:Magic Flask","Sundial","Potion Belt","Ancient Tea Set","Quantum Egg","Garlic","Painkiller Herb","Ring of Peace","Boot","Mummified Hand","MawBank","Runic Pyramid","Replay:Lucky Slots","HoveringKite","War Paint","Toy Ornithopter","Prayer Wheel","WristBlade","Eternal Feather","Replay:Towering Pillar of Hats","InkBottle","Bottled Tornado","infinitespire:PuzzleCube","Durian","beaked:SacredDeck","construct:FoamFinger"],"acts_visited":["TheCity","TheBeyond"],"potions_floor_usage":[],"damage_taken":[{"damage":1.0,"enemies":"Jaw Worm","floor":1.0,"turns":6.0},{"damage":0.0,"enemies":"2 Louse","floor":2.0,"turns":4.0},{"damage":0.0,"enemies":"Small Slimes","floor":4.0,"turns":4.0},{"damage":0.0,"enemies":"2 Fungi Beasts","floor":5.0,"turns":5.0},{"damage":11.0,"enemies":"Lagavulin","floor":6.0,"turns":8.0},{"damage":14.0,"enemies":"The Mushroom Lair","floor":8.0,"turns":8.0},{"damage":4.0,"enemies":"3 Louse","floor":10.0,"turns":5.0},{"damage":0.0,"enemies":"The Guardian","floor":16.0,"turns":13.0},{"damage":4.0,"enemies":"3 Byrds","floor":18.0,"turns":6.0},{"damage":2.0,"enemies":"2 Thieves","floor":19.0,"turns":6.0},{"damage":5.0,"enemies":"3 Cultists","floor":20.0,"turns":8.0},{"damage":3.0,"enemies":"Snake Plant","floor":21.0,"turns":5.0},{"damage":0.0,"enemies":"Centurion and Healer","floor":22.0,"turns":6.0},{"damage":8.0,"enemies":"Nightmare","floor":23.0,"turns":10.0},{"damage":7.0,"enemies":"Slavers","floor":28.0,"turns":2.0},{"damage":0.0,"enemies":"Shelled Parasite and Fungi","floor":29.0,"turns":5.0},{"damage":0.0,"enemies":"Cultist and Chosen","floor":31.0,"turns":5.0},{"damage":0.0,"enemies":"Collector","floor":33.0,"turns":13.0},{"damage":0.0,"enemies":"3 Darklings","floor":35.0,"turns":6.0},{"damage":8.0,"enemies":"2 Orb Walkers","floor":36.0,"turns":3.0},{"damage":0.0,"enemies":"Orb Walker","floor":38.0,"turns":4.0},{"damage":0.0,"enemies":"Nightmare","floor":41.0,"turns":9.0},{"damage":3.0,"enemies":"Transient","floor":44.0,"turns":5.0},{"damage":4.0,"enemies":"Nemesis","floor":45.0,"turns":7.0},{"damage":0.0,"enemies":"4 Shapes","floor":46.0,"turns":8.0},{"damage":4.0,"enemies":"Sphere and 2 Shapes","floor":47.0,"turns":7.0},{"damage":0.0,"enemies":"Reptomancer","floor":48.0,"turns":6.0},{"damage":11.0,"enemies":"Donu and Deca","floor":50.0,"turns":8.0},{"damage":0.0,"enemies":"Small Slimes","floor":52.0,"turns":2.0},{"damage":0.0,"enemies":"2 Louse","floor":53.0,"turns":2.0},{"damage":0.0,"enemies":"Jaw Worm","floor":54.0,"turns":3.0},{"damage":0.0,"enemies":"Exordium Thugs","floor":56.0,"turns":3.0},{"damage":0.0,"enemies":"Lagavulin","floor":58.0,"turns":4.0},{"damage":0.0,"enemies":"2 Fungi Beasts","floor":63.0,"turns":2.0},{"damage":0.0,"enemies":"Looter","floor":64.0,"turns":3.0},{"damage":0.0,"enemies":"Exordium Thugs","floor":65.0,"turns":2.0},{"damage":0.0,"enemies":"Fading Forest","floor":67.0,"turns":11.0},{"damage":0.0,"enemies":"Shell Parasite","floor":69.0,"turns":3.0},{"damage":0.0,"enemies":"Spheric Guardian","floor":71.0,"turns":2.0},{"damage":0.0,"enemies":"Snecko","floor":72.0,"turns":3.0},{"damage":0.0,"enemies":"Shelled Parasite and Fungi","floor":73.0,"turns":5.0},{"damage":0.0,"enemies":"HollowMod:Nosk","floor":74.0,"turns":5.0},{"damage":0.0,"enemies":"Cultist and Chosen","floor":76.0,"turns":5.0},{"damage":0.0,"enemies":"Nightmare","floor":79.0,"turns":9.0},{"damage":0.0,"enemies":"Chosen and Byrds","floor":80.0,"turns":6.0},{"damage":0.0,"enemies":"3 Cultists","floor":82.0,"turns":4.0},{"damage":0.0,"enemies":"Champ","floor":84.0,"turns":9.0},{"damage":0.0,"enemies":"3 Shapes","floor":86.0,"turns":3.0},{"damage":0.0,"enemies":"3 Darklings","floor":88.0,"turns":4.0},{"damage":0.0,"enemies":"Spire Growth","floor":90.0,"turns":4.0},{"damage":0.0,"enemies":"Jaw Worm Horde","floor":91.0,"turns":2.0},{"damage":0.0,"enemies":"Sphere and 2 Shapes","floor":92.0,"turns":3.0},{"damage":0.0,"enemies":"HollowMod:StalkingDevout","floor":93.0,"turns":7.0},{"damage":0.0,"enemies":"3 Darklings","floor":95.0,"turns":4.0},{"damage":0.0,"enemies":"Reptomancer","floor":97.0,"turns":6.0},{"damage":0.0,"enemies":"Nightmare","floor":99.0,"turns":5.0},{"damage":0.0,"enemies":"Replay:Hell Engine","floor":101.0,"turns":7.0},{"damage":0,"enemies":"Jaw Worm","floor":103,"turns":2},{"damage":0,"enemies":"Cultist","floor":106,"turns":2},{"damage":0,"enemies":"2 Louse","floor":107,"turns":1},{"damage":0,"enemies":"HollowMod:MossKnight","floor":109,"turns":3},{"damage":0,"enemies":"3 Sentries","floor":112,"turns":1}],"seed_played":"-2486659974477268224","potions_obtained":[{"floor":2.0,"key":"Block Potion"},{"floor":5.0,"key":"blueLaboratory:NullPotion"},{"floor":8.0,"key":"blueLaboratory:Moonshine"},{"floor":16.0,"key":"Elixir"},{"floor":18.0,"key":"SkillPotion"},{"floor":21.0,"key":"Dexterity Potion"},{"floor":22.0,"key":"blueLaboratory:ArtistsPotion"},{"floor":28.0,"key":"SpeedPotion"},{"floor":35.0,"key":"blueLaboratory:BottledHope"},{"floor":41.0,"key":"SpeedPotion"},{"floor":46.0,"key":"blueLaboratory:EnvenomedCoating"},{"floor":47.0,"key":"FearPotion"},{"floor":50.0,"key":"blueLaboratory:ImpenetrablePotion"},{"floor":52.0,"key":"SkillPotion"},{"floor":64.0,"key":"FairyPotion"},{"floor":67.0,"key":"Dexterity Potion"},{"floor":69.0,"key":"BlessingOfTheForge"},{"floor":79.0,"key":"Milkshake"},{"floor":99.0,"key":"Block Potion"},{"floor":103,"key":"blueLaboratory:FrostheartPotion"}],"is_trial":false,"path_per_floor":["M","M","?","M","M","E","R","?","T","M","$","R","?","?","R","B",null,"M","M","M","M","M","NM","$","R","T","R","E","M","T","M","R","B",null,"M","?","?","M","AVR","R","NM","R","T","M","E","M","M","E","R_BF","B",null,"?","?","?","?","?","T","E","T","T","T","AVR","?","?","?","T","B",null,"?","?","?","?","?","E","?","?","T","T","NM","?","T","?","T","B",null,"?","T","?","AVR","?","?","?","E","T","?","T","E","T","NM","T","B",null,"?","?","AVR","?","?","T","E","T","T","E"],"character_chosen":"THE_SILENT","items_purchased":["Membership Card","infinitespire:Satchel","infinitespire:WardingShard","Vajra","Footwork","Skewer","Bane"],"campfire_rested":3,"item_purchase_floors":[11,11,24,24,24,24,24],"current_hp_per_floor":[69,69,69,69,69,58,58,44,44,40,40,40,40,40,40,40,70,66,64,59,56,56,48,48,48,48,69,62,62,62,62,62,62,70,70,62,62,62,62,62,62,70,70,67,63,63,59,59,70,59,70,70,70,70,70,70,70,70,70,70,70,70,70,70,70,70,70,70,70,70,70,70,70,70,70,70,70,70,70,70,70,70,70,70,70,70,70,70,70,70,70,70,70,70,70,70,70,70,75,75,75,75,75,75,75,75,75,75,75,75,75,75,75],"gold":1157,"neow_bonus":"THREE_CARDS","is_daily":false,"chose_seed":false,"campfire_upgraded":18,"win_rate":0.0,"timestamp":1607716406,"path_taken":["M","M","?","M","M","E","R","?","T","M","$","R","?","?","R","BOSS","M","M","M","M","M","NM","$","R","T","R","E","M","?","M","R","BOSS","M","?","?","M","AVR","R","NM","R","T","M","E","M","M","E","R_BF","BOSS","?","?","?","?","?","T","E","T","T","?","AVR","?","?","?","T","BOSS","?","?","?","?","?","E","?","?","T","T","NM","?","T","?","T","BOSS","?","?","?","AVR","?","?","?","E","T","?","T","E","T","NM","T","BOSS","?","?","AVR","?","?","T","E","T","T","E"],"items_purchased_type":["Relic","Relic","Relic","Relic","Card","Card","Card"],"build_version":"2020-11-30","purchased_purges":5,"victory":false,"max_hp_per_floor":[70,70,70,70,70,70,70,70,70,70,70,70,70,70,70,70,70,70,70,70,70,70,70,70,70,70,70,70,70,70,70,70,70,70,70,70,70,70,70,70,70,70,70,70,70,70,70,70,70,70,70,70,70,70,70,70,70,70,70,70,70,70,70,70,70,70,70,70,70,70,70,70,70,70,70,70,70,70,70,70,70,70,70,70,70,70,70,70,70,70,70,70,70,70,70,70,70,70,75,75,75,75,75,75,75,75,75,75,75,75,75,75,75],"relic_stats":{"Happy Flower":[74],"counters":[62,319],"HoveringKite":[65],"Eternal Feather":0,"War Paint":["Poison Darts","Defend_G"],"Boot":[48],"MawBank":612,"Sundial":[6],"Mummified Hand":[206],"Tiny Chest":3,"Prayer Wheel":11,"obtain_stats":[{"construct:FoamFinger":111,"Vajra":24,"HoveringKite":68,"Painkiller Herb":51,"Bottled Tornado":94,"Ancient Tea Set":43,"Boot":58,"Replay:Rubber Ducky":30,"WristBlade":85,"Sundial":39,"Mummified Hand":60,"Replay:Bronze Core":17,"Ring of Peace":55,"Honey Jar":34,"beaked:SacredDeck":102,"Tiny Chest":6,"Prayer Wheel":79,"Replay:Lucky Slots":62,"InkBottle":93,"Ring of the Snake":0,"Runic Pyramid":62,"Potion Belt":41,"Happy Flower":28,"Replay:Towering Pillar of Hats":89,"Basket Of Snakes":23,"Quantum Egg":45,"Eternal Feather":87,"Replay:WaspNest":9,"infinitespire:Magic Flask":36,"Odd Mushroom":8,"War Paint":74,"MawBank":61,"infinitespire:WardingShard":24,"infinitespire:Satchel":11,"infinitespire:EmpoweringShard":26,"Garlic":48,"Durian":99,"Membership Card":11,"Toy Ornithopter":77,"infinitespire:PuzzleCube":97},{"construct:FoamFinger":61,"Vajra":14,"HoveringKite":37,"Painkiller Herb":28,"Bottled Tornado":53,"Ancient Tea Set":22,"Boot":33,"Replay:Rubber Ducky":16,"WristBlade":47,"Sundial":21,"Mummified Hand":33,"Replay:Bronze Core":8,"Ring of Peace":31,"Honey Jar":18,"beaked:SacredDeck":57,"Tiny Chest":5,"Prayer Wheel":44,"Replay:Lucky Slots":33,"InkBottle":53,"Ring of the Snake":0,"Runic Pyramid":33,"Potion Belt":22,"Happy Flower":15,"Replay:Towering Pillar of Hats":49,"Basket Of Snakes":14,"Quantum Egg":24,"Eternal Feather":48,"Replay:WaspNest":6,"infinitespire:Magic Flask":20,"Odd Mushroom":6,"War Paint":42,"MawBank":33,"infinitespire:WardingShard":14,"infinitespire:Satchel":7,"infinitespire:EmpoweringShard":14,"Garlic":27,"Durian":56,"Membership Card":7,"Toy Ornithopter":43,"infinitespire:PuzzleCube":55},{"construct:FoamFinger":318,"Vajra":94,"HoveringKite":214,"Painkiller Herb":182,"Bottled Tornado":288,"Ancient Tea Set":141,"Boot":196,"Replay:Rubber Ducky":101,"WristBlade":265,"Sundial":132,"Mummified Hand":196,"Replay:Bronze Core":53,"Ring of Peace":189,"Honey Jar":119,"beaked:SacredDeck":310,"Tiny Chest":27,"Prayer Wheel":246,"Replay:Lucky Slots":196,"InkBottle":288,"Ring of the Snake":0,"Runic Pyramid":196,"Potion Belt":141,"Happy Flower":96,"Replay:Towering Pillar of Hats":272,"Basket Of Snakes":94,"Quantum Egg":153,"Eternal Feather":268,"Replay:WaspNest":35,"infinitespire:Magic Flask":128,"Odd Mushroom":35,"War Paint":232,"MawBank":196,"infinitespire:WardingShard":94,"infinitespire:Satchel":40,"infinitespire:EmpoweringShard":94,"Garlic":174,"Durian":303,"Membership Card":40,"Toy Ornithopter":237,"infinitespire:PuzzleCube":298}],"Toy Ornithopter":0,"InkBottle":[19],"Ring of the Snake":[124]},"card_choices":[{"not_picked":["Deadly Poison","ReplayTheSpireMod:Tripwire"],"picked":"Flying Knee","floor":0.0},{"not_picked":["Poisoned Stab","ReplayTheSpireMod:Speed Training"],"picked":"Footwork","floor":1.0},{"not_picked":["Reflex","Underhanded Strike"],"picked":"PiercingWail","floor":2.0},{"not_picked":["Fluid Movement","ReplayTheSpireMod:Speed Training"],"picked":"Deflect","floor":4.0},{"not_picked":["Backflip","Heel Hook"],"picked":"Replay:Poison Smokescreen","floor":5.0},{"not_picked":["Slice","Distraction"],"picked":"Dash","floor":6.0},{"not_picked":["PiercingWail","Prepared"],"picked":"Footwork","floor":8.0},{"not_picked":["ReplayTheSpireMod:Scrap Shanks","Replay:Poison Smokescreen"],"picked":"Tools of the Trade","floor":10.0},{"not_picked":["ReplayTheSpireMod:From All Sides","Night Terror"],"picked":"Bullet Time","floor":16.0},{"not_picked":["Underhanded Strike","Heel Hook+1","Prepared"],"picked":"SKIP","floor":18.0},{"not_picked":["Underhanded Strike","Heel Hook+1","Prepared"],"picked":"SKIP","floor":18.0},{"not_picked":["Expertise","Slice"],"picked":"Infinite Blades+1","floor":19.0},{"not_picked":["Hidden Blade","Blur"],"picked":"Riddle With Holes","floor":20.0},{"not_picked":["Sucker Punch","Hidden Blade"],"picked":"Blur","floor":21.0},{"not_picked":["Footwork","Underhanded Strike"],"picked":"Corpse Explosion","floor":22.0},{"not_picked":["Tactician","Replay:Bag of Tricks"],"picked":"Dash+1","floor":23.0},{"not_picked":["Replay:Poison Smokescreen","Sucker Punch"],"picked":"Dagger Spray+1","floor":28.0},{"not_picked":["Infinite Blades+1","Choke+1"],"picked":"Crippling Poison","floor":29.0},{"not_picked":["Prepared+1","Underhanded Strike"],"picked":"Calculated Gamble+1","floor":31.0},{"not_picked":["Burst","Doppelganger"],"picked":"After Image","floor":33.0},{"not_picked":["Acrobatics","Flying Knee","Sucker Punch"],"picked":"Noxious Fumes+1","floor":35.0},{"not_picked":["Sucker Punch+1","Hidden Blade+1","Underhanded Strike"],"picked":"Backflip","floor":36.0},{"not_picked":["Outmaneuver","Backflip+1","ReplayTheSpireMod:Shiv Toss"],"picked":"Deflect+1","floor":38.0},{"not_picked":["Well Laid Plans+1","Acrobatics+1","Blade Dance"],"picked":"Replay:Poison Smokescreen+1","floor":41.0},{"not_picked":["Escape Plan","Reflex+1","Deflect"],"picked":"Slice+1","floor":44.0},{"not_picked":["ReplayTheSpireMod:Shiv Toss+1","Heel Hook+1","Slice"],"picked":"Acrobatics+1","floor":45.0},{"not_picked":["Hidden Blade+1","Outmaneuver","Acrobatics"],"picked":"Sneak Up+1","floor":46.0},{"not_picked":["Blade Dance+1","Outmaneuver+1","ReplayTheSpireMod:Exploit Weakness"],"picked":"Dagger Spray+1","floor":47.0},{"not_picked":["Glass Knife","Well Laid Plans+1","Hidden Blade+1"],"picked":"ReplayTheSpireMod:Speed Training","floor":48.0},{"not_picked":["Replay:Bag of Tricks","Burst","Phantasmal Killer"],"picked":"Poison Darts","floor":50.0},{"not_picked":["Dagger Spray","Acrobatics","Deflect"],"picked":"Dagger Throw","floor":52.0},{"not_picked":["Quick Slash","Dagger Throw","Choke","Prepared"],"picked":"SKIP","floor":53.0},{"not_picked":["Hidden Blade","Endless Agony","Backflip","Sucker Punch"],"picked":"SKIP","floor":54.0},{"not_picked":["ReplayTheSpireMod:Scrap Shanks","Night Terror","Bane","Deadly Poison"],"picked":"SKIP","floor":56.0},{"not_picked":["Bane","Dagger Throw","Blade Dance","Outmaneuver"],"picked":"SKIP","floor":58.0},{"not_picked":["Sneak Up","Flying Knee","Acrobatics"],"picked":"Noxious Fumes","floor":63.0},{"not_picked":["Calculated Gamble","ReplayTheSpireMod:The Works","Dodge and Roll"],"picked":"Footwork","floor":64.0},{"not_picked":["Phantasmal Killer","Tactician","Masterful Stab"],"picked":"Hidden Blade","floor":65.0},{"not_picked":["Wraith Form v2","ReplayTheSpireMod:From All Sides","Glass Knife"],"picked":"Adrenaline","floor":67.0},{"not_picked":["Replay:Fractal Strike","ReplayTheSpireMod:Echo Chamber"],"picked":"infinitespire:Fortify","floor":68.0},{"not_picked":["ReplayTheSpireMod:The Works","Backstab","Blade Dance"],"picked":"Hidden Blade","floor":69.0},{"not_picked":["ReplayTheSpireMod:Tripwire","Finisher+1","Bouncing Flask"],"picked":"Infinite Blades","floor":71.0},{"not_picked":["Sucker Punch","Flying Knee+1","Distraction+1"],"picked":"Finisher","floor":72.0},{"not_picked":["Underhanded Strike","Outmaneuver+1","Bane+1"],"picked":"Dodge and Roll+1","floor":73.0},{"not_picked":["Deflect","Flying Knee","Prepared"],"picked":"After Image","floor":74.0},{"not_picked":["PiercingWail","Slice","Prepared"],"picked":"Dagger Throw","floor":76.0},{"not_picked":["Dodge and Roll+1","Doppelganger","Underhanded Strike","Eviscerate"],"picked":"SKIP","floor":79.0},{"not_picked":["Dodge and Roll+1","Doppelganger","Underhanded Strike","Eviscerate"],"picked":"SKIP","floor":79.0},{"not_picked":["Dodge and Roll","Sucker Punch+1","PiercingWail","Bane+1"],"picked":"SKIP","floor":80.0},{"not_picked":["Dagger Spray","ReplayTheSpireMod:Shiv Toss","ReplayTheSpireMod:Tripwire","Blade Dance"],"picked":"SKIP","floor":80.0},{"not_picked":["Flying Knee","Bane","Crippling Poison"],"picked":"Burst","floor":82.0},{"not_picked":["Choke","Poisoned Stab","Dagger Throw"],"picked":"Blur+1","floor":82.0},{"not_picked":["ReplayTheSpireMod:Necrosis","Poison Darts","Phantasmal Killer"],"picked":"Malaise","floor":84.0},{"not_picked":["Quick Slash","Dodge and Roll","Flechettes"],"picked":"Footwork","floor":86.0},{"not_picked":["Flechettes","Dagger Throw","Masterful Stab","Finisher+1"],"picked":"SKIP","floor":86.0},{"not_picked":["Distraction","ReplayTheSpireMod:Scrap Shanks","Choke+1"],"picked":"Slice","floor":88.0},{"not_picked":["Underhanded Strike+1","Slice+1","Backflip"],"picked":"Caltrops","floor":88.0},{"not_picked":["Bane","Endless Agony+1","Caltrops+1"],"picked":"Blur","floor":90.0},{"not_picked":["Outmaneuver+1","Backflip","Poisoned Stab+1"],"picked":"Fluid Movement","floor":90.0},{"not_picked":["Eviscerate+1","Slice+1","Choke+1"],"picked":"Backflip+1","floor":91.0},{"not_picked":["Slice","Eviscerate","Sucker Punch","Flechettes"],"picked":"SKIP","floor":91.0},{"not_picked":["Wraith Form v2","Distraction","Prepared","Slice"],"picked":"SKIP","floor":92.0},{"not_picked":["ReplayTheSpireMod:Scrap Shanks+1","Flying Knee","Hidden Blade","ReplayTheSpireMod:Shiv Toss"],"picked":"SKIP","floor":92.0},{"not_picked":["Outmaneuver+1","Blade Dance+1","Venomology"],"picked":"Replay:Bag of Tricks","floor":93.0},{"not_picked":["Bane","Blade Dance","Dagger Throw"],"picked":"Acrobatics+1","floor":95.0},{"not_picked":["ReplayTheSpireMod:Scrap Shanks","Heel Hook","Underhanded Strike+1","Sucker Punch"],"picked":"SKIP","floor":95.0},{"not_picked":["Well Laid Plans+1","Bouncing Flask+1","Underhanded Strike"],"picked":"Blade Dance","floor":97.0},{"not_picked":["Sucker Punch+1","Outmaneuver+1","Eviscerate+1","ReplayTheSpireMod:The Works+1"],"picked":"SKIP","floor":99.0},{"not_picked":["Choke","Bouncing Flask","Deadly Poison"],"picked":"Poisoned Stab","floor":103},{"not_picked":["PiercingWail","Bane","Acrobatics","Dodge and Roll"],"picked":"SKIP","floor":103},{"not_picked":["Infinite Blades","Riddle With Holes","Dagger Spray"],"picked":"Sucker Punch","floor":106},{"not_picked":["Prepared","Deadly Poison","Doppelganger","Slice"],"picked":"SKIP","floor":106},{"not_picked":["All Out Attack","Flying Knee","Blade Dance","Eviscerate"],"picked":"SKIP","floor":107},{"not_picked":["Hidden Blade","Dodge and Roll","Tactician","Corpse Explosion"],"picked":"SKIP","floor":107},{"not_picked":["Poisoned Stab","Masterful Stab","Calculated Gamble"],"picked":"Dash","floor":109}],"player_experience":44138,"relics_obtained":[{"floor":6.0,"key":"Tiny Chest"},{"floor":8.0,"key":"Odd Mushroom"},{"floor":9.0,"key":"Replay:WaspNest"},{"floor":23.0,"key":"Basket Of Snakes"},{"floor":26.0,"key":"infinitespire:EmpoweringShard"},{"floor":28.0,"key":"Happy Flower"},{"floor":30.0,"key":"Replay:Rubber Ducky"},{"floor":36.0,"key":"infinitespire:Magic Flask"},{"floor":41.0,"key":"Potion Belt"},{"floor":43.0,"key":"Ancient Tea Set"},{"floor":45.0,"key":"Quantum Egg"},{"floor":48.0,"key":"Garlic"},{"floor":55.0,"key":"Ring of Peace"},{"floor":58.0,"key":"Boot"},{"floor":60.0,"key":"Mummified Hand"},{"floor":61.0,"key":"MawBank"},{"floor":74.0,"key":"War Paint"},{"floor":77.0,"key":"Toy Ornithopter"},{"floor":79.0,"key":"Prayer Wheel"},{"floor":87.0,"key":"Eternal Feather"},{"floor":93.0,"key":"InkBottle"},{"floor":94.0,"key":"Bottled Tornado"},{"floor":97.0,"key":"infinitespire:PuzzleCube"},{"floor":99.0,"key":"Durian"},{"floor":111,"key":"construct:FoamFinger"}],"event_choices":[{"damage_healed":0.0,"max_hp_gain":0.0,"max_hp_loss":0.0,"gold_gain":0.0,"event_name":"Mushrooms","player_choice":"Fought Mushrooms","floor":8.0,"gold_loss":0.0,"damage_taken":0.0},{"damage_healed":0.0,"max_hp_gain":0.0,"max_hp_loss":0.0,"gold_gain":175.0,"event_name":"Liars Game","player_choice":"AGREE","floor":14.0,"gold_loss":0.0,"damage_taken":0.0,"cards_obtained":["Doubt"]},{"damage_healed":0.0,"max_hp_gain":0.0,"max_hp_loss":0.0,"gold_gain":0.0,"event_name":"Mysterious Sphere","player_choice":"Fight","floor":36.0,"gold_loss":0.0,"damage_taken":0.0},{"cards_removed":["Dagger Spray"],"damage_healed":0.0,"max_hp_gain":0.0,"max_hp_loss":0.0,"gold_gain":0.0,"event_name":"Falling","player_choice":"Removed Attack","floor":37.0,"gold_loss":0.0,"damage_taken":0.0},{"damage_healed":0.0,"max_hp_gain":0.0,"max_hp_loss":0.0,"gold_gain":0.0,"event_name":"Vampires","player_choice":"Ignored","floor":70.0,"gold_loss":0.0,"damage_taken":0.0},{"cards_removed":["Strike_G"],"damage_healed":0.0,"max_hp_gain":0.0,"max_hp_loss":0.0,"gold_gain":0.0,"event_name":"NoteForYourself","player_choice":"Took Card","floor":75.0,"gold_loss":0.0,"damage_taken":0.0,"cards_obtained":["Iron Wave"]},{"damage_healed":0,"gold_gain":0,"cards_transformed":["Strike_G"],"player_choice":"Transformed","damage_taken":0,"max_hp_gain":0,"max_hp_loss":0,"event_name":"Transmorgrifier","floor":104,"gold_loss":0,"cards_obtained":["Wraith Form v2"]}],"is_beta":false,"boss_relics":[{"not_picked":["Black Star","Replay:Ancient Bell"],"picked":"Replay:Bronze Core"},{"not_picked":["Runic Dome","Ring of Chaos"],"picked":"Honey Jar"},{"not_picked":["beaked:MawFillet","Replay:Grab Bag"],"picked":"Painkiller Herb"},{"not_picked":["Replay:Drink Me","construct:ClawGrip"],"picked":"HoveringKite"},{"not_picked":["Black Star","Replay:Fungal Core"],"picked":"WristBlade"},{"not_picked":["Runic Dome","Astrolabe"],"picked":"beaked:SacredDeck"}],"items_purged_floors":[24,39,62,89,105],"is_endless":false,"potions_floor_spawned":[2,5,8,16,18,21,22,28,35,41,46,47,50,52,53,64,67,69,71,79,88,92,95,99,103,106],"killed_by":"3 Sentries","ascension_level":0}}