{"host":"vfg9szunmpjwj08o","time":1607703077,"event":{"mods":["Act Like it!","BaseMod","Challenge The Spire","Colored Map","Colored Powertips","Minty Spire (QoL Compilation)","StSLib","Waifu the Spire"],"gold_per_floor":[119,135,146,158,171,171,203,153,180,180,180,210,31,64,64,168,168,168,78,4,4,4,4,4],"floor_reached":23,"playtime":934,"items_purged":[],"score":307,"play_id":"c25a6f8d-8ae6-4073-b0b4-bb2aba51adb5","local_time":"20201211171117","is_ascension_mode":true,"campfire_choices":[{"data":"Eruption","floor":6,"key":"SMITH"},{"floor":15,"key":"RECALL"}],"circlet_count":0,"master_deck":["Strike_P","Strike_P","Defend_P","Defend_P","Defend_P","Defend_P","Eruption+1","Vigilance","Scrawl","JustLucky","EmptyBody","CutThroughFate","Wallop","LikeWater","PathToVictory+1","PathToVictory","DevaForm","Study","MentalFortress"],"relics":["PureWater","Unceasing Top","TungstenRod","Strawberry","Art of War","MealTicket","Ectoplasm"],"acts_visited":["Exordium","TheCity"],"potions_floor_usage":[7,12,14,14],"damage_taken":[{"damage":7,"enemies":"Jaw Worm","floor":1,"turns":4},{"damage":8,"enemies":"Small Slimes","floor":2,"turns":4},{"damage":0,"enemies":"Cultist","floor":3,"turns":2},{"damage":2,"enemies":"Gremlin Gang","floor":4,"turns":7},{"damage":8,"enemies":"3 Louse","floor":5,"turns":2},{"damage":2,"enemies":"3 Sentries","floor":7,"turns":5},{"damage":0,"enemies":"Gremlin Nob","floor":12,"turns":3},{"damage":6,"enemies":"Lagavulin","floor":14,"turns":5},{"damage":11,"enemies":"Hexaghost","floor":16,"turns":7},{"damage":19,"enemies":"Chosen","floor":18,"turns":5},{"damage":19,"enemies":"Spheric Guardian","floor":21,"turns":5},{"damage":13,"enemies":"Cultist and Chosen","floor":22,"turns":6},{"damage":32,"enemies":"Gremlin Leader","floor":23,"turns":2}],"seed_played":"-6918368071690822373","potions_obtained":[{"floor":2,"key":"PowerPotion"},{"floor":4,"key":"ColorlessPotion"},{"floor":7,"key":"BottledMiracle"},{"floor":12,"key":"DuplicationPotion"},{"floor":14,"key":"Energy Potion"},{"floor":18,"key":"BlessingOfTheForge"}],"is_trial":false,"path_per_floor":["M","M","M","M","M","R","E","?","T","T","?","E","$","E","R","B",null,"M","?","$","M","M","E"],"character_chosen":"WATCHER","items_purchased":["PathToVictory","Art of War","Study"],"campfire_rested":0,"item_purchase_floors":[13,13,20],"current_hp_per_floor":[58,50,50,48,40,40,38,38,38,38,32,39,39,33,33,22,65,46,46,61,42,29,0,0],"gold":4,"neow_bonus":"ONE_RANDOM_RARE_CARD","is_daily":false,"chose_seed":false,"campfire_upgraded":1,"win_rate":0.0,"timestamp":1607703077,"path_taken":["M","M","M","M","M","R","E","?","T","?","?","E","$","E","R","BOSS","M","?","$","M","M","E"],"items_purchased_type":["Card","Relic","Card"],"build_version":"2020-11-30","purchased_purges":0,"victory":false,"max_hp_per_floor":[72,72,72,72,72,72,72,72,72,72,72,79,79,79,79,79,79,79,79,79,79,79,79,79],"card_choices":[{"not_picked":["Evaluate","FlyingSleeves"],"picked":"JustLucky","floor":1},{"not_picked":["FearNoEvil","Halt"],"picked":"EmptyBody","floor":2},{"not_picked":["EmptyBody","CrushJoints","BowlingBash"],"picked":"SKIP","floor":3},{"not_picked":["Consecrate","SandsOfTime"],"picked":"CutThroughFate","floor":4},{"not_picked":["FlurryOfBlows","EmptyFist"],"picked":"Wallop","floor":5},{"not_picked":["ClearTheMind","Collect"],"picked":"LikeWater","floor":7},{"not_picked":["FlurryOfBlows","Tantrum"],"picked":"PathToVictory","floor":12},{"not_picked":["CrushJoints","FlyingSleeves","Collect"],"picked":"SKIP","floor":14},{"not_picked":["Blasphemy","Brilliance"],"picked":"DevaForm","floor":16},{"not_picked":["Protect","EmptyBody+1","ReachHeaven"],"picked":"SKIP","floor":18},{"not_picked":["WindmillStrike","Pray","Protect"],"picked":"SKIP","floor":21},{"not_picked":["Swivel+1","Crescendo+1"],"picked":"MentalFortress","floor":22}],"player_experience":973858,"relics_obtained":[{"floor":7,"key":"Unceasing Top"},{"floor":10,"key":"TungstenRod"},{"floor":12,"key":"Strawberry"},{"floor":14,"key":"MealTicket"}],"event_choices":[{"cards_removed":["Strike_P"],"damage_healed":0,"gold_gain":0,"player_choice":"Card Removal","damage_taken":0,"max_hp_gain":0,"max_hp_loss":0,"event_name":"The Cleric","floor":8,"gold_loss":50},{"damage_healed":0,"gold_gain":0,"player_choice":"Damaged","damage_taken":7,"max_hp_gain":0,"max_hp_loss":0,"event_name":"Wheel of Change","floor":11,"gold_loss":0},{"cards_removed":["Strike_P"],"damage_healed":0,"gold_gain":0,"player_choice":"Upgrade and Remove","damage_taken":0,"max_hp_gain":0,"max_hp_loss":0,"event_name":"Designer","floor":19,"gold_loss":90,"cards_upgraded":["PathToVictory"]}],"is_beta":false,"boss_relics":[{"not_picked":["Velvet Choker","Busted Crown"],"picked":"Ectoplasm"}],"items_purged_floors":[],"is_endless":false,"potions_floor_spawned":[2,4,7,12,14,18],"killed_by":"Gremlin Leader","ascension_level":6}}