{"host":"woah5shdh5xsovm3","time":1607716922,"event":{"mods":["BaseMod","BetterRewards","Downfall","Hermit","Hubris","Infinite Spire","Koishi","LagranYue(???·?)","Marisa????????","Minty Spire (QoL Compilation)","Remilia??????","Replay The Spire","Shop Mod","StSLib","SuperFastMode","The Animator","The Bug Knight","The Construct","The Cursed","The Disciple","The Hierophant","The Necromancer","The Poker Player","The Runesmith","The Servant 0.9.4"],"gold_per_floor":[114,127,127,127,140,140,160,194,194,214,214,214,214,233,233,333,333,315,328,328,348,358,389,403,403,403],"floor_reached":25,"playtime":891,"items_purged":[],"score":227,"play_id":"ea64d044-8a14-43b3-b040-717936ed7bae","local_time":"20201211140202","is_ascension_mode":false,"campfire_choices":[{"data":"hermit:Showdown","floor":6.0,"key":"SMITH"},{"floor":11.0,"key":"REST"},{"floor":13.0,"key":"REST"},{"floor":15.0,"key":"REST"}],"circlet_count":0,"master_deck":["hermit:Strike_Hermit","hermit:Strike_Hermit","hermit:Strike_Hermit","hermit:Strike_Hermit","hermit:Defend_Hermit+1","hermit:Defend_Hermit","hermit:Defend_Hermit","hermit:Snapshot+1","hermit:Covet","hermit:Shortfuse","hermit:Showdown+1","hermit:HighCaliber","hermit:GoldenBullet","hermit:Quickdraw","hermit:HighNoon"],"relics":["hermit:Momento","LagranYue:RandomDrawCardRelic","Omamori","Replay:Rubber Ducky","hubris:Towel","infinitespire:Cupcake","Runesmith:AutoHammer"],"acts_visited":["Exordium","TheCity"],"potions_floor_usage":[23,23,25],"damage_taken":[{"damage":0.0,"enemies":"2 Louse","floor":1.0,"turns":2.0},{"damage":10.0,"enemies":"Small Slimes","floor":2.0,"turns":2.0},{"damage":0.0,"enemies":"Cultist","floor":5.0,"turns":2.0},{"damage":5.0,"enemies":"2 Fungi Beasts","floor":7.0,"turns":3.0},{"damage":22.0,"enemies":"Lagavulin","floor":8.0,"turns":5.0},{"damage":8.0,"enemies":"Lots of Slimes","floor":10.0,"turns":4.0},{"damage":13.0,"enemies":"Red Slaver","floor":14.0,"turns":3.0},{"damage":23.0,"enemies":"Fading Forest","floor":16.0,"turns":11.0},{"damage":21.0,"enemies":"2 Thieves","floor":18.0,"turns":4.0},{"damage":0.0,"enemies":"Spheric Guardian","floor":19.0,"turns":3.0},{"damage":11.0,"enemies":"Shelled Parasite and Fungi","floor":21.0,"turns":3.0},{"damage":18.0,"enemies":"Centurion and Healer","floor":22.0,"turns":6.0},{"damage":7,"enemies":"Gremlin Leader","floor":23,"turns":6},{"damage":12,"enemies":"Snake Plant","floor":24,"turns":4},{"damage":10,"enemies":"Cultist and Chosen","floor":25,"turns":5}],"seed_played":"1771881224384163665","potions_obtained":[{"floor":2.0,"key":"Adrenaline Potion"},{"floor":5.0,"key":"BlessingOfTheForge"},{"floor":10.0,"key":"Regen Potion"},{"floor":18.0,"key":"ColorlessPotion"},{"floor":21.0,"key":"SteroidPotion"},{"floor":24,"key":"Guardian:BlockOnCardUsePotion"}],"is_trial":false,"path_per_floor":["M","M","?","?","M","R","M","E","T","M","R","?","R","M","R","B",null,"M","M","?","M","M","E","M","M"],"character_chosen":"HERMIT","items_purchased":[],"campfire_rested":3,"item_purchase_floors":[],"current_hp_per_floor":[75,65,50,50,50,50,45,23,23,15,37,37,59,46,68,52,75,54,54,54,43,25,18,6,0,0],"gold":403,"neow_bonus":"THREE_CARDS","is_daily":false,"chose_seed":false,"campfire_upgraded":1,"win_rate":0.0,"timestamp":1607716922,"path_taken":["M","M","?","?","M","R","?","E","T","M","R","?","R","M","R","BOSS","M","M","?","M","M","E","?","M"],"items_purchased_type":[],"build_version":"2020-11-30","purchased_purges":0,"victory":false,"max_hp_per_floor":[75,75,75,75,75,75,75,75,75,75,75,75,75,75,75,75,75,75,75,75,75,75,75,75,75,75],"card_choices":[{"not_picked":["hermit:LowProfile","hermit:Vantage"],"picked":"hermit:Shortfuse","floor":0.0},{"not_picked":["hermit:Roulette","hermit:Desperado"],"picked":"hermit:Showdown","floor":1.0},{"not_picked":["hermit:Manifest","hermit:Scavenge","hermit:Gestalt"],"picked":"SKIP","floor":2.0},{"not_picked":["hermit:TakeCover","hermit:Glare"],"picked":"hermit:HighCaliber","floor":5.0},{"not_picked":["hermit:Headshot","hermit:ItchyTrigger","hermit:Manifest"],"picked":"SKIP","floor":7.0},{"not_picked":["hermit:Glare","hermit:GhostlyPresence"],"picked":"hermit:GoldenBullet","floor":8.0},{"not_picked":["hermit:Malice","hermit:Headshot","hermit:FlashPowder"],"picked":"SKIP","floor":10.0},{"not_picked":["hermit:Vantage","hermit:Dive"],"picked":"hermit:Quickdraw","floor":14.0},{"not_picked":["hermit:RoundhouseKick","hermit:FinalCanter"],"picked":"hermit:HighNoon","floor":16.0},{"not_picked":["hermit:TrackingShot","hermit:Misfire+1","hermit:Roulette"],"picked":"SKIP","floor":18.0},{"not_picked":["hermit:Coalescence","hermit:FlashPowder","hermit:CalledShot+1"],"picked":"SKIP","floor":19.0},{"not_picked":["hermit:Misfire+1","hermit:CalledShot","hermit:Deadeye"],"picked":"SKIP","floor":21.0},{"not_picked":["hermit:Headshot+1","hermit:Brawl","hermit:Spite"],"picked":"SKIP","floor":22.0},{"not_picked":["hermit:CursedWeapon+1","hermit:Showdown","hermit:Spite+1"],"picked":"SKIP","floor":23},{"not_picked":["hermit:HoleUp","hermit:Quickdraw+1","hermit:Purgatory"],"picked":"SKIP","floor":24}],"player_experience":384938,"relics_obtained":[{"floor":8.0,"key":"Omamori"},{"floor":9.0,"key":"Replay:Rubber Ducky"},{"floor":23,"key":"Runesmith:AutoHammer"}],"event_choices":[{"damage_healed":0.0,"max_hp_gain":0.0,"max_hp_loss":0.0,"gold_gain":0.0,"event_name":"Shining Light","player_choice":"Entered Light","floor":3.0,"gold_loss":0.0,"damage_taken":15.0,"cards_upgraded":["hermit:Snapshot","hermit:Defend_Hermit"]},{"cards_removed":["hermit:Defend_Hermit"],"damage_healed":0.0,"max_hp_gain":0.0,"max_hp_loss":0.0,"gold_gain":0.0,"event_name":"Purifier","player_choice":"Purged","floor":4.0,"gold_loss":0.0,"damage_taken":0.0},{"damage_healed":0.0,"max_hp_gain":0.0,"max_hp_loss":0.0,"gold_gain":0.0,"event_name":"Match and Keep!","player_choice":"0 cards matched","floor":20.0,"gold_loss":0.0,"damage_taken":0.0,"cards_obtained":[]}],"is_beta":false,"boss_relics":[{"not_picked":["hermit:BartenderGlass","hubris:RunicObelisk"],"picked":"infinitespire:Cupcake"}],"items_purged_floors":[],"is_endless":false,"potions_floor_spawned":[2,5,10,14,18,21,24],"killed_by":"Cultist and Chosen","ascension_level":0}}