{"host":"qwttrqaysb380yri","time":1607672231,"event":{"mods":["BaseMod","Custom Start","Minty Spire (QoL Compilation)","Puzzle Mod","Relic Stats","StSLib","The Cursed","The Hierophant"],"gold_per_floor":[109,109,119,146,176,226,269,269,321,84,122,122,161,213,213,269,269,297,362,362,413,413,384,384,450,450,500,549,50,88,167,167,268,268,316,169,240,50,272,398,398,398,398,15,15,148,329,319,319],"floor_reached":48,"playtime":2008,"items_purged":["TheCursedMod:Dregs","hierophant:Strike_Hierophant","TheCursedMod:Dregs"],"score":1092,"play_id":"66c89556-3df2-4b75-8985-74d071d05ef1","local_time":"20201211083711","is_ascension_mode":true,"campfire_choices":[{"data":"hierophant:Remorse","floor":8.0,"key":"SMITH"},{"floor":15.0,"key":"REST"},{"floor":24.0,"key":"REST"},{"floor":32.0,"key":"REST"},{"floor":41,"key":"REST"},{"floor":45,"key":"RECALL"}],"circlet_count":0,"master_deck":["AscendersBane","hierophant:Strike_Hierophant","hierophant:Strike_Hierophant","hierophant:Punish","hierophant:Defend_Hierophant","hierophant:Defend_Hierophant","hierophant:Defend_Hierophant","hierophant:Defend_Hierophant","hierophant:ChurchCoffers+1","hierophant:SealAway","hierophant:Doubloon","hierophant:Remorse+1","hierophant:RustyCrate","hierophant:Doubloon","hierophant:Doubloon","hierophant:OrnateJavelin","hierophant:HolyVerse","hierophant:Doubloon","hierophant:RecallFunds","Blind","hierophant:Levitation","hierophant:Purify+1","hierophant:Batter+1","hierophant:Purify+1","hierophant:OrnateBuckler","hierophant:DeathKnell","hierophant:Shelter","Apotheosis","hierophant:Racketeering","hierophant:Doubloon","hierophant:Cornucopia","hierophant:MorningPrayer","hierophant:Shelter","hierophant:BulkyChest","hierophant:Shelter","hierophant:RustyCrate+1","hierophant:Doubloon","hierophant:Doubloon"],"relics":["hierophant:PropheticMaskRelic","Letter Opener","MealTicket","Bag of Marbles","Molten Egg 2","Potion Belt","Cursed Key","Red Mask","Bronze Scales","Art of War","Centennial Puzzle","Lantern","Fusion Hammer","Du-Vu Doll","Prayer Wheel","Bottled Lightning","Bird Faced Urn"],"acts_visited":["Exordium","TheCity","TheBeyond"],"potions_floor_usage":[40,48],"damage_taken":[{"damage":2.0,"enemies":"Jaw Worm","floor":1.0,"turns":3.0},{"damage":1.0,"enemies":"Cultist","floor":3.0,"turns":3.0},{"damage":0.0,"enemies":"2 Louse","floor":4.0,"turns":1.0},{"damage":7.0,"enemies":"2 Fungi Beasts","floor":5.0,"turns":3.0},{"damage":17.0,"enemies":"3 Sentries","floor":6.0,"turns":6.0},{"damage":11.0,"enemies":"Blue Slaver","floor":7.0,"turns":4.0},{"damage":0.0,"enemies":"Looter","floor":11.0,"turns":1.0},{"damage":15.0,"enemies":"Lagavulin","floor":13.0,"turns":5.0},{"damage":5.0,"enemies":"2 Fungi Beasts","floor":14.0,"turns":3.0},{"damage":37.0,"enemies":"The Guardian","floor":16.0,"turns":11.0},{"damage":8.0,"enemies":"Spheric Guardian","floor":18.0,"turns":4.0},{"damage":0.0,"enemies":"Masked Bandits","floor":19.0,"turns":2.0},{"damage":8.0,"enemies":"Chosen","floor":21.0,"turns":3.0},{"damage":10.0,"enemies":"Gremlin Leader","floor":23.0,"turns":7.0},{"damage":24.0,"enemies":"Slavers","floor":25.0,"turns":5.0},{"damage":0.0,"enemies":"Snake Plant","floor":30.0,"turns":2.0},{"damage":12.0,"enemies":"Book of Stabbing","floor":31.0,"turns":3.0},{"damage":22.0,"enemies":"Automaton","floor":33.0,"turns":8.0},{"damage":20.0,"enemies":"3 Darklings","floor":35.0,"turns":6.0},{"damage":3.0,"enemies":"Orb Walker","floor":37.0,"turns":4.0},{"damage":12,"enemies":"Reptomancer","floor":40,"turns":4},{"damage":9,"enemies":"Giant Head","floor":46,"turns":7},{"damage":19,"enemies":"3 Darklings","floor":47,"turns":4},{"damage":53,"enemies":"Nemesis","floor":48,"turns":7}],"seed_played":"-7453084598016440793","potions_obtained":[{"floor":4.0,"key":"ColorlessPotion"},{"floor":5.0,"key":"BlessingOfTheForge"},{"floor":6.0,"key":"Regen Potion"},{"floor":7.0,"key":"LiquidMemories"},{"floor":13.0,"key":"DuplicationPotion"},{"floor":19.0,"key":"EssenceOfSteel"},{"floor":21.0,"key":"Ancient Potion"},{"floor":35.0,"key":"Weak Potion"},{"floor":37.0,"key":"FearPotion"}],"is_trial":false,"path_per_floor":["M","?","M","M","M","E","M","R","T","$","M","?","E","M","R","B",null,"M","?","?","M","?","E","R","E","T","?","T","$","M","E","R","B",null,"M","$","M","$","?","E","R","?","T","$","R","E","M","E"],"character_chosen":"HIEROPHANT","items_purchased":["Blind","Bag of Marbles","Regen Potion","FearPotion","Apotheosis","hierophant:Racketeering","hierophant:Doubloon","hierophant:Shelter","hierophant:BulkyChest","hierophant:Shelter","Bottled Lightning"],"campfire_rested":4,"item_purchase_floors":[10,10,29,29,29,29,29,36,38,38,44],"current_hp_per_floor":[66,66,65,65,58,41,44,44,44,59,59,41,26,21,43,6,58,50,50,50,42,21,11,35,11,11,11,11,26,35,23,47,25,66,46,61,58,73,73,61,80,80,80,80,80,71,52,0,0],"gold":319,"neow_bonus":"UPGRADE_CARD","is_daily":false,"chose_seed":false,"campfire_upgraded":1,"win_rate":0.0,"timestamp":1607672231,"path_taken":["M","?","M","M","?","E","M","R","T","$","?","?","E","M","R","BOSS","M","?","?","M","?","E","R","E","T","?","?","$","M","E","R","BOSS","M","$","M","$","?","E","R","?","T","?","R","E","M","E"],"items_purchased_type":["Card","Relic","Potion","Potion","Card","Card","Card","Card","Card","Card","Relic"],"build_version":"2020-11-30","purchased_purges":3,"victory":false,"max_hp_per_floor":[75,75,75,75,75,75,75,75,75,75,75,75,75,75,75,75,75,75,75,75,75,80,80,80,80,80,80,80,80,80,80,80,80,80,80,80,80,80,80,80,80,80,80,80,80,80,80,80,80],"relic_stats":{"Centennial Puzzle":[24],"counters":[24,106],"Bronze Scales":[141],"Bird Faced Urn":[0],"MealTicket":60,"Prayer Wheel":1,"Art of War":[13],"Letter Opener":[255],"Cursed Key":2,"obtain_stats":[{"Potion Belt":13,"Lantern":31,"hierophant:PropheticMaskRelic":0,"Letter Opener":6,"Cursed Key":17,"Du-Vu Doll":40,"Centennial Puzzle":28,"Bronze Scales":23,"Bird Faced Urn":46,"MealTicket":9,"Molten Egg 2":12,"Prayer Wheel":43,"Fusion Hammer":34,"Bag of Marbles":10,"Red Mask":19,"Art of War":25,"Bottled Lightning":44},{"Potion Belt":8,"Lantern":17,"hierophant:PropheticMaskRelic":0,"Letter Opener":5,"Cursed Key":10,"Du-Vu Doll":21,"Centennial Puzzle":15,"Bronze Scales":14,"Bird Faced Urn":22,"MealTicket":6,"Molten Egg 2":7,"Prayer Wheel":21,"Fusion Hammer":18,"Bag of Marbles":6,"Red Mask":12,"Art of War":15,"Bottled Lightning":21},{"Potion Belt":26,"Lantern":66,"hierophant:PropheticMaskRelic":0,"Letter Opener":16,"Cursed Key":40,"Du-Vu Doll":88,"Centennial Puzzle":61,"Bronze Scales":56,"Bird Faced Urn":95,"MealTicket":20,"Molten Egg 2":21,"Prayer Wheel":88,"Fusion Hammer":74,"Bag of Marbles":20,"Red Mask":46,"Art of War":61,"Bottled Lightning":88}]},"card_choices":[{"not_picked":["hierophant:Rebuild","hierophant:PristineSoul"],"picked":"hierophant:SealAway","floor":1.0},{"not_picked":["hierophant:OrnateJavelin","hierophant:Encroach"],"picked":"hierophant:Remorse","floor":3.0},{"not_picked":["hierophant:Refuge","hierophant:Charity"],"picked":"hierophant:RustyCrate","floor":4.0},{"not_picked":["hierophant:Bribe","hierophant:Prophecy"],"picked":"hierophant:OrnateJavelin","floor":5.0},{"not_picked":["hierophant:Rebuild","hierophant:Refuge"],"picked":"hierophant:HolyVerse","floor":6.0},{"not_picked":["hierophant:DisplayOfPower","hierophant:ConvertCurrency"],"picked":"hierophant:RecallFunds","floor":7.0},{"not_picked":["hierophant:Sermon","hierophant:MirrorShield"],"picked":"hierophant:Levitation","floor":11.0},{"not_picked":["hierophant:Patience","hierophant:Flagellation","hierophant:SolarFlare+1"],"picked":"SKIP","floor":13.0},{"not_picked":["hierophant:ConvertCurrency","hierophant:AuricBeam+1"],"picked":"hierophant:Purify+1","floor":14.0},{"not_picked":["hierophant:Levitation","hierophant:Determination"],"picked":"hierophant:Batter+1","floor":16.0},{"not_picked":["hierophant:HammerAndAnvil","hierophant:PassingBell+1"],"picked":"hierophant:Purify+1","floor":18.0},{"not_picked":["hierophant:FieryStrike+1","hierophant:Purify+1"],"picked":"hierophant:Zeal+1","floor":19.0},{"not_picked":["hierophant:Bribe","hierophant:SealAway+1"],"picked":"hierophant:DeathKnell","floor":21.0},{"not_picked":["hierophant:Martyrdom","hierophant:OrnateBuckler"],"picked":"hierophant:Shelter","floor":23.0},{"not_picked":["hierophant:RepressedViolence+1","hierophant:PassingBell+1","hierophant:DisplayOfPower+1"],"picked":"SKIP","floor":25.0},{"not_picked":["hierophant:DisplayOfPower+1","hierophant:TollTheBells","hierophant:AuricBeam+1"],"picked":"SKIP","floor":30.0},{"not_picked":["hierophant:Smite+1","hierophant:Sermon","hierophant:Empathy"],"picked":"SKIP","floor":31.0},{"not_picked":["hierophant:Levitation","hierophant:AuricForm"],"picked":"hierophant:Cornucopia","floor":33.0},{"not_picked":["hierophant:Zeal+1","hierophant:Upheaval+1"],"picked":"hierophant:MorningPrayer","floor":35.0},{"not_picked":["hierophant:Doubloon","hierophant:Sermon","hierophant:ConvertCurrency"],"picked":"SKIP","floor":37.0},{"not_picked":["hierophant:Doubloon","hierophant:Flagellation","hierophant:Glossolalia+1"],"picked":"SKIP","floor":40},{"not_picked":["hierophant:Doubloon","hierophant:Flagellation","hierophant:Glossolalia+1"],"picked":"SKIP","floor":40},{"not_picked":["hierophant:WrathOfGod+1","hierophant:PassingBell+1","hierophant:Charity"],"picked":"SKIP","floor":46},{"not_picked":["hierophant:OrnateBuckler+1","hierophant:DisplayOfPower+1"],"picked":"hierophant:RustyCrate+1","floor":47},{"not_picked":["hierophant:PassingBell+1","hierophant:Purify+1","hierophant:Doomsaying"],"picked":"SKIP","floor":47}],"player_experience":1805571,"relics_obtained":[{"floor":6.0,"key":"Letter Opener"},{"floor":9.0,"key":"MealTicket"},{"floor":13.0,"key":"Potion Belt"},{"floor":19.0,"key":"Red Mask"},{"floor":23.0,"key":"Bronze Scales"},{"floor":25.0,"key":"Art of War"},{"floor":28.0,"key":"Centennial Puzzle"},{"floor":31.0,"key":"Lantern"},{"floor":40,"key":"Du-Vu Doll"},{"floor":43,"key":"Prayer Wheel"},{"floor":46,"key":"Bird Faced Urn"}],"event_choices":[{"cards_removed":["hierophant:Strike_Hierophant"],"damage_healed":0.0,"max_hp_gain":0.0,"max_hp_loss":0.0,"gold_gain":0.0,"event_name":"Purifier","player_choice":"Purged","floor":2.0,"gold_loss":0.0,"damage_taken":0.0},{"damage_healed":0.0,"max_hp_gain":0.0,"max_hp_loss":0.0,"gold_gain":0.0,"event_name":"Scrap Ooze","player_choice":"Success","floor":12.0,"gold_loss":0.0,"damage_taken":18.0,"relics_obtained":["Molten Egg 2"]},{"damage_healed":0.0,"max_hp_gain":0.0,"max_hp_loss":0.0,"gold_gain":0.0,"event_name":"Masked Bandits","player_choice":"Fought Bandits","floor":19.0,"gold_loss":0.0,"damage_taken":0.0},{"damage_healed":0.0,"max_hp_gain":0.0,"max_hp_loss":0.0,"gold_gain":0.0,"event_name":"The Library","player_choice":"Read","floor":20.0,"gold_loss":0.0,"damage_taken":0.0,"cards_obtained":["hierophant:OrnateBuckler"]},{"damage_healed":0.0,"max_hp_gain":5.0,"max_hp_loss":0.0,"gold_gain":0.0,"event_name":"Forgotten Altar","player_choice":"Shed Blood","floor":22.0,"gold_loss":0.0,"damage_taken":26.0},{"damage_healed":0.0,"max_hp_gain":0.0,"max_hp_loss":0.0,"gold_gain":50.0,"event_name":"Nest","player_choice":"Stole From Cult","floor":27.0,"gold_loss":0.0,"damage_taken":0.0},{"damage_healed":0.0,"max_hp_gain":0.0,"max_hp_loss":0.0,"gold_gain":222.0,"event_name":"Tomb of Lord Red Mask","player_choice":"Wore Mask","floor":39.0,"gold_loss":0.0,"damage_taken":0.0},{"cards_removed":["hierophant:Zeal"],"damage_healed":0,"gold_gain":0,"player_choice":"Removed Attack","damage_taken":0,"max_hp_gain":0,"max_hp_loss":0,"event_name":"Falling","floor":42,"gold_loss":0}],"is_beta":false,"boss_relics":[{"not_picked":["Black Star","SacredBark"],"picked":"Cursed Key"},{"not_picked":["Busted Crown","Sozu"],"picked":"Fusion Hammer"}],"items_purged_floors":[29,36,44],"is_endless":false,"potions_floor_spawned":[4,5,6,7,13,19,21,35,37],"killed_by":"Nemesis","ascension_level":15}}