{"host":"vvp4eihuvtuugjfx","time":1607693747,"event":{"mods":["Act Like it!","Aspiration","BaseMod","Better Note","CCEM","Colored Map","Colored Powertips","Downfall","Hallownest","Highlight Path","Mimic Mod","Minty Spire (QoL Compilation)","Permanent Neow","Quick Restart","Replay The Spire","Shop Mod","Spicy Shops","StSLib","The Bug Knight","The Construct","Unceasing Turn Reminder"],"gold_per_floor":[115,57,57,75,0,0,26,88,142,142,142],"floor_reached":10,"playtime":651,"items_purged":["Normality"],"score":112,"play_id":"6cf6b82a-d8a6-4805-9dd7-c8ecbfadb452","local_time":"20201211143547","is_ascension_mode":true,"campfire_choices":[{"data":"Barricade","floor":6,"key":"SMITH"}],"circlet_count":0,"master_deck":["AscendersBane","Strike_R","Strike_R","Strike_R","Strike_R","Strike_R","Defend_R","Defend_R","Defend_R","Defend_R","Bash","Barricade+1","Body Slam","Fiend Fire","Shrug It Off","Whirlwind","Armaments","Body Slam","Dark Embrace","Whirlwind","ReplayTheSpireMod:Stacked"],"relics":["Burning Blood","Orrery","aspiration:HiddenCompartment","Mirror","Juzu Bracelet"],"acts_visited":["Exordium"],"potions_floor_usage":[8,8],"damage_taken":[{"damage":6,"enemies":"Cultist","floor":1,"turns":3},{"damage":0,"enemies":"2 Louse","floor":4,"turns":3},{"damage":37,"enemies":"3 Sentries","floor":7,"turns":10},{"damage":23,"enemies":"Gremlin Nob","floor":8,"turns":4},{"damage":32,"enemies":"Gremlin Nob","floor":10,"turns":3}],"seed_played":"1431538947702831931","potions_obtained":[{"floor":1,"key":"sneckomod:MuddlingPotion"},{"floor":7,"key":"ColorlessPotion"}],"is_trial":false,"path_per_floor":["M","$","$","M","$","R","E","?","T","E"],"character_chosen":"IRONCLAD","items_purchased":["Orrery"],"campfire_rested":0,"item_purchase_floors":[2],"current_hp_per_floor":[68,68,68,74,74,74,43,26,26,0,0],"gold":142,"neow_bonus":"ONE_RANDOM_RARE_CARD","is_daily":false,"chose_seed":false,"campfire_upgraded":1,"win_rate":0.0,"timestamp":1607693747,"path_taken":["M","?","$","M","?","R","E","?","T","E"],"items_purchased_type":["Relic"],"build_version":"2020-11-30","purchased_purges":1,"victory":false,"max_hp_per_floor":[75,75,75,75,75,75,75,75,75,75,75],"card_choices":[{"not_picked":["Intimidate","Rampage"],"picked":"Body Slam","floor":1},{"not_picked":["Combust","Twin Strike"],"picked":"Fiend Fire","floor":2},{"not_picked":["Cleave","Run Through"],"picked":"Shrug It Off","floor":2},{"not_picked":["Searing Blow","Rupture"],"picked":"Whirlwind","floor":2},{"not_picked":["Wild Strike","Twin Strike"],"picked":"Armaments","floor":2},{"not_picked":["Cleave","Clothesline"],"picked":"Body Slam","floor":2},{"not_picked":["Sever Soul","Body Slam"],"picked":"Dark Embrace","floor":4},{"not_picked":["Havoc","Twin Strike"],"picked":"Whirlwind","floor":7},{"not_picked":["Twin Strike","Run Through"],"picked":"ReplayTheSpireMod:Stacked","floor":8}],"player_experience":724262,"relics_obtained":[{"floor":7,"key":"aspiration:HiddenCompartment"},{"floor":8,"key":"Mirror"},{"floor":9,"key":"Juzu Bracelet"}],"event_choices":[{"damage_healed":0,"gold_gain":0,"player_choice":"Searched \u00272\u0027 times","damage_taken":0,"max_hp_gain":0,"max_hp_loss":0,"event_name":"Dead Adventurer","floor":8,"gold_loss":0}],"is_beta":false,"boss_relics":[],"items_purged_floors":[5],"is_endless":false,"potions_floor_spawned":[1,7],"killed_by":"Gremlin Nob","ascension_level":15}}