{"host":"sabve5zmqufxyc5o","time":1607699723,"event":{"mods":["2.2 Compatiblity","AchievementEnabler","Act Like it!","BaseMod","Block Reminder","Colored Map","Colored Powertips","DeckTracker","KOR Keyword Fix","Keyboard Shortcuts","Minty Spire (QoL Compilation)","Quick Restart","Rare Cards Sparkle","Relic Stats","StSLib","SuperFastMode"],"gold_per_floor":[109,109,121,136,136,136,149,149,149,149,160,160,160,33,33,108,108,125,25,45,45,56,56,68,68,68],"floor_reached":25,"playtime":418,"items_purged":["Strike_B","Strike_B"],"score":571,"play_id":"258e9af2-81aa-4ebb-9580-124e7412d13c","local_time":"20201212001523","is_ascension_mode":true,"campfire_choices":[{"data":"Coolheaded","floor":6.0,"key":"SMITH"},{"data":"Zap","floor":8.0,"key":"SMITH"},{"data":"Beam Cell","floor":10.0,"key":"SMITH"},{"data":"Barrage","floor":13.0,"key":"SMITH"},{"data":"Ball Lightning","floor":15.0,"key":"SMITH"},{"floor":23,"key":"REST"}],"circlet_count":0,"master_deck":["AscendersBane","Defend_B","Defend_B","Defend_B","Defend_B","Zap+1","Dualcast+1","Beam Cell+1","Coolheaded+1","Barrage+1","Ball Lightning","Ball Lightning+1","Seek","Defragment","Chill","Go for the Eyes"],"relics":["Cracked Core","Centennial Puzzle","Philosopher\u0027s Stone"],"acts_visited":["Exordium","TheCity"],"potions_floor_usage":[25],"damage_taken":[{"damage":2.0,"enemies":"Cultist","floor":1.0,"turns":4.0},{"damage":2.0,"enemies":"2 Louse","floor":3.0,"turns":3.0},{"damage":0.0,"enemies":"Small Slimes","floor":4.0,"turns":4.0},{"damage":5.0,"enemies":"Looter","floor":7.0,"turns":3.0},{"damage":16.0,"enemies":"Gremlin Gang","floor":11.0,"turns":3.0},{"damage":22.0,"enemies":"Hexaghost","floor":16.0,"turns":7.0},{"damage":19.0,"enemies":"2 Thieves","floor":18.0,"turns":2.0},{"damage":16,"enemies":"3 Byrds","floor":20,"turns":3},{"damage":6,"enemies":"Cultist and Chosen","floor":22,"turns":6},{"damage":29,"enemies":"Snake Plant","floor":24,"turns":4},{"damage":16,"enemies":"Shelled Parasite and Fungi","floor":25,"turns":3}],"seed_played":"6695038239440666423","potions_obtained":[{"floor":1.0,"key":"Block Potion"},{"floor":11.0,"key":"AttackPotion"},{"floor":24,"key":"ColorlessPotion"}],"is_trial":false,"path_per_floor":["M","?","M","M","?","R","M","R","T","R","M","?","R","$","R","B",null,"M","$","M","?","M","R","M","M"],"character_chosen":"DEFECT","items_purchased":["Ball Lightning"],"campfire_rested":1,"item_purchase_floors":[14],"current_hp_per_floor":[69,62,60,60,60,60,55,55,55,55,39,39,39,39,39,17,63,44,44,28,28,22,45,16,0,0],"gold":68,"neow_bonus":"TEN_PERCENT_HP_BONUS","is_daily":false,"chose_seed":false,"campfire_upgraded":5,"win_rate":0.0,"timestamp":1607699723,"path_taken":["M","?","M","M","?","R","M","R","T","R","?","?","R","$","R","BOSS","M","$","M","?","?","R","M","M"],"items_purchased_type":["Card"],"build_version":"2020-11-30","purchased_purges":2,"victory":false,"max_hp_per_floor":[78,78,78,78,78,78,78,78,78,78,78,78,78,78,78,78,78,78,78,78,78,78,78,78,78,78],"relic_stats":{"Centennial Puzzle":[21],"counters":[11,42],"obtain_stats":[{"Centennial Puzzle":9,"Philosopher\u0027s Stone":17,"Cracked Core":0},{"Centennial Puzzle":4,"Philosopher\u0027s Stone":6,"Cracked Core":0},{"Centennial Puzzle":14,"Philosopher\u0027s Stone":24,"Cracked Core":0}]},"card_choices":[{"not_picked":["Stack","Conserve Battery"],"picked":"Beam Cell","floor":1.0},{"not_picked":["Barrage","Compile Driver"],"picked":"Coolheaded","floor":3.0},{"not_picked":["Rebound","Hologram","Barrage"],"picked":"SKIP","floor":4.0},{"not_picked":["Rebound","Hologram"],"picked":"Barrage","floor":4.0},{"not_picked":["Conserve Battery","Barrage","Reprogram"],"picked":"SKIP","floor":7.0},{"not_picked":["Barrage","Leap"],"picked":"Ball Lightning","floor":11.0},{"not_picked":["Creative AI","Fission"],"picked":"Seek","floor":16.0},{"not_picked":["Undo","Reprogram"],"picked":"Defragment","floor":18.0},{"not_picked":["Steam","Sunder"],"picked":"Chill","floor":20},{"not_picked":["FTL+1","Coolheaded"],"picked":"Go for the Eyes","floor":22},{"not_picked":["Reinforced Body+1","Go for the Eyes","Reprogram"],"picked":"SKIP","floor":24}],"player_experience":760187,"relics_obtained":[{"floor":9.0,"key":"Centennial Puzzle"}],"event_choices":[{"cards_removed":["Strike_B"],"damage_healed":0.0,"max_hp_gain":0.0,"max_hp_loss":0.0,"gold_gain":0.0,"event_name":"Golden Wing","player_choice":"Card Removal","floor":2.0,"gold_loss":0.0,"damage_taken":7.0},{"damage_healed":0.0,"max_hp_gain":0.0,"max_hp_loss":0.0,"gold_gain":0.0,"event_name":"Accursed Blacksmith","player_choice":"Forge","floor":5.0,"gold_loss":0.0,"damage_taken":0.0,"cards_upgraded":["Dualcast"]},{"cards_removed":["Strike_B"],"damage_healed":0.0,"max_hp_gain":0.0,"max_hp_loss":0.0,"gold_gain":0.0,"event_name":"Bonfire Elementals","player_choice":"Offered Basic","floor":12.0,"gold_loss":0.0,"damage_taken":0.0},{"damage_healed":0,"gold_gain":0,"player_choice":"Ignored","damage_taken":0,"max_hp_gain":0,"max_hp_loss":0,"event_name":"N\u0027loth","floor":21,"gold_loss":0}],"is_beta":false,"boss_relics":[{"not_picked":["Tiny House","Busted Crown"],"picked":"Philosopher\u0027s Stone"}],"items_purged_floors":[14,19],"is_endless":false,"potions_floor_spawned":[1,11,24],"killed_by":"Shelled Parasite and Fungi","ascension_level":19}}