{"host":"plbsiuh3vwan8ocg","time":1607662850,"event":{"mods":["AchievementEnabler","BaseMod","Minty Spire (QoL Compilation)","Quick Restart","StSLib"],"gold_per_floor":[20,20,34,44,44,74,74,85,110,76,76,105,115,115,115,115,115],"floor_reached":16,"playtime":806,"items_purged":[],"score":182,"play_id":"448d078c-f83f-4ae0-941e-e8124b1e9aec","local_time":"20201211000050","is_ascension_mode":true,"campfire_choices":[{"floor":7,"key":"REST"},{"floor":11,"key":"REST"},{"floor":15,"key":"REST"}],"circlet_count":0,"master_deck":["AscendersBane","Strike_B","Strike_B","Strike_B","Strike_B","Defend_B","Defend_B","Defend_B","Defend_B","Zap","Dualcast","Creative AI","Conserve Battery","Mind Blast","Zap","Ball Lightning","BootSequence","Streamline","Lockon","Self Repair","Streamline","Machine Learning"],"relics":["Cracked Core","Darkstone Periapt","PreservedInsect","Omamori","TungstenRod"],"acts_visited":["Exordium"],"potions_floor_usage":[12],"damage_taken":[{"damage":0,"enemies":"Small Slimes","floor":1,"turns":3},{"damage":8,"enemies":"Cultist","floor":3,"turns":5},{"damage":0,"enemies":"2 Louse","floor":4,"turns":3},{"damage":48,"enemies":"Lagavulin","floor":6,"turns":7},{"damage":0,"enemies":"2 Fungi Beasts","floor":8,"turns":3},{"damage":27,"enemies":"Gremlin Nob","floor":12,"turns":4},{"damage":15,"enemies":"Lots of Slimes","floor":13,"turns":5},{"damage":35,"enemies":"The Guardian","floor":16,"turns":2}],"seed_played":"-6796345177512823563","potions_obtained":[{"floor":6,"key":"PotionOfCapacity"},{"floor":8,"key":"ColorlessPotion"}],"is_trial":false,"path_per_floor":["M","?","M","M","T","E","R","M","T","$","R","E","M","?","R","B"],"character_chosen":"DEFECT","items_purchased":["Self Repair"],"campfire_rested":3,"item_purchase_floors":[10],"current_hp_per_floor":[68,68,60,60,60,12,34,34,34,34,56,36,28,1,23,0,0],"gold":115,"neow_bonus":"THREE_RARE_CARDS","is_daily":false,"chose_seed":false,"campfire_upgraded":0,"win_rate":0.0,"timestamp":1607662850,"path_taken":["M","?","?","M","?","E","R","?","T","$","R","E","?","?","R","BOSS"],"items_purchased_type":["Card"],"build_version":"2020-11-30","purchased_purges":0,"victory":false,"max_hp_per_floor":[75,75,75,75,75,75,75,75,75,75,75,75,75,75,75,75,75],"card_choices":[{"not_picked":["Core Surge","Fission"],"picked":"Creative AI","floor":0},{"not_picked":["Leap","Sweeping Beam"],"picked":"Conserve Battery","floor":1},{"not_picked":["Conserve Battery","Blizzard"],"picked":"Ball Lightning","floor":3},{"not_picked":["Leap","Ball Lightning"],"picked":"BootSequence","floor":4},{"not_picked":["Turbo","Tempest"],"picked":"Streamline","floor":6},{"not_picked":["Barrage","Consume"],"picked":"Lockon","floor":8},{"not_picked":["Doom and Gloom","Hologram"],"picked":"Streamline","floor":12},{"not_picked":["Gash","Cold Snap"],"picked":"Machine Learning","floor":13}],"player_experience":376198,"relics_obtained":[{"floor":5,"key":"Darkstone Periapt"},{"floor":6,"key":"PreservedInsect"},{"floor":9,"key":"Omamori"},{"floor":12,"key":"TungstenRod"}],"event_choices":[{"damage_healed":0,"gold_gain":0,"player_choice":"2 cards matched","damage_taken":0,"max_hp_gain":0,"max_hp_loss":0,"event_name":"Match and Keep!","floor":2,"gold_loss":0,"cards_obtained":["Mind Blast","Zap"]},{"damage_healed":0,"gold_gain":0,"player_choice":"Fled","damage_taken":33,"max_hp_gain":0,"max_hp_loss":0,"event_name":"Scrap Ooze","floor":14,"gold_loss":0}],"is_beta":false,"boss_relics":[],"items_purged_floors":[],"is_endless":false,"potions_floor_spawned":[6,8],"killed_by":"The Guardian","ascension_level":13}}