{"host":"k88fqnqg39joo1wf","time":1607654088,"event":{"mods":["Act Like it!","BaseMod","Colored Powertips","Highlight Path","Hubris","Infinite Spire","Mimic Mod","Minty Spire (QoL Compilation)","Pale of the Ancients","StSLib","Wandering Minibosses"],"gold_per_floor":[115,135,135,135,216,216,216,241,266,301,316,349,381,414,426,438,438],"floor_reached":16,"playtime":560,"items_purged":[],"score":164,"play_id":"6de8e370-2126-4231-b2a8-74bbffb8cd93","local_time":"20201210203448","is_ascension_mode":true,"campfire_choices":[{"data":"White Noise","floor":6,"key":"SMITH"},{"floor":15,"key":"REST"}],"circlet_count":0,"master_deck":["Strike_B","Strike_B","Strike_B","Strike_B","Defend_B","Defend_B","Defend_B","Defend_B","White Noise+1","Ball Lightning","Lockon","Heatsinks","hubris:DuctTapeCard","Hello World","Auto Shields","Hello World"],"relics":["Cracked Core","Blue Candle","Matryoshka","Golden Idol","Regal Pillow","Toy Ornithopter","hubris:DuctTape","MawBank"],"acts_visited":["Exordium"],"potions_floor_usage":[12],"damage_taken":[{"damage":0,"enemies":"2 Louse","floor":1,"turns":3},{"damage":11,"enemies":"Small Slimes","floor":2,"turns":3},{"damage":2,"enemies":"Jaw Worm","floor":8,"turns":3},{"damage":20,"enemies":"Lagavulin","floor":10,"turns":7},{"damage":17,"enemies":"3 Louse","floor":11,"turns":3},{"damage":0,"enemies":"Gremlin Nob","floor":12,"turns":1},{"damage":2,"enemies":"2 Fungi Beasts","floor":13,"turns":4},{"damage":7,"enemies":"Large Slime","floor":14,"turns":4},{"damage":41,"enemies":"The Guardian","floor":16,"turns":8}],"seed_played":"7637866013103960694","potions_obtained":[{"floor":0,"key":"BlessingOfTheForge"},{"floor":0,"key":"GamblersBrew"},{"floor":0,"key":"Ancient Potion"},{"floor":1,"key":"infinitespire:BlackPotion"},{"floor":14,"key":"BlessingOfTheForge"}],"is_trial":false,"path_per_floor":["M","M","?","?","T","R","?","M","T","E","M","E","M","M","R","B"],"character_chosen":"DEFECT","items_purchased":[],"campfire_rested":1,"item_purchase_floors":[],"current_hp_per_floor":[75,64,64,64,64,64,46,44,44,24,7,12,10,3,40,0,0],"gold":438,"neow_bonus":"THREE_SMALL_POTIONS","is_daily":false,"chose_seed":false,"campfire_upgraded":1,"win_rate":0.0,"timestamp":1607654088,"path_taken":["M","M","?","?","?","R","?","M","T","E","M","E","M","M","R","BOSS"],"items_purchased_type":[],"build_version":"2020-11-30","purchased_purges":0,"victory":false,"max_hp_per_floor":[75,75,75,75,75,75,75,75,75,75,75,75,75,75,75,75,75],"card_choices":[{"not_picked":["Recycle","Hello World"],"picked":"White Noise","floor":1},{"not_picked":["Sweeping Beam","Darkness"],"picked":"Ball Lightning","floor":2},{"not_picked":["Barrage","Redo","Coolheaded"],"picked":"SKIP","floor":8},{"not_picked":["Steam","Redo"],"picked":"Heatsinks","floor":10},{"not_picked":["Leap","Rebound"],"picked":"Hello World","floor":11},{"not_picked":["Recycle","Sweeping Beam"],"picked":"Auto Shields","floor":12},{"not_picked":["Reprogram","Turbo","hubris:SpecializedCircuitry"],"picked":"SKIP","floor":13},{"not_picked":["Coolheaded","Turbo"],"picked":"Hello World","floor":14}],"player_experience":180388,"relics_obtained":[{"floor":3,"key":"Blue Candle"},{"floor":5,"key":"Matryoshka"},{"floor":9,"key":"Regal Pillow"},{"floor":9,"key":"Toy Ornithopter"},{"floor":10,"key":"hubris:DuctTape"},{"floor":12,"key":"MawBank"}],"event_choices":[{"damage_healed":0,"gold_gain":0,"player_choice":"Take Damage","damage_taken":18,"relics_obtained":["Golden Idol"],"max_hp_gain":0,"max_hp_loss":0,"event_name":"Golden Idol","floor":7,"gold_loss":0}],"is_beta":false,"boss_relics":[],"items_purged_floors":[],"is_endless":false,"potions_floor_spawned":[1,8,10,14],"killed_by":"The Guardian","ascension_level":4}}