{"host":"njruw0b0uprlitpx","time":1607670104,"event":{"mods":["2.2 Compatiblity","AchievementEnabler","Aspiration","BaseMod","Block Reminder","Colored Map","Colored Powertips","Jedi Mod","Keyboard Shortcuts","Minty Spire (QoL Compilation)","Replay The Spire","Spicy Shops","StSLib","SuperFastMode","The Bug Knight"],"gold_per_floor":[113,288,288,21,96,96,107,12,12,12,25,121,152,171,171,270,270,288,11,18,18,18,18,18,18,18,18,18,18,18,18,18,18,18,18,29,46,46,46,46,115,125,125,137,171,190,190,203,203,203],"floor_reached":51,"playtime":4053,"items_purged":["Doubt","Doubt","Replay:Hysterical Blindness"],"score":822,"play_id":"cde6b706-235a-4ed3-9824-55f02d0441a7","local_time":"20201211010144","is_ascension_mode":false,"campfire_choices":[{"data":"Entrench","floor":6,"key":"SMITH"},{"data":"Demon Form","floor":10,"key":"SMITH"},{"floor":15,"key":"REST"},{"data":"Life Link","floor":23,"key":"SMITH"},{"data":"Heavy Blade","floor":29,"key":"SMITH"},{"data":"ReplayTheSpireMod:LeadingStrike","floor":32,"key":"SMITH"},{"data":"Replay:Undeath\u0027s Touch","floor":40,"key":"SMITH"}],"circlet_count":0,"master_deck":["Strike_R","Defend_R","Bash","Inflame","Carnage","Battle Trance+1","Demon Form+1","Sword Boomerang","Replay:Undeath\u0027s Touch+1","Entrench+1","Exhume+1","Clothesline","ReplayTheSpireMod:LeadingStrike+1","Headbutt","Cleave","Perfected Strike","Headbutt","Reaper","Replay:Many Hands+1","Immolate+1","Replay:Undeath\u0027s Touch+1","Heavy Blade+1","Life Link+1","Shame","Shrug It Off","True Grit+1","Thunderclap+1","Shockwave+1","Twin Strike","Sword Boomerang+1","jedi:unlimitedpower","Rampage","Sword Boomerang","Eviscerate","ReplayTheSpireMod:From All Sides","Quick Slash","Massacre+1","jedi:BattleThirst","Offering"],"relics":["Burning Blood","aspiration:PoetsPen_weak","Orrery","ReplayTheSpireMod:CursedCoin","Replay:Baseball","Anchor","War Paint","jedi:angrymask","Astrolabe","jedi:ominousloannote","ReplayTheSpireMod:Ninjato","Torii","Pen Nib","Tiny Chest","Smiling Mask","ChewingGum","Brimstone","aspiration:FrozenJewel","Champion Belt","Replay:Bottled Eggs","aspiration:Headhunter"],"acts_visited":["Exordium","TheCity","TheBeyond"],"potions_floor_usage":[16,33,45,50],"damage_taken":[{"damage":2,"enemies":"Small Slimes","floor":1,"turns":2},{"damage":0,"enemies":"2 Louse","floor":7,"turns":3},{"damage":0,"enemies":"Jaw Worm","floor":11,"turns":1},{"damage":0,"enemies":"Replay:BlueRogue","floor":13,"turns":2},{"damage":0,"enemies":"2 Fungi Beasts","floor":14,"turns":1},{"damage":20,"enemies":"The Guardian","floor":16,"turns":4},{"damage":3,"enemies":"3 Byrds","floor":18,"turns":3},{"damage":0,"enemies":"Chosen and Byrds","floor":21,"turns":3},{"damage":1,"enemies":"Shelled Parasite and Fungi","floor":22,"turns":2},{"damage":0,"enemies":"Replay:Snechameleon","floor":25,"turns":2},{"damage":0,"enemies":"Centurion and Healer","floor":27,"turns":2},{"damage":10,"enemies":"Sentry and Sphere","floor":28,"turns":3},{"damage":0,"enemies":"3 Cultists","floor":30,"turns":2},{"damage":0,"enemies":"Collector","floor":33,"turns":4},{"damage":4,"enemies":"3 Darklings","floor":35,"turns":1},{"damage":0,"enemies":"Orb Walker","floor":37,"turns":2},{"damage":0,"enemies":"Sphere and 2 Shapes","floor":42,"turns":1},{"damage":0,"enemies":"Spire Growth","floor":44,"turns":1},{"damage":0,"enemies":"Giant Head","floor":45,"turns":1},{"damage":0,"enemies":"Jaw Worm Horde","floor":46,"turns":1},{"damage":0,"enemies":"Transient","floor":48,"turns":5},{"damage":21,"enemies":"Time Eater","floor":50,"turns":3}],"seed_played":"8169529895493339098","potions_obtained":[{"floor":1,"key":"SpeedPotion"},{"floor":7,"key":"Milkshake"},{"floor":28,"key":"Fire Potion"},{"floor":30,"key":"SteroidPotion"},{"floor":44,"key":"FearPotion"},{"floor":45,"key":"Dexterity Potion"},{"floor":46,"key":"Swift Potion"}],"is_trial":false,"path_per_floor":["M","?","?","$","?","R","M","$","T","R","M","?","E","M","R","B",null,"M","$","$","M","M","R","?","E","T","M","M","R","M","$","R","B",null,"M","$","M","?","?","R","T","M","T","M","E","M","?","M","R_BF","B",null],"character_chosen":"IRONCLAD","items_purchased":["Carnage","Battle Trance","Orrery","ReplayTheSpireMod:CursedCoin","Replay:Baseball","Life Link","Energy Potion","jedi:ominousloannote","ReplayTheSpireMod:Ninjato","Torii","Pen Nib","Shrug It Off","Brimstone"],"campfire_rested":1,"item_purchase_floors":[4,4,4,8,8,19,19,20,20,20,20,20,36],"current_hp_per_floor":[80,80,85,85,74,74,80,80,80,80,85,51,57,63,85,71,85,85,85,85,85,85,85,85,85,85,85,81,81,85,85,85,85,85,85,85,85,85,85,85,85,85,85,85,85,85,85,85,85,71],"gold":203,"neow_bonus":"CURSED_BOSS_RELIC","is_daily":false,"chose_seed":false,"campfire_upgraded":6,"win_rate":0.0,"timestamp":1607670104,"path_taken":["M","?","?","$","?","R","?","$","T","R","M","?","E","M","R","BOSS","M","?","$","M","M","R","?","E","T","M","M","R","M","$","R","BOSS","M","$","?","?","?","R","?","M","T","M","E","M","?","?","R_BF","BOSS"],"items_purchased_type":["Card","Card","Relic","Relic","Relic","Card","Potion","Relic","Relic","Relic","Relic","Card","Relic"],"build_version":"2020-11-30","purchased_purges":3,"victory":true,"max_hp_per_floor":[80,80,85,85,85,85,85,85,85,85,85,85,85,85,85,85,85,85,85,85,85,85,85,85,85,85,85,85,85,85,85,85,85,85,85,85,85,85,85,85,85,85,85,85,85,85,85,85,85,85],"card_choices":[{"not_picked":["Headbutt","Pommel Strike"],"picked":"Inflame","floor":1},{"not_picked":["Wild Strike","Seeing Red"],"picked":"Demon Form","floor":4},{"not_picked":["Shrug It Off","Run Through"],"picked":"Sword Boomerang","floor":4},{"not_picked":["jedi:collectorstrike","Dark Embrace"],"picked":"Replay:Undeath\u0027s Touch","floor":4},{"not_picked":["Cleave","Havoc"],"picked":"Entrench","floor":4},{"not_picked":["jedi:MakeshiftSword","Battle Trance"],"picked":"Exhume","floor":4},{"not_picked":["Twin Strike","Anger"],"picked":"Clothesline","floor":7},{"not_picked":["Sword Boomerang","Clothesline"],"picked":"ReplayTheSpireMod:LeadingStrike","floor":11},{"not_picked":["Havoc","Warcry"],"picked":"Headbutt","floor":12},{"not_picked":["jedi:MakeshiftSword","Flex"],"picked":"Cleave","floor":12},{"not_picked":["Replay:Many Hands","Pommel Strike"],"picked":"Perfected Strike","floor":13},{"not_picked":["Metallicize","Warcry"],"picked":"Headbutt","floor":14},{"not_picked":["Berserk","Limit Break"],"picked":"Reaper","floor":16},{"not_picked":["ReplayTheSpireMod:Limb From Limb","jedi:MakeshiftSword+1"],"picked":"Heavy Blade","floor":18},{"not_picked":["Cleave","Warcry","Battle Trance"],"picked":"SKIP","floor":21},{"not_picked":["Thunderclap+1","Combust"],"picked":"True Grit+1","floor":22},{"not_picked":["Disarm+1","ReplayTheSpireMod:Limb From Limb"],"picked":"Thunderclap+1","floor":25},{"not_picked":["ReplayTheSpireMod:LeadingStrike","Hemogenesis"],"picked":"Shockwave+1","floor":27},{"not_picked":["Warcry","Anger"],"picked":"Twin Strike","floor":28},{"not_picked":["True Grit+1","Fiend Fire"],"picked":"Sword Boomerang+1","floor":30},{"not_picked":["Reaper","Feed"],"picked":"jedi:unlimitedpower","floor":33},{"not_picked":["Body Slam+1","ReplayTheSpireMod:Strike From Hell"],"picked":"Rampage","floor":35},{"not_picked":["Defy Death+1","jedi:fear+1"],"picked":"Sword Boomerang","floor":37},{"not_picked":["Life Link+1","Headbutt+1","ReplayTheSpireMod:Strike From Hell+1"],"picked":"SKIP","floor":42},{"not_picked":["jedi:controlledanger+1","Dark Embrace","Demon Form"],"picked":"SKIP","floor":44},{"not_picked":["Inflame+1","jedi:fear+1"],"picked":"Massacre+1","floor":45},{"not_picked":["Replay:Undeath\u0027s Touch","Thunderclap+1","Flex"],"picked":"SKIP","floor":46},{"not_picked":["Disarm+1","Fire Breathing","Sword Boomerang"],"picked":"SKIP","floor":48}],"player_experience":1060891,"relics_obtained":[{"floor":9,"key":"Anchor"},{"floor":12,"key":"War Paint"},{"floor":13,"key":"jedi:angrymask"},{"floor":25,"key":"Tiny Chest"},{"floor":26,"key":"Smiling Mask"},{"floor":41,"key":"aspiration:FrozenJewel"},{"floor":43,"key":"Champion Belt"},{"floor":45,"key":"Replay:Bottled Eggs"}],"event_choices":[{"damage_healed":0,"gold_gain":175,"player_choice":"AGREE","damage_taken":0,"max_hp_gain":0,"max_hp_loss":0,"event_name":"Liars Game","floor":2,"gold_loss":0,"cards_obtained":["Doubt"]},{"damage_healed":0,"gold_gain":0,"player_choice":"Donut","damage_taken":0,"max_hp_gain":5,"max_hp_loss":0,"event_name":"Big Fish","floor":3,"gold_loss":0},{"damage_healed":0,"gold_gain":75,"player_choice":"Gather Gold","damage_taken":11,"max_hp_gain":0,"max_hp_loss":0,"event_name":"World of Goop","floor":5,"gold_loss":0},{"damage_healed":0,"gold_gain":200,"player_choice":"Gold","damage_taken":0,"max_hp_gain":0,"max_hp_loss":0,"event_name":"Wheel of Change","floor":24,"gold_loss":0}],"is_beta":false,"boss_relics":[{"not_picked":["Pandora\u0027s Box","Black Blood"],"picked":"Astrolabe"},{"not_picked":["Honey Jar","aspiration:WatcherSkillbook"],"picked":"ChewingGum"}],"items_purged_floors":[4,8,19],"is_endless":false,"potions_floor_spawned":[1,7,28,30,44,45,46],"ascension_level":0}}