{"host":"vkn5295jy2rrqx8j","time":1607645897,"event":{"mods":["BaseMod","Colored Map","GifTheSpireLib","Hermit","Minty Spire (QoL Compilation)","StSLib","The Cursed"],"gold_per_floor":[20,35,55,66,76,76,109,109,109,122,136,136,171,171,171,171,171],"floor_reached":16,"playtime":602,"items_purged":[],"score":228,"play_id":"01c71876-ed77-4a05-be78-116c0392c0e7","local_time":"20201211091817","is_ascension_mode":true,"campfire_choices":[{"data":"Sadistic Nature","floor":6,"key":"SMITH"},{"floor":12,"key":"REST"},{"floor":15,"key":"REST"}],"circlet_count":0,"master_deck":["AscendersBane","Strike_G","Strike_G","Strike_G","Strike_G","Defend_G","Defend_G","Defend_G","Defend_G","Defend_G","Survivor","Neutralize","Sadistic Nature+1","PiercingWail","PiercingWail","Blur","Sucker Punch","PiercingWail","Dodge and Roll","Cloak And Dagger","Backflip","Dagger Throw"],"relics":["Ring of the Snake","Calipers","HornCleat","Bottled Flame"],"acts_visited":["Exordium"],"potions_floor_usage":[13,13,14],"damage_taken":[{"damage":0,"enemies":"Jaw Worm","floor":1,"turns":6},{"damage":1,"enemies":"Small Slimes","floor":2,"turns":4},{"damage":0,"enemies":"2 Louse","floor":3,"turns":2},{"damage":4,"enemies":"Exordium Wildlife","floor":4,"turns":4},{"damage":4,"enemies":"2 Fungi Beasts","floor":5,"turns":6},{"damage":36,"enemies":"Lagavulin","floor":7,"turns":9},{"damage":1,"enemies":"Blue Slaver","floor":10,"turns":5},{"damage":5,"enemies":"Large Slime","floor":11,"turns":6},{"damage":21,"enemies":"Gremlin Nob","floor":13,"turns":5},{"damage":14,"enemies":"Hexaghost","floor":16,"turns":14}],"seed_played":"3043450855081736293","potions_obtained":[{"floor":3,"key":"LiquidMemories"},{"floor":5,"key":"SteroidPotion"},{"floor":13,"key":"Fruit Juice"}],"is_trial":false,"path_per_floor":["M","M","M","M","M","R","E","?","T","M","M","R","E","?","R","B"],"character_chosen":"THE_SILENT","items_purchased":[],"campfire_rested":2,"item_purchase_floors":[],"current_hp_per_floor":[59,58,58,54,50,50,14,14,14,13,8,27,6,4,25,11,11],"gold":171,"neow_bonus":"RANDOM_COLORLESS_2","is_daily":false,"chose_seed":false,"campfire_upgraded":1,"win_rate":0.0,"timestamp":1607645897,"path_taken":["M","M","M","M","M","R","E","?","T","M","M","R","E","?","R","BOSS"],"items_purchased_type":[],"build_version":"2020-11-30","purchased_purges":0,"victory":false,"max_hp_per_floor":[66,66,66,66,66,66,66,66,66,66,66,66,66,71,71,71,71],"card_choices":[{"not_picked":["Mayhem","Master of Strategy"],"picked":"Sadistic Nature","floor":0},{"not_picked":["Cloak And Dagger","Sucker Punch"],"picked":"PiercingWail","floor":1},{"not_picked":["Dagger Throw","Backflip"],"picked":"PiercingWail","floor":2},{"not_picked":["Backflip","Underhanded Strike"],"picked":"Blur","floor":3},{"not_picked":["Cloak And Dagger","Acrobatics"],"picked":"Sucker Punch","floor":4},{"not_picked":["Dagger Throw","Blade Dance"],"picked":"PiercingWail","floor":5},{"not_picked":["Expertise","Bane"],"picked":"Dodge and Roll","floor":7},{"not_picked":["Night Terror","Slice"],"picked":"Cloak And Dagger","floor":10},{"not_picked":["PiercingWail","Outmaneuver"],"picked":"Backflip","floor":11},{"not_picked":["Deflect","Acrobatics"],"picked":"Dagger Throw","floor":13}],"player_experience":786249,"relics_obtained":[{"floor":7,"key":"Calipers"},{"floor":9,"key":"HornCleat"},{"floor":13,"key":"Bottled Flame"}],"event_choices":[{"damage_healed":0,"gold_gain":0,"player_choice":"Ignored","damage_taken":0,"max_hp_gain":0,"max_hp_loss":0,"event_name":"Shining Light","floor":8,"gold_loss":0},{"cards_removed":["Strike_G"],"damage_healed":0,"gold_gain":0,"player_choice":"Card Removal","damage_taken":7,"max_hp_gain":0,"max_hp_loss":0,"event_name":"Golden Wing","floor":14,"gold_loss":0}],"is_beta":false,"boss_relics":[],"items_purged_floors":[],"is_endless":false,"potions_floor_spawned":[3,5,13],"killed_by":"Hexaghost","ascension_level":20}}