{"host":"p7j7o00jacnw7qzt","time":1607663310,"event":{"mods":["BaseMod","Colored Map","Colored Powertips","DeckTracker","Highlight Path","Minty Spire (QoL Compilation)","Relic Stats"],"gold_per_floor":[14,29,29,29,29,29,43,74,74,85,110,110,67,67,67,157,157,178,93,18,18,32,32,75,75,75,99,149,182,68,83,83,181,181,199,38,69,69,69,104,124,163,187,243,283,616,616,631,631,631,631,631,631,10,45,45],"floor_reached":57,"playtime":3799,"items_purged":["Rampage","Wild Strike+1"],"score":2810,"play_id":"3bbbc73b-4501-479e-b49b-605291d98641","local_time":"20201211000830","is_ascension_mode":true,"campfire_choices":[{"data":"Apotheosis","floor":6.0,"key":"SMITH"},{"data":"Battle Trance","floor":12.0,"key":"SMITH"},{"floor":15.0,"key":"RECALL"},{"floor":23.0,"key":"REST"},{"floor":25.0,"key":"REST"},{"data":"Burning Pact","floor":32.0,"key":"SMITH"},{"floor":49.0,"key":"REST"},{"floor":53.0,"key":"REST"}],"circlet_count":0,"master_deck":["AscendersBane","Apotheosis+1","Battle Trance+1","Flex","Warcry","Shrug It Off","Exhume","Body Slam","Hemokinesis","Reaper+1","Combust","Power Through","Blood for Blood","Demon Form","Brutality","Bloodletting","Shockwave","Impervious","Pommel Strike","Burning Pact+1","Reaper","Fiend Fire","Evolve","Bloodletting"],"relics":["Burning Blood","Pantograph","Toy Ornithopter","Ancient Tea Set","Pandora\u0027s Box","Sundial","Boot","Dream Catcher","Fusion Hammer","Du-Vu Doll","Bag of Preparation","Bottled Lightning","Whetstone","TungstenRod","Centennial Puzzle","Cauldron","Unceasing Top","Lantern"],"acts_visited":["Exordium","TheCity","TheBeyond","TheEnding"],"potions_floor_usage":[56,56,56,56],"damage_taken":[{"damage":2.0,"enemies":"2 Louse","floor":1.0,"turns":4.0},{"damage":6.0,"enemies":"Cultist","floor":2.0,"turns":4.0},{"damage":2.0,"enemies":"Small Slimes","floor":7.0,"turns":4.0},{"damage":33.0,"enemies":"Gremlin Nob","floor":8.0,"turns":4.0},{"damage":3.0,"enemies":"3 Louse","floor":10.0,"turns":7.0},{"damage":9.0,"enemies":"Lagavulin","floor":11.0,"turns":5.0},{"damage":42.0,"enemies":"Slime Boss","floor":16.0,"turns":5.0},{"damage":33.0,"enemies":"2 Thieves","floor":18.0,"turns":3.0},{"damage":16.0,"enemies":"Spheric Guardian","floor":22.0,"turns":4.0},{"damage":33.0,"enemies":"Slavers","floor":24.0,"turns":5.0},{"damage":24.0,"enemies":"Book of Stabbing","floor":29.0,"turns":5.0},{"damage":19.0,"enemies":"Centurion and Healer","floor":31.0,"turns":5.0},{"damage":30.0,"enemies":"Champ","floor":33.0,"turns":7.0},{"damage":32.0,"enemies":"3 Darklings","floor":35.0,"turns":4.0},{"damage":24.0,"enemies":"Mind Bloom Boss Battle","floor":37.0,"turns":5.0},{"damage":63.0,"enemies":"Reptomancer","floor":40.0,"turns":5.0},{"damage":37.0,"enemies":"3 Shapes","floor":41.0,"turns":3.0},{"damage":22.0,"enemies":"Giant Head","floor":42.0,"turns":4.0},{"damage":72.0,"enemies":"2 Orb Walkers","floor":44.0,"turns":5.0},{"damage":14.0,"enemies":"Nemesis","floor":45.0,"turns":3.0},{"damage":16.0,"enemies":"Spire Growth","floor":48.0,"turns":3.0},{"damage":13.0,"enemies":"Donu and Deca","floor":50.0,"turns":4.0},{"damage":30.0,"enemies":"Time Eater","floor":51.0,"turns":5.0},{"damage":55.0,"enemies":"Shield and Spear","floor":55.0,"turns":6.0},{"damage":63,"enemies":"The Heart","floor":56,"turns":6}],"seed_played":"-3261623405480610804","potions_obtained":[{"floor":1.0,"key":"LiquidMemories"},{"floor":2.0,"key":"Energy Potion"},{"floor":18.0,"key":"Block Potion"},{"floor":22.0,"key":"Swift Potion"},{"floor":24.0,"key":"Weak Potion"},{"floor":29.0,"key":"HeartOfIron"},{"floor":35.0,"key":"Strength Potion"},{"floor":41.0,"key":"Regen Potion"},{"floor":45.0,"key":"SkillPotion"},{"floor":54.0,"key":"EntropicBrew"},{"floor":54.0,"key":"Energy Potion"},{"floor":54.0,"key":"Dexterity Potion"}],"is_trial":false,"path_per_floor":["M","M","?","?","?","R","M","E","T","M","E","R","$","?","R","B",null,"M","?","?","$","M","R","E","R","T","T","?","E","$","M","R","B",null,"M","$","?","?","$","E","M","E","T","?","E","?","?","M","R","B","B",null,"R","$","E","B",null],"character_chosen":"IRONCLAD","items_purchased":["Blood for Blood","Burning Pact","Fiend Fire","Cauldron","Unceasing Top","Bloodletting"],"campfire_rested":4,"item_purchase_floors":[13,30,36,54,54,54],"current_hp_per_floor":[72,72,72,72,72,72,75,48,48,51,53,53,53,53,53,32,59,44,44,44,44,39,59,37,57,57,57,57,57,57,60,60,60,66,68,68,68,68,68,67,52,68,68,54,55,55,55,65,68,61,54,65,68,68,68,49],"gold":45,"neow_bonus":"RANDOM_COLORLESS_2","is_daily":false,"chose_seed":false,"campfire_upgraded":3,"win_rate":0.0,"timestamp":1607663310,"path_taken":["M","M","?","?","?","R","M","E","T","?","E","R","?","?","R","BOSS","M","?","?","?","M","R","E","R","T","?","?","E","?","?","R","BOSS","M","$","?","?","?","E","?","E","T","?","E","?","?","M","R","BOSS","BOSS","R","$","E","BOSS"],"items_purchased_type":["Card","Card","Card","Relic","Relic","Card"],"build_version":"2020-11-30","purchased_purges":2,"victory":true,"max_hp_per_floor":[75,75,75,75,75,75,75,75,75,75,75,75,75,68,68,68,68,68,68,68,68,68,68,68,68,68,68,68,68,68,68,68,68,68,68,68,68,68,68,68,68,68,68,68,68,68,68,68,68,68,68,68,68,68,68,68],"relic_stats":{"counters":[25,115],"Bag of Preparation":[18],"Whetstone":["Reaper","Wild Strike"],"Boot":[10],"Burning Blood":131,"Dream Catcher":2,"Centennial Puzzle":[15],"Sundial":[104],"Pantograph":30,"Pandora\u0027s Box":["Combust","Power Through","Blood for Blood","Demon Form","Wild Strike","Brutality","Rampage","Bloodletting"],"obtain_stats":[{"Lantern":55,"Golden Idol":14,"Bag of Preparation":40,"Whetstone":43,"Ancient Tea Set":11,"Boot":24,"Burning Blood":0,"Du-Vu Doll":37,"Cauldron":54,"Dream Catcher":27,"Centennial Puzzle":45,"Sundial":19,"Pantograph":8,"Pandora\u0027s Box":17,"Fusion Hammer":34,"Bottled Lightning":42,"Toy Ornithopter":9,"TungstenRod":44,"Unceasing Top":54},{"Lantern":24,"Golden Idol":6,"Bag of Preparation":16,"Whetstone":18,"Ancient Tea Set":6,"Boot":10,"Burning Blood":0,"Du-Vu Doll":15,"Cauldron":23,"Dream Catcher":10,"Centennial Puzzle":20,"Sundial":8,"Pantograph":4,"Pandora\u0027s Box":7,"Fusion Hammer":13,"Bottled Lightning":18,"Toy Ornithopter":4,"TungstenRod":19,"Unceasing Top":23},{"Lantern":109,"Golden Idol":28,"Bag of Preparation":76,"Whetstone":83,"Ancient Tea Set":28,"Boot":45,"Burning Blood":0,"Du-Vu Doll":71,"Cauldron":103,"Dream Catcher":45,"Centennial Puzzle":91,"Sundial":36,"Pantograph":16,"Pandora\u0027s Box":33,"Fusion Hammer":62,"Bottled Lightning":83,"Toy Ornithopter":16,"TungstenRod":88,"Unceasing Top":103}],"Toy Ornithopter":60,"TungstenRod":72,"Unceasing Top":[2]},"card_choices":[{"not_picked":["Chrysalis","HandOfGreed"],"picked":"Apotheosis","floor":0.0},{"not_picked":["Flame Barrier","Havoc","Anger"],"picked":"SKIP","floor":1.0},{"not_picked":["Iron Wave","Warcry"],"picked":"Battle Trance","floor":2.0},{"not_picked":["Flex","Headbutt"],"picked":"Shrug It Off","floor":7.0},{"not_picked":["Battle Trance","Searing Blow"],"picked":"Exhume","floor":8.0},{"not_picked":["Perfected Strike","Blood for Blood"],"picked":"Body Slam","floor":10.0},{"not_picked":["Headbutt","Combust"],"picked":"Hemokinesis","floor":11.0},{"not_picked":["Demon Form","Brutality"],"picked":"Reaper","floor":16.0},{"not_picked":["Armaments","Warcry+1"],"picked":"Shockwave","floor":18.0},{"not_picked":["Headbutt","Body Slam+1","Havoc"],"picked":"SKIP","floor":22.0},{"not_picked":["Pommel Strike","Heavy Blade+1"],"picked":"Impervious","floor":24.0},{"not_picked":["Clash","Anger"],"picked":"Pommel Strike","floor":29.0},{"not_picked":["Sword Boomerang","Perfected Strike","Shrug It Off"],"picked":"SKIP","floor":31.0},{"not_picked":["Brutality","Juggernaut"],"picked":"Reaper","floor":33.0},{"not_picked":["Heavy Blade","Flex","Hemokinesis"],"picked":"SKIP","floor":35.0},{"not_picked":["Armaments","Corruption","Perfected Strike"],"picked":"SKIP","floor":40.0},{"not_picked":["Body Slam","Infernal Blade","Sever Soul+1"],"picked":"SKIP","floor":41.0},{"not_picked":["Wild Strike","Havoc","Pommel Strike"],"picked":"SKIP","floor":42.0},{"not_picked":["Blood for Blood","Demon Form","Headbutt"],"picked":"SKIP","floor":45.0},{"not_picked":["Headbutt","True Grit"],"picked":"Evolve","floor":48.0},{"not_picked":["Sentinel","Sword Boomerang","Clothesline+1"],"picked":"SKIP","floor":55.0}],"player_experience":760226,"relics_obtained":[{"floor":8.0,"key":"Pantograph"},{"floor":9.0,"key":"Toy Ornithopter"},{"floor":11.0,"key":"Ancient Tea Set"},{"floor":24.0,"key":"Boot"},{"floor":27.0,"key":"Dream Catcher"},{"floor":37.0,"key":"Du-Vu Doll"},{"floor":40.0,"key":"Bag of Preparation"},{"floor":42.0,"key":"Bottled Lightning"},{"floor":43.0,"key":"Whetstone"},{"floor":44.0,"key":"TungstenRod"},{"floor":45.0,"key":"Centennial Puzzle"},{"floor":55.0,"key":"Lantern"}],"event_choices":[{"damage_healed":0.0,"max_hp_gain":0.0,"max_hp_loss":0.0,"gold_gain":0.0,"cards_transformed":["Strike_R"],"event_name":"Living Wall","player_choice":"Change","floor":3.0,"gold_loss":0.0,"damage_taken":0.0,"cards_obtained":["Flex"]},{"damage_healed":0.0,"max_hp_gain":0.0,"max_hp_loss":0.0,"gold_gain":0.0,"event_name":"Liars Game","player_choice":"Ignored","floor":4.0,"gold_loss":0.0,"damage_taken":0.0},{"damage_healed":0.0,"max_hp_gain":0.0,"max_hp_loss":0.0,"gold_gain":0.0,"event_name":"Match and Keep!","player_choice":"1 cards matched","floor":5.0,"gold_loss":0.0,"damage_taken":0.0,"cards_obtained":["Warcry"]},{"damage_healed":0.0,"max_hp_gain":0.0,"max_hp_loss":7.0,"gold_gain":0.0,"event_name":"Golden Idol","player_choice":"Lose Max HP","floor":14.0,"gold_loss":0.0,"damage_taken":0.0,"relics_obtained":["Golden Idol"]},{"damage_healed":0.0,"max_hp_gain":0.0,"max_hp_loss":0.0,"gold_gain":0.0,"event_name":"Addict","player_choice":"Obtained Relic","floor":19.0,"gold_loss":85.0,"damage_taken":0.0,"relics_obtained":["Sundial"]},{"cards_removed":["Bash"],"damage_healed":0.0,"max_hp_gain":0.0,"max_hp_loss":0.0,"gold_gain":0.0,"event_name":"Beggar","player_choice":"Gave Gold","floor":20.0,"gold_loss":75.0,"damage_taken":0.0},{"damage_healed":0.0,"max_hp_gain":0.0,"max_hp_loss":0.0,"gold_gain":50.0,"event_name":"Nest","player_choice":"Stole From Cult","floor":28.0,"gold_loss":0.0,"damage_taken":0.0},{"damage_healed":0.0,"max_hp_gain":0.0,"max_hp_loss":0.0,"gold_gain":0.0,"event_name":"MindBloom","player_choice":"Fight","floor":37.0,"gold_loss":0.0,"damage_taken":0.0},{"cards_removed":["Blood for Blood"],"damage_healed":0.0,"max_hp_gain":0.0,"max_hp_loss":0.0,"gold_gain":0.0,"event_name":"Falling","player_choice":"Removed Attack","floor":38.0,"gold_loss":0.0,"damage_taken":0.0},{"damage_healed":0.0,"max_hp_gain":0.0,"max_hp_loss":0.0,"gold_gain":0.0,"event_name":"Mysterious Sphere","player_choice":"Fight","floor":44.0,"gold_loss":0.0,"damage_taken":0.0},{"damage_healed":0.0,"max_hp_gain":0.0,"max_hp_loss":0.0,"gold_gain":333.0,"event_name":"The Moai Head","player_choice":"Gave Idol","floor":46.0,"relics_lost":["Golden Idol"],"gold_loss":0.0,"damage_taken":0.0},{"damage_healed":0.0,"max_hp_gain":0.0,"max_hp_loss":0.0,"gold_gain":0.0,"event_name":"Tomb of Lord Red Mask","player_choice":"Ignored","floor":47.0,"gold_loss":0.0,"damage_taken":0.0}],"is_beta":false,"boss_relics":[{"not_picked":["Tiny House","Calling Bell"],"picked":"Pandora\u0027s Box"},{"not_picked":["SacredBark","Mark of Pain"],"picked":"Fusion Hammer"}],"items_purged_floors":[30,54],"is_endless":false,"potions_floor_spawned":[1,2,7,18,22,24,29,35,41,45],"ascension_level":20}}