{"host":"utqe55yv0jihe4d6","time":1607656243,"event":{"mods":["2.2 Compatiblity","AchievementEnabler","BaseMod","Block Reminder","Colored Map","Colored Powertips","Minty Spire (QoL Compilation)","Quick Restart","Rare Cards Sparkle","Relic Stats","SuperFastMode"],"gold_per_floor":[109,109,128,144,160,160,188,203,203,203,223,238,271,287,287,376,376,391,404,70,83,83,83,122,122,122,122,57,67,67,92,92,169,169,183,183,183,193,247,276,276,304,331,358,31,31,0,17,17,17,17,17,17,17,43,43],"floor_reached":57,"playtime":2131,"items_purged":[],"score":2930,"play_id":"5e1aa43a-4e55-4bd1-a16a-1de113d958e5","local_time":"20201210221043","is_ascension_mode":true,"campfire_choices":[{"data":"Skewer","floor":6.0,"key":"SMITH"},{"data":"Catalyst","floor":15.0,"key":"SMITH"},{"data":"Night Terror","floor":23,"key":"SMITH"},{"floor":27,"key":"REST"},{"data":"Crippling Poison","floor":32,"key":"SMITH"},{"floor":41,"key":"RECALL"},{"data":"1","floor":49,"key":"LIFT"},{"data":"2","floor":53,"key":"LIFT"}],"circlet_count":0,"master_deck":["AscendersBane","Defend_G","Defend_G","Defend_G","Survivor","Neutralize+1","Bouncing Flask+1","Burst+1","Doppelganger+1","Poisoned Stab+1","Crippling Poison+1","Dash","Skewer+1","Bullet Time","Catalyst+1","PiercingWail","Blur","Night Terror+1","Backflip","Setup","Dagger Throw","Ghostly+1","Ghostly+1","Ghostly+1","Tools of the Trade","Backflip+1","Cloak And Dagger+1","Dodge and Roll+1","Leg Sweep+1","Catalyst+1","Footwork","Good Instincts+1","Thinking Ahead+1"],"relics":["Astrolabe","Potion Belt","Ornamental Fan","Bloody Idol","Blood Vial","Busted Crown","Snake Skull","OrangePellets","White Beast Statue","Toxic Egg 2","Akabeko","Eternal Feather","Fusion Hammer","Girya","MealTicket","Pantograph","Letter Opener","Bag of Preparation","Red Mask","Whetstone"],"acts_visited":["Exordium","TheCity","TheBeyond","TheEnding"],"potions_floor_usage":[24,31,33,39,39,50,55,55,56,56],"damage_taken":[{"damage":0.0,"enemies":"2 Louse","floor":1.0,"turns":5.0},{"damage":0.0,"enemies":"Cultist","floor":3.0,"turns":3.0},{"damage":4.0,"enemies":"Jaw Worm","floor":4.0,"turns":3.0},{"damage":7.0,"enemies":"3 Louse","floor":5.0,"turns":4.0},{"damage":0.0,"enemies":"Gremlin Nob","floor":7.0,"turns":2.0},{"damage":0.0,"enemies":"Red Slaver","floor":8.0,"turns":4.0},{"damage":8.0,"enemies":"Blue Slaver","floor":11.0,"turns":4.0},{"damage":0.0,"enemies":"Exordium Wildlife","floor":12.0,"turns":3.0},{"damage":21.0,"enemies":"Lagavulin","floor":13.0,"turns":6.0},{"damage":0.0,"enemies":"Large Slime","floor":14.0,"turns":4.0},{"damage":18.0,"enemies":"The Guardian","floor":16.0,"turns":6.0},{"damage":6,"enemies":"Shell Parasite","floor":18,"turns":5},{"damage":0,"enemies":"Spheric Guardian","floor":19,"turns":2},{"damage":13,"enemies":"Snecko","floor":21,"turns":3},{"damage":19,"enemies":"Gremlin Leader","floor":24,"turns":4},{"damage":6,"enemies":"Snake Plant","floor":29,"turns":2},{"damage":2,"enemies":"Slavers","floor":31,"turns":6},{"damage":13,"enemies":"Automaton","floor":33,"turns":9},{"damage":1,"enemies":"Orb Walker","floor":35,"turns":7},{"damage":2,"enemies":"3 Shapes","floor":38,"turns":3},{"damage":11,"enemies":"2 Orb Walkers","floor":39,"turns":2},{"damage":0,"enemies":"Nemesis","floor":40,"turns":7},{"damage":2,"enemies":"Reptomancer","floor":42,"turns":5},{"damage":0,"enemies":"Nemesis","floor":44,"turns":5},{"damage":0,"enemies":"Sphere and 2 Shapes","floor":48,"turns":6},{"damage":16,"enemies":"Awakened One","floor":50,"turns":13},{"damage":2,"enemies":"Donu and Deca","floor":51,"turns":8},{"damage":21,"enemies":"Shield and Spear","floor":55,"turns":8},{"damage":13,"enemies":"The Heart","floor":56,"turns":8}],"seed_played":"-4600032264961806594","potions_obtained":[{"floor":4.0,"key":"CunningPotion"},{"floor":5.0,"key":"EssenceOfSteel"},{"floor":11.0,"key":"EntropicBrew"},{"floor":14.0,"key":"FearPotion"},{"floor":19,"key":"Fire Potion"},{"floor":29,"key":"Energy Potion"},{"floor":31,"key":"Poison Potion"},{"floor":33,"key":"DuplicationPotion"},{"floor":38,"key":"SkillPotion"},{"floor":39,"key":"Weak Potion"},{"floor":40,"key":"Dexterity Potion"},{"floor":55,"key":"Dexterity Potion"}],"is_trial":false,"path_per_floor":["M","?","M","M","M","R","E","M","T","?","M","M","E","M","R","B",null,"M","M","$","M","?","R","E","?","T","R","?","M","?","E","R","B",null,"M","?","?","M","?","E","R","E","T","E","$","?","?","M","R","B","B",null,"R","$","E","B",null],"character_chosen":"THE_SILENT","items_purchased":["Snake Skull","OrangePellets","Catalyst+1","Bag of Preparation","Footwork"],"campfire_rested":1,"item_purchase_floors":[20,20,45,45,45],"current_hp_per_floor":[59,59,59,55,48,48,48,48,48,48,40,40,19,21,21,5,46,42,44,44,33,33,33,16,16,16,34,34,35,30,30,30,22,28,30,28,28,28,22,28,28,28,28,28,28,18,18,25,28,12,26,28,28,28,12,15],"gold":43,"neow_bonus":"BOSS_RELIC","is_daily":false,"chose_seed":false,"campfire_upgraded":4,"win_rate":0.0,"timestamp":1607656243,"path_taken":["M","?","M","M","?","R","E","M","T","?","M","M","E","M","R","BOSS","M","M","$","M","?","R","E","?","T","R","?","?","?","E","R","BOSS","M","?","?","?","?","E","R","E","T","E","$","?","?","M","R","BOSS","BOSS","R","$","E","BOSS"],"items_purchased_type":["Relic","Relic","Undefined","Relic","Card"],"build_version":"2020-11-30","purchased_purges":0,"victory":true,"max_hp_per_floor":[66,66,66,66,66,66,66,66,66,60,60,60,60,60,60,60,60,60,60,60,60,60,60,60,60,60,60,60,60,30,30,30,30,30,30,28,28,28,28,28,28,28,28,28,28,28,28,28,28,28,28,28,28,28,28,28],"relic_stats":{"counters":[29,147],"Astrolabe":["Bouncing Flask","Burst","Doppelganger"],"Eternal Feather":3,"Snake Skull":[167],"Bag of Preparation":[10],"Letter Opener":[219],"Whetstone":["Poisoned Stab","Neutralize"],"Blood Vial":20,"OrangePellets":[1],"Busted Crown":36,"Ornamental Fan":[60],"Bloody Idol":36,"Pantograph":32,"MealTicket":0,"obtain_stats":[{"Potion Belt":7,"Girya":39,"Golden Idol":10,"Astrolabe":0,"Eternal Feather":31,"Snake Skull":20,"Bag of Preparation":45,"Letter Opener":44,"Whetstone":55,"White Beast Statue":24,"Akabeko":28,"Blood Vial":13,"OrangePellets":20,"Busted Crown":17,"Ornamental Fan":9,"Bloody Idol":25,"Pantograph":42,"MealTicket":40,"Fusion Hammer":34,"Red Mask":47,"Toxic Egg 2":26,"Ring of the Snake":0},{"Potion Belt":5,"Girya":21,"Golden Idol":6,"Astrolabe":0,"Eternal Feather":17,"Snake Skull":13,"Bag of Preparation":24,"Letter Opener":24,"Whetstone":28,"White Beast Statue":15,"Akabeko":15,"Blood Vial":9,"OrangePellets":13,"Busted Crown":11,"Ornamental Fan":6,"Bloody Idol":15,"Pantograph":23,"MealTicket":22,"Fusion Hammer":18,"Red Mask":24,"Toxic Egg 2":15,"Ring of the Snake":0},{"Potion Belt":17,"Girya":87,"Golden Idol":21,"Astrolabe":0,"Eternal Feather":66,"Snake Skull":51,"Bag of Preparation":104,"Letter Opener":104,"Whetstone":139,"White Beast Statue":58,"Akabeko":58,"Blood Vial":34,"OrangePellets":51,"Busted Crown":44,"Ornamental Fan":21,"Bloody Idol":58,"Pantograph":99,"MealTicket":94,"Fusion Hammer":75,"Red Mask":104,"Toxic Egg 2":58,"Ring of the Snake":0}]},"card_choices":[{"not_picked":["Caltrops","Dodge and Roll"],"picked":"Poisoned Stab","floor":1.0},{"not_picked":["Prepared","Sucker Punch"],"picked":"Dash","floor":3.0},{"not_picked":["Sucker Punch","Backflip"],"picked":"Skewer","floor":4.0},{"not_picked":["Acrobatics","Eviscerate","Distraction"],"picked":"SKIP","floor":5.0},{"not_picked":["Prepared","Deflect"],"picked":"Bullet Time","floor":7.0},{"not_picked":["Bane","PiercingWail"],"picked":"Catalyst","floor":8.0},{"not_picked":["Bane","Riddle With Holes"],"picked":"PiercingWail","floor":11.0},{"not_picked":["Expertise","Sucker Punch","All Out Attack"],"picked":"SKIP","floor":12.0},{"not_picked":["Deadly Poison","Terror"],"picked":"Blur","floor":13.0},{"not_picked":["Finisher","Quick Slash","Dagger Spray"],"picked":"SKIP","floor":14.0},{"not_picked":["Die Die Die","Adrenaline"],"picked":"Night Terror","floor":16.0},{"not_picked":["Concentrate"],"picked":"SKIP","floor":18},{"not_picked":[],"picked":"Backflip","floor":19},{"not_picked":["Tactician"],"picked":"SKIP","floor":21},{"not_picked":["Outmaneuver"],"picked":"SKIP","floor":24},{"not_picked":["Quick Slash"],"picked":"SKIP","floor":29},{"not_picked":["Skewer"],"picked":"SKIP","floor":31},{"not_picked":[],"picked":"Tools of the Trade","floor":33},{"not_picked":[],"picked":"Backflip+1","floor":35},{"not_picked":[],"picked":"Cloak And Dagger+1","floor":38},{"not_picked":[],"picked":"Dodge and Roll+1","floor":40},{"not_picked":["Reflex+1"],"picked":"SKIP","floor":42},{"not_picked":[],"picked":"Leg Sweep+1","floor":44},{"not_picked":[],"picked":"Good Instincts+1","floor":46},{"not_picked":[],"picked":"Thinking Ahead+1","floor":46},{"not_picked":["Poisoned Stab"],"picked":"SKIP","floor":48},{"not_picked":["Deflect+1"],"picked":"SKIP","floor":55}],"player_experience":2727442,"relics_obtained":[{"floor":7.0,"key":"Potion Belt"},{"floor":9.0,"key":"Ornamental Fan"},{"floor":13.0,"key":"Blood Vial"},{"floor":24,"key":"White Beast Statue"},{"floor":26,"key":"Toxic Egg 2"},{"floor":31,"key":"Eternal Feather"},{"floor":39,"key":"Girya"},{"floor":40,"key":"MealTicket"},{"floor":42,"key":"Pantograph"},{"floor":44,"key":"Letter Opener"},{"floor":55,"key":"Whetstone"}],"event_choices":[{"damage_healed":0.0,"max_hp_gain":0.0,"max_hp_loss":0.0,"gold_gain":0.0,"cards_transformed":["Strike_G"],"event_name":"Transmorgrifier","player_choice":"Transformed","floor":2.0,"gold_loss":0.0,"damage_taken":0.0,"cards_obtained":["Crippling Poison"]},{"damage_healed":0.0,"max_hp_gain":0.0,"max_hp_loss":6.0,"gold_gain":0.0,"event_name":"Golden Idol","player_choice":"Lose Max HP","floor":10.0,"gold_loss":0.0,"damage_taken":0.0,"relics_obtained":["Golden Idol"]},{"damage_healed":0,"gold_gain":0,"cards_transformed":["Strike_G","Strike_G"],"player_choice":"Became Test Subject","damage_taken":0,"max_hp_gain":0,"max_hp_loss":0,"event_name":"Drug Dealer","floor":22,"gold_loss":0,"cards_obtained":["Setup","Dagger Throw"]},{"damage_healed":0,"gold_gain":0,"player_choice":"Gave Idol","damage_taken":0,"relics_obtained":["Bloody Idol"],"max_hp_gain":0,"max_hp_loss":0,"event_name":"Forgotten Altar","floor":25,"relics_lost":["Golden Idol"],"gold_loss":0},{"damage_healed":0,"gold_gain":0,"player_choice":"Paid Gold","damage_taken":0,"relics_obtained":["Akabeko"],"max_hp_gain":0,"max_hp_loss":0,"event_name":"WeMeetAgain","floor":28,"gold_loss":65},{"damage_healed":0,"gold_gain":0,"player_choice":"Became a Ghost","damage_taken":0,"max_hp_gain":0,"max_hp_loss":30,"event_name":"Ghosts","floor":30,"gold_loss":0,"cards_obtained":["Ghostly","Ghostly","Ghostly"]},{"damage_healed":0,"gold_gain":0,"player_choice":"Max HP","damage_taken":0,"max_hp_gain":0,"max_hp_loss":2,"event_name":"Winding Halls","floor":36,"gold_loss":0},{"cards_removed":["Defend_G"],"damage_healed":0,"gold_gain":0,"player_choice":"Removed Skill","damage_taken":0,"max_hp_gain":0,"max_hp_loss":0,"event_name":"Falling","floor":37,"gold_loss":0},{"damage_healed":0,"gold_gain":0,"player_choice":"Fight","damage_taken":0,"max_hp_gain":0,"max_hp_loss":0,"event_name":"Mysterious Sphere","floor":39,"gold_loss":0},{"damage_healed":0,"gold_gain":0,"player_choice":"Memory 3","damage_taken":10,"max_hp_gain":0,"max_hp_loss":0,"event_name":"SensoryStone","floor":46,"gold_loss":0},{"damage_healed":0,"gold_gain":0,"player_choice":"Paid","damage_taken":0,"relics_obtained":["Red Mask"],"max_hp_gain":0,"max_hp_loss":0,"event_name":"Tomb of Lord Red Mask","floor":47,"gold_loss":31}],"is_beta":false,"boss_relics":[{"not_picked":["Calling Bell","Pandora\u0027s Box"],"picked":"Busted Crown"},{"not_picked":["WristBlade","Philosopher\u0027s Stone"],"picked":"Fusion Hammer"}],"items_purged_floors":[],"is_endless":false,"potions_floor_spawned":[4,5,11,14,19,29,31,33,35,38,39,40,42,44,48,55],"ascension_level":20}}