{"host":"k6qwgpygxbgz06bg","time":1607711698,"event":{"mods":["BaseMod","Beaked The Cultist","Better Third Choice","BetterRewards","Colored Map","Friendly Minions","Marisa????????","Minty Spire (QoL Compilation)","Replay The Spire","StSLib","The Administrix","The Bug Knight","The Cursed","The Gatherer","The Mystic","The Witch"],"gold_per_floor":[110,33,33,48,48,48,73,73,73,86,98,123,123,141,141,237,237,224,5,21,21,41,41,59,86,111,111,140,140,140,55,55,158,158,173,173,173,173],"floor_reached":37,"playtime":2613,"items_purged":[],"score":814,"play_id":"21d3970a-8d94-4ed0-9c45-59de1c270a1e","local_time":"20201211193458","is_ascension_mode":false,"campfire_choices":[{"data":"mysticmod:Spellstrike","floor":6.0,"key":"SMITH"},{"data":"mysticmod:Dedication+2","floor":8.0,"key":"SMITH"},{"data":"mysticmod:Dedication+3","floor":23,"key":"SMITH"},{"data":"mysticmod:Dedication+4","floor":27,"key":"SMITH"},{"data":"mysticmod:Dedication+5","floor":29,"key":"SMITH"},{"data":"mysticmod:Dedication+6","floor":32,"key":"SMITH"}],"circlet_count":0,"master_deck":["mysticmod:Strike_Mystic","mysticmod:Strike_Mystic","mysticmod:Strike_Mystic","mysticmod:Strike_Mystic","mysticmod:Defend_Mystic","mysticmod:Defend_Mystic","mysticmod:Defend_Mystic","mysticmod:Defend_Mystic","mysticmod:ArcaneDodge","mysticmod:ShockingGrasp","Mayhem","mysticmod:Riposte","mysticmod:Dedication+7","mysticmod:Spellstrike+1","mysticmod:Flurry","mysticmod:SummonFamiliar","mysticmod:LightningBolt","mysticmod:Sideswipe","mysticmod:BladedDash+1","mysticmod:MirrorEntity","mysticmod:TomeOfSpells","mysticmod:FloatingDisk","mysticmod:BulkUp+1","mysticmod:Fly","mysticmod:PureInstinct","mysticmod:Grapple+1","Pot Of Greed","Pot Of Greed","Pot Of Greed","mysticmod:SpontaneousCaster","CurseOfTheBell","Madness","Madness"],"relics":["mysticmod:SpellBook","Replay:Rubber Ducky","Replay:Bottled Eggs","Torii","TungstenRod","Ring of Misfortune","Ring of Peace","Coffee Dripper","Simple Rune","Spirit Poop","Pondfish Scales","Gremlin Food","Grinning Jar","Divine Protection","Replay:Grab Bag","beaked:SacredNecklace","mysticmod:DeckOfManyThings","SlaversCollar","Calling Bell","Art of War","Replay:WaspNest","Replay:Multitool"],"acts_visited":["Exordium","TheCity","TheBeyond"],"potions_floor_usage":[37,37],"damage_taken":[{"damage":6.0,"enemies":"Small Slimes","floor":1.0,"turns":4.0},{"damage":1.0,"enemies":"Cultist","floor":4.0,"turns":3.0},{"damage":11.0,"enemies":"Gremlin Nob","floor":7.0,"turns":4.0},{"damage":0.0,"enemies":"2 Louse","floor":10.0,"turns":3.0},{"damage":1.0,"enemies":"Large Slime","floor":11.0,"turns":6.0},{"damage":9.0,"enemies":"3 Sentries","floor":12.0,"turns":8.0},{"damage":0.0,"enemies":"Lots of Slimes","floor":14.0,"turns":4.0},{"damage":0.0,"enemies":"Slime Boss","floor":16.0,"turns":7.0},{"damage":0,"enemies":"2 Thieves","floor":18,"turns":4},{"damage":0,"enemies":"Spheric Guardian","floor":20,"turns":5},{"damage":0,"enemies":"Chosen and Byrds","floor":22,"turns":8},{"damage":0,"enemies":"3 Cultists","floor":24,"turns":5},{"damage":0,"enemies":"Slavers","floor":25,"turns":8},{"damage":0,"enemies":"Replay:Snechameleon","floor":28,"turns":6},{"damage":0,"enemies":"Pondfish","floor":33,"turns":9},{"damage":0,"enemies":"Orb Walker","floor":35,"turns":5},{"damage":74,"enemies":"2 Orb Walkers","floor":37,"turns":9}],"seed_played":"6585509921235611061","potions_obtained":[{"floor":1.0,"key":"Weak Potion"},{"floor":4.0,"key":"SpeedPotion"},{"floor":11.0,"key":"Adrenaline Potion"},{"floor":14.0,"key":"CultistPotion"},{"floor":25,"key":"EssenceOfSteel"},{"floor":28,"key":"Cursed Concoction"}],"is_trial":false,"path_per_floor":["M","$","?","M","?","R","E","R","T","M","M","E","?","M","R_BF","B",null,"M","$","M","?","M","R","M","E","T","R","E","R","?","?","R","B",null,"M","?","?"],"character_chosen":"MYSTIC_CLASS","items_purchased":["mysticmod:Dedication","Simple Rune","mysticmod:FloatingDisk"],"campfire_rested":0,"item_purchase_floors":[2,19,19],"current_hp_per_floor":[50,50,50,49,37,37,26,26,26,26,25,16,16,16,39,39,77,77,77,77,77,77,77,77,77,77,77,77,77,77,77,77,77,77,77,68,0,0],"gold":173,"neow_bonus":"RANDOM_COLORLESS_2","is_daily":false,"chose_seed":false,"campfire_upgraded":6,"win_rate":0.0,"timestamp":1607711698,"path_taken":["M","$","?","?","?","R","E","R","T","M","M","E","?","M","R_BF","BOSS","M","$","M","?","M","R","?","E","T","R","E","R","?","?","R","BOSS","M","?","?"],"items_purchased_type":["Card","Relic","Card"],"build_version":"2020-11-30","purchased_purges":0,"victory":false,"max_hp_per_floor":[77,77,77,77,77,77,77,77,77,77,77,77,77,77,77,77,77,77,77,77,77,77,77,77,77,77,77,77,77,77,77,77,77,77,77,77,77,77],"card_choices":[{"not_picked":["HandOfGreed","Chrysalis"],"picked":"Mayhem","floor":0.0},{"not_picked":["mysticmod:Alacrity","mysticmod:SuddenClarity"],"picked":"mysticmod:Riposte","floor":1.0},{"not_picked":["mysticmod:LightningBolt","mysticmod:EarthenWall"],"picked":"mysticmod:Spellstrike","floor":4.0},{"not_picked":["mysticmod:Shield","mysticmod:Probe"],"picked":"mysticmod:Flurry","floor":7.0},{"not_picked":["mysticmod:BladedDash","mysticmod:PowerSlash"],"picked":"mysticmod:SummonFamiliar","floor":10.0},{"not_picked":["mysticmod:EarthenWall","mysticmod:Fireball"],"picked":"mysticmod:LightningBolt","floor":11.0},{"not_picked":["mysticmod:Probe","mysticmod:PowerAttack"],"picked":"mysticmod:Sideswipe","floor":12.0},{"not_picked":["mysticmod:PowerAttack","mysticmod:Shield"],"picked":"mysticmod:BladedDash","floor":14.0},{"not_picked":["mysticmod:SpontaneousCaster","mysticmod:ObscuringMist"],"picked":"mysticmod:MirrorEntity","floor":16.0},{"not_picked":["mysticmod:Snowball","mysticmod:HeavyStrike"],"picked":"mysticmod:TomeOfSpells","floor":18},{"not_picked":["mysticmod:Riposte+1","mysticmod:PunishingArmor"],"picked":"mysticmod:BulkUp+1","floor":20},{"not_picked":["mysticmod:Snowball","mysticmod:BladedDash"],"picked":"mysticmod:Fly","floor":22},{"not_picked":["mysticmod:Probe","mysticmod:Riposte+1"],"picked":"mysticmod:PureInstinct","floor":24},{"not_picked":["mysticmod:ComboCaster","mysticmod:IllusionOfCalm+1"],"picked":"mysticmod:Grapple+1","floor":25},{"not_picked":["mysticmod:Daze","mysticmod:Sideswipe","mysticmod:PureInstinct"],"picked":"SKIP","floor":28},{"not_picked":["mysticmod:Disintegrate","mysticmod:Discipline"],"picked":"mysticmod:SpontaneousCaster","floor":33},{"not_picked":["mysticmod:Riposte+1","mysticmod:PowerSlash+1","mysticmod:CorrosiveTouch+1"],"picked":"SKIP","floor":35}],"player_experience":144625,"relics_obtained":[{"floor":7.0,"key":"Replay:Bottled Eggs"},{"floor":9.0,"key":"Torii"},{"floor":12.0,"key":"TungstenRod"},{"floor":13.0,"key":"Ring of Misfortune"},{"floor":13.0,"key":"Ring of Peace"},{"floor":25,"key":"Pondfish Scales"},{"floor":26,"key":"Gremlin Food"},{"floor":28,"key":"Grinning Jar"},{"floor":34,"key":"Art of War"},{"floor":34,"key":"Replay:WaspNest"},{"floor":34,"key":"Replay:Multitool"}],"event_choices":[{"damage_healed":0.0,"max_hp_gain":0.0,"max_hp_loss":0.0,"gold_gain":0.0,"event_name":"Upgrade Shrine","player_choice":"Upgraded","floor":3.0,"gold_loss":0.0,"damage_taken":0.0,"cards_upgraded":["mysticmod:Dedication"]},{"damage_healed":0.0,"max_hp_gain":0.0,"max_hp_loss":0.0,"gold_gain":0.0,"event_name":"betterThird:BetterScrap","player_choice":"Relic ","floor":5.0,"gold_loss":0.0,"damage_taken":12.0,"cards_obtained":["Rupture"]},{"cards_removed":["Looming Evil"],"damage_healed":0,"gold_gain":0,"player_choice":"Offered Curse","damage_taken":0,"relics_obtained":["Spirit Poop"],"max_hp_gain":0,"max_hp_loss":0,"event_name":"Bonfire Elementals","floor":21,"gold_loss":0},{"damage_healed":0,"gold_gain":0,"player_choice":"Obtained Relic","damage_taken":0,"relics_obtained":["Divine Protection"],"max_hp_gain":0,"max_hp_loss":0,"event_name":"Addict","floor":31,"gold_loss":85},{"damage_healed":0,"gold_gain":0,"player_choice":"Embrace Madness","damage_taken":10,"max_hp_gain":0,"max_hp_loss":0,"event_name":"Winding Halls","floor":36,"gold_loss":0,"cards_obtained":["Madness","Madness"]},{"damage_healed":0,"gold_gain":0,"player_choice":"Fight","damage_taken":0,"max_hp_gain":0,"max_hp_loss":0,"event_name":"Mysterious Sphere","floor":37,"gold_loss":0}],"is_beta":false,"boss_relics":[{"not_picked":["Cursed Key","Black Star"],"picked":"Coffee Dripper"},{"not_picked":["Busted Crown","ReplayTheSpireMod:DimensionalGlitch"],"picked":"Replay:Grab Bag"},{"not_picked":["Replay:Bronze Core","Philosopher\u0027s Stone"],"picked":"beaked:SacredNecklace"},{"not_picked":["Runic Dome","Velvet Choker"],"picked":"mysticmod:DeckOfManyThings"},{"not_picked":["beaked:SacredDeck","mysticmod:BlessedBook"],"picked":"SlaversCollar"},{"not_picked":["Ring of Chaos","SacredBark"],"picked":"Calling Bell"}],"items_purged_floors":[],"is_endless":false,"potions_floor_spawned":[1,4,11,14,25,28,33,35],"killed_by":"2 Orb Walkers","ascension_level":0}}