{"host":"ia6vzboaxs0e83w2","time":1607691592,"event":{"mods":["2.2 Compatiblity","AchievementEnabler","BaseMod","Colored Map","DeckTracker","Highlight Path","Minty Spire (QoL Compilation)","Random Character Button","StSLib"],"gold_per_floor":[119,134,148,161,236,236,236,262,285,285,314,326,336,336,336,434,434,444,270,286,297,297,297,297],"floor_reached":23,"playtime":1144,"items_purged":[],"score":203,"play_id":"75f9570d-8b6b-4c48-95d5-398f1cda9093","local_time":"20201211135952","is_ascension_mode":false,"campfire_choices":[{"data":"Anger","floor":6.0,"key":"SMITH"},{"data":"Inflame","floor":10.0,"key":"SMITH"},{"floor":15.0,"key":"REST"}],"circlet_count":0,"master_deck":["Strike_R","Strike_R","Strike_R","Strike_R","Strike_R","Defend_R","Defend_R","Defend_R","Defend_R","Bash","Armaments","Anger+1","Armaments","Flex","Rage","Inflame+1","Thunderclap","Twin Strike","Spot Weakness","Demon Form","Pommel Strike","Shrug It Off","Heavy Blade"],"relics":["Black Blood","Centennial Puzzle","Red Skull","Anchor","Lantern"],"acts_visited":["Exordium","TheCity"],"potions_floor_usage":[21,23],"damage_taken":[{"damage":9.0,"enemies":"Cultist","floor":1.0,"turns":4.0},{"damage":3.0,"enemies":"2 Louse","floor":2.0,"turns":3.0},{"damage":1.0,"enemies":"Jaw Worm","floor":3.0,"turns":4.0},{"damage":0.0,"enemies":"2 Fungi Beasts","floor":4.0,"turns":4.0},{"damage":10.0,"enemies":"Lagavulin","floor":8.0,"turns":6.0},{"damage":32.0,"enemies":"Gremlin Nob","floor":11.0,"turns":4.0},{"damage":3.0,"enemies":"Gremlin Gang","floor":12.0,"turns":5.0},{"damage":0.0,"enemies":"3 Louse","floor":13.0,"turns":4.0},{"damage":41,"enemies":"Hexaghost","floor":16,"turns":10},{"damage":42,"enemies":"Spheric Guardian","floor":18,"turns":7},{"damage":19,"enemies":"Shell Parasite","floor":20,"turns":4},{"damage":10,"enemies":"Cultist and Chosen","floor":21,"turns":5},{"damage":68,"enemies":"Slavers","floor":23,"turns":4}],"seed_played":"6720872464220597456","potions_obtained":[{"floor":1.0,"key":"DistilledChaos"},{"floor":2.0,"key":"ElixirPotion"},{"floor":8.0,"key":"SneckoOil"},{"floor":11.0,"key":"PowerPotion"},{"floor":18,"key":"Weak Potion"},{"floor":21,"key":"GamblersBrew"}],"is_trial":false,"path_per_floor":["M","M","M","M","?","R","?","E","T","R","E","M","M","?","R","B",null,"M","$","M","M","?","E"],"character_chosen":"IRONCLAD","items_purchased":["Lantern","Shrug It Off"],"campfire_rested":1,"item_purchase_floors":[19,19],"current_hp_per_floor":[77,80,80,80,69,69,74,70,70,70,44,47,53,53,78,43,85,55,55,48,50,55,0,0],"gold":297,"neow_bonus":"THREE_CARDS","is_daily":false,"chose_seed":false,"campfire_upgraded":2,"win_rate":0.0,"timestamp":1607691592,"path_taken":["M","M","M","M","?","R","?","E","T","R","E","M","M","?","R","BOSS","M","$","M","M","?","E"],"items_purchased_type":["Relic","Card"],"build_version":"2020-11-30","purchased_purges":0,"victory":false,"max_hp_per_floor":[80,80,80,80,80,80,85,85,85,85,85,85,85,85,85,85,85,85,85,85,85,85,85,85],"card_choices":[{"not_picked":["Body Slam","Combust"],"picked":"Armaments","floor":0.0},{"not_picked":["Clothesline","Thunderclap"],"picked":"Anger","floor":1.0},{"not_picked":["Pommel Strike","Whirlwind"],"picked":"Armaments","floor":2.0},{"not_picked":["Cleave","Blood for Blood"],"picked":"Flex","floor":3.0},{"not_picked":["Perfected Strike","Offering"],"picked":"Rage","floor":4.0},{"not_picked":["Shrug It Off","Fire Breathing"],"picked":"Inflame","floor":8.0},{"not_picked":["Warcry","Blood for Blood"],"picked":"Thunderclap","floor":11.0},{"not_picked":["Flex","Sentinel"],"picked":"Twin Strike","floor":12.0},{"not_picked":["Iron Wave","Bloodletting"],"picked":"Spot Weakness","floor":13.0},{"not_picked":["Brutality","Corruption"],"picked":"Demon Form","floor":16},{"not_picked":["Ghostly Armor","Hemokinesis"],"picked":"Pommel Strike","floor":18},{"not_picked":["Reckless Charge","Searing Blow"],"picked":"Flex","floor":20},{"not_picked":["Havoc+1","Warcry"],"picked":"Heavy Blade","floor":21}],"player_experience":434450,"relics_obtained":[{"floor":8.0,"key":"Centennial Puzzle"},{"floor":9.0,"key":"Red Skull"},{"floor":11.0,"key":"Anchor"}],"event_choices":[{"damage_healed":0.0,"max_hp_gain":0.0,"max_hp_loss":0.0,"gold_gain":75.0,"event_name":"World of Goop","player_choice":"Gather Gold","floor":5.0,"gold_loss":0.0,"damage_taken":11.0},{"damage_healed":0.0,"max_hp_gain":5.0,"max_hp_loss":0.0,"gold_gain":0.0,"event_name":"Big Fish","player_choice":"Donut","floor":7.0,"gold_loss":0.0,"damage_taken":0.0},{"damage_healed":0.0,"max_hp_gain":0.0,"max_hp_loss":0.0,"gold_gain":0.0,"event_name":"Golden Wing","player_choice":"Ignored","floor":14.0,"gold_loss":0.0,"damage_taken":0.0},{"cards_removed":["Flex"],"damage_healed":5,"gold_gain":0,"player_choice":"Offered Common","damage_taken":0,"max_hp_gain":0,"max_hp_loss":0,"event_name":"Bonfire Elementals","floor":22,"gold_loss":0},{"cards_removed":["Flex"],"damage_healed":5,"gold_gain":0,"player_choice":"Offered Special","damage_taken":0,"max_hp_gain":0,"max_hp_loss":0,"event_name":"Bonfire Elementals","floor":22,"gold_loss":0}],"is_beta":false,"boss_relics":[{"not_picked":["Cursed Key","Sozu"],"picked":"Black Blood"}],"items_purged_floors":[],"is_endless":false,"potions_floor_spawned":[1,2,8,11,18,21],"killed_by":"Slavers","ascension_level":0}}