{"host":"nn0usk9aafse27ii","time":1607702234,"event":{"mods":["BaseMod","Colored Map","Highlight Path","Minty Spire (QoL Compilation)","Shop Mod","StSLib","The Cursed"],"gold_per_floor":[114,114,132,146,146,178,195,195,222,250,250,525,132,148,148,148,148],"floor_reached":16,"playtime":1682,"items_purged":["TheCursedMod:Strike_TheCursed"],"score":110,"play_id":"f0c0bed8-a081-4304-9aec-3b399a4acc65","local_time":"20201211075714","is_ascension_mode":false,"campfire_choices":[{"data":"TheCursedMod:ForbiddenAlchemy","floor":8,"key":"SMITH"},{"data":"TheCursedMod:SoulReap","floor":11,"key":"SMITH"},{"data":"TheCursedMod:CursedArmor","floor":15,"key":"SMITH"}],"circlet_count":0,"master_deck":["TheCursedMod:Strike_TheCursed","TheCursedMod:Strike_TheCursed","TheCursedMod:Strike_TheCursed","TheCursedMod:Defend_TheCursed","TheCursedMod:Defend_TheCursed","TheCursedMod:Defend_TheCursed","TheCursedMod:Defend_TheCursed","TheCursedMod:CursedWand","TheCursedMod:CleanUpWorkshop","TheCursedMod:Dregs","TheCursedMod:ForbiddenAlchemy+1","TheCursedMod:SoulReap+1","TheCursedMod:CursedBlade","TheCursedMod:WearCloak","TheCursedMod:SoulReap","TheCursedMod:CircleOfAbyss","TheCursedMod:CircleOfAbyss","Regret","Master of Strategy","TheCursedMod:CursedArmor+1"],"relics":["TheCursedMod:BlackMagic101","Lantern","Regal Pillow","Bronze Scales","Letter Opener","Toolbox"],"acts_visited":["Exordium"],"potions_floor_usage":[3,3,3,4,4,4,6,6,7,7,7,7,14,16,16,16,16,16,16],"damage_taken":[{"damage":0,"enemies":"Jaw Worm","floor":1,"turns":6},{"damage":3,"enemies":"Small Slimes","floor":3,"turns":3},{"damage":0,"enemies":"Cultist","floor":4,"turns":3},{"damage":58,"enemies":"Gremlin Nob","floor":6,"turns":6},{"damage":25,"enemies":"Large Slime","floor":7,"turns":7},{"damage":12,"enemies":"3 Sentries","floor":10,"turns":9},{"damage":0,"enemies":"Exordium Thugs","floor":14,"turns":4},{"damage":70,"enemies":"Hexaghost","floor":16,"turns":15}],"seed_played":"-7333999067414043324","potions_obtained":[{"floor":1,"key":"FearPotion"},{"floor":6,"key":"TheCursedMod:DregsPotion"},{"floor":10,"key":"Energy Potion"}],"is_trial":false,"path_per_floor":["M","?","M","M","?","E","M","R","T","E","R","?","$","M","R","B"],"character_chosen":"THE_CURSED","items_purchased":["Toolbox","Master of Strategy"],"campfire_rested":0,"item_purchase_floors":[13,13],"current_hp_per_floor":[75,75,72,75,75,22,5,5,5,3,3,3,3,15,15,0,0],"gold":148,"neow_bonus":"ONE_RANDOM_RARE_CARD","is_daily":false,"chose_seed":false,"campfire_upgraded":3,"win_rate":0.0,"timestamp":1607702234,"path_taken":["M","?","M","M","?","E","?","R","T","E","R","?","?","M","R","BOSS"],"items_purchased_type":["Relic","Card"],"build_version":"2020-11-30","purchased_purges":1,"victory":false,"max_hp_per_floor":[75,75,75,75,75,75,75,75,75,75,75,75,75,75,75,75,75],"card_choices":[{"not_picked":["TheCursedMod:CursedShiv","TheCursedMod:PrepareRite"],"picked":"TheCursedMod:SoulReap","floor":1},{"not_picked":["TheCursedMod:FleshFromBone","TheCursedMod:VitalStrike"],"picked":"TheCursedMod:CursedBlade","floor":3},{"not_picked":["TheCursedMod:PrepareRite","TheCursedMod:HellsGateOpen"],"picked":"TheCursedMod:WearCloak","floor":4},{"not_picked":["TheCursedMod:VitalStrike","TheCursedMod:CursedMace"],"picked":"TheCursedMod:SoulReap","floor":6},{"not_picked":["TheCursedMod:TroublousMinions","TheCursedMod:SpitefulStrike"],"picked":"TheCursedMod:CircleOfAbyss","floor":7},{"not_picked":["TheCursedMod:SoulReap","TheCursedMod:Mangle"],"picked":"TheCursedMod:CircleOfAbyss","floor":10},{"not_picked":["TheCursedMod:RavingStaff","TheCursedMod:SaltUponWound"],"picked":"TheCursedMod:CursedArmor","floor":14}],"player_experience":266481,"relics_obtained":[{"floor":6,"key":"Regal Pillow"},{"floor":9,"key":"Bronze Scales"},{"floor":10,"key":"Letter Opener"}],"event_choices":[{"damage_healed":0,"gold_gain":0,"player_choice":"Ignored","damage_taken":0,"max_hp_gain":0,"max_hp_loss":0,"event_name":"Shining Light","floor":2,"gold_loss":0},{"damage_healed":0,"gold_gain":0,"player_choice":"Gave Potion","damage_taken":0,"relics_obtained":["Lantern"],"max_hp_gain":0,"max_hp_loss":0,"event_name":"WeMeetAgain","floor":5,"gold_loss":0},{"damage_healed":0,"gold_gain":275,"player_choice":"Desecrate","damage_taken":0,"max_hp_gain":0,"max_hp_loss":0,"event_name":"Golden Shrine","floor":12,"gold_loss":0,"cards_obtained":["Regret"]}],"is_beta":false,"boss_relics":[],"items_purged_floors":[13],"is_endless":false,"potions_floor_spawned":[1,6,10],"killed_by":"Hexaghost","ascension_level":0}}