{"host":"hc8xbdd8p6sd75vx","time":1607662946,"event":{"mods":["AchievementEnabler","AlwaysNeverKeys","BaseMod","Better Altar","Better Match","Better Sensory Stone","Better Skull","Better Third Choice","Colored Map","Hermit","Minty Spire (QoL Compilation)","Quick Restart","Shade Mod","Spicy Shops","StSLib","The Servant 0.9.4"],"gold_per_floor":[119,137,155,174,192,192,227,227,273,351,370,93,93,124,124,225,275,287,305,153,164,364,364,364],"floor_reached":23,"playtime":980,"items_purged":[],"score":333,"play_id":"bbb02ea0-ae98-4a01-95ae-3d82710f67cd","local_time":"20201210210226","is_ascension_mode":true,"campfire_choices":[{"data":"Inflame","floor":6,"key":"SMITH"},{"floor":8,"key":"REST"},{"floor":15,"key":"REST"}],"circlet_count":0,"master_deck":["Strike_R","Strike_R","Strike_R","Strike_R","Strike_R","Defend_R","Defend_R","Defend_R","Defend_R","Bash","Thunderclap","Inflame+1","Thunderclap","Anger","Heavy Blade","Combust","Armaments","Rupture","Heavy Blade","Flash of Steel+1","Rampage","Limit Break","Infernal Blade","Infernal Blade","Rampage+1","Ghostly Armor"],"relics":["Sozu","Eternal Feather","Toy Ornithopter","Vajra","Question Card","Tiny House","Oddly Smooth Stone"],"acts_visited":["Exordium","TheCity"],"potions_floor_usage":[],"damage_taken":[{"damage":1,"enemies":"Cultist","floor":1,"turns":4},{"damage":4,"enemies":"Jaw Worm","floor":2,"turns":3},{"damage":8,"enemies":"2 Louse","floor":3,"turns":2},{"damage":6,"enemies":"Gremlin Gang","floor":4,"turns":3},{"damage":3,"enemies":"Blue Slaver","floor":5,"turns":2},{"damage":21,"enemies":"Gremlin Nob","floor":7,"turns":4},{"damage":15,"enemies":"Red Slaver","floor":11,"turns":3},{"damage":28,"enemies":"Lagavulin","floor":14,"turns":4},{"damage":38,"enemies":"Hexaghost","floor":16,"turns":6},{"damage":6,"enemies":"Spheric Guardian","floor":18,"turns":3},{"damage":14,"enemies":"Chosen","floor":19,"turns":3},{"damage":13,"enemies":"Centurion and Healer","floor":21,"turns":5},{"damage":52,"enemies":"Book of Stabbing","floor":23,"turns":4}],"seed_played":"7975722767942300813","potions_obtained":[],"is_trial":false,"path_per_floor":["M","M","M","M","M","R","E","R","T","?","M","$","?","E","R","B",null,"M","M","$","M","?","E"],"character_chosen":"IRONCLAD","items_purchased":["Vajra","Rupture","Heavy Blade","Oddly Smooth Stone"],"campfire_rested":2,"item_purchase_floors":[12,12,12,20],"current_hp_per_floor":[79,75,67,61,58,58,37,70,70,70,55,55,55,27,63,25,85,79,65,65,52,52,0,0],"gold":364,"neow_bonus":"BOSS_RELIC","is_daily":false,"chose_seed":false,"campfire_upgraded":1,"win_rate":0.0,"timestamp":1607662946,"path_taken":["M","?","?","M","M","R","E","R","T","?","M","$","?","E","R","BOSS","M","M","$","?","?","E"],"items_purchased_type":["Relic","Card","Card","Relic"],"build_version":"2020-11-30","purchased_purges":0,"victory":false,"max_hp_per_floor":[80,80,80,80,80,80,80,80,80,80,80,80,80,80,80,80,85,85,85,85,85,85,85,85],"card_choices":[{"not_picked":["Pommel Strike","Twin Strike"],"picked":"Thunderclap","floor":1},{"not_picked":["Carnage","Thunderclap"],"picked":"Inflame","floor":2},{"not_picked":["Ghostly Armor","Pommel Strike"],"picked":"Thunderclap","floor":3},{"not_picked":["Clothesline","Headbutt"],"picked":"Anger","floor":4},{"not_picked":["Dual Wield","Shrug It Off"],"picked":"Heavy Blade","floor":5},{"not_picked":["Anger","Shockwave"],"picked":"Combust","floor":7},{"not_picked":["Heavy Blade","Juggernaut"],"picked":"Armaments","floor":11},{"not_picked":["Master of Strategy","The Bomb"],"picked":"Flash of Steel","floor":13},{"not_picked":["Clash","Entrench"],"picked":"Rampage","floor":14},{"not_picked":["Feed","Immolate","Exhume"],"picked":"Limit Break","floor":16},{"not_picked":["Dark Embrace","Warcry","Sword Boomerang"],"picked":"Infernal Blade","floor":17},{"not_picked":["Heavy Blade","Bloodletting","Intimidate"],"picked":"Infernal Blade","floor":18},{"not_picked":["Havoc+1","Wild Strike+1","Body Slam"],"picked":"Rampage+1","floor":19},{"not_picked":["True Grit","Thunderclap","Perfected Strike"],"picked":"Ghostly Armor","floor":21}],"player_experience":208989,"relics_obtained":[{"floor":7,"key":"Eternal Feather"},{"floor":9,"key":"Toy Ornithopter"},{"floor":14,"key":"Question Card"}],"event_choices":[{"damage_healed":0,"gold_gain":78,"player_choice":"Gained Gold","damage_taken":0,"max_hp_gain":0,"max_hp_loss":0,"event_name":"Golden Wing","floor":10,"gold_loss":0},{"damage_healed":0,"gold_gain":1,"player_choice":"1","damage_taken":0,"max_hp_gain":0,"max_hp_loss":0,"event_name":"betterStone:BetterStone","floor":13,"gold_loss":0},{"damage_healed":0,"gold_gain":250,"player_choice":"Bet on Owner","damage_taken":0,"max_hp_gain":0,"max_hp_loss":0,"event_name":"The Joust","floor":22,"gold_loss":50}],"is_beta":false,"boss_relics":[{"not_picked":["Philosopher\u0027s Stone","Empty Cage"],"picked":"Tiny House"}],"items_purged_floors":[],"is_endless":false,"potions_floor_spawned":[5,11,14,16,18,21],"killed_by":"Book of Stabbing","ascension_level":2}}