{"host":"jxajaf4sdikd2b60","time":1607663512,"event":{"mods":["AchievementEnabler","BaseMod","Better Match","Better Note","Better Skull","Better Third Choice","BetterRewards","Colored Powertips","Custom Start","Infinite Spire","Minty Spire (QoL Compilation)","Quick Restart","Random Character Button","Spicy Shops","StSLib"],"gold_per_floor":[116,116,134,149,149,149,159,159,159,109,109,109,109,109,109,205,205,224,123,323,273,201,201,201,219,219,219,219,219,250,186,186,288,288,303,353,403,503,522,556,556,556,556],"floor_reached":42,"playtime":1258,"items_purged":["Strike_B","Strike_B","Strike_B","Defend_B"],"score":451,"play_id":"084f1c45-d634-49b0-9c07-40187354cac9","local_time":"20201211001152","is_ascension_mode":false,"campfire_choices":[{"data":"Zap","floor":6,"key":"SMITH"},{"data":"Defragment","floor":8,"key":"SMITH"},{"data":"Redo","floor":12,"key":"SMITH"},{"floor":15,"key":"REST"},{"data":"Defend_B","floor":15,"key":"SMITH"},{"data":"Thunder Strike","floor":23,"key":"SMITH"},{"data":"Leap","floor":27,"key":"SMITH"},{"data":"Dualcast","floor":29,"key":"SMITH"},{"floor":32,"key":"REST"},{"data":"Electrodynamics","floor":32,"key":"SMITH"},{"floor":41,"key":"REST"},{"data":"Leap","floor":41,"key":"SMITH"}],"circlet_count":0,"master_deck":["Defend_B+1","Zap+1","Dualcast+1","Defragment+1","Ball Lightning","Ball Lightning","The Bomb","Conserve Battery","Redo+1","Leap+1","Thunder Strike+1","Leap+1","Defragment+1","Hologram+1","Electrodynamics+1","Capacitor","Defragment","BootSequence+1"],"relics":["Burning Blood","Cauldron","Juzu Bracelet","Membership Card","infinitespire:Cubic Diamond","Bottled Lightning","infinitespire:Magic Flask","Empty Cage","DollysMirror","SsserpentHead","Meat on the Bone","Dream Catcher","infinitespire:Beetle Shell","Ginger","Prayer Wheel"],"acts_visited":["Exordium","TheCity","TheBeyond"],"potions_floor_usage":[30,35,39,39,39,40,42],"damage_taken":[{"damage":7,"enemies":"2 Louse","floor":1,"turns":2},{"damage":0,"enemies":"Small Slimes","floor":3,"turns":3},{"damage":4,"enemies":"Cultist","floor":4,"turns":4},{"damage":0,"enemies":"Exordium Wildlife","floor":7,"turns":3},{"damage":14,"enemies":"Slime Boss","floor":16,"turns":6},{"damage":6,"enemies":"Shell Parasite","floor":18,"turns":4},{"damage":3,"enemies":"Chosen","floor":25,"turns":3},{"damage":25,"enemies":"Slavers","floor":30,"turns":4},{"damage":18,"enemies":"Automaton","floor":33,"turns":6},{"damage":8,"enemies":"3 Shapes","floor":35,"turns":2},{"damage":36,"enemies":"Mind Bloom Boss Battle","floor":38,"turns":7},{"damage":32,"enemies":"3 Darklings","floor":39,"turns":4},{"damage":0,"enemies":"Nemesis","floor":40,"turns":1},{"damage":81,"enemies":"Giant Head","floor":42,"turns":7}],"seed_played":"7769674045098013245","potions_obtained":[{"floor":0,"key":"DistilledChaos"},{"floor":0,"key":"infinitespire:BlackPotion"},{"floor":0,"key":"Energy Potion"},{"floor":5,"key":"EntropicBrew"},{"floor":30,"key":"SneckoOil"},{"floor":40,"key":"SkillPotion"}],"is_trial":false,"path_per_floor":["M","?","M","M","?","R","M","R","T","?","?","R","?","?","R","B",null,"M","$","?","?","$","R","?","M","T","R","AVR","R","E","$","R","B",null,"M","?","?","?","M","E","R","E"],"character_chosen":"DEFECT","items_purchased":["Defragment","Cauldron","Juzu Bracelet","Membership Card","Ball Lightning","Ball Lightning","Leap","DollysMirror","Electrodynamics"],"campfire_rested":3,"item_purchase_floors":[0,0,0,0,0,0,19,22,31],"current_hp_per_floor":[33,33,39,41,41,41,47,47,47,47,47,47,47,22,44,36,75,75,75,75,75,75,75,75,75,75,75,75,75,56,56,75,63,75,73,73,71,53,39,45,66,0,0],"gold":556,"neow_bonus":"","is_daily":false,"chose_seed":false,"campfire_upgraded":9,"win_rate":0.0,"timestamp":1607663512,"path_taken":["M","?","M","M","?","R","M","R","T","?","?","R","?","?","R","BOSS","M","$","?","?","$","R","?","M","T","R","AVR","R","E","?","R","BOSS","M","?","?","?","M","E","R","E"],"items_purchased_type":["Card","Relic","Relic","Relic","Card","Card","Card","Relic","Card"],"build_version":"2020-11-30","purchased_purges":4,"victory":false,"max_hp_per_floor":[75,75,75,75,75,75,75,75,75,75,75,75,75,75,75,75,75,75,75,75,75,75,75,75,75,75,75,75,75,75,75,75,75,75,75,75,71,71,71,71,71,71,71],"card_choices":[{"not_picked":["Storm","Cold Snap"],"picked":"Conserve Battery","floor":1},{"not_picked":["Rebound","Beam Cell"],"picked":"Redo","floor":3},{"not_picked":["Echo Form","Sweeping Beam"],"picked":"Leap","floor":4},{"not_picked":["Gash","Force Field","Doom and Gloom"],"picked":"SKIP","floor":7},{"not_picked":["Hyperbeam","Core Surge"],"picked":"Thunder Strike","floor":16},{"not_picked":["Tempest","Steam","Rebound"],"picked":"SKIP","floor":18},{"not_picked":["Force Field","Static Discharge","Undo"],"picked":"SKIP","floor":25},{"not_picked":["Creative AI","Reinforced Body"],"picked":"Hologram+1","floor":30},{"not_picked":["Chill+1","Turbo+1"],"picked":"Capacitor","floor":35},{"not_picked":["Stack","FTL"],"picked":"Defragment","floor":38},{"not_picked":["Compile Driver","Turbo","FTL+1"],"picked":"SKIP","floor":39},{"not_picked":["Barrage+1","Reboot","Consume"],"picked":"SKIP","floor":40},{"not_picked":["Compile Driver","Streamline"],"picked":"BootSequence+1","floor":41}],"player_experience":538731,"relics_obtained":[{"floor":9,"key":"Bottled Lightning"},{"floor":26,"key":"Meat on the Bone"},{"floor":30,"key":"infinitespire:Beetle Shell"},{"floor":38,"key":"Ginger"},{"floor":40,"key":"Prayer Wheel"}],"event_choices":[{"damage_healed":0,"gold_gain":0,"player_choice":"Got Potions","damage_taken":0,"max_hp_gain":0,"max_hp_loss":0,"event_name":"Lab","floor":5,"gold_loss":0},{"cards_removed":["Strike_B"],"damage_healed":0,"gold_gain":0,"player_choice":"Card Removal","damage_taken":0,"max_hp_gain":0,"max_hp_loss":0,"event_name":"The Cleric","floor":10,"gold_loss":50},{"damage_healed":0,"gold_gain":0,"player_choice":"Bought 0 Potions","damage_taken":0,"max_hp_gain":0,"max_hp_loss":0,"event_name":"The Woman in Blue","floor":11,"gold_loss":0},{"damage_healed":0,"gold_gain":0,"player_choice":"Relic ","damage_taken":25,"max_hp_gain":0,"max_hp_loss":0,"event_name":"betterThird:BetterScrap","floor":14,"gold_loss":0,"cards_obtained":["Ragnarok"]},{"damage_healed":0,"gold_gain":200,"player_choice":"Gold","damage_taken":0,"max_hp_gain":0,"max_hp_loss":0,"event_name":"Wheel of Change","floor":20,"gold_loss":0},{"damage_healed":0,"gold_gain":0,"player_choice":"Bet on Owner","damage_taken":0,"max_hp_gain":0,"max_hp_loss":0,"event_name":"The Joust","floor":21,"gold_loss":50},{"damage_healed":0,"gold_gain":0,"player_choice":"Trade","damage_taken":0,"relics_obtained":["SsserpentHead"],"max_hp_gain":0,"max_hp_loss":0,"event_name":"FaceTrader","floor":24,"gold_loss":0},{"damage_healed":0,"gold_gain":0,"player_choice":"Memory 1","damage_taken":0,"max_hp_gain":0,"max_hp_loss":0,"event_name":"SensoryStone","floor":36,"gold_loss":0},{"damage_healed":0,"gold_gain":0,"player_choice":"Max HP","damage_taken":0,"max_hp_gain":0,"max_hp_loss":4,"event_name":"Winding Halls","floor":37,"gold_loss":0},{"damage_healed":0,"gold_gain":0,"player_choice":"Fight","damage_taken":0,"max_hp_gain":0,"max_hp_loss":0,"event_name":"MindBloom","floor":38,"gold_loss":0}],"is_beta":false,"boss_relics":[{"not_picked":["Coffee Dripper","Tiny House"],"picked":"Empty Cage"},{"not_picked":["Runic Dome","infinitespire:Cupcake","Nuclear Battery"]}],"items_purged_floors":[0,0,0,19],"is_endless":false,"potions_floor_spawned":[3,4,25,30,40],"killed_by":"Giant Head","ascension_level":0}}