{"host":"w4b7hmige5bnqipq","time":1607690169,"event":{"mods":["BaseMod","Minty Spire (QoL Compilation)","Rare Cards Sparkle","SuperFastMode","everything is the same but u backflip on backflip","slay the spire mod where everything is the same but ironclad has a cowboy hat"],"gold_per_floor":[112,62,237,252,264,293,311,311,311,339,339,339,339,357,357,459,459,472,472,492,511,526,552,552,580,656,656,670,683,718,123,123,123,123],"floor_reached":33,"playtime":1110,"items_purged":["Strike_R","Strike_R"],"score":507,"play_id":"455a72ee-f3d4-4097-a5da-e9be606dfe85","local_time":"20201211213609","is_ascension_mode":true,"campfire_choices":[{"data":"Flex","floor":11.0,"key":"SMITH"},{"floor":13.0,"key":"REST"},{"data":"Bash","floor":15.0,"key":"SMITH"},{"data":"Body Slam","floor":24.0,"key":"SMITH"},{"floor":27,"key":"REST"},{"floor":32,"key":"REST"}],"circlet_count":0,"master_deck":["AscendersBane","Strike_R","Strike_R","Defend_R+1","Defend_R","Defend_R","Defend_R","Bash+1","Flex+1","Shrug It Off+1","Twin Strike","Body Slam+1","Dropkick","Warcry+1","Impervious+1","Power Through+1","Shrug It Off+1","Intimidate+1","Infernal Blade+1","Shockwave+1","Pommel Strike","True Grit+1","Dropkick"],"relics":["Burning Blood","Smiling Mask","War Paint","InkBottle","Toxic Egg 2","Lizard Tail","Sozu","Self Forming Clay","The Courier","Singing Bowl","Bronze Scales","Sundial","Sling","Gremlin Horn"],"acts_visited":["Exordium","TheCity"],"potions_floor_usage":[],"damage_taken":[{"damage":2.0,"enemies":"2 Louse","floor":1.0,"turns":4.0},{"damage":7.0,"enemies":"Jaw Worm","floor":4.0,"turns":3.0},{"damage":0.0,"enemies":"Cultist","floor":5.0,"turns":4.0},{"damage":12.0,"enemies":"3 Sentries","floor":6.0,"turns":6.0},{"damage":17.0,"enemies":"Looter","floor":7.0,"turns":3.0},{"damage":56.0,"enemies":"Gremlin Nob","floor":10.0,"turns":6.0},{"damage":3.0,"enemies":"Blue Slaver","floor":14.0,"turns":3.0},{"damage":62.0,"enemies":"The Guardian","floor":16.0,"turns":13.0},{"damage":2.0,"enemies":"Chosen","floor":18.0,"turns":4.0},{"damage":16.0,"enemies":"2 Thieves","floor":20.0,"turns":5.0},{"damage":5.0,"enemies":"Snake Plant","floor":21.0,"turns":4.0},{"damage":30.0,"enemies":"Cultist and Chosen","floor":22.0,"turns":8.0},{"damage":22.0,"enemies":"Slavers","floor":23.0,"turns":7.0},{"damage":3.0,"enemies":"Book of Stabbing","floor":25.0,"turns":3.0},{"damage":3,"enemies":"Chosen and Byrds","floor":28,"turns":5},{"damage":2,"enemies":"Centurion and Healer","floor":29,"turns":5},{"damage":31,"enemies":"Slavers","floor":30,"turns":8},{"damage":61,"enemies":"Champ","floor":33,"turns":10}],"seed_played":"-6592842949917140610","potions_obtained":[{"floor":1.0,"key":"Regen Potion"},{"floor":5.0,"key":"PowerPotion"},{"floor":14.0,"key":"DuplicationPotion"},{"floor":16.0,"key":"CultistPotion"}],"is_trial":false,"path_per_floor":["M","$","?","M","M","E","M","T","T","E","R","?","R","M","R","B",null,"M","?","M","M","M","E","R","E","T","R","M","M","E","$","R","B"],"character_chosen":"IRONCLAD","items_purchased":["Dropkick","Sundial","Sling","Gremlin Horn"],"campfire_rested":3,"item_purchase_floors":[31,31,31,31],"current_hp_per_floor":[76,76,76,75,80,74,63,63,63,13,13,6,30,33,33,39,70,74,74,64,65,41,25,25,28,28,52,55,61,36,36,60,0,0],"gold":123,"neow_bonus":"RANDOM_COMMON_RELIC","is_daily":false,"chose_seed":false,"campfire_upgraded":3,"win_rate":0.0,"timestamp":1607690169,"path_taken":["M","$","?","M","M","E","M","?","T","E","R","?","R","M","R","BOSS","M","?","M","M","M","E","R","E","T","R","M","M","E","$","R","BOSS"],"items_purchased_type":["Card","Relic","Relic","Relic"],"build_version":"2020-11-30","purchased_purges":2,"victory":false,"max_hp_per_floor":[80,80,80,80,80,80,80,80,80,80,80,80,80,80,80,80,80,80,80,80,80,80,80,80,80,80,80,80,82,82,82,82,82,82],"card_choices":[{"not_picked":["Combust","Iron Wave"],"picked":"Flex","floor":1.0},{"not_picked":["Searing Blow","Seeing Red"],"picked":"Shrug It Off","floor":4.0},{"not_picked":["True Grit","Blood for Blood"],"picked":"Twin Strike","floor":5.0},{"not_picked":["Reaper","Havoc"],"picked":"Body Slam","floor":6.0},{"not_picked":["Heavy Blade","Clash"],"picked":"Dropkick","floor":7.0},{"not_picked":["Cleave","Clash","Iron Wave"],"picked":"SKIP","floor":10.0},{"not_picked":["Pommel Strike","Sever Soul"],"picked":"Warcry+1","floor":14.0},{"not_picked":["Immolate","Bludgeon"],"picked":"Impervious+1","floor":16.0},{"not_picked":["Shrug It Off+1","Warcry+1"],"picked":"Power Through+1","floor":18.0},{"not_picked":["Pummel","Spot Weakness+1"],"picked":"Shrug It Off+1","floor":20.0},{"not_picked":["Cleave+1","Perfected Strike"],"picked":"Intimidate+1","floor":21.0},{"not_picked":["Iron Wave","Cleave"],"picked":"Infernal Blade+1","floor":22.0},{"not_picked":["Hemokinesis","Heavy Blade+1","Armaments+1"],"picked":"SKIP","floor":23.0},{"not_picked":["Rage+1","Power Through+1"],"picked":"Shockwave+1","floor":25.0},{"not_picked":["Twin Strike","Sword Boomerang"],"picked":"Pommel Strike","floor":28},{"not_picked":["Clothesline","Limit Break+1","Cleave"],"picked":"Singing Bowl","floor":29},{"not_picked":["Havoc+1","Flame Barrier+1"],"picked":"True Grit+1","floor":30}],"player_experience":374699,"relics_obtained":[{"floor":6.0,"key":"War Paint"},{"floor":8.0,"key":"InkBottle"},{"floor":9.0,"key":"Toxic Egg 2"},{"floor":10.0,"key":"Lizard Tail"},{"floor":23.0,"key":"Self Forming Clay"},{"floor":25.0,"key":"The Courier"},{"floor":26.0,"key":"Singing Bowl"},{"floor":30,"key":"Bronze Scales"}],"event_choices":[{"damage_healed":0.0,"max_hp_gain":0.0,"max_hp_loss":0.0,"gold_gain":175.0,"event_name":"Liars Game","player_choice":"AGREE","floor":3.0,"gold_loss":0.0,"damage_taken":0.0,"cards_obtained":["Doubt"]},{"cards_removed":["Doubt"],"damage_healed":0.0,"max_hp_gain":0.0,"max_hp_loss":0.0,"gold_gain":0.0,"event_name":"Golden Wing","player_choice":"Card Removal","floor":12.0,"gold_loss":0.0,"damage_taken":7.0},{"cards_removed":["Strike_R"],"damage_healed":0.0,"max_hp_gain":0.0,"max_hp_loss":0.0,"gold_gain":0.0,"event_name":"Purifier","player_choice":"Purged","floor":19.0,"gold_loss":0.0,"damage_taken":0.0}],"is_beta":false,"boss_relics":[{"not_picked":["Snecko Eye","Runic Cube"],"picked":"Sozu"}],"items_purged_floors":[2,31],"is_endless":false,"potions_floor_spawned":[1,5,14,16,20,28,29,30],"killed_by":"Champ","ascension_level":12}}