{"host":"svwqvw2il1zfkkg0","time":1607672960,"event":{"mods":["AchievementEnabler","BaseMod","BetterRewards","Colored Map","Colored Powertips","Custom Start","Downfall","GifTheSpireLib","Highlight Path","Hubris","Infinite Spire","Minty Spire (QoL Compilation)","Quick Restart","Replay The Spire","Shop Mod","StSLib","SuperFastMode"],"gold_per_floor":[117,134,134,151,151,181,197,215,270,270,286,286,286,311,311,414,414,431,53,69,69,69,85,85,120,120,120,120,138,154,4,4,107,107,123,123,123,139,139,164,212,212,212,231,231,245,259,259,259,259,259],"floor_reached":50,"playtime":1353,"items_purged":[],"score":602,"play_id":"4084d345-5b94-425d-965a-7b78704234fb","local_time":"20201210234920","is_ascension_mode":false,"campfire_choices":[{"floor":10,"key":"REST"},{"data":"Corpse Explosion","floor":13,"key":"SMITH"},{"data":"Crippling Poison","floor":15,"key":"SMITH"},{"data":"Burst","floor":24,"key":"SMITH"},{"floor":28,"key":"REST"},{"data":"Die Die Die","floor":32,"key":"SMITH"},{"floor":42,"key":"REST"},{"floor":45,"key":"REST"},{"data":"expansioncontent:LastStand","floor":49,"key":"SMITH"},{"data":"Adrenaline","floor":49,"key":"SMITH"}],"circlet_count":0,"master_deck":["Strike_G","Strike_G","Strike_G","Strike_G","Strike_G","Defend_G","Defend_G","Defend_G","Defend_G","Defend_G","Survivor","Neutralize+1","Bane+1","Draining Mist+1","Corpse Explosion+1","Blade Dance","Crippling Poison+1","Dagger Spray+1","Bane+1","Burst+1","Backstab","Deadly Poison","Dagger Spray","Deadly Poison+1","Die Die Die+1","Quick Slash+1","Adrenaline+1","CurseOfTheBell","expansioncontent:LastStand+1","Violence","Dramatic Entrance","Glass Knife","Backstab","Riddle With Holes+1","Bane+1"],"relics":["Ring of the Snake","Happy Flower","Centennial Puzzle","Toy Ornithopter","hubris:CrackedHourglass","Replay:Bottled Eggs","Gremlin Food","Mercury Hourglass","Replay:Bottled Steam","FossilizedHelix","Calling Bell","Smiling Mask","Pear","StoneCalendar","hubris:Towel","ReplayTheSpireMod:ShopPack","Ring of the Serpent","Snake Skull","Replay:Arrowhead","Bronze Scales","hubris:CrystalStatue"],"acts_visited":["Exordium","TheCity","TheBeyond"],"potions_floor_usage":[11,14,16,16,16,16,18,20,23,29,30,33,33,33,40,40,44,47,50],"damage_taken":[{"damage":2,"enemies":"Jaw Worm","floor":1,"turns":5},{"damage":0,"enemies":"Cultist","floor":2,"turns":4},{"damage":6,"enemies":"2 Louse","floor":4,"turns":2},{"damage":28,"enemies":"Lagavulin","floor":6,"turns":7},{"damage":6,"enemies":"Red Slaver","floor":7,"turns":3},{"damage":3,"enemies":"Blue Slaver","floor":8,"turns":3},{"damage":2,"enemies":"Exordium Thugs","floor":11,"turns":2},{"damage":3,"enemies":"Replay:BlueRogue","floor":14,"turns":4},{"damage":0,"enemies":"Slime Boss","floor":16,"turns":3},{"damage":4,"enemies":"Shell Parasite","floor":18,"turns":3},{"damage":0,"enemies":"2 Thieves","floor":20,"turns":1},{"damage":12,"enemies":"Snake Plant","floor":23,"turns":4},{"damage":16,"enemies":"Gremlin Leader","floor":25,"turns":4},{"damage":7,"enemies":"Shelled Parasite and Fungi","floor":29,"turns":3},{"damage":0,"enemies":"Snecko","floor":30,"turns":3},{"damage":27,"enemies":"Collector","floor":33,"turns":4},{"damage":0,"enemies":"Orb Walker","floor":35,"turns":2},{"damage":5,"enemies":"3 Shapes","floor":38,"turns":2},{"damage":9,"enemies":"Nemesis","floor":40,"turns":5},{"damage":29,"enemies":"2 Orb Walkers","floor":41,"turns":4},{"damage":22,"enemies":"Maw","floor":44,"turns":5},{"damage":0,"enemies":"Jaw Worm Horde","floor":46,"turns":2},{"damage":20,"enemies":"4 Shapes","floor":47,"turns":3},{"damage":85,"enemies":"Time Eater","floor":50,"turns":6}],"seed_played":"4390852892286737741","potions_obtained":[{"floor":6,"key":"EntropicBrew"},{"floor":7,"key":"sneckomod:MuddlingPotion"},{"floor":8,"key":"Reflective Coating"},{"floor":14,"key":"Poison Potion"},{"floor":16,"key":"Adrenaline Potion"},{"floor":18,"key":"FearPotion"},{"floor":20,"key":"SpeedPotion"},{"floor":29,"key":"Languid Potion"},{"floor":33,"key":"AttackPotion"},{"floor":35,"key":"DistilledChaos"},{"floor":41,"key":"Energy Potion"},{"floor":44,"key":"Poison Potion"},{"floor":46,"key":"Reflective Coating"}],"is_trial":false,"path_per_floor":["M","M","?","M","?","E","M","M","T","R","M","?","R","E","R","B",null,"M","$","M","T","?","M","R","E","T","AVR","R","M","M","$","R","B",null,"M","?","AVR","M","?","E","?","R","T","M","R","M","M","T","R","B"],"character_chosen":"THE_SILENT","items_purchased":["Replay:Bottled Eggs","Backstab","Deadly Poison","Poison Potion","AttackPotion","ColorlessPotion"],"campfire_rested":4,"item_purchase_floors":[19,19,19,31,31,31],"current_hp_per_floor":[68,68,68,62,62,34,28,25,25,46,44,80,80,77,77,80,80,76,76,80,80,80,68,68,52,52,52,76,73,78,78,78,53,90,90,90,90,85,85,81,52,79,79,62,89,89,70,70,70,0,0],"gold":259,"neow_bonus":"ONE_RANDOM_RARE_CARD","is_daily":false,"chose_seed":false,"campfire_upgraded":6,"win_rate":0.0,"timestamp":1607672960,"path_taken":["M","M","?","?","?","E","?","M","T","R","M","?","R","E","R","BOSS","M","$","M","?","?","M","R","E","T","AVR","R","M","?","$","R","BOSS","M","?","AVR","M","?","E","?","R","T","M","R","M","?","?","R","BOSS"],"items_purchased_type":["Relic","Card","Card","Potion","Potion","Potion"],"build_version":"2020-11-30","purchased_purges":0,"victory":false,"max_hp_per_floor":[70,70,70,70,70,70,70,70,70,70,70,80,80,80,80,80,80,80,80,80,80,80,80,80,80,80,80,80,80,80,80,80,80,90,90,90,90,90,90,90,90,90,90,90,90,90,90,90,90,90,90],"card_choices":[{"not_picked":["ReplayTheSpireMod:Tripwire","Outmaneuver","Dodge and Roll"],"picked":"SKIP","floor":1},{"not_picked":["ReplayTheSpireMod:Tripwire","Cloak And Dagger"],"picked":"Bane","floor":2},{"not_picked":["Backflip","Quick Slash"],"picked":"Draining Mist","floor":4},{"not_picked":["Slice","Backstab"],"picked":"Corpse Explosion","floor":6},{"not_picked":["Outmaneuver","Choke"],"picked":"Blade Dance","floor":7},{"not_picked":["Acrobatics","Dagger Throw"],"picked":"Crippling Poison","floor":8},{"not_picked":["Prepared","Blur"],"picked":"Dagger Spray","floor":11},{"not_picked":["Deflect","Flying Knee"],"picked":"Bane","floor":14},{"not_picked":["Grand Finale","Wraith Form v2"],"picked":"Burst","floor":16},{"not_picked":["Skewer","ReplayTheSpireMod:Speed Training+1","Underhanded Strike"],"picked":"SKIP","floor":18},{"not_picked":["ReplayTheSpireMod:Scrap Shanks","Deadly Poison"],"picked":"Dagger Spray","floor":20},{"not_picked":["Footwork+1","Acrobatics"],"picked":"Deadly Poison","floor":23},{"not_picked":["Bane","Flying Knee"],"picked":"Die Die Die","floor":25},{"not_picked":["Infinite Blades","Dagger Throw","Backflip"],"picked":"SKIP","floor":29},{"not_picked":["ReplayTheSpireMod:Scrap Shanks","PiercingWail"],"picked":"Quick Slash+1","floor":30},{"not_picked":["Malaise","Grand Finale"],"picked":"Adrenaline","floor":33},{"not_picked":["Flechettes+1","Cloak And Dagger","hubris:SlightOfHand+1"],"picked":"SKIP","floor":35},{"not_picked":["Replay:Bootleg Shield Generator","Magnetism"],"picked":"expansioncontent:LastStand","floor":37},{"not_picked":["Thinking Ahead","Transmutation"],"picked":"Violence","floor":37},{"not_picked":["expansioncontent:DecasProtection","expansioncontent:Corrupt"],"picked":"Dramatic Entrance","floor":37},{"not_picked":["Underhanded Strike+1","Dagger Throw+1","Endless Agony"],"picked":"SKIP","floor":38},{"not_picked":["Terror+1","Riddle With Holes+1"],"picked":"Glass Knife","floor":40},{"not_picked":["hubris:SlightOfHand+1","Acrobatics"],"picked":"Backstab","floor":41},{"not_picked":["Deflect","Slice+1"],"picked":"Riddle With Holes+1","floor":44},{"not_picked":["Flying Knee","Terror+1","Cloak And Dagger"],"picked":"SKIP","floor":46},{"not_picked":["Sucker Punch","Prepared"],"picked":"Bane","floor":47}],"player_experience":365498,"relics_obtained":[{"floor":6,"key":"Happy Flower"},{"floor":9,"key":"Centennial Puzzle"},{"floor":14,"key":"Toy Ornithopter"},{"floor":21,"key":"Gremlin Food"},{"floor":25,"key":"Mercury Hourglass"},{"floor":26,"key":"Replay:Bottled Steam"},{"floor":34,"key":"Smiling Mask"},{"floor":34,"key":"Pear"},{"floor":34,"key":"StoneCalendar"},{"floor":40,"key":"Snake Skull"},{"floor":41,"key":"Replay:Arrowhead"},{"floor":43,"key":"Bronze Scales"},{"floor":48,"key":"hubris:CrystalStatue"}],"event_choices":[{"damage_healed":0,"gold_gain":0,"player_choice":"Ignored","damage_taken":0,"max_hp_gain":0,"max_hp_loss":0,"event_name":"Purifier","floor":3,"gold_loss":0},{"damage_healed":0,"gold_gain":0,"player_choice":"Upgraded","damage_taken":0,"max_hp_gain":0,"max_hp_loss":0,"event_name":"Upgrade Shrine","floor":5,"gold_loss":0,"cards_upgraded":["Draining Mist"]},{"cards_removed":["ReplayTheSpireMod:Necrosis"],"damage_healed":26,"gold_gain":0,"player_choice":"Offered Rare","damage_taken":0,"max_hp_gain":10,"max_hp_loss":0,"event_name":"Bonfire Elementals","floor":12,"gold_loss":0},{"damage_healed":0,"gold_gain":0,"player_choice":"Ignored","damage_taken":0,"max_hp_gain":0,"max_hp_loss":0,"event_name":"Cursed Tome","floor":22,"gold_loss":0},{"damage_healed":0,"gold_gain":0,"player_choice":"Fight","damage_taken":0,"max_hp_gain":0,"max_hp_loss":0,"event_name":"Mysterious Sphere","floor":41,"gold_loss":0}],"is_beta":false,"boss_relics":[{"not_picked":["hubris:ScarierMask","Runic Dome"],"picked":"hubris:CrackedHourglass"},{"not_picked":["hubris:Stopwatch","Philosopher\u0027s Stone"],"picked":"Calling Bell"}],"items_purged_floors":[],"is_endless":false,"potions_floor_spawned":[6,7,8,14,16,18,20,29,33,35,41,44,46],"killed_by":"Time Eater","ascension_level":0}}