{"host":"7krnriczr1b2ou5r","time":1607657929,"event":{"mods":["BaseMod","Keyboard Shortcuts","Minty Spire (QoL Compilation)","Relic Stats","StSLib","The Poker Player"],"gold_per_floor":[217,217,217,236,256,287,287,614,614,628,628,639,70,98,98,175,175,185,205,205,215,245,272,272,299,299,333,349,360,377,112,112,187,187,206,225,245,258,273,300,319,331,383,408,408,53,53,81,81,81,81,81,81,6,33,33],"floor_reached":57,"playtime":1311,"items_purged":["Defend_G","Defend_G","Strike_G","Strike_G"],"score":3852,"play_id":"3f3c7eaf-e49c-4ede-8ae9-7a56fe8dfa8c","local_time":"20201211123849","is_ascension_mode":true,"campfire_choices":[{"data":"Accuracy","floor":7,"key":"SMITH"},{"data":"Terror","floor":15,"key":"SMITH"},{"data":"1","floor":32,"key":"LIFT"},{"data":"2","floor":45,"key":"LIFT"},{"data":"3","floor":47,"key":"LIFT"},{"floor":49,"key":"RECALL"},{"data":"After Image","floor":53,"key":"SMITH"}],"circlet_count":0,"master_deck":["AscendersBane","Strike_G","Strike_G","Defend_G","Defend_G","Defend_G","Survivor","Neutralize","Blade Dance+1","After Image+1","Accuracy+1","Blade Dance","Blur","Backflip","Terror+1","Escape Plan","After Image","After Image+1","Riddle With Holes+1","Adrenaline","Blade Dance","Cloak And Dagger","Acrobatics+1","Finisher+1"],"relics":["Ring of the Snake","Shuriken","Kunai","Black Star","Ninja Scroll","PreservedInsect","Molten Egg 2","Orichalcum","Strawberry","Old Coin","ClockworkSouvenir","Incense Burner","Lantern","Letter Opener","Sozu","WristBlade","Red Mask","StrikeDummy","Mummified Hand","MutagenicStrength","Potion Belt","Nunchaku","Pear","Omamori","Ornamental Fan","Membership Card","Girya","Cursed Key","Pantograph","Regal Pillow","CeramicFish","MealTicket","Paper Crane","Bottled Lightning","Question Card","Singing Bowl","Kunai","InkBottle"],"acts_visited":["Exordium","TheCity","TheBeyond","TheEnding"],"potions_floor_usage":[56,56],"damage_taken":[{"damage":3,"enemies":"Small Slimes","floor":1,"turns":3},{"damage":0,"enemies":"Jaw Worm","floor":4,"turns":1},{"damage":0,"enemies":"Cultist","floor":5,"turns":2},{"damage":0,"enemies":"Lagavulin","floor":6,"turns":2},{"damage":3,"enemies":"3 Sentries","floor":8,"turns":4},{"damage":0,"enemies":"Looter","floor":10,"turns":1},{"damage":0,"enemies":"Large Slime","floor":12,"turns":3},{"damage":0,"enemies":"Lagavulin","floor":14,"turns":2},{"damage":2,"enemies":"Hexaghost","floor":16,"turns":6},{"damage":0,"enemies":"Chosen","floor":18,"turns":2},{"damage":0,"enemies":"3 Byrds","floor":19,"turns":3},{"damage":2,"enemies":"Shelled Parasite and Fungi","floor":21,"turns":2},{"damage":0,"enemies":"Masked Bandits","floor":22,"turns":2},{"damage":0,"enemies":"Slavers","floor":23,"turns":1},{"damage":0,"enemies":"Book of Stabbing","floor":25,"turns":2},{"damage":0,"enemies":"Slavers","floor":27,"turns":2},{"damage":0,"enemies":"Centurion and Healer","floor":28,"turns":3},{"damage":0,"enemies":"3 Cultists","floor":29,"turns":2},{"damage":0,"enemies":"Snake Plant","floor":30,"turns":2},{"damage":0,"enemies":"Automaton","floor":33,"turns":2},{"damage":0,"enemies":"3 Darklings","floor":35,"turns":2},{"damage":0,"enemies":"3 Shapes","floor":36,"turns":1},{"damage":0,"enemies":"Jaw Worm Horde","floor":37,"turns":1},{"damage":0,"enemies":"Maw","floor":38,"turns":3},{"damage":0,"enemies":"4 Shapes","floor":39,"turns":1},{"damage":0,"enemies":"Giant Head","floor":40,"turns":1},{"damage":0,"enemies":"Jaw Worm Horde","floor":41,"turns":1},{"damage":0,"enemies":"Maw","floor":42,"turns":3},{"damage":0,"enemies":"Reptomancer","floor":44,"turns":2},{"damage":0,"enemies":"Nemesis","floor":48,"turns":1},{"damage":0,"enemies":"Time Eater","floor":50,"turns":2},{"damage":0,"enemies":"Donu and Deca","floor":51,"turns":3},{"damage":0,"enemies":"Shield and Spear","floor":55,"turns":1},{"damage":0,"enemies":"The Heart","floor":56,"turns":5}],"seed_played":"2941513111366885950","potions_obtained":[{"floor":4,"key":"LiquidBronze"},{"floor":6,"key":"ColorlessPotion"}],"is_trial":false,"path_per_floor":["M","?","T","M","M","E","R","E","T","M","?","M","$","E","R","B",null,"M","M","?","M","?","E","?","E","T","E","M","M","M","$","R","B",null,"M","M","M","M","M","E","M","M","T","E","R","$","R","E","R","B","B",null,"R","$","E","B",null],"character_chosen":"THE_SILENT","items_purchased":["ClockworkSouvenir","Incense Burner","Girya","Blade Dance","Paper Crane","Finisher+1","Bottled Lightning"],"campfire_rested":0,"item_purchase_floors":[13,13,31,31,46,46,46],"current_hp_per_floor":[56,56,56,56,56,56,56,60,60,60,60,60,60,60,60,58,69,69,69,69,67,67,67,67,67,77,77,77,77,77,77,77,77,82,82,82,82,82,82,82,82,82,82,82,82,83,83,85,85,85,85,85,85,85,87,87],"gold":33,"neow_bonus":"HUNDRED_GOLD","is_daily":false,"chose_seed":false,"campfire_upgraded":3,"win_rate":0.0,"timestamp":1607657929,"path_taken":["M","?","?","M","?","E","R","E","T","M","?","M","$","E","R","BOSS","M","M","?","?","?","E","?","E","T","E","M","M","M","$","R","BOSS","M","M","M","M","M","E","M","M","T","E","R","$","R","E","R","BOSS","BOSS","R","$","E","BOSS"],"items_purchased_type":["Relic","Relic","Relic","Card","Relic","Undefined","Relic"],"build_version":"2020-11-30","purchased_purges":4,"victory":true,"max_hp_per_floor":[66,66,66,66,66,66,66,73,73,73,73,73,73,73,73,73,73,73,73,73,73,73,73,73,73,83,83,83,83,83,83,83,83,83,83,83,83,83,83,83,83,83,83,83,83,83,83,85,85,85,85,85,85,85,87,87],"relic_stats":{"Regal Pillow":0,"Singing Bowl":4,"counters":[34,71],"CeramicFish":9,"PreservedInsect":459,"Letter Opener":[182],"Orichalcum":[0],"Cursed Key":1,"Question Card":1,"Sozu":11,"Nunchaku":[20],"Shuriken":[92],"Mummified Hand":[56],"Ornamental Fan":[204],"Pantograph":0,"MealTicket":1,"Black Star":10,"Kunai":[99],"obtain_stats":[{"Lantern":14,"Regal Pillow":40,"Singing Bowl":48,"CeramicFish":43,"Incense Burner":13,"Cursed Key":34,"Old Coin":8,"ClockworkSouvenir":13,"Sozu":17,"Nunchaku":25,"WristBlade":17,"Ninja Scroll":1,"Mummified Hand":23,"Strawberry":8,"Pantograph":40,"MealTicket":44,"Red Mask":22,"Kunai":0,"InkBottle":55,"Ring of the Snake":0,"Potion Belt":25,"Girya":31,"Pear":26,"PreservedInsect":3,"Omamori":27,"Letter Opener":14,"Orichalcum":6,"Paper Crane":46,"Question Card":48,"Shuriken":0,"Ornamental Fan":27,"MutagenicStrength":24,"Molten Egg 2":6,"Black Star":0,"Membership Card":31,"Bottled Lightning":46,"StrikeDummy":23},{"Lantern":8,"Regal Pillow":26,"Singing Bowl":30,"CeramicFish":28,"Incense Burner":7,"Cursed Key":20,"Old Coin":5,"ClockworkSouvenir":7,"Sozu":9,"Nunchaku":15,"WristBlade":9,"Ninja Scroll":1,"Mummified Hand":14,"Strawberry":5,"Pantograph":26,"MealTicket":29,"Red Mask":13,"Kunai":0,"InkBottle":33,"Ring of the Snake":0,"Potion Belt":15,"Girya":19,"Pear":15,"PreservedInsect":1,"Omamori":16,"Letter Opener":8,"Orichalcum":4,"Paper Crane":29,"Question Card":30,"Shuriken":0,"Ornamental Fan":16,"MutagenicStrength":14,"Molten Egg 2":4,"Black Star":0,"Membership Card":19,"Bottled Lightning":29,"StrikeDummy":14},{"Lantern":18,"Regal Pillow":55,"Singing Bowl":61,"CeramicFish":58,"Incense Burner":16,"Cursed Key":47,"Old Coin":12,"ClockworkSouvenir":16,"Sozu":24,"Nunchaku":36,"WristBlade":24,"Ninja Scroll":3,"Mummified Hand":34,"Strawberry":12,"Pantograph":55,"MealTicket":60,"Red Mask":33,"Kunai":0,"InkBottle":66,"Ring of the Snake":0,"Potion Belt":36,"Girya":45,"Pear":36,"PreservedInsect":3,"Omamori":38,"Letter Opener":18,"Orichalcum":8,"Paper Crane":60,"Question Card":61,"Shuriken":0,"Ornamental Fan":38,"MutagenicStrength":34,"Molten Egg 2":8,"Black Star":0,"Membership Card":45,"Bottled Lightning":60,"StrikeDummy":34}],"InkBottle":[5],"Ring of the Snake":[62]},"card_choices":[{"not_picked":["Underhanded Strike","Bane","Deadly Poison"],"picked":"SKIP","floor":1},{"not_picked":["Choke","Quick Slash"],"picked":"Accuracy","floor":4},{"not_picked":["Sucker Punch","Poisoned Stab"],"picked":"Blade Dance","floor":5},{"not_picked":["Dodge and Roll","PiercingWail"],"picked":"Blur","floor":6},{"not_picked":["Noxious Fumes","Prepared"],"picked":"Backflip","floor":8},{"not_picked":["Outmaneuver","Bullet Time"],"picked":"Terror","floor":10},{"not_picked":["Underhanded Strike+1","Endless Agony+1"],"picked":"Escape Plan","floor":12},{"not_picked":["Caltrops","Flechettes+1","Deflect"],"picked":"SKIP","floor":14},{"not_picked":["Grand Finale+1","Tools of the Trade"],"picked":"After Image","floor":16},{"not_picked":["Prepared","Expertise","Dagger Throw+1"],"picked":"SKIP","floor":18},{"not_picked":["Predator+1","Slice+1","Catalyst"],"picked":"SKIP","floor":19},{"not_picked":["Dagger Spray+1","Quick Slash+1","Poisoned Stab+1"],"picked":"SKIP","floor":21},{"not_picked":["Caltrops+1","Deadly Poison+1"],"picked":"After Image","floor":23},{"not_picked":["Backflip","Setup","Accuracy"],"picked":"SKIP","floor":25},{"not_picked":["Distraction","Deflect","Prepared"],"picked":"SKIP","floor":27},{"not_picked":["Footwork","Flying Knee+1"],"picked":"Riddle With Holes+1","floor":28},{"not_picked":["Masterful Stab+1","Choke+1","All Out Attack+1"],"picked":"SKIP","floor":29},{"not_picked":["Underhanded Strike+1","Prepared"],"picked":"Adrenaline","floor":30},{"not_picked":["Flying Knee+1","Bane+1"],"picked":"Cloak And Dagger","floor":35},{"not_picked":["Accuracy","Prepared","Infinite Blades"],"picked":"SKIP","floor":36},{"not_picked":["Terror+1","Bane+1","Flechettes+1"],"picked":"SKIP","floor":37},{"not_picked":["Cloak And Dagger","Leg Sweep","Accuracy"],"picked":"SKIP","floor":38},{"not_picked":["Dagger Throw+1","Cloak And Dagger","Masterful Stab+1"],"picked":"SKIP","floor":39},{"not_picked":["Sucker Punch+1","Dagger Spray+1","Footwork"],"picked":"SKIP","floor":40},{"not_picked":["Tactician","Sucker Punch+1","Doppelganger"],"picked":"SKIP","floor":41},{"not_picked":["Sucker Punch+1","Predator+1"],"picked":"Acrobatics+1","floor":42},{"not_picked":["Bullet Time","Bane+1","Unload+1"],"picked":"SKIP","floor":44},{"not_picked":["Heel Hook+1","Deadly Poison","Prepared"],"picked":"Singing Bowl","floor":48},{"not_picked":["Underhanded Strike+1","Outmaneuver","Bane+1","Predator+1"],"picked":"Singing Bowl","floor":55}],"player_experience":1085427,"relics_obtained":[{"floor":3,"key":"PreservedInsect"},{"floor":6,"key":"Molten Egg 2"},{"floor":6,"key":"Orichalcum"},{"floor":8,"key":"Strawberry"},{"floor":8,"key":"Old Coin"},{"floor":14,"key":"Lantern"},{"floor":14,"key":"Letter Opener"},{"floor":22,"key":"Red Mask"},{"floor":23,"key":"StrikeDummy"},{"floor":23,"key":"Mummified Hand"},{"floor":25,"key":"Potion Belt"},{"floor":25,"key":"Nunchaku"},{"floor":26,"key":"Pear"},{"floor":27,"key":"Omamori"},{"floor":27,"key":"Ornamental Fan"},{"floor":40,"key":"Pantograph"},{"floor":40,"key":"Regal Pillow"},{"floor":43,"key":"CeramicFish"},{"floor":44,"key":"MealTicket"},{"floor":48,"key":"Question Card"},{"floor":48,"key":"Singing Bowl"},{"floor":55,"key":"Kunai"},{"floor":55,"key":"InkBottle"}],"event_choices":[{"cards_removed":["Strike_G"],"damage_healed":0,"gold_gain":0,"player_choice":"Forget","damage_taken":0,"max_hp_gain":0,"max_hp_loss":0,"event_name":"Living Wall","floor":2,"gold_loss":0},{"damage_healed":0,"gold_gain":0,"player_choice":"Ignored","damage_taken":0,"max_hp_gain":0,"max_hp_loss":0,"event_name":"Liars Game","floor":11,"gold_loss":0},{"damage_healed":0,"gold_gain":0,"player_choice":"Got Potions","damage_taken":0,"max_hp_gain":0,"max_hp_loss":0,"event_name":"Lab","floor":20,"gold_loss":0},{"damage_healed":0,"gold_gain":0,"player_choice":"Fought Bandits","damage_taken":0,"max_hp_gain":0,"max_hp_loss":0,"event_name":"Masked Bandits","floor":22,"gold_loss":0},{"damage_healed":0,"gold_gain":0,"player_choice":"Inject Mutagens","damage_taken":0,"relics_obtained":["MutagenicStrength"],"max_hp_gain":0,"max_hp_loss":0,"event_name":"Drug Dealer","floor":24,"gold_loss":0}],"is_beta":false,"boss_relics":[{"not_picked":["Runic Pyramid","Tiny House"],"picked":"Sozu"},{"not_picked":["SacredBark","Fusion Hammer"],"picked":"Cursed Key"}],"items_purged_floors":[13,31,46,54],"is_endless":false,"potions_floor_spawned":[4,6,12,22,23,28,29,30,33,35,36,37,44,55],"ascension_level":20}}