{"host":"be5hvki5gkosi5aw","time":1607676737,"event":{"mods":["AchievementEnabler","Act Like it!","BaseMod","Colored Map","Hallownest","Hubris","Infinite Spire","Minty Spire (QoL Compilation)","Replay The Spire","StSLib","The Alterego","The Bug Knight"],"gold_per_floor":[114,114,131,56,68,96,96,96,96,122,152,0,30,76,88,198,210,235,263,275,287,326,338,350,362,374,386,418,430,455,467,229,340,352,364,364],"floor_reached":35,"playtime":2770,"items_purged":["HollowMod:QuickDashStart","HollowMod:HornetsHelp"],"score":373,"play_id":"593bffcd-08b3-4cfe-a633-61fcc4edd28d","local_time":"20201211035217","is_ascension_mode":false,"campfire_choices":[{"data":"HollowMod:LifebloodCore","floor":7,"key":"SMITH"},{"floor":15,"key":"REST"},{"data":"HollowMod:GreatSlash","floor":23,"key":"SMITH"},{"data":"HollowMod:PerfectDash","floor":27,"key":"SMITH"},{"data":"HollowMod:HowlingWraiths","floor":29,"key":"SMITH"}],"circlet_count":0,"master_deck":["HollowMod:NailStrikeStart","HollowMod:NailStrikeStart","HollowMod:NailStrikeStart","HollowMod:NailStrikeStart","HollowMod:QuickDashStart","HollowMod:QuickDashStart","HollowMod:QuickDashStart","HollowMod:FocusHealStart","HollowMod:PogoStrike","HollowMod:GreatSlash+1","HollowMod:VengefulSpirit","HollowMod:ChannelNail+1","HollowMod:LifebloodCore+1","HollowMod:CrystalDash","HollowMod:ChannelNail","HollowMod:PureNailStrike","HollowMod:SoulEater+1","HollowMod:HowlingWraiths+1","HollowMod:SoulStrike+1","Languid","HollowMod:Weaversong"],"relics":["HollowMod:VesselMask","NeowsBlessing","Hallownest:DreamNailRelic","Snack Pack","hubris:Spice","MawBank","Hallownest:BankAccountRelic","infinitespire:BottledMercury","Honey Jar","hubris:Towel","Hallownest:WatcherSealRelic","Thread and Needle","Red Mask","Question Card","Ring of Misfortune","Ring of Hypnosis","Hallownest:UnbreakableCardRelic","Black Star"],"acts_visited":["Exordium","Hallownest:Greenpath","Hallownest:CityofTears"],"potions_floor_usage":[10,14,16,33,33],"damage_taken":[{"damage":0,"enemies":"Hallownest:monsterHuskWarrior","floor":1,"turns":1},{"damage":0,"enemies":"Hallownest:2_Baldur","floor":3,"turns":1},{"damage":0,"enemies":"2_ Uuma","floor":5,"turns":1},{"damage":43,"enemies":"Hallownest:eliteMossKnight","floor":6,"turns":9},{"damage":45,"enemies":"Hallownest:eliteCrystalGuardian","floor":10,"turns":6},{"damage":5,"enemies":"Hallownest:Guard_and_Warrior","floor":11,"turns":8},{"damage":6,"enemies":"Hallownest:MossCreep_and_Mosskin","floor":13,"turns":6},{"damage":5,"enemies":"Hallownest:eliteVengeflyKing","floor":14,"turns":7},{"damage":36,"enemies":"Hallownest:BossFalseKnight","floor":16,"turns":17},{"damage":30,"enemies":"Hallownest:2_Mistakes","floor":18,"turns":9},{"damage":0,"enemies":"Hallownest:3_Youths","floor":19,"turns":7},{"damage":18,"enemies":"Hallownest:2_Flukemon","floor":28,"turns":7},{"damage":6,"enemies":"Hallownest:monsterShrumalOgre","floor":30,"turns":5},{"damage":64,"enemies":"Hallownest:BossSoulMaster","floor":33,"turns":48},{"damage":23,"enemies":"Hallownest:2_Littles","floor":35,"turns":3}],"seed_played":"8125935127691681334","potions_obtained":[{"floor":3,"key":"Fire Potion"},{"floor":11,"key":"Doom Potion"},{"floor":14,"key":"ColorlessPotion"},{"floor":16,"key":"SneckoOil"},{"floor":28,"key":"LifebloodPotion"}],"is_trial":false,"path_per_floor":["M","?","M","$","M","E","R","?","T","E","M","?","M","?","R","B",null,"M","M","?","?","T","R","AVR","?","T","R","M","R","M","?","R_BF","B",null,"M"],"character_chosen":"THE_BUGKNIGHT","items_purchased":[],"campfire_rested":1,"item_purchase_floors":[],"current_hp_per_floor":[75,75,75,75,75,44,44,44,52,17,16,16,12,9,33,9,83,59,67,67,67,67,67,67,67,67,67,63,63,63,63,63,17,83,60,60],"gold":364,"neow_bonus":"THREE_ENEMY_KILL","is_daily":false,"chose_seed":false,"campfire_upgraded":4,"win_rate":0.0,"timestamp":1607676737,"path_taken":["M","?","?","?","M","E","R","?","T","E","M","?","M","?","R","BOSS","M","M","?","?","?","R","AVR","?","T","R","?","R","?","?","R_BF","BOSS","M"],"items_purchased_type":[],"build_version":"2020-11-30","purchased_purges":2,"victory":false,"max_hp_per_floor":[75,75,75,75,75,75,75,75,83,83,83,83,83,83,83,83,83,83,83,83,83,83,83,83,83,83,83,83,83,83,83,83,83,83,83,83],"card_choices":[{"not_picked":["HollowMod:GoodIntentions","HollowMod:DashSlash"],"picked":"HollowMod:GreatSlash","floor":1},{"not_picked":["HollowMod:CrystalDash","HollowMod:WraithStrike"],"picked":"HollowMod:VengefulSpirit","floor":3},{"not_picked":["HollowMod:MawleksShell","HollowMod:SoulVessel"],"picked":"HollowMod:ChannelNail","floor":5},{"not_picked":["HollowMod:DashSlash","HollowMod:VengefulVoid"],"picked":"HollowMod:LifebloodCore","floor":6},{"not_picked":["HollowMod:HeavyBlow","HollowMod:DashSlash"],"picked":"HollowMod:CrystalDash","floor":10},{"not_picked":["HollowMod:NewJinnsSoul","HollowMod:PerfectDash"],"picked":"HollowMod:ChannelNail","floor":11},{"not_picked":["HollowMod:TaintedHusks","HollowMod:InfectedAttack"],"picked":"HollowMod:PureNailStrike","floor":13},{"not_picked":["HollowMod:SharpenedNail","HollowMod:NewJinnsSoul","HollowMod:InfectedAttack"],"picked":"SKIP","floor":14},{"not_picked":["HollowMod:Hiveblood","HollowMod:NewInfectedGuardian"],"picked":"HollowMod:HornetsHelp","floor":16},{"not_picked":["HollowMod:SoulStrike","HollowMod:CrystalDash","HollowMod:GrimmsGift"],"picked":"HollowMod:PerfectDash","floor":18},{"not_picked":["HollowMod:SiblingsSouls","HollowMod:SharpenedShadows+1","HollowMod:InfectedAttack"],"picked":"HollowMod:SoulEater+1","floor":19},{"not_picked":["HollowMod:HeavyBlow","HollowMod:TaintedHusks","HollowMod:GoodIntentions","HollowMod:NewLittleFool"],"picked":"HollowMod:HowlingWraiths","floor":28},{"not_picked":["HollowMod:Hiveblood","HollowMod:VengefulSpirit+1","HollowMod:HowlingWraiths","HollowMod:DoubleDash+1"],"picked":"HollowMod:SoulStrike+1","floor":30},{"not_picked":["HollowMod:theNailsmith","HollowMod:LifebloodCore","HollowMod:MidwifesHunger","HollowMod:PureVessel"],"picked":"HollowMod:Weaversong","floor":33}],"player_experience":126757,"relics_obtained":[{"floor":6,"key":"Snack Pack"},{"floor":9,"key":"hubris:Spice"},{"floor":10,"key":"MawBank"},{"floor":14,"key":"infinitespire:BottledMercury"},{"floor":26,"key":"Question Card"},{"floor":31,"key":"Ring of Misfortune"},{"floor":31,"key":"Ring of Hypnosis"}],"event_choices":[],"is_beta":false,"boss_relics":[{"not_picked":["Runic Dome","Snecko Heart"],"picked":"Honey Jar"},{"not_picked":["hubris:Spice","SacredBark"],"picked":"Black Star"}],"items_purged_floors":[4,24],"is_endless":false,"potions_floor_spawned":[3,11,14,16,28],"killed_by":"Hallownest:2_Littles","ascension_level":0}}