{"host":"2brg86hfzr3u5cix","time":1607655854,"event":{"mods":["AchievementEnabler","Ascension Unlocker","BaseMod","CapriCore","DeckTracker","Hermit","Highlight Path","Keyboard Shortcuts","Minty Spire (QoL Compilation)","Permanent Neow","Relic Stats","Replay The Spire","StSLib","The Cursed","Twitch Utils","Uncapped","UnlockEverythingMod"],"gold_per_floor":[115,149,74,89,89,89,121,133,172,36,47,17,33,33,33,33,33],"floor_reached":16,"playtime":680,"items_purged":[],"score":98,"play_id":"9df48b2b-8cf9-4dde-84cf-62af32179506","local_time":"20201211120414","is_ascension_mode":false,"campfire_choices":[{"data":"TheCursedMod:BloodBarrier","floor":6,"key":"SMITH"},{"floor":8,"key":"DIG"},{"data":"TheCursedMod:HellfireBreathing","floor":15,"key":"SMITH"}],"circlet_count":0,"master_deck":["TheCursedMod:Strike_TheCursed","TheCursedMod:Strike_TheCursed","TheCursedMod:Strike_TheCursed","TheCursedMod:Strike_TheCursed","TheCursedMod:Defend_TheCursed","TheCursedMod:Defend_TheCursed","TheCursedMod:Defend_TheCursed","TheCursedMod:CursedWand","TheCursedMod:CleanUpWorkshop","TheCursedMod:Dregs","TheCursedMod:SpitefulPlan","TheCursedMod:Evocation","TheCursedMod:LuckyCharm","TheCursedMod:BloodBarrier+1","TheCursedMod:AshesToAshes","TheCursedMod:Torture","TheCursedMod:HellfireBreathing+1","TheCursedMod:SmokeScreen"],"relics":["TheCursedMod:BlackMagic101","Shovel","MawBank","Strawberry","Omamori","Pet Ghost"],"acts_visited":["Exordium"],"potions_floor_usage":[7,16],"damage_taken":[{"damage":0,"enemies":"2 Louse","floor":1,"turns":2},{"damage":0,"enemies":"Small Slimes","floor":4,"turns":4},{"damage":7,"enemies":"Replay:BlueRogue","floor":7,"turns":9},{"damage":9,"enemies":"Jaw Worm","floor":11,"turns":5},{"damage":0,"enemies":"Looter","floor":12,"turns":4},{"damage":7,"enemies":"2 Fungi Beasts","floor":13,"turns":5},{"damage":28,"enemies":"The Guardian","floor":16,"turns":10}],"seed_played":"6471951315978981593","potions_obtained":[{"floor":0,"key":"EssenceOfSteel"},{"floor":0,"key":"CultistPotion"},{"floor":0,"key":"Doom Potion"},{"floor":13,"key":"Elixir"}],"is_trial":false,"path_per_floor":["M","?","$","M","?","R","E","R","T","$","M","M","M","$","R","B"],"character_chosen":"THE_CURSED","items_purchased":["TheCursedMod:LuckyCharm","Pet Ghost"],"campfire_rested":0,"item_purchase_floors":[3,10],"current_hp_per_floor":[75,45,45,45,45,45,38,45,45,45,36,36,29,29,29,1,1],"gold":33,"neow_bonus":"THREE_SMALL_POTIONS","is_daily":false,"chose_seed":false,"campfire_upgraded":2,"win_rate":0.0,"timestamp":1607655854,"path_taken":["M","?","$","M","?","R","E","R","T","?","M","M","M","$","R","BOSS"],"items_purchased_type":["Card","Relic"],"build_version":"2020-11-30","purchased_purges":0,"victory":false,"max_hp_per_floor":[75,75,75,75,75,75,75,82,82,82,82,82,82,82,82,82,82],"relic_stats":{"Shovel":1,"counters":[7,39],"MawBank":36,"obtain_stats":[{"TheCursedMod:BlackMagic101":0,"Shovel":2,"Strawberry":8,"Omamori":9,"MawBank":7,"Pet Ghost":10},{"TheCursedMod:BlackMagic101":0,"Shovel":1,"Strawberry":3,"Omamori":3,"MawBank":3,"Pet Ghost":3},{"TheCursedMod:BlackMagic101":0,"Shovel":2,"Strawberry":15,"Omamori":15,"MawBank":15,"Pet Ghost":15}]},"card_choices":[{"not_picked":["TheCursedMod:CursedAmulet","TheCursedMod:SaltUponWound"],"picked":"TheCursedMod:SpitefulPlan","floor":1},{"not_picked":["TheCursedMod:RapidMovement","TheCursedMod:Stretching"],"picked":"TheCursedMod:Evocation","floor":2},{"not_picked":["TheCursedMod:Stretching","TheCursedMod:CursedMace"],"picked":"TheCursedMod:BloodBarrier","floor":4},{"not_picked":["TheCursedMod:FleshFromBone","TheCursedMod:CursedArmor"],"picked":"TheCursedMod:AshesToAshes","floor":7},{"not_picked":["TheCursedMod:WearCloak","TheCursedMod:Wield"],"picked":"TheCursedMod:Torture","floor":11},{"not_picked":["TheCursedMod:Stigma","TheCursedMod:CircleOfFocus"],"picked":"TheCursedMod:HellfireBreathing","floor":12},{"not_picked":["TheCursedMod:RapidMovement","TheCursedMod:Obscuration"],"picked":"TheCursedMod:SmokeScreen","floor":13}],"player_experience":333016,"relics_obtained":[{"floor":2,"key":"Shovel"},{"floor":7,"key":"MawBank"},{"floor":8,"key":"Strawberry"},{"floor":9,"key":"Omamori"}],"event_choices":[],"is_beta":false,"boss_relics":[],"items_purged_floors":[],"is_endless":false,"potions_floor_spawned":[1,4,13],"killed_by":"The Guardian","ascension_level":0}}