{"host":"afww3gc9iwbqhb2m","time":1607664865,"event":{"mods":["AchievementEnabler","BaseMod","Bestiary","Better Altar","Better Match","Better Note","Better Sensory Stone","Better Skull","Better Third Choice","BetterRewards","Colored Map","Colored Powertips","Custom Start","Minty Spire (QoL Compilation)","Permanent Neow","Quick Restart","Rare Cards Sparkle","Relic Filter","Relic Stats","Spicy Shops","StSLib","Uncapped"],"gold_per_floor":[119,137,87,98,98,98,125,125,125,125,185,29,79,143,143,245,245,258,308,358,15,15,15],"floor_reached":22,"playtime":1019,"items_purged":[],"score":182,"play_id":"647f7492-9b51-4afa-bb3e-625737ce30a3","local_time":"20201211003425","is_ascension_mode":false,"campfire_choices":[{"data":"Dualcast","floor":6,"key":"SMITH"},{"data":"Stack","floor":8,"key":"SMITH"},{"floor":15,"key":"REST"}],"circlet_count":0,"master_deck":["Strike_B","Strike_B","Strike_B","Strike_B","Zap","Dualcast+1","Gash","Rip and Tear","Gash","Stack+1","Streamline","Pain","Cold Snap","Fission","Gash+1","Creative AI+1","Electrodynamics+1","Streamline+1","Compile Driver+1"],"relics":["Cracked Core","NeowsBlessing","Dead Branch","Mummified Hand","Meat on the Bone","SsserpentHead","Frozen Eye","WarpedTongs","Astrolabe","PrismaticShard","Molten Egg 2"],"acts_visited":["Exordium","TheCity"],"potions_floor_usage":[7],"damage_taken":[{"damage":0,"enemies":"Jaw Worm","floor":1,"turns":1},{"damage":0,"enemies":"Cultist","floor":2,"turns":1},{"damage":0,"enemies":"Small Slimes","floor":4,"turns":1},{"damage":31,"enemies":"Lagavulin","floor":7,"turns":4},{"damage":18,"enemies":"Gremlin Gang","floor":11,"turns":4},{"damage":3,"enemies":"Large Slime","floor":14,"turns":4},{"damage":53,"enemies":"Slime Boss","floor":16,"turns":10},{"damage":32,"enemies":"3 Byrds","floor":18,"turns":3},{"damage":43,"enemies":"Shell Parasite","floor":22,"turns":5}],"seed_played":"6778972436029324683","potions_obtained":[{"floor":2,"key":"EssenceOfDarkness"},{"floor":4,"key":"AttackPotion"},{"floor":19,"key":"SteroidPotion"},{"floor":19,"key":"EssenceOfDarkness"}],"is_trial":false,"path_per_floor":["M","M","?","M","T","R","E","R","T","?","M","$","?","M","R","B",null,"M","?","?","$","M"],"character_chosen":"DEFECT","items_purchased":["Frozen Eye","PrismaticShard","Molten Egg 2","Compile Driver+1"],"campfire_rested":1,"item_purchase_floors":[12,21,21,21],"current_hp_per_floor":[75,75,75,75,75,75,44,44,44,44,38,38,38,47,69,28,75,43,43,43,43,0,0],"gold":15,"neow_bonus":"THREE_ENEMY_KILL","is_daily":false,"chose_seed":false,"campfire_upgraded":2,"win_rate":0.0,"timestamp":1607664865,"path_taken":["M","M","?","?","?","R","E","R","T","?","?","$","?","?","R","BOSS","M","?","?","$","M"],"items_purchased_type":["Relic","Relic","Relic","Undefined"],"build_version":"2020-11-30","purchased_purges":0,"victory":false,"max_hp_per_floor":[75,75,75,75,75,75,75,75,75,75,75,75,75,75,75,75,75,75,75,75,75,75,75],"relic_stats":{"SsserpentHead":250,"counters":[9,33],"Mummified Hand":[6],"Dead Branch":[0],"Astrolabe":["Gash","Creative AI","Electrodynamics"],"obtain_stats":[{"SsserpentHead":10,"Frozen Eye":12,"NeowsBlessing":0,"Mummified Hand":7,"Dead Branch":5,"Astrolabe":17,"Molten Egg 2":21,"Cracked Core":0,"PrismaticShard":21,"Meat on the Bone":9,"WarpedTongs":13},{"SsserpentHead":4,"Frozen Eye":5,"NeowsBlessing":0,"Mummified Hand":4,"Dead Branch":3,"Astrolabe":7,"Molten Egg 2":8,"Cracked Core":0,"PrismaticShard":8,"Meat on the Bone":4,"WarpedTongs":5},{"SsserpentHead":7,"Frozen Eye":11,"NeowsBlessing":0,"Mummified Hand":7,"Dead Branch":3,"Astrolabe":25,"Molten Egg 2":28,"Cracked Core":0,"PrismaticShard":28,"Meat on the Bone":7,"WarpedTongs":11}],"Meat on the Bone":36,"WarpedTongs":[22]},"card_choices":[{"not_picked":["Barrage","Rebound"],"picked":"Gash","floor":1},{"not_picked":["Rebound","Barrage"],"picked":"Rip and Tear","floor":2},{"not_picked":["Go for the Eyes","Self Repair"],"picked":"Gash","floor":4},{"not_picked":["Redo","Steam"],"picked":"Stack","floor":7},{"not_picked":["Compile Driver","Hologram"],"picked":"Streamline","floor":11},{"not_picked":["Double Energy","Biased Cognition"],"picked":"Cold Snap","floor":14},{"not_picked":["Amplify","Buffer"],"picked":"Fission","floor":16},{"not_picked":["Redo","Stack"],"picked":"Streamline+1","floor":18}],"player_experience":79272,"relics_obtained":[{"floor":5,"key":"Dead Branch"},{"floor":7,"key":"Mummified Hand"},{"floor":9,"key":"Meat on the Bone"}],"event_choices":[{"cards_removed":["Defend_B"],"damage_healed":0,"gold_gain":0,"player_choice":"Card Removal","damage_taken":0,"max_hp_gain":0,"max_hp_loss":0,"event_name":"The Cleric","floor":3,"gold_loss":50},{"damage_healed":0,"gold_gain":0,"player_choice":"Trade","damage_taken":0,"relics_obtained":["SsserpentHead"],"max_hp_gain":0,"max_hp_loss":0,"event_name":"FaceTrader","floor":10,"gold_loss":0},{"damage_healed":0,"gold_gain":0,"player_choice":"Rummage","damage_taken":0,"relics_obtained":["WarpedTongs"],"max_hp_gain":0,"max_hp_loss":0,"event_name":"Accursed Blacksmith","floor":13,"gold_loss":0,"cards_obtained":["Pain"]},{"damage_healed":0,"gold_gain":0,"player_choice":"Got Potions","damage_taken":0,"max_hp_gain":0,"max_hp_loss":0,"event_name":"Lab","floor":19,"gold_loss":0},{"damage_healed":0,"gold_gain":0,"player_choice":"Bought 0 Potions","damage_taken":0,"max_hp_gain":0,"max_hp_loss":0,"event_name":"The Woman in Blue","floor":20,"gold_loss":0}],"is_beta":false,"boss_relics":[{"not_picked":["Empty Cage","Tiny House"],"picked":"Astrolabe"}],"items_purged_floors":[],"is_endless":false,"potions_floor_spawned":[2,4],"killed_by":"Shell Parasite","ascension_level":0}}