{"host":"erxdo5czqejbiu49","time":1607723486,"event":{"mods":["Act Like it!","Aspiration","BaseMod","Better Third Choice","Conspire","Downfall-Rebalance","Elementarium","Hermit","Hubris","Minty Spire (QoL Compilation)","Replay The Spire","Shop Mod","StSLib","The Hierophant"],"gold_per_floor":[112,25,45,57,77,77,87,87,87,97,97,108,119,148,148,245,245,259,6,24,42,60,71,91,91,91],"floor_reached":25,"playtime":1862,"items_purged":[],"score":213,"play_id":"b4a6a76f-7d0c-4577-86ed-5ca471a58d26","local_time":"20201211165126","is_ascension_mode":false,"campfire_choices":[{"data":"Concentrate","floor":6,"key":"SMITH"},{"floor":15,"key":"DIG"}],"circlet_count":0,"master_deck":["Strike_G","Strike_G","Strike_G","Strike_G","Strike_G","Defend_G","Defend_G","Defend_G","Defend_G","Defend_G","Survivor","Neutralize","Footwork","Quick Slash+1","Dagger Spray","Concentrate+1","Dodge and Roll","Deadly Poison","Caltrops","Outmaneuver","Regret","Crippling Poison","Caltrops","Backstab","Envenom","Backflip+1","Caltrops","Flying Knee","Deflect","Deflect","Dash","Outmaneuver","Deadly Poison+1","Flying Knee"],"relics":["Painkiller Herb","aspiration:AnachronicSnailShell","Counterbalance","aspiration:HiddenCompartment","Matryoshka","ChewingGum","Membership Card"],"acts_visited":["Exordium","TheCity"],"potions_floor_usage":[14,16,16,18,20,21,24,25],"damage_taken":[{"damage":2,"enemies":"conspire:RoseBush","floor":1,"turns":3},{"damage":0,"enemies":"Cultist","floor":3,"turns":3},{"damage":0,"enemies":"Small Slimes","floor":4,"turns":3},{"damage":0,"enemies":"Blue Slaver","floor":5,"turns":4},{"damage":1,"enemies":"Lots of Slimes","floor":7,"turns":3},{"damage":3,"enemies":"3 Louse","floor":10,"turns":2},{"damage":1,"enemies":"Exordium Thugs","floor":12,"turns":5},{"damage":2,"enemies":"Blue Slaver","floor":13,"turns":4},{"damage":11,"enemies":"Lagavulin","floor":14,"turns":7},{"damage":49,"enemies":"Slime Boss","floor":16,"turns":14},{"damage":17,"enemies":"2 Thieves","floor":18,"turns":3},{"damage":10,"enemies":"3 Byrds","floor":20,"turns":3},{"damage":5,"enemies":"Snecko","floor":21,"turns":6},{"damage":15,"enemies":"Snake Plant","floor":22,"turns":6},{"damage":14,"enemies":"Shelled Parasite and Fungi","floor":23,"turns":6},{"damage":7,"enemies":"Centurion and Healer","floor":24,"turns":8},{"damage":3,"enemies":"Snake Plant","floor":25,"turns":3}],"seed_played":"-1968171147590852676","potions_obtained":[{"floor":4,"key":"Dexterity Potion"},{"floor":7,"key":"SteroidPotion"},{"floor":10,"key":"sneckomod:MuddlingPotion"},{"floor":12,"key":"conspire:TimeTravelPotion"},{"floor":16,"key":"AttackPotion"},{"floor":18,"key":"Adrenaline Potion"},{"floor":21,"key":"Fire Potion"},{"floor":23,"key":"BlessingOfTheForge"}],"is_trial":false,"path_per_floor":["?","T","?","?","?","T","?","?","T","?","?","?","?","E","T","B",null,"?","T","?","?","?","?","?","?"],"character_chosen":"THE_SILENT","items_purchased":["Quick Slash+1","Dagger Spray","Membership Card","Caltrops","Flying Knee","Deflect","PowerPotion"],"campfire_rested":0,"item_purchase_floors":[2,2,19,19,19,19,19],"current_hp_per_floor":[68,68,68,68,68,68,67,67,67,64,64,63,61,50,50,1,70,53,53,43,38,23,9,2,0,0],"gold":91,"neow_bonus":"BOSS_RELIC","is_daily":false,"chose_seed":false,"campfire_upgraded":1,"win_rate":0.0,"timestamp":1607723486,"path_taken":["?","T","?","?","?","T","?","?","T","?","?","?","?","E","T","BOSS","?","T","?","?","?","?","?","?"],"items_purchased_type":["Card","Card","Relic","Card","Card","Card","Potion"],"build_version":"2020-11-30","purchased_purges":0,"victory":false,"max_hp_per_floor":[70,70,70,70,70,70,70,70,70,70,70,70,70,70,70,70,70,70,70,70,70,70,70,70,70,70],"card_choices":[{"not_picked":["Backflip","Well Laid Plans"],"picked":"Footwork","floor":1},{"not_picked":["Poisoned Stab","Choke"],"picked":"Concentrate","floor":3},{"not_picked":["Deadly Poison","Footwork"],"picked":"Dodge and Roll","floor":4},{"not_picked":["Dagger Throw","Choke"],"picked":"Deadly Poison","floor":5},{"not_picked":["conspire:DoublingDagger","Deflect"],"picked":"Caltrops","floor":7},{"not_picked":["Riddle With Holes","Dagger Throw"],"picked":"Outmaneuver","floor":10},{"not_picked":["Glass Knife","Dagger Throw"],"picked":"Crippling Poison","floor":12},{"not_picked":["Slice","ReplayTheSpireMod:Shiv Toss"],"picked":"Caltrops","floor":13},{"not_picked":["Slice","ReplayTheSpireMod:From All Sides"],"picked":"Backstab","floor":14},{"not_picked":["Bullet Time","Die Die Die"],"picked":"Envenom","floor":16},{"not_picked":["Cloak And Dagger","PiercingWail+1"],"picked":"Backflip+1","floor":18},{"not_picked":["Cloak And Dagger+1","Concentrate"],"picked":"Deflect","floor":20},{"not_picked":["Dagger Spray","Calculated Gamble"],"picked":"Dash","floor":21},{"not_picked":["hubris:Sniper","ReplayTheSpireMod:Exploit Weakness"],"picked":"Outmaneuver","floor":22},{"not_picked":["Endless Agony+1","Blade Dance"],"picked":"Deadly Poison+1","floor":23},{"not_picked":["Predator","Endless Agony+1"],"picked":"Flying Knee","floor":24}],"player_experience":373748,"relics_obtained":[{"floor":9,"key":"aspiration:AnachronicSnailShell"},{"floor":14,"key":"aspiration:HiddenCompartment"},{"floor":15,"key":"Matryoshka"}],"event_choices":[{"damage_healed":0,"gold_gain":0,"player_choice":"Bought 0 Potions","damage_taken":0,"max_hp_gain":0,"max_hp_loss":0,"event_name":"The Woman in Blue","floor":8,"gold_loss":0},{"damage_healed":0,"gold_gain":0,"player_choice":"Box","damage_taken":0,"relics_obtained":["Counterbalance"],"max_hp_gain":0,"max_hp_loss":0,"event_name":"Big Fish","floor":11,"gold_loss":0,"cards_obtained":["Regret"]}],"is_beta":false,"boss_relics":[{"not_picked":["Replay:Wanted Poster","hubris:GrandSneckoEye"],"picked":"ChewingGum"}],"items_purged_floors":[],"is_endless":false,"potions_floor_spawned":[4,7,10,12,16,18,21,23],"killed_by":"Snake Plant","ascension_level":0}}