{"host":"0azimyi6n3ugndj4","time":1607682301,"event":{"mods":["BaseMod","Bestiary","Conspire","Curses Come First","Defuse TimeMaze Blight","Hyrulean Relics","Infinite Spire","Minty Spire (QoL Compilation)","Relic Stats","Replay The Spire","StSLib","SuperFastMode","Uncapped","¡¼?Úª?ø«¡½REMEMod"],"gold_per_floor":[99,138,138,138,138,138,177,177,177,222,273,318,318,420,420,657,657,711,711,761,761,821,923,405,492,518,599,632,734,734,65,65,299,299,356,356,382,382,412,412,412,412,421,526,535,535,580,661,661,661,661],"floor_reached":50,"playtime":2145,"items_purged":["infinitespire:Pacifist"],"score":1594,"play_id":"176a92a1-78a7-4875-bd09-edbf0faab587","local_time":"20201211192501","daily_mods":["Draft","Hoarder","Insanity","Chimera","Specialized","Vintage","ControlledChaos","Allstar","Diverse","Colorless Cards","Heirloom","Time Dilation","Flight","Binary","Elite Swarm","Lethality","Midas","Night Terrors","Binary"],"is_ascension_mode":true,"campfire_choices":[{"floor":6,"key":"REST"},{"floor":30,"key":"REST"},{"floor":32,"key":"REST"},{"floor":41,"key":"REST"},{"floor":49,"key":"REST"}],"circlet_count":0,"master_deck":["Demon Form","Wraith Form v2","Echo Form","DevaForm","AscendersBane","Survivor","Zap","Eruption","Strike_R","Strike_G","Strike_B","Defend_R","Defend_G","Defend_P","Perfected Strike","Protect","Panic Button","Consecrate","Turbo","EmptyMind","Twin Strike","CutThroughFate","ThirdEye","Backflip","Flechettes","WreathOfFlame","Replay:Sssssssssstrike","Flash of Steel","Twin Strike","Self Repair","Blade Dance","Crippling Poison","Sweeping Beam","ReplayReversal","REME_Whirling","Impatience","Predator","Ball Lightning","Rebound","Replay:ManipulateFuture","Dodge and Roll","SashWhip","Underhanded Strike","BattleHymn","JustLucky","Dodge and Roll","Perfected Strike","Flying Knee","Bane","Pummel","Iron Wave","ReplayTheSpireMod:Trickstab","EmptyFist","Flex","Discovery","Streamline","Conserve Battery","Ball Lightning","Replay:ManipulateFuture","Flying Knee","Beam Cell","Twin Strike","ClearTheMind","Wireheading","Clash","Clash","Clash","Clash","Clash","Clash","Clash","Clash","Clash","Clash","Clash","Clash","Clash","Clash","Clash","Leap","Leap","Leap","ReplayTheSpireMod:Strike From Hell","ReplayTheSpireMod:Strike From Hell","ReplayTheSpireMod:Strike From Hell","Cleave","Cleave","Cleave","Hidden Blade","Hidden Blade","Hidden Blade","TalkToTheHand","TalkToTheHand","TalkToTheHand","ClearTheMind","ClearTheMind","ClearTheMind","ReplayTheSpireMod:Stacked","ReplayTheSpireMod:Stacked","ReplayTheSpireMod:Stacked","Dagger Throw","Dagger Throw","Dagger Throw","Concentrate","Concentrate","Concentrate","True Grit","True Grit","True Grit","Bane","Bane","Bane","Discovery","Discovery","Discovery","JustLucky","JustLucky","JustLucky","FlurryOfBlows","FlurryOfBlows","FlurryOfBlows","ReplayTheSpireMod:Scrap Shanks","ReplayTheSpireMod:Scrap Shanks","ReplayTheSpireMod:Scrap Shanks","Crow Ritual","Crow Ritual","Cold Snap","Cold Snap","Cold Snap","Cold Snap","Cold Snap","Cold Snap","Cold Snap","Cold Snap","Cold Snap","Cold Snap","Cold Snap","Cold Snap","Cold Snap","Cold Snap","Cold Snap","Wild Strike","Wild Strike","Wild Strike","BowlingBash","BowlingBash","BowlingBash","Flash of Steel","Flash of Steel","Flash of Steel","Streamline","Streamline","Streamline","Escape Plan","Escape Plan","Escape Plan","Heavy Blade","Heavy Blade","Heavy Blade","Pommel Strike","Pommel Strike","Pommel Strike","Panic Button","Panic Button","Panic Button+1","Blade Dance","Blade Dance","Blade Dance","PathToVictory","PathToVictory","PathToVictory","Heavy Blade","Heavy Blade","Heavy Blade","Leap","Leap","Leap","FlurryOfBlows","FlurryOfBlows","FlurryOfBlows","REME_Whirling","REME_Whirling","REME_Whirling","Bane","Bane","Bane","Eruption","Eruption","Adrenaline","Adrenaline","Adrenaline","infinitespire:Gouge","infinitespire:Gouge","infinitespire:Gouge"],"relics":["Frozen Eye","Busted Crown","REME_ComplimentaryCards","Mango","Incense Burner","ReplayTheSpireMod:Spearhead","Replay:M_SmolderingBlood","Replay:Bottled Steam","GremlinMask","zeldaRelics:CourageTriforce","Kunai","Pantograph","TungstenRod","Cursed Key","PreservedInsect","Replay:Rubber Ducky","Tiny Chest","Brimstone","REME_PuzzleBoxRelic","zeldaRelics:WisdomTriforce","Garlic","zeldaRelics:PowerTriforce","Chemical X","Replay:Arrowhead","Ancient Tea Set","Mark of Pain","conspire:BottledYoYo","CeramicFish","conspire:RoyalGoblet","StrikeDummy","Red Skull","Meat on the Bone","Gremlin Food","Paper Frog"],"acts_visited":["Exordium","TheCity","TheBeyond"],"potions_floor_usage":[50],"damage_taken":[{"damage":0,"enemies":"Jaw Worm","floor":2,"turns":2},{"damage":0,"enemies":"Small Slimes","floor":7,"turns":2},{"damage":0,"enemies":"Cultist","floor":10,"turns":2},{"damage":19,"enemies":"Large Slime","floor":11,"turns":3},{"damage":0,"enemies":"Lots of Slimes","floor":12,"turns":2},{"damage":0,"enemies":"3 Sentries","floor":14,"turns":4},{"damage":8,"enemies":"Fading Forest","floor":16,"turns":13},{"damage":18,"enemies":"conspire:FuzzyDice","floor":18,"turns":3},{"damage":18,"enemies":"Chosen","floor":22,"turns":4},{"damage":39,"enemies":"Book of Stabbing","floor":23,"turns":4},{"damage":15,"enemies":"Nightmare","floor":25,"turns":3},{"damage":0,"enemies":"REME_1_Revenger","floor":27,"turns":2},{"damage":0,"enemies":"Centurion and Healer","floor":28,"turns":1},{"damage":1,"enemies":"conspire:SneckoGhost","floor":29,"turns":3},{"damage":24,"enemies":"Automaton","floor":33,"turns":4},{"damage":0,"enemies":"Orb Walker","floor":35,"turns":1},{"damage":1,"enemies":"3 Darklings","floor":39,"turns":4},{"damage":33,"enemies":"Giant Head","floor":44,"turns":5},{"damage":0,"enemies":"4 Shapes","floor":47,"turns":2},{"damage":0,"enemies":"Reptomancer","floor":48,"turns":1},{"damage":92,"enemies":"conspire:OrnateMirror","floor":50,"turns":3}],"seed_played":"-1128797918655246821","potions_obtained":[{"floor":7,"key":"LiquidBronze"},{"floor":14,"key":"SmokeBomb"},{"floor":23,"key":"AttackPotion"}],"is_trial":true,"path_per_floor":["WH","M","$","?","$","R","M","?","T","M","M","M","?","E","R","B",null,"M","WH","?","?","M","E","$","NM","T","E","M","E","R","$","R","B",null,"M","?","T","?","M","AVR","R","?","T","E","T","?","M","E","R","B"],"character_chosen":"IRONCLAD","items_purchased":["Tiny Chest","Brimstone","REME_PuzzleBoxRelic","Chemical X","Replay:Arrowhead","Ancient Tea Set"],"campfire_rested":5,"item_purchase_floors":[24,24,24,31,31,31],"current_hp_per_floor":[82,88,88,88,88,84,84,84,84,84,72,72,94,94,94,86,92,74,83,83,78,60,21,21,6,6,6,6,5,98,98,93,69,87,87,87,87,87,93,93,88,88,88,55,55,55,55,55,83,0,0],"gold":661,"neow_bonus":"TEN_PERCENT_HP_BONUS","is_daily":false,"chose_seed":false,"campfire_upgraded":0,"win_rate":0.0,"timestamp":1607682301,"path_taken":["WH","M","$","?","$","R","M","?","T","M","?","M","?","E","R","BOSS","M","WH","?","?","M","E","$","NM","T","E","?","E","R","?","R","BOSS","M","?","?","?","?","AVR","R","?","T","E","?","?","?","E","R","BOSS"],"items_purchased_type":["Relic","Relic","Relic","Relic","Relic","Relic"],"build_version":"2020-11-30","purchased_purges":1,"victory":false,"max_hp_per_floor":[89,89,89,89,89,84,84,84,84,84,84,84,94,94,94,94,94,94,103,103,103,103,103,103,103,103,103,103,103,98,98,93,93,93,93,93,93,93,93,93,88,88,88,88,88,88,88,88,83,83,83],"relic_stats":{"Busted Crown":30,"counters":[21,68],"Pantograph":0,"CeramicFish":18,"Tiny Chest":2,"PreservedInsect":366,"Kunai":[43],"Chemical X":[2],"Cursed Key":4,"obtain_stats":[{"conspire:RoyalGoblet":40,"CeramicFish":39,"Mango":0,"GremlinMask":8,"Incense Burner":1,"Cursed Key":17,"Ancient Tea Set":31,"Burning Blood":0,"zeldaRelics:WisdomTriforce":27,"Replay:Rubber Ducky":22,"Frozen Eye":0,"Replay:M_SmolderingBlood":4,"Pantograph":11,"Tiny Chest":24,"zeldaRelics:CouragePiece":9,"Kunai":10,"Chemical X":31,"zeldaRelics:PowerPiece":29,"Red Skull":44,"Replay:Bottled Steam":7,"Paper Frog":48,"Gremlin Food":47,"zeldaRelics:WisdomPiece":25,"PreservedInsect":18,"zeldaRelics:PowerTriforce":43,"zeldaRelics:CourageTriforce":23,"Replay:Arrowhead":31,"ReplayTheSpireMod:Spearhead":2,"Busted Crown":0,"Brimstone":24,"Mark of Pain":34,"Garlic":28,"conspire:BottledYoYo":35,"REME_PuzzleBoxRelic":24,"StrikeDummy":40,"TungstenRod":12,"REME_ComplimentaryCards":0,"Meat on the Bone":45},{"conspire:RoyalGoblet":17,"CeramicFish":17,"Mango":0,"GremlinMask":2,"Incense Burner":0,"Cursed Key":7,"Ancient Tea Set":14,"Burning Blood":0,"zeldaRelics:WisdomTriforce":12,"Replay:Rubber Ducky":9,"Frozen Eye":0,"Replay:M_SmolderingBlood":1,"Pantograph":4,"Tiny Chest":10,"zeldaRelics:CouragePiece":2,"Kunai":3,"Chemical X":14,"zeldaRelics:PowerPiece":14,"Red Skull":18,"Replay:Bottled Steam":2,"Paper Frog":20,"Gremlin Food":19,"zeldaRelics:WisdomPiece":11,"PreservedInsect":8,"zeldaRelics:PowerTriforce":17,"zeldaRelics:CourageTriforce":10,"Replay:Arrowhead":14,"ReplayTheSpireMod:Spearhead":1,"Busted Crown":0,"Brimstone":10,"Mark of Pain":15,"Garlic":13,"conspire:BottledYoYo":16,"REME_PuzzleBoxRelic":10,"StrikeDummy":17,"TungstenRod":5,"REME_ComplimentaryCards":0,"Meat on the Bone":18},{"conspire:RoyalGoblet":57,"CeramicFish":57,"Mango":0,"GremlinMask":4,"Incense Burner":0,"Cursed Key":28,"Ancient Tea Set":48,"Burning Blood":0,"zeldaRelics:WisdomTriforce":44,"Replay:Rubber Ducky":35,"Frozen Eye":0,"Replay:M_SmolderingBlood":2,"Pantograph":9,"Tiny Chest":39,"zeldaRelics:CouragePiece":4,"Kunai":6,"Chemical X":48,"zeldaRelics:PowerPiece":48,"Red Skull":62,"Replay:Bottled Steam":4,"Paper Frog":65,"Gremlin Food":64,"zeldaRelics:WisdomPiece":42,"PreservedInsect":31,"zeldaRelics:PowerTriforce":57,"zeldaRelics:CourageTriforce":39,"Replay:Arrowhead":48,"ReplayTheSpireMod:Spearhead":2,"Busted Crown":0,"Brimstone":39,"Mark of Pain":52,"Garlic":45,"conspire:BottledYoYo":53,"REME_PuzzleBoxRelic":39,"StrikeDummy":57,"TungstenRod":11,"REME_ComplimentaryCards":0,"Meat on the Bone":62}],"TungstenRod":29,"Meat on the Bone":0},"card_choices":[{"not_picked":["Rebound","Quick Slash"],"picked":"Leap","floor":0},{"not_picked":["JustLucky","Sweeping Beam"],"picked":"ReplayTheSpireMod:Strike From Hell","floor":0},{"not_picked":["Deep Breath","REME_ShadowStrike"],"picked":"Cleave","floor":0},{"not_picked":["Evaluate","Replay:AtTheReady"],"picked":"Hidden Blade","floor":0},{"not_picked":["Replay:Battleflow","Steam"],"picked":"TalkToTheHand","floor":0},{"not_picked":["Halt","Ball Lightning"],"picked":"ClearTheMind","floor":0},{"not_picked":["Body Slam","PanicButton"],"picked":"ReplayTheSpireMod:Stacked","floor":0},{"not_picked":["ThirdEye","PiercingWail"],"picked":"Dagger Throw","floor":0},{"not_picked":["Replay:BluntJabs","ClearTheMind"],"picked":"Concentrate","floor":0},{"not_picked":["Riddle With Holes","Ball Lightning"],"picked":"True Grit","floor":0},{"not_picked":["SignatureMove","FTL"],"picked":"Bane","floor":0},{"not_picked":["Dash","Run Through"],"picked":"Discovery","floor":0},{"not_picked":["Armaments","CrushJoints"],"picked":"JustLucky","floor":0},{"not_picked":["Stack","Replay:AtTheReady"],"picked":"FlurryOfBlows","floor":0},{"not_picked":["CutThroughFate","ReplayTheSpireMod:Shiv Toss"],"picked":"ReplayTheSpireMod:Scrap Shanks","floor":0},{"not_picked":["Weave","ClearTheMind"],"picked":"Wild Strike","floor":1},{"not_picked":["Cleave","Lockon"],"picked":"BowlingBash","floor":1},{"not_picked":["Sweeping Beam","Rage"],"picked":"Flash of Steel","floor":1},{"not_picked":["Replay:BluntJabs","Replay:Anticipation"],"picked":"Streamline","floor":1},{"not_picked":["ReplayTheSpireMod:Strike From Hell","Backflip"],"picked":"Escape Plan","floor":1},{"not_picked":["ClearTheMind","Infinite Blades"],"picked":"Heavy Blade","floor":1},{"not_picked":["SashWhip","Conserve Battery"],"picked":"Pommel Strike","floor":1},{"not_picked":["Cleave","Hidden Blade"],"picked":"Panic Button","floor":1},{"not_picked":["Body Slam","Cold Snap"],"picked":"Blade Dance","floor":1},{"not_picked":["Redo","Hidden Blade"],"picked":"PathToVictory","floor":1},{"not_picked":["REME_Repentance","Deflect"],"picked":"Heavy Blade","floor":1},{"not_picked":["JustLucky","Streamline"],"picked":"Leap","floor":1},{"not_picked":["REME_MusicOfDeath","FollowUp"],"picked":"FlurryOfBlows","floor":1},{"not_picked":["Replay:BluntJabs","Outmaneuver"],"picked":"REME_Whirling","floor":1},{"not_picked":["ReplayTheSpireMod:Shiv Toss","Endless Agony"],"picked":"Bane","floor":1},{"not_picked":["ReplayTheSpireMod:Black Plague","infinitespire:SealOfDarkness+"],"picked":"infinitespire:Gouge","floor":25}],"player_experience":1435508,"relics_obtained":[{"floor":2,"key":"ReplayTheSpireMod:Spearhead"},{"floor":7,"key":"Replay:Bottled Steam"},{"floor":9,"key":"zeldaRelics:CouragePiece"},{"floor":10,"key":"Kunai"},{"floor":11,"key":"Pantograph"},{"floor":12,"key":"TungstenRod"},{"floor":14,"key":"zeldaRelics:CouragePiece"},{"floor":18,"key":"PreservedInsect"},{"floor":22,"key":"Replay:Rubber Ducky"},{"floor":23,"key":"zeldaRelics:CouragePiece"},{"floor":25,"key":"zeldaRelics:WisdomPiece"},{"floor":26,"key":"zeldaRelics:WisdomPiece"},{"floor":27,"key":"zeldaRelics:WisdomPiece"},{"floor":28,"key":"Garlic"},{"floor":29,"key":"zeldaRelics:PowerPiece"},{"floor":35,"key":"conspire:BottledYoYo"},{"floor":37,"key":"zeldaRelics:PowerPiece"},{"floor":39,"key":"CeramicFish"},{"floor":43,"key":"zeldaRelics:PowerPiece"},{"floor":44,"key":"Red Skull"},{"floor":45,"key":"Meat on the Bone"},{"floor":47,"key":"Gremlin Food"},{"floor":48,"key":"Paper Frog"}],"event_choices":[{"damage_healed":0,"gold_gain":0,"player_choice":"Trade","damage_taken":0,"relics_obtained":["GremlinMask"],"max_hp_gain":0,"max_hp_loss":0,"event_name":"FaceTrader","floor":8,"gold_loss":0},{"cards_removed":["Crow Ritual"],"damage_healed":12,"gold_gain":0,"player_choice":"Offered Rare","damage_taken":0,"max_hp_gain":10,"max_hp_loss":0,"event_name":"Bonfire Elementals","floor":13,"gold_loss":0},{"damage_healed":0,"gold_gain":50,"player_choice":"Stole From Cult","damage_taken":0,"max_hp_gain":0,"max_hp_loss":0,"event_name":"Nest","floor":20,"gold_loss":0},{"damage_healed":0,"gold_gain":0,"player_choice":"","damage_taken":6,"max_hp_gain":0,"max_hp_loss":0,"event_name":"Knowing Skull","floor":21,"potions_obtained":[],"gold_loss":0,"cards_obtained":[]},{"damage_healed":0,"gold_gain":0,"player_choice":"Ignored","damage_taken":0,"max_hp_gain":0,"max_hp_loss":0,"event_name":"Tomb of Lord Red Mask","floor":36,"gold_loss":0},{"damage_healed":0,"gold_gain":0,"player_choice":"Ignored","damage_taken":0,"max_hp_gain":0,"max_hp_loss":0,"event_name":"SecretPortal","floor":38,"gold_loss":0},{"cards_removed":["infinitespire:Pacifist"],"damage_healed":0,"gold_gain":0,"player_choice":"Purged","damage_taken":0,"max_hp_gain":0,"max_hp_loss":0,"event_name":"Purifier","floor":42,"gold_loss":0},{"cards_removed":["Writhe","Writhe","Writhe","ReplayTheSpireMod:Splinters","ReplayTheSpireMod:Splinters","ReplayTheSpireMod:Splinters","Hallucinations","Hallucinations","Hallucinations","infinitespire:Pacifist"],"damage_healed":0,"gold_gain":0,"player_choice":"Removed Curses","damage_taken":0,"max_hp_gain":0,"max_hp_loss":0,"event_name":"Fountain of Cleansing","floor":46,"gold_loss":0}],"is_beta":false,"boss_relics":[{"not_picked":["ReplayTheSpireMod:DimensionalGlitch","Kintsugi"],"picked":"Cursed Key"},{"not_picked":["Abe\u0027s Treasure","Ring of Chaos"],"picked":"Mark of Pain"}],"items_purged_floors":[40],"is_endless":true,"potions_floor_spawned":[7,14,16,23,27,28,29,35,44],"killed_by":"conspire:OrnateMirror","ascension_level":20}}