{"host":"ndqkyrxelzss439h","time":1607665058,"event":{"mods":["2.2 Compatiblity","Act Like it!","BaseMod","Better Third Choice","Colored Map","Colored Powertips","Highlight Path","Infinite Spire","Mimic Mod","Minty Spire (QoL Compilation)","Permanent Neow","Quick Restart","Replay The Spire","StSLib","Steal the Spire","The Hierophant","The Valiant"],"gold_per_floor":[69,83,83,98,78,78,112,112,112,126,126,157,176,188,188,288,288,298,298,298,223,241,241,269,23,23,23,23,23,23,36,36,134,134,163,0,0,0,14,50,50,68,68,88,88,88,88,104,104,104,104,104,7,32,32,32],"floor_reached":55,"playtime":3647,"items_purged":["Injury"],"score":875,"play_id":"1b67575f-47c5-4bf6-807c-092c52ee0e62","local_time":"20201211003737","is_ascension_mode":false,"campfire_choices":[{"data":"HolyFury","floor":6,"key":"SMITH"},{"data":"ToweringCharge","floor":8,"key":"SMITH"},{"data":"PiercingStab","floor":11,"key":"SMITH"},{"floor":15,"key":"RECALL"},{"data":"ReplayTheSpireMod:Faulty Equipment","floor":23,"key":"SMITH"},{"floor":27,"key":"REST"},{"data":"DivineFavor","floor":30,"key":"SMITH"},{"floor":32,"key":"DIG"},{"data":"1","floor":45,"key":"LIFT"},{"floor":47,"key":"REST"},{"floor":49,"key":"REST"},{"data":"2","floor":52,"key":"LIFT"}],"circlet_count":0,"master_deck":["Strike_Valiant","Strike_Valiant","Strike_Valiant","Defend_Valiant","Defend_Valiant","Defend_Valiant","BlindingLight+1","MinorHealing","MinorHealing","UnyieldingZeal","HolyFury+1","PiercingStab+1","ToweringCharge+1","MercilessSmite+1","TearPsyche+1","RecklessSmite+1","HolyFury","Execution+1","Ensoul+1","ZealousAmbition+1","Quickstep+1","DivineFavor+1","BraceThePain+1","Ensoul","FuriousSmite+1","ArchangelsBoon","ArchangelsBoon","Guardian","CombatDance+1","Meaballize","PeacefulStance","Cleanse+1"],"relics":["Cross Pendant","Ring of Fury","Replay:Kaleidoscope","Molten Egg 2","Regal Pillow","Astrolabe","Sundial","Blue Doll","ReplayTheSpireMod:CursedCoin","Blood Vial","Bottled Lightning","Calipers","infinitespire:Broken Mirror","infinitespire:EvilPickle","SlaversCollar","Red Mask","Girya","Gremlin Horn"],"acts_visited":["Exordium","TheCity","TheBeyond","TheEnding"],"potions_floor_usage":[7,24,31,33,33,41,41,44,50,55],"damage_taken":[{"damage":8,"enemies":"infinitespire:Voidling","floor":1,"turns":5},{"damage":5,"enemies":"2 Louse","floor":2,"turns":4},{"damage":0,"enemies":"Cultist","floor":4,"turns":4},{"damage":20,"enemies":"Lagavulin","floor":7,"turns":7},{"damage":6,"enemies":"Blue Slaver","floor":10,"turns":3},{"damage":22,"enemies":"Gremlin Nob","floor":12,"turns":5},{"damage":7,"enemies":"3 Louse","floor":13,"turns":4},{"damage":8,"enemies":"2 Fungi Beasts","floor":14,"turns":4},{"damage":23,"enemies":"Slime Boss","floor":16,"turns":6},{"damage":29,"enemies":"2 Thieves","floor":18,"turns":4},{"damage":6,"enemies":"Chosen","floor":22,"turns":3},{"damage":116,"enemies":"Gremlin Leader","floor":24,"turns":7},{"damage":12,"enemies":"Centurion and Healer","floor":31,"turns":6},{"damage":82,"enemies":"Pondfish","floor":33,"turns":9},{"damage":16,"enemies":"3 Shapes","floor":35,"turns":4},{"damage":33,"enemies":"3 Darklings","floor":39,"turns":10},{"damage":21,"enemies":"R_Hoarder","floor":40,"turns":8},{"damage":25,"enemies":"Maw","floor":41,"turns":5},{"damage":55,"enemies":"Writhing Mass","floor":42,"turns":8},{"damage":30,"enemies":"Transient","floor":44,"turns":5},{"damage":58,"enemies":"Spire Growth","floor":48,"turns":8},{"damage":142,"enemies":"Donu and Deca","floor":50,"turns":20},{"damage":134,"enemies":"Shield and Spear","floor":54,"turns":17},{"damage":142,"enemies":"The Heart","floor":55,"turns":14}],"seed_played":"2764255034828606023","potions_obtained":[{"floor":2,"key":"DistilledChaos"},{"floor":5,"key":"FairyPotion"},{"floor":12,"key":"Reflective Coating"},{"floor":14,"key":"Energy Potion"},{"floor":24,"key":"LifebloodPotion"},{"floor":31,"key":"LiquidBronze"},{"floor":33,"key":"Reflective Coating"},{"floor":39,"key":"SmokeBomb"},{"floor":40,"key":"Fire Potion"},{"floor":42,"key":"Adrenaline Potion"},{"floor":44,"key":"BlessingOfTheForge"},{"floor":54,"key":"Milkshake"}],"is_trial":false,"path_per_floor":["M","M","?","M","?","R","E","R","T","M","R","E","M","M","R","B",null,"M","?","?","?","M","R","E","$","T","R","$","AVR","R","M","R_BF","B",null,"M","?","?","$","M","E","M","M","T","M","R","?","R","M","R","B",null,"R","$","E","B"],"character_chosen":"TheValiant","items_purchased":["Ensoul","FuriousSmite+1","ReplayTheSpireMod:CursedCoin","Blood Vial","ArchangelsBoon","FairyPotion"],"campfire_rested":3,"item_purchase_floors":[25,25,25,25,25,53],"current_hp_per_floor":[98,93,93,99,99,99,91,91,91,91,91,75,80,72,72,61,100,80,80,80,80,80,80,52,52,52,97,97,97,97,94,94,30,100,92,92,92,92,80,75,74,40,40,34,34,34,79,49,94,7,100,100,100,25,0,0],"gold":32,"neow_bonus":"UPGRADE_CARD","is_daily":false,"chose_seed":false,"campfire_upgraded":5,"win_rate":0.0,"timestamp":1607665057,"path_taken":["M","?","?","M","?","R","E","R","T","M","R","E","?","M","R","BOSS","M","?","?","?","M","R","E","$","T","R","?","AVR","R","M","R_BF","BOSS","M","?","?","?","M","E","M","M","T","M","R","?","R","?","R","BOSS","R","$","E","BOSS"],"items_purchased_type":["Card","Undefined","Relic","Relic","Card","Potion"],"build_version":"2020-11-30","purchased_purges":1,"victory":false,"max_hp_per_floor":[100,100,100,100,100,100,100,100,100,100,100,100,100,100,100,100,100,100,100,100,100,100,100,100,100,100,100,100,100,100,100,100,100,100,100,100,100,100,100,100,100,100,100,100,100,100,100,100,100,100,100,100,100,100,100,100],"card_choices":[{"not_picked":["DivineFavor","TurnTables"],"picked":"UnyieldingZeal","floor":1},{"not_picked":["Desperation","ZealousAmbition"],"picked":"HolyFury","floor":2},{"not_picked":["ToweringCharge","Meaballize"],"picked":"PiercingStab","floor":4},{"not_picked":["ItsSmitingTime","QuickSiphon"],"picked":"ToweringCharge","floor":7},{"not_picked":["Quickstep","BraceThePain"],"picked":"MercilessSmite+1","floor":10},{"not_picked":["ArcaneHealing","Overburn"],"picked":"TearPsyche+1","floor":12},{"not_picked":["EmpoweringForce+1","GracefulSiphon+1"],"picked":"RecklessSmite+1","floor":13},{"not_picked":["CombatDance+1","RecklessSmite+1"],"picked":"HolyFury","floor":14},{"not_picked":["Overburn","DeadlyPlay"],"picked":"Execution+1","floor":16},{"not_picked":["HolyFury","InsightfulPrayer"],"picked":"Quickstep+1","floor":18},{"not_picked":["ToweringCharge+1","AbandonReason+1"],"picked":"DivineFavor","floor":22},{"not_picked":["ToweringCharge+1","SeekAnswers+1"],"picked":"BraceThePain+1","floor":24},{"not_picked":["Retaliate+1","Cleanse+1"],"picked":"Guardian","floor":31},{"not_picked":["MercilessSmite+1","TearSoul+1"],"picked":"CombatDance+1","floor":35},{"not_picked":["HolyFury+1","AbandonReason+1","CombatDance+1"],"picked":"SKIP","floor":39},{"not_picked":["PiercingStab+1","BraceThePain+1"],"picked":"Meaballize","floor":40},{"not_picked":["HolyFury","EmpoweringForce+1"],"picked":"PeacefulStance","floor":42},{"not_picked":["CombatDance+1","Guardian","MightBracer+1"],"picked":"SKIP","floor":44},{"not_picked":["Meaballize+1","InsightfulPrayer+2","FuriousSmite+1"],"picked":"SKIP","floor":48},{"not_picked":["FinalGambit+1","Ensoul+1"],"picked":"Cleanse+1","floor":54}],"player_experience":94584,"relics_obtained":[{"floor":3,"key":"Ring of Fury"},{"floor":7,"key":"Replay:Kaleidoscope"},{"floor":9,"key":"Molten Egg 2"},{"floor":12,"key":"Regal Pillow"},{"floor":24,"key":"Blue Doll"},{"floor":26,"key":"Bottled Lightning"},{"floor":32,"key":"infinitespire:Broken Mirror"},{"floor":40,"key":"Girya"},{"floor":54,"key":"Gremlin Horn"}],"event_choices":[{"damage_healed":0,"gold_gain":0,"player_choice":"Bought 1 Potion","damage_taken":0,"max_hp_gain":0,"max_hp_loss":0,"event_name":"The Woman in Blue","floor":5,"gold_loss":0},{"cards_removed":["MightForm"],"damage_healed":0,"gold_gain":0,"player_choice":"Gave Gold","damage_taken":0,"max_hp_gain":0,"max_hp_loss":0,"event_name":"Beggar","floor":21,"gold_loss":75},{"damage_healed":0,"gold_gain":0,"player_choice":"Paid","damage_taken":0,"relics_obtained":["Red Mask"],"max_hp_gain":0,"max_hp_loss":0,"event_name":"Tomb of Lord Red Mask","floor":36,"gold_loss":163},{"damage_healed":0,"gold_gain":0,"player_choice":"Ignored","damage_taken":0,"max_hp_gain":0,"max_hp_loss":0,"event_name":"Transmorgrifier","floor":46,"gold_loss":0}],"is_beta":false,"boss_relics":[{"not_picked":["Calling Bell","Cursed Key"],"picked":"Astrolabe"},{"not_picked":["Painkiller Herb","Honey Jar"],"picked":"SlaversCollar"}],"items_purged_floors":[25],"is_endless":false,"potions_floor_spawned":[2,12,14,24,31,33,39,40,42,44,54],"killed_by":"The Heart","ascension_level":0}}