{"host":"0xoib765171ofkym","time":1607689043,"event":{"mods":["AchievementEnabler","BaseMod","Colored Map","Minty Spire (QoL Compilation)","StSLib"],"gold_per_floor":[100014,100014,100027,100039,84421,84459,84459,84485,84485,84485,84485,84485,84494,84522,84522,84626,84626,84646,84509,84523,84543,84555,84555,84555,84555,84607,84621,84621,84636,84662,84712,84712,84810,84810,84826,84446,84446,84495,84371,84396,84396,84425,84425,84439,84314,84327,84277,84294,84294,84294,84294,84294,84090,84121,84121],"floor_reached":56,"playtime":1313,"items_purged":["Strike_P","Defend_P+1","FearNoEvil+1"],"score":2208,"play_id":"e5e326af-7033-4783-a968-3e55b6e5938d","local_time":"20201211211723","is_ascension_mode":true,"campfire_choices":[{"data":"Strike_P","floor":7,"key":"PURGE"},{"data":"Defend_P","floor":11,"key":"PURGE"},{"floor":13,"key":"REST"},{"data":"Strike_P+1","floor":15,"key":"PURGE"},{"data":"Defend_P+1","floor":23,"key":"PURGE"},{"data":"Tantrum+1","floor":25,"key":"PURGE"},{"floor":28,"key":"RECALL"},{"floor":32,"key":"REST"},{"floor":41,"key":"DIG"},{"data":"Scrawl+1","floor":49,"key":"PURGE"},{"floor":52,"key":"REST"}],"circlet_count":14,"master_deck":["Eruption+1","FlurryOfBlows+1","FlurryOfBlows+1","EmptyFist+1","FearNoEvil+1","FollowUp+1","Tantrum+1","FlurryOfBlows+1","FlurryOfBlows+1"],"relics":["PureWater","The Courier","Incense Burner","Centennial Puzzle","Damaru","Question Card","Yang","Juzu Bracelet","Pantograph","Sundial","Mango","Akabeko","Orichalcum","Ancient Tea Set","Matryoshka","Toxic Egg 2","Whetstone","Torii","Molten Egg 2","Shuriken","War Paint","Gremlin Horn","Boot","Letter Opener","MealTicket","Turnip","Art of War","Happy Flower","Medical Kit","InkBottle","WingedGreaves","Bag of Preparation","Gambling Chip","Frozen Egg 2","PreservedInsect","TungstenRod","Mercury Hourglass","TeardropLocket","Prayer Wheel","Bronze Scales","Peace Pipe","StrikeDummy","Omamori","Pear","CeramicFish","Meat on the Bone","Singing Bowl","Kunai","Vajra","Dream Catcher","Unceasing Top","Bottled Flame","Potion Belt","Bag of Marbles","Thread and Needle","Eternal Feather","Ornamental Fan","Toy Ornithopter","Oddly Smooth Stone","HornCleat","White Beast Statue","Regal Pillow","Mummified Hand","Blood Vial","Darkstone Periapt","FossilizedHelix","Tiny Chest","Pen Nib","Calipers","Bird Faced Urn","StoneCalendar","Lantern","Shovel","Anchor","Strawberry","Blue Candle","Du-Vu Doll","Ginger","GoldenEye","Ice Cream","CaptainsWheel","CloakClasp","Nunchaku","Lizard Tail","Circlet","Dead Branch","Pocketwatch","Philosopher\u0027s Stone","MutagenicStrength","Busted Crown","DollysMirror","ClockworkSouvenir","Frozen Eye","OrangePellets"],"acts_visited":["Exordium","TheCity","TheBeyond","TheEnding"],"potions_floor_usage":[4,55,55,55,55],"damage_taken":[{"damage":2,"enemies":"Cultist","floor":1,"turns":3},{"damage":0,"enemies":"2 Louse","floor":3,"turns":2},{"damage":0,"enemies":"Jaw Worm","floor":4,"turns":2},{"damage":0,"enemies":"Lagavulin","floor":6,"turns":1},{"damage":0,"enemies":"Exordium Wildlife","floor":8,"turns":1},{"damage":0,"enemies":"2 Fungi Beasts","floor":14,"turns":1},{"damage":0,"enemies":"Slime Boss","floor":16,"turns":1},{"damage":0,"enemies":"3 Byrds","floor":18,"turns":1},{"damage":0,"enemies":"Spheric Guardian","floor":20,"turns":1},{"damage":0,"enemies":"Snake Plant","floor":21,"turns":1},{"damage":0,"enemies":"Sentry and Sphere","floor":22,"turns":1},{"damage":0,"enemies":"Snecko","floor":27,"turns":1},{"damage":0,"enemies":"Cultist and Chosen","floor":29,"turns":1},{"damage":0,"enemies":"Gremlin Leader","floor":30,"turns":1},{"damage":0,"enemies":"Collector","floor":33,"turns":1},{"damage":0,"enemies":"3 Darklings","floor":35,"turns":1},{"damage":0,"enemies":"2 Orb Walkers","floor":38,"turns":1},{"damage":0,"enemies":"Reptomancer","floor":40,"turns":1},{"damage":0,"enemies":"Nemesis","floor":42,"turns":1},{"damage":0,"enemies":"3 Shapes","floor":44,"turns":1},{"damage":0,"enemies":"Transient","floor":46,"turns":1},{"damage":3,"enemies":"4 Shapes","floor":48,"turns":1},{"damage":0,"enemies":"Time Eater","floor":50,"turns":1},{"damage":0,"enemies":"Shield and Spear","floor":54,"turns":1},{"damage":0,"enemies":"The Heart","floor":55,"turns":4}],"seed_played":"-3645406769477801200","potions_obtained":[{"floor":1,"key":"Fire Potion"},{"floor":6,"key":"ColorlessPotion"},{"floor":8,"key":"AttackPotion"},{"floor":14,"key":"DistilledChaos"},{"floor":16,"key":"AttackPotion"},{"floor":18,"key":"AttackPotion"},{"floor":20,"key":"PowerPotion"},{"floor":42,"key":"StancePotion"}],"is_trial":false,"path_per_floor":["M","?","M","M","$","E","R","M","T","?","R","?","R","M","R","B",null,"M","$","M","M","M","R","?","R","T","M","R","M","E","T","R","B",null,"M","$","?","?","$","E","R","E","T","M","$","M","?","M","R","B",null,"R","$","E","B",null],"character_chosen":"WATCHER","items_purchased":["FlurryOfBlows","Incense Burner","Centennial Puzzle","Damaru","Question Card","Yang","Juzu Bracelet","Pantograph","Sundial","Mango","Akabeko","Orichalcum","Ancient Tea Set","Matryoshka","Toxic Egg 2","Whetstone","Torii","Molten Egg 2","Shuriken","War Paint","Gremlin Horn","Boot","Letter Opener","MealTicket","Turnip","Art of War","Happy Flower","Medical Kit","InkBottle","WingedGreaves","Bag of Preparation","Gambling Chip","Frozen Egg 2","PreservedInsect","TungstenRod","Mercury Hourglass","TeardropLocket","Prayer Wheel","Bronze Scales","Peace Pipe","StrikeDummy","Omamori","Pear","CeramicFish","Meat on the Bone","Singing Bowl","Kunai","Vajra","Dream Catcher","Unceasing Top","Bottled Flame","Potion Belt","Bag of Marbles","Thread and Needle","Eternal Feather","Ornamental Fan","Toy Ornithopter","Oddly Smooth Stone","HornCleat","White Beast Statue","Regal Pillow","Mummified Hand","Blood Vial","Darkstone Periapt","FossilizedHelix","Tiny Chest","Pen Nib","Calipers","Bird Faced Urn","StoneCalendar","Lantern","Shovel","Anchor","Strawberry","Blue Candle","Du-Vu Doll","Ginger","GoldenEye","Ice Cream","CaptainsWheel","CloakClasp","Nunchaku","Lizard Tail","Circlet","Dead Branch","Pocketwatch","FearNoEvil+1","BottledMiracle","DollysMirror","FlurryOfBlows+1","LiquidMemories","Explosive Potion","Strength Potion","ClockworkSouvenir","Frozen Eye","OrangePellets","CultistPotion"],"campfire_rested":3,"item_purchase_floors":[5,5,5,5,5,5,5,5,5,5,5,5,5,5,5,5,5,5,5,5,5,5,5,5,5,5,5,5,5,5,5,5,5,5,5,5,5,5,5,5,5,5,5,5,5,5,5,5,5,5,5,5,5,5,5,5,5,5,5,5,5,5,5,5,5,5,5,5,5,5,5,5,5,5,5,5,5,5,5,5,5,5,5,5,5,5,19,19,36,36,36,36,36,39,45,53,53],"current_hp_per_floor":[63,49,49,49,80,82,88,92,92,92,98,92,105,107,107,109,109,111,111,115,117,121,121,121,121,121,125,125,129,131,131,131,133,133,137,137,137,139,139,141,141,143,143,147,147,151,151,152,155,155,155,157,157,159,159],"gold":84121,"neow_bonus":"REMOVE_CARD","is_daily":false,"chose_seed":false,"campfire_upgraded":0,"win_rate":0.0,"timestamp":1607689043,"path_taken":["M","?","M","M","$","E","R","M","T","?","R","?","R","M","R","BOSS","M","$","M","M","M","R","?","R","T","M","R","M","E","?","R","BOSS","M","$","?","?","$","E","R","E","T","M","$","M","?","M","R","BOSS","R","$","E","BOSS"],"items_purchased_type":["Card","Relic","Relic","Relic","Relic","Relic","Relic","Relic","Relic","Relic","Relic","Relic","Relic","Relic","Relic","Relic","Relic","Relic","Relic","Relic","Relic","Relic","Relic","Relic","Relic","Relic","Relic","Relic","Relic","Relic","Relic","Relic","Relic","Relic","Relic","Relic","Relic","Relic","Relic","Relic","Relic","Relic","Relic","Relic","Relic","Relic","Relic","Relic","Relic","Relic","Relic","Relic","Relic","Relic","Relic","Relic","Relic","Relic","Relic","Relic","Relic","Relic","Relic","Relic","Relic","Relic","Relic","Relic","Relic","Relic","Relic","Relic","Relic","Relic","Relic","Relic","Relic","Relic","Relic","Relic","Relic","Relic","Relic","Undefined","Relic","Relic","Undefined","Potion","Relic","Undefined","Potion","Potion","Potion","Relic","Relic","Relic","Potion"],"build_version":"2020-11-30","purchased_purges":3,"victory":true,"max_hp_per_floor":[72,72,72,72,103,103,103,105,105,105,105,105,105,107,107,109,109,111,111,115,117,121,121,121,121,121,125,125,129,131,131,131,133,133,137,137,137,139,139,141,141,143,143,147,147,151,151,155,155,155,155,157,157,159,159],"card_choices":[{"not_picked":["SignatureMove","Weave","EmptyBody"],"picked":"SKIP","floor":1},{"not_picked":["WheelKick","Evaluate","Sanctity"],"picked":"SKIP","floor":3},{"not_picked":["Protect","FollowUp"],"picked":"FlurryOfBlows","floor":4},{"not_picked":["Collect+1","EmptyBody+1","BowlingBash+1"],"picked":"EmptyFist+1","floor":6},{"not_picked":["Swivel+1","PathToVictory+1","SpiritShield+1","Crescendo+1"],"picked":"Singing Bowl","floor":8},{"not_picked":["BattleHymn+1","Crescendo+1","Perseverance+1"],"picked":"FearNoEvil+1","floor":8},{"not_picked":["DeceiveReality+1","Nirvana+1","BowlingBash+1"],"picked":"FollowUp+1","floor":13},{"not_picked":["CrushJoints+1","Pray+1","FlurryOfBlows+1"],"picked":"Tantrum+1","floor":14},{"not_picked":["FlyingSleeves+1","ThirdEye+1","Crescendo+1","WreathOfFlame+1"],"picked":"Singing Bowl","floor":14},{"not_picked":["MasterReality+1","LessonLearned+1","Establishment+1","DevaForm+1"],"picked":"Singing Bowl","floor":16},{"not_picked":["Indignation+1","JustLucky+1","Halt+1"],"picked":"Tantrum+1","floor":18},{"not_picked":["Evaluate+1","ClearTheMind+1","EmptyBody+1","Halt+1"],"picked":"Singing Bowl","floor":18},{"not_picked":["FollowUp+1","PathToVictory+1","BowlingBash+1","CrushJoints+1"],"picked":"Singing Bowl","floor":20},{"not_picked":["Conclude+1","Consecrate+1","SashWhip+1","FollowUp+1"],"picked":"Singing Bowl","floor":20},{"not_picked":["Evaluate+1","SashWhip+1","Crescendo+1"],"picked":"Scrawl+1","floor":21},{"not_picked":["SashWhip+1","EmptyFist+1","CarveReality+1","ClearTheMind+1"],"picked":"Singing Bowl","floor":21},{"not_picked":["TalkToTheHand+1","Tantrum+1","ClearTheMind+1","Brilliance+1"],"picked":"Singing Bowl","floor":22},{"not_picked":["Wallop+1","FlurryOfBlows+1","Swivel+1","CrushJoints+1"],"picked":"Singing Bowl","floor":22},{"not_picked":["FollowUp+1","CutThroughFate+1","Evaluate+1","CrushJoints+1"],"picked":"Singing Bowl","floor":27},{"not_picked":["ClearTheMind+1","ReachHeaven+1","JustLucky+1","ThirdEye+1"],"picked":"Singing Bowl","floor":27},{"not_picked":["BattleHymn+1","Ragnarok+1","TalkToTheHand+1","Vengeance+1"],"picked":"Singing Bowl","floor":29},{"not_picked":["Protect+1","Indignation+1","Tantrum+1","FlyingSleeves+1"],"picked":"Singing Bowl","floor":29},{"not_picked":["DeceiveReality+1","Vengeance+1","Pray+1","WindmillStrike+1"],"picked":"Singing Bowl","floor":30},{"not_picked":["Wish+1","Scrawl+1","Omniscience+1","Blasphemy+1"],"picked":"Singing Bowl","floor":33},{"not_picked":["ForeignInfluence+1","Pray+1"],"picked":"Singing Bowl","floor":35},{"not_picked":["Protect+1","FollowUp+1"],"picked":"Singing Bowl","floor":35},{"not_picked":["JustLucky+1","PathToVictory+1"],"picked":"Singing Bowl","floor":38},{"not_picked":["Consecrate+1","Alpha+1"],"picked":"Singing Bowl","floor":40},{"not_picked":["PathToVictory+1","Prostrate+1"],"picked":"Singing Bowl","floor":42},{"not_picked":["PathToVictory+1","JustLucky+1"],"picked":"Singing Bowl","floor":44},{"not_picked":["Collect+1","TalkToTheHand+1"],"picked":"Singing Bowl","floor":44},{"not_picked":["CutThroughFate+1","Perseverance+1"],"picked":"Singing Bowl","floor":46},{"not_picked":["TalkToTheHand+1","CutThroughFate+1"],"picked":"Singing Bowl","floor":46},{"not_picked":["FollowUp+1","Halt+1"],"picked":"Singing Bowl","floor":48},{"not_picked":["ThirdEye+1","Protect+1"],"picked":"Singing Bowl","floor":48},{"not_picked":["InnerPeace+1","Fasting2+1"],"picked":"Singing Bowl","floor":52},{"not_picked":["WaveOfTheHand+1","SashWhip+1"],"picked":"Singing Bowl","floor":54}],"player_experience":258583,"relics_obtained":[{"floor":6,"key":"Circlet"},{"floor":9,"key":"Circlet"},{"floor":9,"key":"Circlet"},{"floor":26,"key":"Circlet"},{"floor":26,"key":"Circlet"},{"floor":30,"key":"Circlet"},{"floor":31,"key":"Circlet"},{"floor":38,"key":"Circlet"},{"floor":40,"key":"Circlet"},{"floor":41,"key":"Circlet"},{"floor":42,"key":"Circlet"},{"floor":54,"key":"Circlet"}],"event_choices":[{"damage_healed":0,"gold_gain":0,"player_choice":"Entered Light","damage_taken":14,"max_hp_gain":0,"max_hp_loss":0,"event_name":"Shining Light","floor":2,"gold_loss":0,"cards_upgraded":["Defend_P","Eruption"]},{"damage_healed":0,"gold_gain":0,"player_choice":"Grow","damage_taken":0,"max_hp_gain":0,"max_hp_loss":0,"event_name":"Living Wall","floor":10,"gold_loss":0,"cards_upgraded":["FlurryOfBlows"]},{"cards_removed":["Defend_P"],"damage_healed":0,"gold_gain":0,"player_choice":"Card Removal","damage_taken":7,"max_hp_gain":0,"max_hp_loss":0,"event_name":"Golden Wing","floor":12,"gold_loss":0},{"damage_healed":0,"gold_gain":0,"player_choice":"Inject Mutagens","damage_taken":0,"relics_obtained":["MutagenicStrength"],"max_hp_gain":0,"max_hp_loss":0,"event_name":"Drug Dealer","floor":24,"gold_loss":0},{"cards_removed":["Vigilance"],"damage_healed":0,"gold_gain":0,"player_choice":"Removed Skill","damage_taken":0,"max_hp_gain":0,"max_hp_loss":0,"event_name":"Falling","floor":37,"gold_loss":0},{"damage_healed":0,"gold_gain":0,"player_choice":"Fight","damage_taken":0,"max_hp_gain":0,"max_hp_loss":0,"event_name":"Mysterious Sphere","floor":38,"gold_loss":0},{"damage_healed":0,"gold_gain":0,"player_choice":"Paid Gold","damage_taken":0,"relics_obtained":["Circlet"],"max_hp_gain":0,"max_hp_loss":0,"event_name":"WeMeetAgain","floor":47,"gold_loss":50}],"is_beta":false,"boss_relics":[{"not_picked":["SacredBark","Pandora\u0027s Box"],"picked":"Philosopher\u0027s Stone"},{"not_picked":["Runic Pyramid","HolyWater"],"picked":"Busted Crown"}],"items_purged_floors":[5,19,36],"is_endless":false,"potions_floor_spawned":[1,6,8,14,16,18,20,21,22,27,29,30,33,35,38,40,42,44,46,48,54],"ascension_level":6}}