{"host":"pgqkv8mh62pnrbci","time":1607695564,"event":{"mods":["AchievementEnabler","BaseMod","Custom Start","Minty Spire (QoL Compilation)","Replay The Spire","StSLib","SuperFastMode","¡¼?Úª?ø«¡½REMEMod"],"gold_per_floor":[112,125,137,152,163,198,210,210,256,273,273,283,283,299,299,378,378,389,400,415,173,173,203,203,221,247,258,293,293,326,340,340,417,417,431,443,495,495,495,495],"floor_reached":39,"playtime":1234,"items_purged":["Strike_G"],"score":1071,"play_id":"1302b861-599f-4de2-bb71-b2820c70aa90","local_time":"20201211230604","is_ascension_mode":true,"campfire_choices":[{"data":"Neutralize","floor":8.0,"key":"SMITH"},{"data":"Tactician","floor":11.0,"key":"SMITH"},{"data":"Eruption","floor":13.0,"key":"SMITH"},{"data":"Blade Dance","floor":15.0,"key":"SMITH"},{"data":"MasterReality","floor":24.0,"key":"SMITH"},{"floor":32.0,"key":"REST"}],"circlet_count":0,"master_deck":["AscendersBane","Strike_G","Strike_G","Defend_G","Defend_G","Defend_G","Defend_G","Defend_G","Survivor","Neutralize+1","MasterReality+1","Strike_P","Eruption+1","Dash","Tactician+1","Backflip","Storm of Steel","REME_ShadowStrike","Blade Dance+1","Adrenaline","Accuracy","ReplayTheSpireMod:Scrap Shanks","Accuracy","Storm of Steel","Venomology","Phantasmal Killer","Terror","Storm of Steel","ReplayTheSpireMod:Tripwire+1","A Thousand Cuts","PiercingWail","PiercingWail","Madness","Madness"],"relics":["Ring of the Snake","REME_ComplimentaryCards","Incense Burner","Pet Ghost","Toy Ornithopter","WristBlade","Pear","Lantern","Replay:Bottled Flurry","Happy Flower","ReplayTheSpireMod:DimensionalGlitch","Replay:Towering Pillar of Hats"],"acts_visited":["Exordium","TheCity","TheBeyond"],"potions_floor_usage":[],"damage_taken":[{"damage":0.0,"enemies":"Cultist","floor":1.0,"turns":3.0},{"damage":0.0,"enemies":"2 Louse","floor":2.0,"turns":3.0},{"damage":4.0,"enemies":"Jaw Worm","floor":3.0,"turns":6.0},{"damage":4.0,"enemies":"Looter","floor":4.0,"turns":4.0},{"damage":2.0,"enemies":"3 Louse","floor":5.0,"turns":3.0},{"damage":24.0,"enemies":"Gremlin Nob","floor":6.0,"turns":4.0},{"damage":7.0,"enemies":"Large Slime","floor":7.0,"turns":4.0},{"damage":0.0,"enemies":"Red Slaver","floor":10.0,"turns":4.0},{"damage":0.0,"enemies":"Exordium Thugs","floor":12.0,"turns":2.0},{"damage":0.0,"enemies":"Looter","floor":14.0,"turns":3.0},{"damage":0.0,"enemies":"Slime Boss","floor":16.0,"turns":6.0},{"damage":0.0,"enemies":"2 Thieves","floor":18.0,"turns":1.0},{"damage":0.0,"enemies":"Chosen","floor":19.0,"turns":2.0},{"damage":0.0,"enemies":"Snake Plant","floor":20.0,"turns":1.0},{"damage":21.0,"enemies":"Book of Stabbing","floor":23.0,"turns":4.0},{"damage":0.0,"enemies":"Snecko","floor":25.0,"turns":1.0},{"damage":0.0,"enemies":"Sentry and Sphere","floor":27.0,"turns":1.0},{"damage":9.0,"enemies":"Slavers","floor":28.0,"turns":2.0},{"damage":43.0,"enemies":"Gremlin Leader","floor":30.0,"turns":3.0},{"damage":1.0,"enemies":"Snake Plant","floor":31.0,"turns":2.0},{"damage":0.0,"enemies":"Champ","floor":33.0,"turns":4.0},{"damage":0.0,"enemies":"Orb Walker","floor":35.0,"turns":2.0},{"damage":25.0,"enemies":"3 Darklings","floor":36.0,"turns":4.0},{"damage":38.0,"enemies":"2 Orb Walkers","floor":37.0,"turns":3.0},{"damage":13,"enemies":"Maw","floor":39,"turns":2}],"seed_played":"-605336091589638584","potions_obtained":[{"floor":4.0,"key":"BlessingOfTheForge"},{"floor":7.0,"key":"Ancient Potion"},{"floor":10.0,"key":"Explosive Potion"},{"floor":12.0,"key":"Block Potion"},{"floor":18.0,"key":"Strength Potion"},{"floor":25.0,"key":"CunningPotion"},{"floor":30.0,"key":"ColorlessPotion"},{"floor":35.0,"key":"FearPotion"},{"floor":36.0,"key":"Doom Potion"}],"is_trial":false,"path_per_floor":["M","M","M","M","M","E","M","R","T","M","R","M","R","M","R","B",null,"M","M","M","$","?","E","R","M","T","M","E","?","E","M","R","B",null,"M","M","?","?","M"],"character_chosen":"THE_SILENT","items_purchased":["Storm of Steel"],"campfire_rested":1,"item_purchase_floors":[21],"current_hp_per_floor":[59,59,55,51,49,25,18,18,18,18,18,23,23,23,23,23,55,60,65,65,65,65,54,54,54,54,59,55,55,17,16,38,48,69,69,50,18,4,0,0],"gold":495,"neow_bonus":"ONE_RARE_RELIC","is_daily":false,"chose_seed":false,"campfire_upgraded":5,"win_rate":0.0,"timestamp":1607695564,"path_taken":["M","M","M","M","M","E","M","R","T","M","R","M","R","M","R","BOSS","M","M","M","?","?","E","R","M","T","M","E","?","E","M","R","BOSS","M","M","?","?","M"],"items_purchased_type":["Card"],"build_version":"2020-11-30","purchased_purges":1,"victory":false,"max_hp_per_floor":[66,66,66,66,66,66,66,66,66,66,66,66,66,66,66,66,66,66,66,66,66,66,76,76,76,76,76,76,76,76,76,76,76,76,76,76,76,76,76,76],"card_choices":[{"not_picked":["Dagger Throw","Slice","PiercingWail"],"picked":"SKIP","floor":1.0},{"not_picked":["Underhanded Strike","Quick Slash"],"picked":"Dash","floor":2.0},{"not_picked":["Dagger Throw","Underhanded Strike"],"picked":"Tactician","floor":3.0},{"not_picked":["Deflect","Flying Knee"],"picked":"Backflip","floor":4.0},{"not_picked":["Poisoned Stab","Finisher"],"picked":"Storm of Steel","floor":5.0},{"not_picked":["Finisher","Deflect","Underhanded Strike"],"picked":"SKIP","floor":6.0},{"not_picked":["Dagger Throw","ReplayTheSpireMod:Shiv Toss","Underhanded Strike"],"picked":"SKIP","floor":7.0},{"not_picked":["Bouncing Flask","Backflip"],"picked":"REME_ShadowStrike","floor":10.0},{"not_picked":["Sucker Punch","Tactician"],"picked":"Blade Dance","floor":12.0},{"not_picked":["Draining Mist","Fluid Movement","Quick Slash"],"picked":"SKIP","floor":14.0},{"not_picked":["Phantasmal Killer","Night Terror"],"picked":"Adrenaline","floor":16.0},{"not_picked":["Flying Knee","Acrobatics"],"picked":"Accuracy","floor":18.0},{"not_picked":["PiercingWail","Poisoned Stab"],"picked":"ReplayTheSpireMod:Scrap Shanks","floor":19.0},{"not_picked":["Deadly Poison","Draining Mist"],"picked":"Accuracy","floor":20.0},{"not_picked":["Dodge and Roll","Poisoned Stab","Acrobatics"],"picked":"SKIP","floor":23.0},{"not_picked":["Expertise","Catalyst+1"],"picked":"Venomology","floor":25.0},{"not_picked":["Hidden Blade","Cloak And Dagger","Bane"],"picked":"SKIP","floor":27.0},{"not_picked":["Backflip+1","Underhanded Strike"],"picked":"Phantasmal Killer","floor":28.0},{"not_picked":["Backflip","Endless Agony"],"picked":"ReplayTheSpireMod:Tripwire+1","floor":30.0},{"not_picked":["Backflip","Bane","Acrobatics"],"picked":"SKIP","floor":31.0},{"not_picked":["ReplayTheSpireMod:From All Sides","Unload"],"picked":"A Thousand Cuts","floor":33.0},{"not_picked":["Dagger Spray+1","Outmaneuver","Dodge and Roll"],"picked":"SKIP","floor":35.0},{"not_picked":["Setup","Flying Knee+1"],"picked":"PiercingWail","floor":36.0},{"not_picked":["Dodge and Roll","Poisoned Stab"],"picked":"PiercingWail","floor":37.0}],"player_experience":533456,"relics_obtained":[{"floor":6.0,"key":"Pet Ghost"},{"floor":9.0,"key":"Toy Ornithopter"},{"floor":23.0,"key":"Pear"},{"floor":26.0,"key":"Lantern"},{"floor":28.0,"key":"Replay:Bottled Flurry"},{"floor":30.0,"key":"Happy Flower"},{"floor":37.0,"key":"Replay:Towering Pillar of Hats"}],"event_choices":[{"damage_healed":0.0,"max_hp_gain":0.0,"max_hp_loss":0.0,"gold_gain":0.0,"event_name":"Vampires","player_choice":"Ignored","floor":22.0,"gold_loss":0.0,"damage_taken":0.0},{"damage_healed":0.0,"max_hp_gain":0.0,"max_hp_loss":0.0,"gold_gain":0.0,"cards_transformed":["Strike_G","Strike_G"],"event_name":"Drug Dealer","player_choice":"Became Test Subject","floor":29.0,"gold_loss":0.0,"damage_taken":0.0,"cards_obtained":["Terror","Storm of Steel"]},{"damage_healed":0.0,"max_hp_gain":0.0,"max_hp_loss":0.0,"gold_gain":0.0,"event_name":"Mysterious Sphere","player_choice":"Fight","floor":37.0,"gold_loss":0.0,"damage_taken":0.0},{"damage_healed":0.0,"max_hp_gain":0.0,"max_hp_loss":0.0,"gold_gain":0.0,"event_name":"Winding Halls","player_choice":"Embrace Madness","floor":38.0,"gold_loss":0.0,"damage_taken":14.0,"cards_obtained":["Madness","Madness"]}],"is_beta":false,"boss_relics":[{"not_picked":["Velvet Choker","Snecko Scales"],"picked":"WristBlade"},{"not_picked":["Runic Dome","REME_DemonsWealth"],"picked":"ReplayTheSpireMod:DimensionalGlitch"}],"items_purged_floors":[21],"is_endless":false,"potions_floor_spawned":[4,7,10,12,14,18,25,30,31,35,36],"killed_by":"Maw","ascension_level":19}}