{"host":"f5n4tidiz2n5sooh","time":1607679339,"event":{"mods":["BaseMod","Colored Map","Minty Spire (QoL Compilation)","Relic Stats","StSLib"],"gold_per_floor":[117,128,203,223,233,233,243,243,243,243,263,263,274,274,274,274,274],"floor_reached":16,"playtime":611,"items_purged":[],"score":188,"play_id":"3e618287-75d3-4ac9-a4e0-e1da446b3a7c","local_time":"20201211033539","is_ascension_mode":true,"campfire_choices":[{"data":"Zap","floor":6,"key":"SMITH"},{"data":"Sweeping Beam","floor":8,"key":"SMITH"},{"data":"Rebound","floor":10,"key":"SMITH"},{"data":"Genetic Algorithm","floor":12,"key":"SMITH"},{"floor":15,"key":"REST"}],"circlet_count":0,"master_deck":["AscendersBane","Strike_B","Strike_B","Strike_B","Strike_B","Defend_B","Defend_B","Defend_B","Defend_B","Zap+1","Dualcast","Stack","Genetic Algorithm+1","Rebound+1","Sweeping Beam+1","Normality","Chill","Glacier"],"relics":["Cursed Key","Kunai"],"acts_visited":["Exordium"],"potions_floor_usage":[16],"damage_taken":[{"damage":7,"enemies":"Small Slimes","floor":1,"turns":3},{"damage":2,"enemies":"Jaw Worm","floor":2,"turns":4},{"damage":1,"enemies":"Cultist","floor":4,"turns":4},{"damage":9,"enemies":"3 Louse","floor":5,"turns":4},{"damage":13,"enemies":"Blue Slaver","floor":7,"turns":5},{"damage":4,"enemies":"2 Fungi Beasts","floor":11,"turns":4},{"damage":3,"enemies":"Exordium Thugs","floor":13,"turns":5},{"damage":44,"enemies":"Slime Boss","floor":16,"turns":9}],"seed_played":"2308748179772349766","potions_obtained":[{"floor":1,"key":"CultistPotion"},{"floor":4,"key":"DuplicationPotion"},{"floor":7,"key":"Ancient Potion"}],"is_trial":false,"path_per_floor":["M","M","?","M","M","R","M","R","T","R","M","R","M","?","R","B"],"character_chosen":"DEFECT","items_purchased":[],"campfire_rested":1,"item_purchase_floors":[],"current_hp_per_floor":[57,55,44,43,34,34,21,21,21,21,17,17,14,14,35,0,0],"gold":274,"neow_bonus":"BOSS_RELIC","is_daily":false,"chose_seed":false,"campfire_upgraded":4,"win_rate":0.0,"timestamp":1607679339,"path_taken":["M","M","?","M","M","R","M","R","T","R","M","R","M","?","R","BOSS"],"items_purchased_type":[],"build_version":"2020-11-30","purchased_purges":0,"victory":false,"max_hp_per_floor":[71,71,71,71,71,71,71,71,71,71,71,71,71,71,71,71,71],"relic_stats":{"counters":[8,38],"Kunai":[3],"Cursed Key":1,"obtain_stats":[{"Kunai":9,"Cracked Core":0,"Cursed Key":0},{"Kunai":5,"Cracked Core":0,"Cursed Key":0},{"Kunai":20,"Cracked Core":0,"Cursed Key":0}]},"card_choices":[{"not_picked":["Scrape","Streamline"],"picked":"Stack","floor":1},{"not_picked":["Leap","Stack","Barrage"],"picked":"SKIP","floor":2},{"not_picked":["Coolheaded","Beam Cell"],"picked":"Genetic Algorithm","floor":4},{"not_picked":["Gash","Multi-Cast"],"picked":"Rebound","floor":5},{"not_picked":["Beam Cell","Gash"],"picked":"Sweeping Beam","floor":7},{"not_picked":["Sunder","Barrage"],"picked":"Chill","floor":11},{"not_picked":["Genetic Algorithm","Sweeping Beam"],"picked":"Glacier","floor":13}],"player_experience":1868834,"relics_obtained":[{"floor":9,"key":"Kunai"}],"event_choices":[{"damage_healed":0,"gold_gain":75,"player_choice":"Gather Gold","damage_taken":11,"max_hp_gain":0,"max_hp_loss":0,"event_name":"World of Goop","floor":3,"gold_loss":0},{"damage_healed":0,"gold_gain":0,"player_choice":"Got Potions","damage_taken":0,"max_hp_gain":0,"max_hp_loss":0,"event_name":"Lab","floor":14,"gold_loss":0}],"is_beta":false,"boss_relics":[],"items_purged_floors":[],"is_endless":false,"potions_floor_spawned":[1,4,7],"killed_by":"Slime Boss","ascension_level":20}}