{"host":"3ek78t4i81ecmdy1","time":1607651833,"event":{"mods":["2.2 Compatiblity","AchievementEnabler","BaseMod","Colored Map","DeckTracker","Filter the Spire","Keyboard Shortcuts","Minty Spire (QoL Compilation)","Permanent Neow","Quick Restart","SuperFastMode","everything is the same but u backflip on backflip"],"gold_per_floor":[118,118,118,134,145,145,171,171,171,184,196,215,235,267,267,363,363,373,385,74,173,189,189,104,104,104,64,64,76,176,27,27,132,132,144,164,9,24,0,0,27,379,379,379,379,379,429,83,83,83,83],"floor_reached":50,"playtime":2269,"items_purged":["Night Terror"],"score":632,"play_id":"3798436d-9296-4c90-ba7e-8f30476735b6","local_time":"20201211105713","is_ascension_mode":true,"campfire_choices":[{"data":"Cloak And Dagger","floor":6,"key":"SMITH"},{"data":"Venomology","floor":8,"key":"SMITH"},{"data":"Tactician","floor":15,"key":"SMITH"},{"data":"Phantasmal Killer","floor":23,"key":"SMITH"},{"data":"Neutralize","floor":25,"key":"SMITH"},{"data":"Accuracy","floor":32,"key":"SMITH"},{"data":"Blade Dance","floor":40,"key":"SMITH"},{"floor":45,"key":"DIG"},{"floor":49,"key":"DIG"}],"circlet_count":0,"master_deck":["Survivor","Neutralize+1","Underhanded Strike","Blur","Venomology+1","Corpse Explosion","Deflect","Accuracy+1","Heel Hook+1","Poisoned Stab","After Image+1","Crippling Poison","Deadly Poison","Cloak And Dagger+1","Deadly Poison+1","Blade Dance+1","Dodge and Roll","Slice","Tactician+1","Phantasmal Killer+1","Finisher","Calculated Gamble+1","Endless Agony","Outmaneuver","Blade Dance+1","Reflex","Footwork","CurseOfTheBell","Concentrate+1","Acrobatics","Madness","Madness","Backstab","Trip"],"relics":["Pandora\u0027s Box","Question Card","HornCleat","Regal Pillow","MealTicket","Black Star","Dead Branch","Eternal Feather","Juzu Bracelet","Peace Pipe","Bottled Tornado","Calling Bell","Blood Vial","Mummified Hand","Thread and Needle","Pen Nib","Red Mask","Shovel","Vajra","Old Coin","The Specimen","Bird Faced Urn","Snake Skull","Lizard Tail"],"acts_visited":["Exordium","TheCity","TheBeyond"],"potions_floor_usage":[7,7,11,13,14,16,16,22,30,30,30,30,33,33,35,38,41,41,47,50,50,50],"damage_taken":[{"damage":1,"enemies":"2 Louse","floor":1,"turns":2},{"damage":1,"enemies":"Cultist","floor":4,"turns":5},{"damage":1,"enemies":"Jaw Worm","floor":5,"turns":3},{"damage":0,"enemies":"Gremlin Nob","floor":7,"turns":3},{"damage":10,"enemies":"Exordium Thugs","floor":10,"turns":4},{"damage":0,"enemies":"Lots of Slimes","floor":11,"turns":3},{"damage":5,"enemies":"Looter","floor":12,"turns":3},{"damage":10,"enemies":"Exordium Wildlife","floor":13,"turns":5},{"damage":0,"enemies":"Lagavulin","floor":14,"turns":4},{"damage":10,"enemies":"The Guardian","floor":16,"turns":8},{"damage":11,"enemies":"Chosen","floor":18,"turns":5},{"damage":14,"enemies":"3 Byrds","floor":19,"turns":5},{"damage":19,"enemies":"Centurion and Healer","floor":22,"turns":4},{"damage":9,"enemies":"Cultist and Chosen","floor":29,"turns":5},{"damage":4,"enemies":"Colosseum Slavers","floor":30,"turns":4},{"damage":10,"enemies":"Colosseum Nobs","floor":30,"turns":4},{"damage":41,"enemies":"Automaton","floor":33,"turns":7},{"damage":9,"enemies":"3 Shapes","floor":35,"turns":2},{"damage":0,"enemies":"3 Darklings","floor":36,"turns":3},{"damage":0,"enemies":"Transient","floor":38,"turns":5},{"damage":0,"enemies":"Reptomancer","floor":41,"turns":4},{"damage":2,"enemies":"2 Orb Walkers","floor":42,"turns":2},{"damage":0,"enemies":"Mind Bloom Boss Battle","floor":47,"turns":5},{"damage":117,"enemies":"Time Eater","floor":50,"turns":9}],"seed_played":"-2513322930514829288","potions_obtained":[{"floor":4,"key":"DistilledChaos"},{"floor":10,"key":"SteroidPotion"},{"floor":12,"key":"PowerPotion"},{"floor":30,"key":"Weak Potion"},{"floor":33,"key":"Explosive Potion"},{"floor":36,"key":"Swift Potion"},{"floor":38,"key":"BlessingOfTheForge"},{"floor":42,"key":"PowerPotion"}],"is_trial":false,"path_per_floor":["M","?","?","M","M","R","E","R","T","M","M","M","M","E","R","B",null,"M","M","$","?","M","R","?","R","T","?","?","M","?","$","R","B",null,"M","M","$","M","?","R","E","?","T","?","R","?","?","$","R","B"],"character_chosen":"THE_SILENT","items_purchased":["Dead Branch","Reflex","Footwork","Pen Nib","Snake Skull","Backstab","Trip"],"campfire_rested":0,"item_purchase_floors":[20,31,31,37,48,48,48],"current_hp_per_floor":[69,66,66,65,64,64,64,64,64,54,54,49,39,39,39,29,70,59,45,60,60,41,41,41,53,53,53,53,44,44,59,70,29,70,61,63,70,70,70,70,70,68,68,59,70,70,70,70,70,0,0],"gold":83,"neow_bonus":"BOSS_RELIC","is_daily":false,"chose_seed":false,"campfire_upgraded":7,"win_rate":0.0,"timestamp":1607651833,"path_taken":["M","?","?","M","M","R","E","R","T","M","M","M","M","E","R","BOSS","M","M","$","?","M","R","?","R","T","?","?","M","?","?","R","BOSS","M","M","$","M","?","R","E","?","T","?","R","?","?","?","R","BOSS"],"items_purchased_type":["Relic","Card","Card","Relic","Relic","Card","Card"],"build_version":"2020-11-30","purchased_purges":1,"victory":false,"max_hp_per_floor":[70,70,70,70,70,70,70,70,70,70,70,70,70,70,70,70,70,70,70,70,70,70,70,70,70,70,70,70,70,70,70,70,70,70,70,70,70,70,70,70,70,70,70,70,70,70,70,70,70,70,70],"card_choices":[{"not_picked":["Sucker Punch","Calculated Gamble"],"picked":"Crippling Poison","floor":1},{"not_picked":["Acrobatics","Dagger Spray","PiercingWail"],"picked":"Deadly Poison","floor":4},{"not_picked":["Footwork","Bane","Dagger Throw"],"picked":"Cloak And Dagger","floor":5},{"not_picked":["Dagger Throw","Skewer","After Image","Predator"],"picked":"SKIP","floor":7},{"not_picked":["Prepared","Predator","Poisoned Stab"],"picked":"Deadly Poison","floor":10},{"not_picked":["Dagger Throw","Acrobatics","Calculated Gamble"],"picked":"Blade Dance","floor":11},{"not_picked":["Quick Slash","Finisher","Calculated Gamble"],"picked":"Dodge and Roll","floor":12},{"not_picked":["Choke","Poisoned Stab","Bane"],"picked":"Slice","floor":13},{"not_picked":["Setup","Doppelganger","Bane"],"picked":"Tactician","floor":14},{"not_picked":["Burst","Venomology","Grand Finale"],"picked":"Phantasmal Killer","floor":16},{"not_picked":["PiercingWail","Backflip","Well Laid Plans"],"picked":"Finisher","floor":18},{"not_picked":["Bane","Well Laid Plans","Caltrops"],"picked":"Calculated Gamble+1","floor":19},{"not_picked":["Dodge and Roll","Eviscerate","Bouncing Flask"],"picked":"Endless Agony","floor":22},{"not_picked":["Deadly Poison+1","Prepared+1","Flying Knee"],"picked":"Outmaneuver","floor":29},{"not_picked":["Acrobatics+1","Flechettes","Die Die Die"],"picked":"Blade Dance+1","floor":30},{"not_picked":["Acrobatics+1","Poisoned Stab","Wraith Form v2"],"picked":"Concentrate+1","floor":35},{"not_picked":["Quick Slash+1","PiercingWail","Underhanded Strike+1"],"picked":"Acrobatics","floor":36},{"not_picked":["Sucker Punch+1","Heel Hook+1","Blur+1","Dodge and Roll"],"picked":"SKIP","floor":38},{"not_picked":["Underhanded Strike+1","Endless Agony","Reflex","Leg Sweep"],"picked":"SKIP","floor":41}],"player_experience":131468,"relics_obtained":[{"floor":7,"key":"HornCleat"},{"floor":9,"key":"Regal Pillow"},{"floor":14,"key":"MealTicket"},{"floor":26,"key":"Juzu Bracelet"},{"floor":30,"key":"Peace Pipe"},{"floor":30,"key":"Bottled Tornado"},{"floor":34,"key":"Blood Vial"},{"floor":34,"key":"Mummified Hand"},{"floor":34,"key":"Thread and Needle"},{"floor":41,"key":"Shovel"},{"floor":41,"key":"Vajra"},{"floor":42,"key":"Old Coin"},{"floor":45,"key":"The Specimen"},{"floor":47,"key":"Bird Faced Urn"},{"floor":49,"key":"Lizard Tail"}],"event_choices":[{"damage_healed":0,"gold_gain":0,"player_choice":"Success","damage_taken":3,"relics_obtained":["Question Card"],"max_hp_gain":0,"max_hp_loss":0,"event_name":"Scrap Ooze","floor":2,"gold_loss":0},{"damage_healed":0,"gold_gain":0,"player_choice":"Forge","damage_taken":0,"max_hp_gain":0,"max_hp_loss":0,"event_name":"Accursed Blacksmith","floor":3,"gold_loss":0,"cards_upgraded":["After Image"]},{"damage_healed":0,"gold_gain":99,"player_choice":"Stole From Cult","damage_taken":0,"max_hp_gain":0,"max_hp_loss":0,"event_name":"Nest","floor":21,"gold_loss":0},{"damage_healed":0,"gold_gain":0,"player_choice":"Obtained Relic","damage_taken":0,"relics_obtained":["Eternal Feather"],"max_hp_gain":0,"max_hp_loss":0,"event_name":"Addict","floor":24,"gold_loss":85},{"damage_healed":0,"gold_gain":0,"player_choice":"Upgraded Two","damage_taken":0,"max_hp_gain":0,"max_hp_loss":0,"event_name":"Designer","floor":27,"gold_loss":40,"cards_upgraded":["Deadly Poison","Heel Hook"]},{"damage_healed":0,"gold_gain":0,"player_choice":"Ignored","damage_taken":0,"max_hp_gain":0,"max_hp_loss":0,"event_name":"Ghosts","floor":28,"gold_loss":0},{"damage_healed":0,"gold_gain":0,"player_choice":"Fight","damage_taken":0,"max_hp_gain":0,"max_hp_loss":0,"event_name":"Colosseum","floor":30,"gold_loss":0},{"damage_healed":0,"gold_gain":0,"player_choice":"Fought Nobs","damage_taken":0,"max_hp_gain":0,"max_hp_loss":0,"event_name":"Colosseum","floor":30,"gold_loss":0},{"damage_healed":0,"gold_gain":0,"player_choice":"Paid","damage_taken":0,"relics_obtained":["Red Mask"],"max_hp_gain":0,"max_hp_loss":0,"event_name":"Tomb of Lord Red Mask","floor":39,"gold_loss":24},{"damage_healed":0,"gold_gain":0,"player_choice":"Fight","damage_taken":0,"max_hp_gain":0,"max_hp_loss":0,"event_name":"Mysterious Sphere","floor":42,"gold_loss":0},{"damage_healed":0,"gold_gain":0,"player_choice":"Embrace Madness","damage_taken":9,"max_hp_gain":0,"max_hp_loss":0,"event_name":"Winding Halls","floor":44,"gold_loss":0,"cards_obtained":["Madness","Madness"]},{"damage_healed":0,"gold_gain":0,"player_choice":"Bought 0 Potions","damage_taken":0,"max_hp_gain":0,"max_hp_loss":0,"event_name":"The Woman in Blue","floor":46,"gold_loss":0},{"damage_healed":0,"gold_gain":0,"player_choice":"Fight","damage_taken":0,"max_hp_gain":0,"max_hp_loss":0,"event_name":"MindBloom","floor":47,"gold_loss":0}],"is_beta":false,"boss_relics":[{"not_picked":["Ectoplasm","Snecko Eye"],"picked":"Black Star"},{"not_picked":["Coffee Dripper","SlaversCollar"],"picked":"Calling Bell"}],"items_purged_floors":[48],"is_endless":false,"potions_floor_spawned":[4,10,12,13,30,30,33,36,38,42],"killed_by":"Time Eater","ascension_level":1}}