{"host":"xcuflocadasoaqda","time":1607651442,"event":{"mods":["BaseMod","Bestiary","Filter the Spire","Minty Spire (QoL Compilation)","Relic Stats"],"gold_per_floor":[114,114,114,139,153,186,186,226,226,264,264,288,304,322,322,412,412,432,432,453,137,160,195,208,247,247,262,262,303,318,71,71,167,167,186,519,538,538,589,623,484,512,536,571,571,109,121,147,147,147,147,147,147,73,100,100],"floor_reached":57,"playtime":4926,"items_purged":["Eruption+1","FlurryOfBlows+1","FlurryOfBlows+1"],"score":3275,"play_id":"404080c7-17e2-4a1f-a43a-94eba2e8a023","local_time":"20201210195042","is_ascension_mode":true,"campfire_choices":[{"data":"SandsOfTime","floor":7,"key":"SMITH"},{"data":"Tantrum","floor":11,"key":"SMITH"},{"data":"Ragnarok","floor":15,"key":"SMITH"},{"floor":32,"key":"REST"},{"floor":49,"key":"RECALL"},{"floor":53,"key":"REST"}],"circlet_count":0,"master_deck":["AscendersBane","Vigilance+1","FlyingSleeves+1","Swivel+1","Vault+1","WheelKick+1","SashWhip+1","FlyingSleeves+1","SandsOfTime+1","Indignation+1","Protect+1","Tantrum+1","Ragnarok+1","LessonLearned+1","EmptyMind+1","Halt+1","CutThroughFate+1","Halt+1","Wallop+1","Establishment+1","Worship+1","Sanctity+1","Wireheading","Adaptation","InnerPeace+1","MentalFortress"],"relics":["Pandora\u0027s Box","Orichalcum","Shuriken","Omamori","Fusion Hammer","Lantern","Ancient Tea Set","GoldenEye","Meat on the Bone","MutagenicStrength","Sundial","Vajra","Snecko Eye","Ginger","Blood Vial","StrikeDummy","Strawberry","Bottled Lightning","Bottled Tornado","Ice Cream","Oddly Smooth Stone","Bag of Marbles"],"acts_visited":["Exordium","TheCity","TheBeyond","TheEnding"],"potions_floor_usage":[8,13,16,20,23,35,56,56,56,56,56],"damage_taken":[{"damage":6.0,"enemies":"2 Louse","floor":1.0,"turns":2.0},{"damage":4.0,"enemies":"Jaw Worm","floor":4.0,"turns":3.0},{"damage":0.0,"enemies":"Cultist","floor":5.0,"turns":2.0},{"damage":0,"enemies":"Gremlin Nob","floor":6,"turns":2},{"damage":8,"enemies":"3 Sentries","floor":8,"turns":3},{"damage":0,"enemies":"Lagavulin","floor":10,"turns":4},{"damage":0,"enemies":"Exordium Thugs","floor":12,"turns":2},{"damage":0,"enemies":"3 Louse","floor":13,"turns":2},{"damage":5,"enemies":"Exordium Wildlife","floor":14,"turns":3},{"damage":6,"enemies":"The Guardian","floor":16,"turns":6},{"damage":0,"enemies":"3 Byrds","floor":18,"turns":4},{"damage":14,"enemies":"2 Thieves","floor":20,"turns":3},{"damage":0,"enemies":"Snecko","floor":22,"turns":3},{"damage":0,"enemies":"Gremlin Leader","floor":23,"turns":3},{"damage":0,"enemies":"Snake Plant","floor":24,"turns":2},{"damage":8,"enemies":"Book of Stabbing","floor":25,"turns":4},{"damage":17,"enemies":"Shelled Parasite and Fungi","floor":27,"turns":4},{"damage":7,"enemies":"Gremlin Leader","floor":29,"turns":5},{"damage":3,"enemies":"Centurion and Healer","floor":30,"turns":5},{"damage":17,"enemies":"Champ","floor":33,"turns":7},{"damage":3,"enemies":"Orb Walker","floor":35,"turns":5},{"damage":0,"enemies":"3 Darklings","floor":37,"turns":3},{"damage":14,"enemies":"2 Orb Walkers","floor":39,"turns":3},{"damage":13,"enemies":"Nemesis","floor":40,"turns":5},{"damage":0,"enemies":"Giant Head","floor":42,"turns":4},{"damage":0,"enemies":"Reptomancer","floor":44,"turns":3},{"damage":0,"enemies":"Transient","floor":47,"turns":7},{"damage":0,"enemies":"Nemesis","floor":48,"turns":3},{"damage":0,"enemies":"Time Eater","floor":50,"turns":3},{"damage":5,"enemies":"Donu and Deca","floor":51,"turns":5},{"damage":0,"enemies":"Shield and Spear","floor":55,"turns":3},{"damage":77,"enemies":"The Heart","floor":56,"turns":8}],"seed_played":"-8923157939862289334","potions_obtained":[{"floor":1.0,"key":"Fruit Juice"},{"floor":6,"key":"Energy Potion"},{"floor":12,"key":"Strength Potion"},{"floor":13,"key":"Dexterity Potion"},{"floor":16,"key":"DuplicationPotion"},{"floor":19,"key":"Swift Potion"},{"floor":20,"key":"DistilledChaos"},{"floor":23,"key":"PowerPotion"},{"floor":27,"key":"StancePotion"},{"floor":39,"key":"Explosive Potion"},{"floor":44,"key":"PowerPotion"},{"floor":48,"key":"EntropicBrew"}],"is_trial":false,"path_per_floor":["M","?","?","M","M","E","R","E","T","E","R","M","M","M","R","B",null,"M","?","M","$","M","E","M","E","T","M","?","E","M","$","R","B",null,"M","?","M","?","?","E","$","E","T","E","T","$","M","E","R","B","B",null,"R","$","E","B",null],"character_chosen":"WATCHER","items_purchased":["EmptyMind","Lantern","Vajra","Wallop","Wireheading","Ice Cream","InnerPeace"],"campfire_rested":2,"item_purchase_floors":[21,21,31,31,41,46,54],"current_hp_per_floor":[55,55,36,32,32,32,32,24,24,24,24,24,24,19,19,18,55,55,55,41,41,41,41,41,33,33,28,28,33,42,42,62,45,62,59,59,59,59,45,44,44,46,53,55,55,55,57,59,59,61,58,70,74,74,74,34],"gold":100,"neow_bonus":"BOSS_RELIC","is_daily":false,"chose_seed":false,"campfire_upgraded":3,"win_rate":0.0,"timestamp":1607651442,"path_taken":["M","?","?","M","M","E","R","E","T","E","R","M","M","M","R","BOSS","M","?","?","$","M","E","M","E","T","M","?","E","M","$","R","BOSS","M","?","M","?","?","E","$","E","T","E","?","?","?","E","R","BOSS","BOSS","R","$","E","BOSS"],"items_purchased_type":["Card","Relic","Relic","Card","Card","Relic","Card"],"build_version":"2020-11-30","purchased_purges":3,"victory":true,"max_hp_per_floor":[68,62,62,62,62,62,62,62,62,62,62,62,62,62,62,67,67,67,67,67,67,67,67,67,67,67,67,67,67,67,67,67,67,67,67,67,67,67,67,67,67,67,74,74,74,74,74,74,74,74,74,74,74,74,74,74],"relic_stats":{"Blood Vial":12,"counters":[32,121],"Shuriken":[56],"Sundial":[12],"Snecko Eye":[111,117,106,92],"Pandora\u0027s Box":["FlurryOfBlows","FlyingSleeves","Swivel","Vault","WheelKick","SashWhip","FlyingSleeves","FlurryOfBlows"],"Ginger":[3],"Orichalcum":[198],"GoldenEye":[72],"obtain_stats":[{"Ice Cream":46,"Lantern":21,"Golden Idol":2,"Vajra":31,"Oddly Smooth Stone":48,"Omamori":10,"Ginger":39,"Orichalcum":6,"Bottled Tornado":45,"Ancient Tea Set":23,"GoldenEye":25,"Blood Vial":40,"Shuriken":8,"Sundial":29,"MutagenicStrength":28,"Strawberry":43,"Snecko Eye":34,"Pandora\u0027s Box":0,"Fusion Hammer":17,"Bag of Marbles":55,"Bottled Lightning":44,"PureWater":0,"StrikeDummy":42,"Meat on the Bone":26},{"Ice Cream":26,"Lantern":12,"Golden Idol":1,"Vajra":19,"Oddly Smooth Stone":28,"Omamori":6,"Ginger":23,"Orichalcum":4,"Bottled Tornado":26,"Ancient Tea Set":14,"GoldenEye":16,"Blood Vial":24,"Shuriken":5,"Sundial":18,"MutagenicStrength":17,"Strawberry":25,"Snecko Eye":20,"Pandora\u0027s Box":0,"Fusion Hammer":10,"Bag of Marbles":31,"Bottled Lightning":26,"PureWater":0,"StrikeDummy":25,"Meat on the Bone":16},{"Ice Cream":92,"Lantern":36,"Golden Idol":2,"Vajra":62,"Oddly Smooth Stone":102,"Omamori":16,"Ginger":80,"Orichalcum":9,"Bottled Tornado":92,"Ancient Tea Set":42,"GoldenEye":48,"Blood Vial":85,"Shuriken":12,"Sundial":57,"MutagenicStrength":52,"Strawberry":89,"Snecko Eye":69,"Pandora\u0027s Box":0,"Fusion Hammer":29,"Bag of Marbles":113,"Bottled Lightning":92,"PureWater":0,"StrikeDummy":89,"Meat on the Bone":48}],"Meat on the Bone":60},"card_choices":[{"not_picked":["Protect","Crescendo"],"picked":"SandsOfTime","floor":1.0},{"not_picked":["Prostrate","Evaluate"],"picked":"Indignation","floor":4.0},{"not_picked":["Evaluate","Weave"],"picked":"Protect","floor":5.0},{"not_picked":["SignatureMove","Evaluate","Protect"],"picked":"SKIP","floor":6},{"not_picked":["ForeignInfluence","Worship"],"picked":"Tantrum","floor":8},{"not_picked":["Vengeance","WaveOfTheHand"],"picked":"Ragnarok","floor":10},{"not_picked":["Protect","FlurryOfBlows","Evaluate"],"picked":"SKIP","floor":12},{"not_picked":["BowlingBash","FlurryOfBlows","Crescendo"],"picked":"SKIP","floor":13},{"not_picked":["SignatureMove","FollowUp","ForeignInfluence"],"picked":"SKIP","floor":14},{"not_picked":["Scrawl","ConjureBlade"],"picked":"LessonLearned","floor":16},{"not_picked":["CrushJoints","Sanctity","Evaluate"],"picked":"SKIP","floor":18},{"not_picked":["Fasting2","WreathOfFlame","Tantrum"],"picked":"SKIP","floor":20},{"not_picked":["EmptyBody","Protect"],"picked":"Halt","floor":22},{"not_picked":["BattleHymn","FlurryOfBlows"],"picked":"CutThroughFate+1","floor":23},{"not_picked":["CrushJoints","ReachHeaven+1"],"picked":"Halt","floor":24},{"not_picked":["Tantrum","Consecrate","ReachHeaven"],"picked":"SKIP","floor":25},{"not_picked":["PathToVictory","Ragnarok","SashWhip"],"picked":"SKIP","floor":27},{"not_picked":["JustLucky","Perseverance","WindmillStrike"],"picked":"SKIP","floor":29},{"not_picked":["Prostrate","FollowUp","FlurryOfBlows"],"picked":"SKIP","floor":30},{"not_picked":["MasterReality","Brilliance"],"picked":"Establishment","floor":33},{"not_picked":["Nirvana+1","FlyingSleeves","ThirdEye"],"picked":"SKIP","floor":35},{"not_picked":["Conclude","Prostrate","ThirdEye"],"picked":"SKIP","floor":37},{"not_picked":["SashWhip","EmptyBody+1"],"picked":"Worship+1","floor":39},{"not_picked":["Prostrate","CutThroughFate+1"],"picked":"Sanctity+1","floor":40},{"not_picked":["Judgement","ForeignInfluence","WreathOfFlame+1"],"picked":"SKIP","floor":42},{"not_picked":["Judgement","ForeignInfluence","WreathOfFlame+1"],"picked":"SKIP","floor":42},{"not_picked":["SashWhip+1","Evaluate","EmptyMind+1"],"picked":"SKIP","floor":44},{"not_picked":["FearNoEvil+1","Crescendo"],"picked":"Adaptation","floor":47},{"not_picked":["Halt","CutThroughFate+1","SandsOfTime"],"picked":"SKIP","floor":48},{"not_picked":["LessonLearned","BattleHymn"],"picked":"MentalFortress","floor":55}],"player_experience":1690102,"relics_obtained":[{"floor":6,"key":"Orichalcum"},{"floor":8,"key":"Shuriken"},{"floor":10,"key":"Omamori"},{"floor":23,"key":"Ancient Tea Set"},{"floor":25,"key":"GoldenEye"},{"floor":26,"key":"Meat on the Bone"},{"floor":29,"key":"Sundial"},{"floor":39,"key":"Ginger"},{"floor":40,"key":"Blood Vial"},{"floor":42,"key":"StrikeDummy"},{"floor":43,"key":"Strawberry"},{"floor":44,"key":"Bottled Lightning"},{"floor":45,"key":"Bottled Tornado"},{"floor":48,"key":"Oddly Smooth Stone"},{"floor":55,"key":"Bag of Marbles"}],"event_choices":[{"damage_healed":0.0,"max_hp_gain":0.0,"max_hp_loss":6.0,"gold_gain":0.0,"event_name":"Golden Idol","player_choice":"Lose Max HP","floor":2.0,"gold_loss":0.0,"damage_taken":0.0,"relics_obtained":["Golden Idol"]},{"damage_healed":0.0,"max_hp_gain":0.0,"max_hp_loss":0.0,"gold_gain":0.0,"event_name":"Shining Light","player_choice":"Entered Light","floor":3.0,"gold_loss":0.0,"damage_taken":19.0,"cards_upgraded":["FlyingSleeves","FlyingSleeves"]},{"damage_healed":0,"gold_gain":0,"player_choice":"Got Potions","damage_taken":0,"max_hp_gain":0,"max_hp_loss":0,"event_name":"Lab","floor":19,"gold_loss":0},{"damage_healed":0,"gold_gain":0,"player_choice":"Inject Mutagens","damage_taken":0,"relics_obtained":["MutagenicStrength"],"max_hp_gain":0,"max_hp_loss":0,"event_name":"Drug Dealer","floor":28,"gold_loss":0},{"damage_healed":0,"gold_gain":333,"player_choice":"Gave Idol","damage_taken":0,"max_hp_gain":0,"max_hp_loss":0,"event_name":"The Moai Head","floor":36,"relics_lost":["Golden Idol"],"gold_loss":0},{"damage_healed":0,"gold_gain":0,"player_choice":"Memory 1","damage_taken":0,"max_hp_gain":0,"max_hp_loss":0,"event_name":"SensoryStone","floor":38,"gold_loss":0},{"damage_healed":0,"gold_gain":0,"player_choice":"Fight","damage_taken":0,"max_hp_gain":0,"max_hp_loss":0,"event_name":"Mysterious Sphere","floor":39,"gold_loss":0}],"is_beta":false,"boss_relics":[{"not_picked":["Tiny House","Empty Cage"],"picked":"Fusion Hammer"},{"not_picked":["Calling Bell","SacredBark"],"picked":"Snecko Eye"}],"items_purged_floors":[21,41,46],"is_endless":false,"potions_floor_spawned":[1,6,12,13,16,20,23,27,29,33,39,40,44,48,55],"ascension_level":20}}