{"host":"fevvm7bbzuh4s1jc","time":1607656533,"event":{"mods":["BaseMod","Highlight Path","Minty Spire (QoL Compilation)","Relic Stats"],"gold_per_floor":[109,129,129,94,112,112,143,143,143,143,10,10,29,63,63,136,136,153,153,169,189,199,199,199],"floor_reached":23,"playtime":802,"items_purged":[],"score":402,"play_id":"1ca03836-83ec-4de7-ad50-b4134d4020b6","local_time":"20201210221533","is_ascension_mode":true,"campfire_choices":[{"data":"Dagger Spray","floor":6.0,"key":"SMITH"},{"data":"Predator","floor":8.0,"key":"SMITH"},{"data":"Noxious Fumes","floor":12.0,"key":"SMITH"},{"data":"Crippling Poison","floor":15,"key":"SMITH"}],"circlet_count":0,"master_deck":["AscendersBane","Strike_G+1","Strike_G+1","Strike_G+1","Strike_G+1","Strike_G+1","Defend_G+1","Defend_G+1","Defend_G+1","Defend_G+1","Defend_G+1","Survivor+1","Neutralize","Dagger Spray+1","Predator+1","Deflect","Dagger Throw","Noxious Fumes+1","Crippling Poison+1","Terror","Phantasmal Killer","Deflect+1","Footwork"],"relics":["Ring of the Snake","MealTicket","Nunchaku","Matryoshka","Lantern","SacredBark"],"acts_visited":["Exordium","TheCity"],"potions_floor_usage":[20,22,23],"damage_taken":[{"damage":0.0,"enemies":"2 Louse","floor":1.0,"turns":4.0},{"damage":0.0,"enemies":"Jaw Worm","floor":2.0,"turns":4.0},{"damage":0.0,"enemies":"Small Slimes","floor":5.0,"turns":2.0},{"damage":18.0,"enemies":"Gremlin Nob","floor":7.0,"turns":4.0},{"damage":0.0,"enemies":"Looter","floor":13.0,"turns":3.0},{"damage":12.0,"enemies":"Lagavulin","floor":14.0,"turns":5.0},{"damage":10,"enemies":"The Guardian","floor":16,"turns":9},{"damage":19,"enemies":"2 Thieves","floor":18,"turns":3},{"damage":0,"enemies":"Shell Parasite","floor":20,"turns":3},{"damage":0,"enemies":"Centurion and Healer","floor":21,"turns":5},{"damage":11,"enemies":"Snecko","floor":22,"turns":5},{"damage":48,"enemies":"Book of Stabbing","floor":23,"turns":6}],"seed_played":"-2784079799515817803","potions_obtained":[{"floor":7.0,"key":"Ancient Potion"},{"floor":13.0,"key":"Swift Potion"},{"floor":14,"key":"BlessingOfTheForge"},{"floor":16,"key":"Fruit Juice"},{"floor":20,"key":"GamblersBrew"}],"is_trial":false,"path_per_floor":["M","M","?","?","M","R","E","R","T","?","$","R","M","E","R","B",null,"M","?","M","M","M","E"],"character_chosen":"THE_SILENT","items_purchased":["Strength Potion","Noxious Fumes"],"campfire_rested":0,"item_purchase_floors":[11,11],"current_hp_per_floor":[59,59,39,55,55,55,37,37,37,42,57,57,57,45,45,35,62,43,43,53,53,42,0,0],"gold":199,"neow_bonus":"RANDOM_COMMON_RELIC","is_daily":false,"chose_seed":false,"campfire_upgraded":4,"win_rate":0.0,"timestamp":1607656533,"path_taken":["M","M","?","?","M","R","E","R","T","?","?","R","M","E","R","BOSS","M","?","M","M","M","E"],"items_purchased_type":["Potion","Card"],"build_version":"2020-11-30","purchased_purges":0,"victory":false,"max_hp_per_floor":[66,66,66,66,66,66,66,66,66,71,71,71,71,71,71,71,71,71,71,81,81,81,81,81],"relic_stats":{"Nunchaku":[5],"counters":[12,53],"MealTicket":15,"obtain_stats":[{"Nunchaku":7,"Lantern":14,"Matryoshka":9,"SacredBark":17,"MealTicket":0,"Ring of the Snake":0},{"Nunchaku":4,"Lantern":6,"Matryoshka":4,"SacredBark":7,"MealTicket":0,"Ring of the Snake":0},{"Nunchaku":14,"Lantern":22,"Matryoshka":14,"SacredBark":31,"MealTicket":0,"Ring of the Snake":0}],"Ring of the Snake":[24]},"card_choices":[{"not_picked":["Deadly Poison","Dagger Throw"],"picked":"Dagger Spray","floor":1.0},{"not_picked":["Cloak And Dagger","Acrobatics"],"picked":"Predator","floor":2.0},{"not_picked":["All Out Attack","Calculated Gamble"],"picked":"Deflect","floor":5.0},{"not_picked":["Backflip","Wraith Form v2"],"picked":"Dagger Throw","floor":7.0},{"not_picked":["Prepared","Flechettes"],"picked":"Crippling Poison","floor":13.0},{"not_picked":["Flechettes","Backflip"],"picked":"Terror","floor":14},{"not_picked":["Die Die Die","Night Terror"],"picked":"Phantasmal Killer","floor":16},{"not_picked":["Backflip","Underhanded Strike"],"picked":"Deflect+1","floor":18},{"not_picked":["Deadly Poison","Dagger Throw","Terror"],"picked":"SKIP","floor":20},{"not_picked":["Acrobatics","Night Terror","Accuracy"],"picked":"SKIP","floor":21},{"not_picked":["Crippling Poison","Blade Dance"],"picked":"Footwork","floor":22}],"player_experience":2533299,"relics_obtained":[{"floor":7.0,"key":"Nunchaku"},{"floor":9.0,"key":"Matryoshka"},{"floor":14,"key":"Lantern"}],"event_choices":[{"damage_healed":0.0,"max_hp_gain":0.0,"max_hp_loss":0.0,"gold_gain":0.0,"event_name":"Shining Light","player_choice":"Entered Light","floor":3.0,"gold_loss":0.0,"damage_taken":20.0,"cards_upgraded":["Defend_G","Survivor"]},{"damage_healed":16.0,"max_hp_gain":0.0,"max_hp_loss":0.0,"gold_gain":0.0,"event_name":"The Cleric","player_choice":"Healed","floor":4.0,"gold_loss":35.0,"damage_taken":0.0},{"damage_healed":0.0,"max_hp_gain":5.0,"max_hp_loss":0.0,"gold_gain":0.0,"event_name":"Big Fish","player_choice":"Donut","floor":10.0,"gold_loss":0.0,"damage_taken":0.0},{"damage_healed":0,"gold_gain":0,"player_choice":"Simplicity","damage_taken":0,"max_hp_gain":0,"max_hp_loss":0,"event_name":"Back to Basics","floor":19,"gold_loss":0,"cards_upgraded":["Strike_G","Strike_G","Strike_G","Strike_G","Strike_G","Defend_G","Defend_G","Defend_G","Defend_G"]}],"is_beta":false,"boss_relics":[{"not_picked":["Sozu","Black Star"],"picked":"SacredBark"}],"items_purged_floors":[],"is_endless":false,"potions_floor_spawned":[7,13,14,16,20],"killed_by":"Book of Stabbing","ascension_level":20}}