{"host":"p084pgp93u1tv48k","time":1607694555,"event":{"mods":["AchievementEnabler","BaseMod","Hermit","Minty Spire (QoL Compilation)","Quick Restart","StSLib"],"gold_per_floor":[110,110,110,35,45,79,96,96,96,110,126,126,139,154,154,259,259,259,184,84,84,84,84,84],"floor_reached":23,"playtime":1783,"items_purged":["hermit:Strike_Hermit","hermit:Defend_Hermit"],"score":220,"play_id":"3236613d-6e54-4473-a8b8-bfa0e7de4784","local_time":"20201211091915","is_ascension_mode":false,"campfire_choices":[{"data":"hermit:Dive","floor":8,"key":"SMITH"},{"data":"hermit:Dive","floor":12,"key":"SMITH"},{"floor":15,"key":"RECALL"}],"circlet_count":0,"master_deck":["hermit:Strike_Hermit","hermit:Strike_Hermit","hermit:Strike_Hermit","hermit:Defend_Hermit","hermit:Defend_Hermit","hermit:Snapshot","hermit:Covet","hermit:Dive+1","hermit:Dive+1","hermit:Brawl","hermit:Combo"],"relics":["hermit:Momento","NeowsBlessing","Strawberry","Prayer Wheel","Gremlin Horn","Ectoplasm"],"acts_visited":["Exordium","TheCity"],"potions_floor_usage":[16,16,16,19],"damage_taken":[{"damage":0,"enemies":"2 Louse","floor":1,"turns":1},{"damage":0,"enemies":"Jaw Worm","floor":5,"turns":1},{"damage":0,"enemies":"Gremlin Nob","floor":6,"turns":1},{"damage":0,"enemies":"Cultist","floor":7,"turns":3},{"damage":0,"enemies":"3 Louse","floor":10,"turns":3},{"damage":2,"enemies":"2 Fungi Beasts","floor":11,"turns":4},{"damage":0,"enemies":"Lots of Slimes","floor":13,"turns":4},{"damage":0,"enemies":"Exordium Wildlife","floor":14,"turns":8},{"damage":16,"enemies":"The Guardian","floor":16,"turns":14},{"damage":19,"enemies":"3 Byrds","floor":18,"turns":11},{"damage":3,"enemies":"2 Thieves","floor":19,"turns":5},{"damage":1,"enemies":"Snake Plant","floor":21,"turns":6},{"damage":71,"enemies":"Slavers","floor":23,"turns":4}],"seed_played":"-161412322270772323","potions_obtained":[{"floor":1,"key":"hermit:BlackBile"},{"floor":6,"key":"DuplicationPotion"},{"floor":7,"key":"Strength Potion"},{"floor":18,"key":"FearPotion"}],"is_trial":false,"path_per_floor":["M","?","?","$","M","E","M","R","T","M","M","R","M","M","R","B",null,"M","M","$","M","?","E"],"character_chosen":"HERMIT","items_purchased":[],"campfire_rested":0,"item_purchase_floors":[],"current_hp_per_floor":[75,68,68,68,68,68,68,68,68,68,66,66,66,66,66,50,82,63,60,60,59,59,0,0],"gold":84,"neow_bonus":"THREE_ENEMY_KILL","is_daily":false,"chose_seed":false,"campfire_upgraded":2,"win_rate":0.0,"timestamp":1607694555,"path_taken":["M","?","?","?","M","E","M","R","T","M","M","R","M","M","R","BOSS","M","M","$","M","?","E"],"items_purchased_type":[],"build_version":"2020-11-30","purchased_purges":2,"victory":false,"max_hp_per_floor":[75,75,82,82,82,82,82,82,82,82,82,82,82,82,82,82,82,82,82,82,82,82,82,82],"card_choices":[{"not_picked":["hermit:Scavenge","hermit:CalledShot"],"picked":"hermit:Dive","floor":1},{"not_picked":["hermit:Snipe","hermit:HighCaliber","hermit:Manifest"],"picked":"SKIP","floor":5},{"not_picked":["hermit:Snipe","hermit:HighCaliber","hermit:Purgatory"],"picked":"SKIP","floor":6},{"not_picked":["hermit:SprayPray","hermit:ItchyTrigger"],"picked":"hermit:Dive","floor":7},{"not_picked":["hermit:Misfire","hermit:Ricochet","hermit:Glare"],"picked":"SKIP","floor":7},{"not_picked":["hermit:LowProfile","hermit:SprayPray","hermit:ItchyTrigger"],"picked":"SKIP","floor":10},{"not_picked":["hermit:Dive","hermit:BodyArmor","hermit:Manifest"],"picked":"SKIP","floor":10},{"not_picked":["hermit:FlashPowder","hermit:Dissolve","hermit:Malice"],"picked":"SKIP","floor":11},{"not_picked":["hermit:ShadowCloak","hermit:Snipe","hermit:BodyArmor"],"picked":"SKIP","floor":11},{"not_picked":["hermit:ItchyTrigger","hermit:BigShot","hermit:LowProfile"],"picked":"SKIP","floor":13},{"not_picked":["hermit:ShadowCloak","hermit:ItchyTrigger","hermit:TakeCover"],"picked":"SKIP","floor":13},{"not_picked":["hermit:HighCaliber","hermit:Quickdraw","hermit:Virtue"],"picked":"SKIP","floor":14},{"not_picked":["hermit:Desperado","hermit:FlashPowder","hermit:Roulette"],"picked":"SKIP","floor":14},{"not_picked":["hermit:HoleUp","hermit:HighCaliber","hermit:Malice"],"picked":"SKIP","floor":18},{"not_picked":["hermit:Headshot","hermit:GhostlyPresence","hermit:Feint+1"],"picked":"SKIP","floor":18},{"not_picked":["hermit:HighCaliber","hermit:Shortfuse"],"picked":"hermit:Brawl","floor":19},{"not_picked":["hermit:Quickdraw+1","hermit:Vantage","hermit:Dive"],"picked":"SKIP","floor":19},{"not_picked":["hermit:CalledShot+1","hermit:Glare","hermit:TakeAim"],"picked":"SKIP","floor":21},{"not_picked":["hermit:Dive","hermit:Quickdraw","hermit:WideOpen"],"picked":"SKIP","floor":21}],"player_experience":91138,"relics_obtained":[{"floor":6,"key":"Prayer Wheel"},{"floor":9,"key":"Gremlin Horn"}],"event_choices":[{"cards_removed":["hermit:Defend_Hermit"],"damage_healed":0,"gold_gain":0,"player_choice":"Card Removal","damage_taken":7,"max_hp_gain":0,"max_hp_loss":0,"event_name":"Golden Wing","floor":2,"gold_loss":0},{"damage_healed":0,"gold_gain":0,"player_choice":"Success","damage_taken":7,"relics_obtained":["Strawberry"],"max_hp_gain":0,"max_hp_loss":0,"event_name":"Scrap Ooze","floor":3,"gold_loss":0},{"damage_healed":0,"gold_gain":0,"player_choice":"Read","damage_taken":0,"max_hp_gain":0,"max_hp_loss":0,"event_name":"The Library","floor":22,"gold_loss":0,"cards_obtained":["hermit:Combo"]}],"is_beta":false,"boss_relics":[{"not_picked":["Busted Crown","Astrolabe"],"picked":"Ectoplasm"}],"items_purged_floors":[4,20],"is_endless":false,"potions_floor_spawned":[1,6,7,10,18],"killed_by":"Slavers","ascension_level":0}}