{"host":"tkinv8gv6hgcc58b","time":1607710737,"event":{"mods":["BaseMod","Colored Map","Downfall","Googly Eyes","Hermit","Minty Spire (QoL Compilation)","READ ME - Guardian Mod","StSLib","The Cursed","The Disciple"],"gold_per_floor":[99,99,99,99,99,99,99,69,69,69,69,69,69,69,69,69,69,69,69,69,69,69,69,69,17,17,17,17,17,17,17,17,17,17],"floor_reached":33,"playtime":1559,"items_purged":[],"score":527,"play_id":"1f907348-0e2b-4a4c-b2cc-9122839c645f","local_time":"20201211131857","is_ascension_mode":true,"campfire_choices":[{"data":"Noxious Fumes","floor":6,"key":"SMITH"},{"floor":10,"key":"REST"},{"data":"Tools of the Trade","floor":13,"key":"SMITH"},{"data":"Dash","floor":15,"key":"SMITH"},{"data":"Bullet Time","floor":23,"key":"SMITH"},{"data":"Acrobatics","floor":27,"key":"SMITH"},{"floor":32,"key":"REST"}],"circlet_count":0,"master_deck":["AscendersBane","Strike_G+1","Strike_G+1","Strike_G+1","Strike_G+1","Strike_G+1","Defend_G+1","Defend_G+1","Defend_G+1","Defend_G+1","Defend_G+1","Survivor+1","Neutralize","Noxious Fumes+1","Backflip","Poisoned Stab","Poisoned Stab","Dash+1","Tools of the Trade+1","Prepared","Bullet Time+1","Cloak And Dagger","Deadly Poison","Backflip","Acrobatics+1","Night Terror","Setup","Doppelganger","Sucker Punch+1"],"relics":["Ectoplasm","Lantern","Omamori","Ginger","Calling Bell","Smiling Mask","Paper Crane","Mango","Bronze Scales","Ninja Scroll","Darkstone Periapt"],"acts_visited":["Exordium","TheCity"],"potions_floor_usage":[8,12,14,14,14,24,24,31,33],"damage_taken":[{"damage":2,"enemies":"Cultist","floor":1,"turns":4},{"damage":0,"enemies":"2 Louse","floor":5,"turns":2},{"damage":5,"enemies":"Jaw Worm","floor":7,"turns":4},{"damage":1,"enemies":"Looter","floor":8,"turns":4},{"damage":2,"enemies":"Lots of Slimes","floor":11,"turns":3},{"damage":3,"enemies":"Lagavulin","floor":12,"turns":6},{"damage":6,"enemies":"Gremlin Nob","floor":14,"turns":3},{"damage":14,"enemies":"The Guardian","floor":16,"turns":9},{"damage":0,"enemies":"Chosen","floor":18,"turns":5},{"damage":0,"enemies":"Shell Parasite","floor":21,"turns":6},{"damage":4,"enemies":"Slavers","floor":24,"turns":6},{"damage":4,"enemies":"3 Cultists","floor":28,"turns":5},{"damage":12,"enemies":"Shelled Parasite and Fungi","floor":29,"turns":6},{"damage":26,"enemies":"Gremlin Leader","floor":30,"turns":6},{"damage":15,"enemies":"Snake Plant","floor":31,"turns":3},{"damage":52,"enemies":"Collector","floor":33,"turns":9}],"seed_played":"672229232635329552","potions_obtained":[{"floor":1,"key":"ColorlessPotion"},{"floor":5,"key":"EntropicBrew"},{"floor":11,"key":"Block Potion"},{"floor":14,"key":"GhostInAJar"},{"floor":21,"key":"Fire Potion"},{"floor":24,"key":"Swift Potion"},{"floor":29,"key":"Swift Potion"}],"is_trial":false,"path_per_floor":["M","?","?","?","M","R","M","M","T","R","M","E","R","E","R","B",null,"M","?","?","M","?","R","E","$","T","R","M","M","E","M","R","B"],"character_chosen":"THE_SILENT","items_purchased":["Acrobatics"],"campfire_rested":2,"item_purchase_floors":[25],"current_hp_per_floor":[57,44,44,44,44,44,39,38,38,57,55,52,52,46,46,32,72,72,57,57,57,85,85,81,81,81,81,77,65,39,24,49,0,0],"gold":17,"neow_bonus":"BOSS_RELIC","is_daily":false,"chose_seed":false,"campfire_upgraded":5,"win_rate":0.0,"timestamp":1607710737,"path_taken":["M","?","?","?","M","R","?","M","T","R","M","E","R","E","R","BOSS","M","?","?","M","?","R","E","?","T","R","?","M","E","M","R","BOSS"],"items_purchased_type":["Card"],"build_version":"2020-11-30","purchased_purges":0,"victory":false,"max_hp_per_floor":[66,66,66,66,66,66,66,66,66,66,66,66,66,66,66,66,80,80,85,85,85,85,85,85,85,85,85,85,85,85,85,85,85,85],"card_choices":[{"not_picked":["Calculated Gamble","Well Laid Plans"],"picked":"Noxious Fumes","floor":1},{"not_picked":["Acrobatics","Underhanded Strike"],"picked":"Backflip","floor":5},{"not_picked":["Acrobatics","Deflect"],"picked":"Poisoned Stab","floor":7},{"not_picked":["Deadly Poison","Slice"],"picked":"Poisoned Stab","floor":8},{"not_picked":["Setup","Deadly Poison"],"picked":"Dash","floor":11},{"not_picked":["Prepared","Well Laid Plans"],"picked":"Tools of the Trade","floor":12},{"not_picked":["Slice","Outmaneuver"],"picked":"Prepared","floor":14},{"not_picked":["Burst","Grand Finale"],"picked":"Bullet Time","floor":16},{"not_picked":["Dagger Spray","Well Laid Plans"],"picked":"Cloak And Dagger","floor":18},{"not_picked":["Riddle With Holes","Prepared"],"picked":"Deadly Poison","floor":21},{"not_picked":["Prepared","Terror"],"picked":"Backflip","floor":24},{"not_picked":["Slice+1","Flying Knee"],"picked":"Night Terror","floor":28},{"not_picked":["Flechettes","Sucker Punch"],"picked":"Setup","floor":29},{"not_picked":["Dagger Throw+1","Flying Knee"],"picked":"Doppelganger","floor":30},{"not_picked":["Dagger Spray","Backstab"],"picked":"Sucker Punch+1","floor":31}],"player_experience":971911,"relics_obtained":[{"floor":9,"key":"Lantern"},{"floor":12,"key":"Omamori"},{"floor":14,"key":"Ginger"},{"floor":17,"key":"Smiling Mask"},{"floor":17,"key":"Paper Crane"},{"floor":17,"key":"Mango"},{"floor":24,"key":"Bronze Scales"},{"floor":26,"key":"Ninja Scroll"},{"floor":30,"key":"Darkstone Periapt"}],"event_choices":[{"damage_healed":0,"gold_gain":0,"player_choice":"Entered Light","damage_taken":13,"max_hp_gain":0,"max_hp_loss":0,"event_name":"Shining Light","floor":2,"gold_loss":0,"cards_upgraded":["Defend_G","Survivor"]},{"damage_healed":0,"gold_gain":0,"player_choice":"Ignored","damage_taken":0,"max_hp_gain":0,"max_hp_loss":0,"event_name":"Liars Game","floor":3,"gold_loss":0},{"damage_healed":0,"gold_gain":0,"player_choice":"Ignored","damage_taken":0,"max_hp_gain":0,"max_hp_loss":0,"event_name":"Golden Wing","floor":4,"gold_loss":0},{"damage_healed":0,"gold_gain":0,"player_choice":"Shed Blood","damage_taken":20,"max_hp_gain":5,"max_hp_loss":0,"event_name":"Forgotten Altar","floor":19,"gold_loss":0},{"damage_healed":0,"gold_gain":0,"player_choice":"Simplicity","damage_taken":0,"max_hp_gain":0,"max_hp_loss":0,"event_name":"Back to Basics","floor":20,"gold_loss":0,"cards_upgraded":["Strike_G","Strike_G","Strike_G","Strike_G","Strike_G","Defend_G","Defend_G","Defend_G","Defend_G"]},{"damage_healed":28,"gold_gain":0,"player_choice":"Heal","damage_taken":0,"max_hp_gain":0,"max_hp_loss":0,"event_name":"The Library","floor":22,"gold_loss":0}],"is_beta":false,"boss_relics":[{"not_picked":["Velvet Choker","Snecko Eye"],"picked":"Calling Bell"}],"items_purged_floors":[],"is_endless":false,"potions_floor_spawned":[1,5,11,14,21,24,29],"killed_by":"Collector","ascension_level":14}}