{"host":"otf1z5955ddlv5pq","time":1607679744,"event":{"mods":["BaseMod","Beaked The Cultist","Better Note","Better Third Choice","Colored Map","Colored Powertips","Downfall","Minty Spire (QoL Compilation)","Rare Cards Sparkle","Replay The Spire","StSLib"],"gold_per_floor":[114,39,50,62,74,104,104,138,164,205,243,255,267,291,303,410,422,349,180,194,206,206,206,232,232,256,267,297,312,337,355,355,452,452,472,432,446,465,270,297,297,246,246,246,279,279,279,279,279,279,279,279,239,264,264,264],"floor_reached":55,"playtime":6043,"items_purged":["Strike_G","Slimebound:Icky","Parasite"],"score":712,"play_id":"831fc073-376d-40d6-90eb-4f1dee8fbe24","local_time":"20201211014224","is_ascension_mode":true,"campfire_choices":[{"floor":7,"key":"REST"},{"floor":15,"key":"REST"},{"floor":23,"key":"REST"},{"data":"After Image","floor":25,"key":"SMITH"},{"floor":32,"key":"REST"},{"floor":41,"key":"REST"},{"floor":44,"key":"RECALL"},{"data":"Infinite Blades","floor":46,"key":"SMITH"},{"floor":49,"key":"REST"},{"data":"Cloak And Dagger","floor":52,"key":"SMITH"}],"circlet_count":0,"master_deck":["Defend_G+2","Defend_G+2","Survivor+1","Neutralize","Cloak And Dagger+1","Glass Knife+1","Footwork","Cloak And Dagger","Infinite Blades+1","Cloak And Dagger","After Image+1","Infinite Blades","Hidden Blade+1","Backstab","Die Die Die","Prepared+1","After Image","Escape Plan+1","Accuracy+1","Slice","Accuracy+1","Panache+1","Caltrops"],"relics":["Ring of the Snake","Lantern","Gremlin Food","Pen Nib","MawBank","Blood Vial","Odd Mushroom","Kintsugi","Question Card","Akabeko","Matryoshka","WristBlade","Shuriken","Bag of Preparation","Anchor","Thread and Needle","Simple Rune"],"acts_visited":["Exordium","TheCity","TheBeyond","TheEnding"],"potions_floor_usage":[6,8,10,16,24,24,30,33,33,37,54,55,55],"damage_taken":[{"damage":0,"enemies":"2 Louse","floor":1,"turns":2},{"damage":0,"enemies":"Small Slimes","floor":3,"turns":3},{"damage":1,"enemies":"Jaw Worm","floor":4,"turns":3},{"damage":0,"enemies":"3 Louse","floor":5,"turns":3},{"damage":33,"enemies":"Lagavulin","floor":6,"turns":15},{"damage":11,"enemies":"3 Sentries","floor":8,"turns":11},{"damage":6,"enemies":"Lagavulin","floor":10,"turns":7},{"damage":4,"enemies":"The Mushroom Lair","floor":11,"turns":5},{"damage":1,"enemies":"Exordium Wildlife","floor":14,"turns":4},{"damage":8,"enemies":"Slime Boss","floor":16,"turns":12},{"damage":0,"enemies":"3 Byrds","floor":18,"turns":7},{"damage":4,"enemies":"Shell Parasite","floor":20,"turns":6},{"damage":15,"enemies":"Snake Plant","floor":21,"turns":8},{"damage":0,"enemies":"Slavers","floor":24,"turns":8},{"damage":8,"enemies":"Cultist and Chosen","floor":27,"turns":9},{"damage":1,"enemies":"Replay:Snechameleon","floor":28,"turns":7},{"damage":0,"enemies":"Centurion and Healer","floor":29,"turns":4},{"damage":11,"enemies":"Gremlin Leader","floor":30,"turns":7},{"damage":3,"enemies":"Snake Plant","floor":31,"turns":5},{"damage":22,"enemies":"Champ","floor":33,"turns":16},{"damage":8,"enemies":"3 Shapes","floor":35,"turns":3},{"damage":24,"enemies":"3 Darklings","floor":37,"turns":4},{"damage":12,"enemies":"Writhing Mass","floor":38,"turns":6},{"damage":0,"enemies":"Reptomancer","floor":40,"turns":7},{"damage":0,"enemies":"Giant Head","floor":45,"turns":5},{"damage":0,"enemies":"Replay:Hell Engine","floor":50,"turns":7},{"damage":37,"enemies":"Shield and Spear","floor":54,"turns":6},{"damage":50,"enemies":"The Heart","floor":55,"turns":3}],"seed_played":"-122813527394602606","potions_obtained":[{"floor":3,"key":"Energy Potion"},{"floor":4,"key":"Weak Potion"},{"floor":6,"key":"BlessingOfTheForge"},{"floor":14,"key":"PowerPotion"},{"floor":16,"key":"DuplicationPotion"},{"floor":18,"key":"LiquidMemories"},{"floor":24,"key":"SpeedPotion"},{"floor":27,"key":"SteroidPotion"},{"floor":28,"key":"SpeedPotion"},{"floor":33,"key":"ColorlessPotion"},{"floor":36,"key":"Venom Potion"},{"floor":36,"key":"Poison Potion"},{"floor":38,"key":"Weak Potion"}],"is_trial":false,"path_per_floor":["M","$","M","M","M","E","R","E","T","E","?","?","?","M","R","B",null,"M","$","M","M","?","R","E","R","T","M","E","M","E","M","R","B",null,"M","?","M","M","$","E","R","$","T","R","E","R","?","$","R","B",null,"R","$","E","B"],"character_chosen":"THE_SILENT","items_purchased":["Infinite Blades","Accuracy","Slice","Caltrops"],"campfire_rested":6,"item_purchase_floors":[19,39,42,53],"current_hp_per_floor":[70,70,70,69,69,36,57,46,46,40,38,38,26,27,48,42,70,70,70,66,53,53,70,70,70,70,62,63,65,56,55,70,48,70,62,62,40,30,30,32,52,52,52,52,54,54,54,54,67,67,67,67,67,30,0,0],"gold":264,"neow_bonus":"RANDOM_COMMON_RELIC","is_daily":false,"chose_seed":false,"campfire_upgraded":3,"win_rate":0.0,"timestamp":1607679744,"path_taken":["M","$","M","M","M","E","R","E","T","E","?","?","?","M","R","BOSS","M","$","M","M","?","R","E","R","T","M","E","M","E","M","R","BOSS","M","?","M","M","$","E","R","?","T","R","E","R","?","$","R","BOSS","R","$","E","BOSS"],"items_purchased_type":["Card","Card","Card","Card"],"build_version":"2020-11-30","purchased_purges":3,"victory":false,"max_hp_per_floor":[70,70,70,70,70,70,70,70,70,70,70,70,70,70,70,70,70,70,70,70,70,70,70,70,70,70,70,70,70,70,70,70,70,70,70,70,70,70,67,67,67,67,67,67,67,67,67,67,67,67,67,67,67,67,67,67],"card_choices":[{"not_picked":["Bane","Dodge and Roll"],"picked":"Cloak And Dagger","floor":1},{"not_picked":["Outmaneuver","Acrobatics"],"picked":"Glass Knife","floor":3},{"not_picked":["Outmaneuver","Slice","Quick Slash"],"picked":"SKIP","floor":4},{"not_picked":["Backflip","Deadly Poison"],"picked":"Footwork","floor":5},{"not_picked":["Sucker Punch","Sneak Up"],"picked":"Cloak And Dagger","floor":6},{"not_picked":["Backflip","Glass Knife"],"picked":"Infinite Blades","floor":8},{"not_picked":["Predator","ReplayTheSpireMod:Necrosis","Slice"],"picked":"SKIP","floor":10},{"not_picked":["Backstab","Concentrate"],"picked":"Cloak And Dagger","floor":11},{"not_picked":["Outmaneuver","PiercingWail","Blur"],"picked":"SKIP","floor":14},{"not_picked":["Corpse Explosion","Unload"],"picked":"After Image","floor":16},{"not_picked":["Sucker Punch","Riddle With Holes","ReplayTheSpireMod:Tripwire"],"picked":"SKIP","floor":18},{"not_picked":["All Out Attack","Dagger Spray"],"picked":"Hidden Blade+1","floor":20},{"not_picked":["Slice+1","Deflect","Hidden Blade+1"],"picked":"SKIP","floor":21},{"not_picked":["Dagger Throw","Heel Hook"],"picked":"Backstab","floor":24},{"not_picked":["Dash","Toxin Wave","Hidden Blade","Blur"],"picked":"SKIP","floor":27},{"not_picked":["Quick Slash+1","Flechettes","Underhanded Strike","Dagger Spray"],"picked":"SKIP","floor":28},{"not_picked":["Hidden Blade","All Out Attack","Bane"],"picked":"Die Die Die","floor":29},{"not_picked":["Sucker Punch","Calculated Gamble","Quick Slash"],"picked":"Prepared+1","floor":30},{"not_picked":["Expertise","Dagger Spray","Distraction","Acrobatics"],"picked":"SKIP","floor":31},{"not_picked":["Atom Bomb","Wraith Form v2","ReplayTheSpireMod:From All Sides"],"picked":"After Image","floor":33},{"not_picked":["Flechettes","Sucker Punch","Prepared+1"],"picked":"Escape Plan+1","floor":35},{"not_picked":["Poisoned Stab","Prepared+1","Heel Hook+1","Hidden Blade"],"picked":"SKIP","floor":37},{"not_picked":["Acrobatics","Dagger Spray","Dash","Glass Knife"],"picked":"SKIP","floor":38},{"not_picked":["Prepared","Toxin Wave+1","Backflip+1","Sucker Punch+1"],"picked":"SKIP","floor":40},{"not_picked":["Dodge and Roll","Eviscerate","Sneak Up"],"picked":"Accuracy+1","floor":45},{"not_picked":["expansioncontent:Hexaburn","Replay:SS_forest_2","Replay:Sssssssssshield"],"picked":"Panache","floor":47},{"not_picked":["Dash+1","Endless Agony+1","Outmaneuver","Bouncing Flask+1"],"picked":"SKIP","floor":54}],"player_experience":843775,"relics_obtained":[{"floor":6,"key":"Gremlin Food"},{"floor":8,"key":"Pen Nib"},{"floor":9,"key":"MawBank"},{"floor":10,"key":"Blood Vial"},{"floor":11,"key":"Odd Mushroom"},{"floor":24,"key":"Question Card"},{"floor":28,"key":"Akabeko"},{"floor":30,"key":"Matryoshka"},{"floor":40,"key":"Shuriken"},{"floor":43,"key":"Bag of Preparation"},{"floor":43,"key":"Anchor"},{"floor":45,"key":"Thread and Needle"},{"floor":54,"key":"Simple Rune"}],"event_choices":[{"damage_healed":0,"gold_gain":0,"player_choice":"Fought Mushrooms","damage_taken":0,"max_hp_gain":0,"max_hp_loss":0,"event_name":"Mushrooms","floor":11,"gold_loss":0},{"cards_removed":["Defend_G"],"damage_healed":0,"gold_gain":0,"player_choice":"Forget","damage_taken":0,"max_hp_gain":0,"max_hp_loss":0,"event_name":"Living Wall","floor":12,"gold_loss":0},{"damage_healed":0,"gold_gain":0,"player_choice":"LEAVE","damage_taken":12,"max_hp_gain":0,"max_hp_loss":0,"event_name":"betterThird:BetterScrap","floor":13,"gold_loss":0,"cards_obtained":["Limit Break"]},{"cards_removed":["Strike_G"],"damage_healed":0,"gold_gain":0,"player_choice":"Offered Basic","damage_taken":0,"max_hp_gain":0,"max_hp_loss":0,"event_name":"Bonfire Elementals","floor":22,"gold_loss":0},{"damage_healed":0,"gold_gain":0,"player_choice":"Bought 3 Potions","damage_taken":0,"max_hp_gain":0,"max_hp_loss":0,"event_name":"The Woman in Blue","floor":36,"gold_loss":0},{"damage_healed":0,"gold_gain":0,"player_choice":"Memory 1","damage_taken":0,"max_hp_gain":0,"max_hp_loss":0,"event_name":"SensoryStone","floor":47,"gold_loss":0}],"is_beta":false,"boss_relics":[{"not_picked":["Replay:Grab Bag","Replay:Bronze Core"],"picked":"Kintsugi"},{"not_picked":["Philosopher\u0027s Stone","Calling Bell"],"picked":"WristBlade"}],"items_purged_floors":[2,19,39],"is_endless":false,"potions_floor_spawned":[3,4,6,14,16,18,24,27,28,33,38,40],"killed_by":"The Heart","ascension_level":1}}