{"host":"s41rn2jhghpwfrvz","time":1607647871,"event":{"mods":["BaseMod","Minty Spire (QoL Compilation)","Quick Restart","Relic Stats","SuperFastMode"],"gold_per_floor":[113,113,113,38,48,75,91,117,117,117,117],"floor_reached":10,"playtime":320,"items_purged":["Coolheaded"],"score":152,"play_id":"e4712ae7-10b5-4be6-83c5-74f019254489","local_time":"20201211025111","daily_mods":["SealedDeck","Diverse","Elite Swarm"],"is_ascension_mode":true,"campfire_choices":[],"circlet_count":0,"master_deck":["AscendersBane","Melter","Go for the Eyes","White Noise","PiercingWail","Shrug It Off","Gash","Masterful Stab","Acrobatics","Genetic Algorithm"],"relics":["Burning Blood","Happy Flower","Gremlin Horn","Omamori"],"acts_visited":["Exordium"],"potions_floor_usage":[],"damage_taken":[{"damage":0,"enemies":"Jaw Worm","floor":1,"turns":4},{"damage":0,"enemies":"2 Louse","floor":5,"turns":2},{"damage":41,"enemies":"3 Sentries","floor":6,"turns":10},{"damage":0,"enemies":"Small Slimes","floor":7,"turns":2},{"damage":33,"enemies":"Gremlin Nob","floor":8,"turns":4},{"damage":22,"enemies":"3 Sentries","floor":10,"turns":3}],"seed_played":"5138487826074405708","potions_obtained":[{"floor":5,"key":"Weak Potion"},{"floor":7,"key":"Strength Potion"}],"is_trial":true,"path_per_floor":["M","?","?","$","M","E","M","E","T","E"],"character_chosen":"IRONCLAD","items_purchased":[],"campfire_rested":0,"item_purchase_floors":[],"current_hp_per_floor":[74,63,63,63,69,34,40,13,13,0,0],"gold":117,"neow_bonus":"","is_daily":false,"chose_seed":false,"campfire_upgraded":0,"win_rate":0.0,"timestamp":1607647871,"path_taken":["M","?","?","$","M","E","M","E","T","E"],"items_purchased_type":[],"build_version":"2020-11-30","purchased_purges":1,"victory":false,"max_hp_per_floor":[75,75,75,75,75,75,75,75,75,75,75],"relic_stats":{"Happy Flower":[7],"Gremlin Horn":[2,2],"counters":[6,25],"obtain_stats":[{"Happy Flower":2,"Gremlin Horn":6,"Omamori":8,"Burning Blood":0},{"Happy Flower":1,"Gremlin Horn":3,"Omamori":5,"Burning Blood":0},{"Happy Flower":4,"Gremlin Horn":16,"Omamori":22,"Burning Blood":0}],"Burning Blood":30},"card_choices":[{"not_picked":["Shrug It Off","Perfected Strike","Redo"],"picked":"SKIP","floor":1},{"not_picked":["Coolheaded","Rebound","Leg Sweep"],"picked":"SKIP","floor":5},{"not_picked":["DeusExMachina","Die Die Die","Biased Cognition"],"picked":"SKIP","floor":6},{"not_picked":["Wireheading","Go for the Eyes","Rebound"],"picked":"SKIP","floor":7},{"not_picked":["Corpse Explosion","Doppelganger","Brutality"],"picked":"SKIP","floor":8}],"player_experience":1567747,"relics_obtained":[{"floor":6,"key":"Gremlin Horn"},{"floor":8,"key":"Omamori"}],"event_choices":[{"damage_healed":0,"gold_gain":0,"player_choice":"Success","damage_taken":11,"relics_obtained":["Happy Flower"],"max_hp_gain":0,"max_hp_loss":0,"event_name":"Scrap Ooze","floor":2,"gold_loss":0},{"damage_healed":0,"gold_gain":0,"player_choice":"Ignored","damage_taken":0,"max_hp_gain":0,"max_hp_loss":0,"event_name":"Liars Game","floor":3,"gold_loss":0}],"is_beta":false,"boss_relics":[],"items_purged_floors":[4],"is_endless":false,"potions_floor_spawned":[5,7],"killed_by":"3 Sentries","ascension_level":20}}