{"host":"fbqvzfq8f1yzoo4u","time":1607697332,"event":{"mods":["BaseMod","Minty Spire (QoL Compilation)","Replay The Spire","StSLib"],"gold_per_floor":[112,112,112,37,37,70,82,82,131,19,50,50,71,96,96,186,186,206,206,99,120,138,138,188,188,188,207,223,223,242,292,292,387,387,400,400,24,49,118,118,141,162,162,196,227,227,268,291,291,291,291,291],"floor_reached":51,"playtime":2825,"items_purged":["Regret","Injury"],"score":1380,"play_id":"321ec511-0f89-4b59-8331-c45c1075dd0b","local_time":"20201211223532","is_ascension_mode":true,"campfire_choices":[{"floor":12.0,"key":"REST"},{"data":"Infinite Blades","floor":15.0,"key":"SMITH"},{"data":"1","floor":23.0,"key":"LIFT"},{"data":"2","floor":25.0,"key":"LIFT"},{"data":"3","floor":29.0,"key":"LIFT"},{"floor":32.0,"key":"REST"},{"floor":40.0,"key":"REST"},{"floor":49.0,"key":"REST"}],"circlet_count":0,"master_deck":["AscendersBane","Survivor","Neutralize","Deflect","Cloak And Dagger","Infinite Blades+1","Underhanded Strike","Accuracy+1","PiercingWail","Hidden Blade+1","Backflip","Backflip","Acrobatics","Cloak And Dagger","Dagger Throw","Replay:Bag of Tricks","Finisher+1","Backflip","ReplayTheSpireMod:Speed Training","ReplayTheSpireMod:Scrap Shanks","ReplayTheSpireMod:Speed Training","Wraith Form v2","Accuracy","Expertise","Trip","Secret Technique","Hidden Blade","Underhanded Strike+1","Accuracy"],"relics":["Pandora\u0027s Box","Replay:WaspNest","Girya","Golden Idol","Replay:Baseball","Sozu","MutagenicStrength","Replay:Ringing Soul","Busted Crown","Membership Card","Blood Vial","Replay:PocketPolymizer","Mummified Hand","The Specimen","Gambling Chip","Akabeko"],"acts_visited":["Exordium","TheCity","TheBeyond"],"potions_floor_usage":[],"damage_taken":[{"damage":1.0,"enemies":"Jaw Worm","floor":1.0,"turns":3.0},{"damage":6.0,"enemies":"Gremlin Nob","floor":6.0,"turns":3.0},{"damage":1.0,"enemies":"2 Louse","floor":7.0,"turns":3.0},{"damage":10.0,"enemies":"3 Sentries","floor":11.0,"turns":3.0},{"damage":0.0,"enemies":"Small Slimes","floor":13.0,"turns":3.0},{"damage":7.0,"enemies":"Red Slaver","floor":14.0,"turns":4.0},{"damage":42.0,"enemies":"The Guardian","floor":16.0,"turns":7.0},{"damage":0.0,"enemies":"Chosen","floor":18.0,"turns":3.0},{"damage":15.0,"enemies":"Shell Parasite","floor":21.0,"turns":4.0},{"damage":0.0,"enemies":"Chosen and Byrds","floor":22.0,"turns":5.0},{"damage":0.0,"enemies":"Sentry and Sphere","floor":27.0,"turns":3.0},{"damage":0.0,"enemies":"3 Cultists","floor":28.0,"turns":2.0},{"damage":4.0,"enemies":"Centurion and Healer","floor":30.0,"turns":4.0},{"damage":19.0,"enemies":"Champ","floor":33.0,"turns":7.0},{"damage":10.0,"enemies":"Orb Walker","floor":35.0,"turns":3.0},{"damage":1.0,"enemies":"3 Darklings","floor":38.0,"turns":3.0},{"damage":29.0,"enemies":"2 Orb Walkers","floor":39.0,"turns":5.0},{"damage":7.0,"enemies":"Jaw Worm Horde","floor":41.0,"turns":4.0},{"damage":7.0,"enemies":"Writhing Mass","floor":42.0,"turns":5.0},{"damage":4.0,"enemies":"Reptomancer","floor":44.0,"turns":5.0},{"damage":0.0,"enemies":"Mind Bloom Boss Battle","floor":45.0,"turns":4.0},{"damage":6.0,"enemies":"Giant Head","floor":47.0,"turns":3.0},{"damage":0.0,"enemies":"Maw","floor":48.0,"turns":4.0},{"damage":52.0,"enemies":"Awakened One","floor":50.0,"turns":6.0},{"damage":43,"enemies":"Time Eater","floor":51,"turns":5}],"seed_played":"-1603301436421780034","potions_obtained":[{"floor":1.0,"key":"AttackPotion"},{"floor":11.0,"key":"Fruit Juice"},{"floor":14.0,"key":"DuplicationPotion"}],"is_trial":false,"path_per_floor":["M","?","?","$","?","E","M","?","T","$","E","R","M","M","R","B",null,"M","?","$","M","M","R","?","R","T","M","M","R","M","?","R","B",null,"M","?","$","M","?","R","M","M","T","E","?","?","E","M","R","B","B"],"character_chosen":"THE_SILENT","items_purchased":["SteroidPotion","Cloak And Dagger","Finisher+1","Backflip","Accuracy","Membership Card","Blood Vial"],"campfire_rested":4,"item_purchase_floors":[10,10,20,20,37,37,37],"current_hp_per_floor":[58,58,58,58,58,52,51,51,51,51,46,67,67,60,60,18,58,58,58,58,43,43,43,43,43,43,46,49,49,45,45,68,52,73,63,63,66,67,40,68,63,58,58,56,58,51,50,55,87,37,0,0],"gold":291,"neow_bonus":"BOSS_RELIC","is_daily":false,"chose_seed":false,"campfire_upgraded":1,"win_rate":0.0,"timestamp":1607697332,"path_taken":["M","?","?","$","?","E","M","?","T","?","E","R","M","?","R","BOSS","M","?","$","M","M","R","?","R","T","M","M","R","?","?","R","BOSS","M","?","$","?","?","R","M","M","T","E","?","?","E","M","R","BOSS","BOSS"],"items_purchased_type":["Potion","Card","Undefined","Card","Card","Relic","Relic"],"build_version":"2020-11-30","purchased_purges":2,"victory":false,"max_hp_per_floor":[66,66,66,66,66,66,66,66,66,66,71,71,71,71,71,71,71,71,71,71,71,71,71,71,71,71,74,77,77,77,77,77,80,80,80,80,83,83,83,86,86,86,86,86,86,89,92,95,98,98,98,98],"card_choices":[{"not_picked":["Infinite Blades","Endless Agony","Masterful Stab"],"picked":"SKIP","floor":1.0},{"not_picked":["Slice","Crippling Poison"],"picked":"Backflip","floor":6.0},{"not_picked":["Deadly Poison","Bane"],"picked":"Acrobatics","floor":7.0},{"not_picked":["Riddle With Holes","Predator","Slice"],"picked":"SKIP","floor":11.0},{"not_picked":["Choke","Bouncing Flask","Endless Agony"],"picked":"SKIP","floor":13.0},{"not_picked":["Poisoned Stab","Sucker Punch"],"picked":"Dagger Throw","floor":14.0},{"not_picked":["Corpse Explosion","ReplayTheSpireMod:Necrosis"],"picked":"Replay:Bag of Tricks","floor":16.0},{"not_picked":["Bouncing Flask","All Out Attack","Quick Slash"],"picked":"SKIP","floor":18.0},{"not_picked":["Prepared","Endless Agony"],"picked":"ReplayTheSpireMod:Speed Training","floor":21.0},{"not_picked":["Flying Knee","Dodge and Roll","Slice"],"picked":"SKIP","floor":22.0},{"not_picked":["Bane","Dodge and Roll+1"],"picked":"ReplayTheSpireMod:Scrap Shanks","floor":27.0},{"not_picked":["Sucker Punch+1","ReplayTheSpireMod:Exploit Weakness"],"picked":"ReplayTheSpireMod:Speed Training","floor":28.0},{"not_picked":["Hidden Blade","Night Terror","Distraction"],"picked":"SKIP","floor":30.0},{"not_picked":["Corpse Explosion","Bullet Time"],"picked":"Wraith Form v2","floor":33.0},{"not_picked":["Deadly Poison+1"],"picked":"SKIP","floor":35.0},{"not_picked":["Replay:Poison Smokescreen+1"],"picked":"SKIP","floor":38.0},{"not_picked":["Underhanded Strike"],"picked":"SKIP","floor":41.0},{"not_picked":["Draining Mist"],"picked":"SKIP","floor":42.0},{"not_picked":["Dodge and Roll"],"picked":"SKIP","floor":44.0},{"not_picked":[],"picked":"Trip","floor":46.0},{"not_picked":[],"picked":"Secret Technique","floor":46.0},{"not_picked":[],"picked":"Hidden Blade","floor":47.0},{"not_picked":[],"picked":"Underhanded Strike+1","floor":48.0}],"player_experience":559812,"relics_obtained":[{"floor":6.0,"key":"Girya"},{"floor":9.0,"key":"Replay:Baseball"},{"floor":26.0,"key":"Replay:Ringing Soul"},{"floor":39.0,"key":"Replay:PocketPolymizer"},{"floor":43.0,"key":"Mummified Hand"},{"floor":44.0,"key":"The Specimen"},{"floor":45.0,"key":"Gambling Chip"},{"floor":47.0,"key":"Akabeko"}],"event_choices":[{"damage_healed":0.0,"max_hp_gain":0.0,"max_hp_loss":0.0,"gold_gain":0.0,"event_name":"Big Fish","player_choice":"Box","floor":3.0,"gold_loss":0.0,"damage_taken":0.0,"relics_obtained":["Replay:WaspNest"],"cards_obtained":["Regret"]},{"damage_healed":0.0,"max_hp_gain":0.0,"max_hp_loss":0.0,"gold_gain":0.0,"event_name":"Golden Idol","player_choice":"Take Wound","floor":8.0,"gold_loss":0.0,"damage_taken":0.0,"relics_obtained":["Golden Idol"],"cards_obtained":["Injury"]},{"damage_healed":0.0,"max_hp_gain":0.0,"max_hp_loss":0.0,"gold_gain":0.0,"event_name":"Drug Dealer","player_choice":"Inject Mutagens","floor":19.0,"gold_loss":0.0,"damage_taken":0.0,"relics_obtained":["MutagenicStrength"]},{"damage_healed":0.0,"max_hp_gain":0.0,"max_hp_loss":0.0,"gold_gain":50.0,"event_name":"Golden Shrine","player_choice":"Pray","floor":24.0,"gold_loss":0.0,"damage_taken":0.0},{"damage_healed":0.0,"max_hp_gain":0.0,"max_hp_loss":0.0,"gold_gain":50.0,"event_name":"Nest","player_choice":"Stole From Cult","floor":31.0,"gold_loss":0.0,"damage_taken":0.0},{"damage_healed":0.0,"max_hp_gain":0.0,"max_hp_loss":0.0,"gold_gain":0.0,"event_name":"Upgrade Shrine","player_choice":"Upgraded","floor":36.0,"gold_loss":0.0,"damage_taken":0.0,"cards_upgraded":["Accuracy"]},{"damage_healed":0.0,"max_hp_gain":0.0,"max_hp_loss":0.0,"gold_gain":0.0,"event_name":"Mysterious Sphere","player_choice":"Fight","floor":39.0,"gold_loss":0.0,"damage_taken":0.0},{"damage_healed":0.0,"max_hp_gain":0.0,"max_hp_loss":0.0,"gold_gain":0.0,"event_name":"MindBloom","player_choice":"Fight","floor":45.0,"gold_loss":0.0,"damage_taken":0.0},{"damage_healed":0.0,"max_hp_gain":0.0,"max_hp_loss":0.0,"gold_gain":0.0,"event_name":"SensoryStone","player_choice":"Memory 3","floor":46.0,"gold_loss":0.0,"damage_taken":10.0}],"is_beta":false,"boss_relics":[{"not_picked":["Runic Dome","ChewingGum"],"picked":"Sozu"},{"not_picked":["Tiny House","Astrolabe"],"picked":"Busted Crown"}],"items_purged_floors":[4,37],"is_endless":false,"potions_floor_spawned":[1,11,14,18,27,30,39,41,42,47],"killed_by":"Time Eater","ascension_level":20}}