{"host":"87fdiiwflhrwsj8a","time":1607711568,"event":{"mods":["BaseMod","StSLib","Replay The Spire","GifTheSpireLib","Minty Spire (QoL Compilation)","BetterRewards","Aspiration","Better Third Choice","Robot Space Explorer","Better Match","Better Note","Relic Sorter","Stuff the Spire","Colored Map","Infinite Spire"],"gold_per_floor":[112,262,279,292,306,306,430,430,512,512,512,636,648,662,662,737,737,754,754,804,823,838,959,959,959,959,959,1063,1063,1163,1180,1180,1267,1267,1293,1499,1533,1533,1243,1243,1347,1371,1371,1487,1487,1506,1506,1518,1518,1601,1679,1679,1687,1762,1762,1769,1448,1571,1571,1670,1670,1670,1677,1802,1802,1796,1796,1866,1884,1884],"floor_reached":69,"playtime":5016,"items_purged":[],"score":3552,"play_id":"51f0ddd8-8f5b-44fb-bd3e-cff7a54425c1","local_time":"20201211133248","is_ascension_mode":true,"campfire_choices":[{"data":"Crow Ritual","floor":6.0,"key":"SMITH"},{"data":"Skim","floor":6.0,"key":"SMITH"},{"data":"Seek","floor":8.0,"key":"SMITH"},{"data":"Crow Ritual","floor":8.0,"key":"SMITH"},{"data":"Crow Ritual","floor":10.0,"key":"SMITH"},{"data":"Panacea","floor":10.0,"key":"SMITH"},{"data":"Pot Of Greed","floor":15.0,"key":"SMITH"},{"data":"Pot Of Greed","floor":15.0,"key":"SMITH"},{"data":"Electrodynamics","floor":25.0,"key":"SMITH"},{"data":"Pot Of Greed","floor":25.0,"key":"SMITH"},{"data":"StuffTheSpire:PlasmaPunch","floor":27.0,"key":"SMITH"},{"data":"Leap","floor":27.0,"key":"SMITH"},{"data":"Zap","floor":29.0,"key":"SMITH"},{"data":"Dualcast","floor":29.0,"key":"SMITH"},{"data":"Strike_B","floor":32.0,"key":"SMITH"},{"data":"Strike_B","floor":32.0,"key":"SMITH"},{"data":"Seek","floor":40.0,"key":"SMITH"},{"data":"Strike_B","floor":40.0,"key":"SMITH"},{"data":"Defend_B","floor":47.0,"key":"SMITH"},{"data":"Defend_B","floor":47.0,"key":"SMITH"},{"floor":49.0,"key":"REST"},{"data":"1","floor":59.0,"key":"LIFT"},{"data":"2","floor":62.0,"key":"LIFT"},{"data":"3","floor":67,"key":"LIFT"}],"circlet_count":0,"master_deck":["AscendersBane","Strike_B+1","Strike_B+1","Strike_B+1","Strike_B+1","Defend_B","Defend_B","Defend_B+1","Defend_B+1","Zap+1","Dualcast+1","Seek+1","Crow Ritual+1","Pot Of Greed+1","Pot Of Greed+1","StuffTheSpire:PlasmaPunch+1","Panacea+1","Rebound+1","Leap+1","Skim+1","Compile Driver+1","Sweeping Beam+1","Electrodynamics+1","Scrape+1","Pot Of Greed+1","Beam Cell+1","Go for the Eyes+1","Seek+1","Hologram+1","Sweeping Beam+1","Beam Cell+1","Compile Driver+1","Rip and Tear+1","Sweeping Beam+1","Amplify","Echo Form","infinitespire:DeathsTouch+1","Pot Of Greed"],"special_seed":0,"relics":["Cracked Core","infinitespire:Freezer","Omamori","DollysMirror","Replay:Kaleidoscope","StuffTheSpire:Saxophone","Durian","Lee\u0027s Waffle","StuffTheSpire:TintedRock","Pocketwatch","Mummified Hand","Gambling Chip","Blue Doll","Grinning Jar","Runic Capacitor","StuffTheSpire:Nightcore","Replay:Mystery Machine","Replay:Arrowhead","FossilizedHelix","Strange Spoon","Thread and Needle","StuffTheSpire:DarkSteelAnvil","PreservedInsect","Molten Egg 2","ReplayTheSpireMod:Ninjato","SlaversCollar","CeramicFish","TungstenRod","Replay:Rubber Ducky","Oddly Smooth Stone","aspiration:Stellarator","Emotion Chip","Bird Faced Urn","StuffTheSpire:OldFever","Du-Vu Doll","infinitespire:ShieldingShard","Ice Cream","Empty Cage","Smiling Mask","Girya","infinitespire:Magic Flask","ReplayFunnel","aspiration:ChemicalBlood","ReplayTheSpireMod:TigerMarble","Replay:Accelerometer","aspiration:PoetsPen_weak"],"acts_visited":["Exordium","TheCity","TheBeyond","Exordium","TheCity"],"potions_floor_usage":[],"damage_taken":[{"damage":0.0,"enemies":"Small Slimes","floor":1.0,"turns":3.0},{"damage":0.0,"enemies":"2 Louse","floor":3.0,"turns":2.0},{"damage":0.0,"enemies":"Jaw Worm","floor":4.0,"turns":2.0},{"damage":0.0,"enemies":"Blue Slaver","floor":5.0,"turns":2.0},{"damage":0.0,"enemies":"Gremlin Nob","floor":7.0,"turns":2.0},{"damage":0.0,"enemies":"3 Sentries","floor":12.0,"turns":4.0},{"damage":0.0,"enemies":"Looter","floor":13.0,"turns":1.0},{"damage":0.0,"enemies":"2 Fungi Beasts","floor":14.0,"turns":2.0},{"damage":20.0,"enemies":"Hexaghost","floor":16.0,"turns":4.0},{"damage":6.0,"enemies":"3 Byrds","floor":18.0,"turns":2.0},{"damage":0.0,"enemies":"Chosen","floor":21.0,"turns":2.0},{"damage":0.0,"enemies":"3 Cultists","floor":22.0,"turns":2.0},{"damage":0.0,"enemies":"Nightmare","floor":23.0,"turns":2.0},{"damage":0.0,"enemies":"Slavers","floor":28.0,"turns":2.0},{"damage":0.0,"enemies":"Book of Stabbing","floor":30.0,"turns":1.0},{"damage":0.0,"enemies":"Centurion and Healer","floor":31.0,"turns":2.0},{"damage":0.0,"enemies":"Champ","floor":33.0,"turns":6.0},{"damage":0.0,"enemies":"3 Darklings","floor":35.0,"turns":2.0},{"damage":0.0,"enemies":"Mind Bloom Boss Battle","floor":37.0,"turns":2.0},{"damage":0.0,"enemies":"R_Hoarder","floor":41.0,"turns":2.0},{"damage":0.0,"enemies":"Orb Walker","floor":42.0,"turns":2.0},{"damage":0.0,"enemies":"Nemesis","floor":44.0,"turns":1.0},{"damage":8.0,"enemies":"4 Shapes","floor":46.0,"turns":2.0},{"damage":0.0,"enemies":"Sphere and 2 Shapes","floor":48.0,"turns":2.0},{"damage":28.0,"enemies":"Time Eater","floor":50.0,"turns":5.0},{"damage":27.0,"enemies":"Replay:Hell Engine","floor":51.0,"turns":5.0},{"damage":0.0,"enemies":"Jaw Worm","floor":53.0,"turns":1.0},{"damage":0.0,"enemies":"Cultist","floor":56.0,"turns":2.0},{"damage":0.0,"enemies":"Gremlin Nob","floor":58.0,"turns":1.0},{"damage":0.0,"enemies":"Lagavulin","floor":60.0,"turns":2.0},{"damage":0.0,"enemies":"2 Louse","floor":63.0,"turns":1.0},{"damage":0.0,"enemies":"3 Sentries","floor":64.0,"turns":2.0},{"damage":0,"enemies":"Blue Slaver","floor":66,"turns":2},{"damage":0,"enemies":"The Guardian","floor":68,"turns":2}],"seed_played":"-5423634450922604371","potions_obtained":[{"floor":5.0,"key":"AttackPotion"},{"floor":12.0,"key":"Venom Potion"},{"floor":14.0,"key":"SpeedPotion"},{"floor":16.0,"key":"Cursed Concoction"},{"floor":19.0,"key":"Flashbang"},{"floor":19.0,"key":"Death Potion"},{"floor":56.0,"key":"Adrenaline Potion"},{"floor":64.0,"key":"Explosive Potion"}],"is_trial":false,"path_per_floor":["M","?","M","M","M","R","E","R","T","R","?","E","M","M","R","B",null,"M","?","?","M","M","NM","?","R","T","R","E","R","E","M","R","B",null,"M","?","?","T","$","R","E","M","T","E","?","M","R","M","R","B","B",null,"M","?","?","M","$","E","R","E","T","R","M","E","AVR","M","R","B",null],"character_chosen":"DEFECT","items_purchased":["infinitespire:Freezer","Omamori","Seek","Crow Ritual","DollysMirror","StuffTheSpire:Saxophone","Lee\u0027s Waffle","StuffTheSpire:TintedRock","Mummified Hand","Crow Ritual","Blue Doll","Grinning Jar","Runic Capacitor","Replay:Mystery Machine","FossilizedHelix","StuffTheSpire:PlasmaPunch","Strange Spoon","StuffTheSpire:DarkSteelAnvil","Panacea","Rebound","Leap","StuffTheSpire:OldFever","Compile Driver+1","Rip and Tear+1","Girya"],"campfire_rested":1,"item_purchase_floors":[0,0,0,0,0,0,0,0,0,0,0,0,0,0,0,0,0,0,0,0,0,39,39,39,57],"current_hp_per_floor":[83,83,83,83,83,83,83,83,83,83,58,58,58,58,58,38,72,66,66,66,66,66,66,66,66,66,66,66,66,66,66,66,66,79,79,53,53,53,53,53,59,61,61,67,67,65,65,73,83,55,36,71,73,63,63,63,63,67,67,69,69,69,69,71,71,75,75,77,82,82],"gold":1884,"neow_bonus":"","is_daily":false,"chose_seed":false,"campfire_upgraded":20,"win_rate":0,"timestamp":1607711568,"path_taken":["M","?","M","M","M","R","E","R","T","R","?","E","M","M","R","BOSS","M","?","?","M","M","NM","?","R","T","R","E","R","E","M","R","BOSS","M","?","?","?","$","R","E","M","T","E","?","?","R","M","R","BOSS","BOSS","M","?","?","M","$","E","R","E","T","R","M","E","AVR","?","R","BOSS"],"build_version":"2020-11-30","purchased_purges":0,"victory":false,"max_hp_per_floor":[83,83,83,83,83,83,83,83,83,83,83,83,83,83,83,83,83,83,83,83,83,83,83,83,83,83,83,83,83,83,83,83,83,83,83,83,83,83,83,83,83,83,83,83,83,83,83,83,83,83,83,83,83,83,83,83,83,83,83,83,83,83,83,83,83,83,83,83,83,83],"card_choices":[{"not_picked":["Rebound","Cold Snap","ReplaySort"],"picked":"SKIP","floor":1.0},{"not_picked":["Cold Snap","Chaos","Beam Cell"],"picked":"SKIP","floor":3.0},{"not_picked":["Hologram","Stack"],"picked":"Skim","floor":4.0},{"not_picked":["Force Field","ReplaySort","Blizzard"],"picked":"SKIP","floor":5.0},{"not_picked":["Streamline","Aggregate","Meteor Strike"],"picked":"SKIP","floor":7.0},{"not_picked":["Panic Button","Compile Driver+1","Streamline+1"],"picked":"SKIP","floor":12.0},{"not_picked":["Panic Button","Streamline+1"],"picked":"Compile Driver+1","floor":12.0},{"not_picked":["Conserve Battery","Redo","Ball Lightning+1"],"picked":"SKIP","floor":13.0},{"not_picked":["BasicCrystalCard","StuffTheSpire:LoadUp"],"picked":"Sweeping Beam+1","floor":14.0},{"not_picked":["Meteor Strike+1","Rainbow"],"picked":"Electrodynamics","floor":16.0},{"not_picked":["Go for the Eyes+1","StuffTheSpire:Rend"],"picked":"Scrape+1","floor":18.0},{"not_picked":["aspiration:Polymerization","Gash+1"],"picked":"Beam Cell+1","floor":21.0},{"not_picked":["ReplaySort","Steam","Barrage+1"],"picked":"SKIP","floor":22.0},{"not_picked":["Redo","Leap"],"picked":"Go for the Eyes+1","floor":23.0},{"not_picked":["Go for the Eyes+1","Leap","Cold Snap+1"],"picked":"SKIP","floor":28.0},{"not_picked":["aspiration:Polymerization","Undo","BasicCrystalCard"],"picked":"SKIP","floor":30.0},{"not_picked":["Cold Snap+1","Conserve Battery+1","Redo"],"picked":"SKIP","floor":31.0},{"not_picked":["StuffTheSpire:ForEach","Amplify"],"picked":"Seek","floor":33.0},{"not_picked":["Ball Lightning+1","Go for the Eyes+1"],"picked":"Hologram+1","floor":35.0},{"not_picked":["ReplayTheSpireMod:System Scan+1","ReplayTheSpireMod:Calculation Training+1"],"picked":"Sweeping Beam+1","floor":36.0},{"not_picked":["ReplayTheSpireMod:Calculation Training","Machine Learning"],"picked":"Beam Cell+1","floor":37.0},{"not_picked":["Steam Power","Rebound+1","BasicCrystalCard+1"],"picked":"SKIP","floor":41.0},{"not_picked":["Loop","Hologram"],"picked":"Sweeping Beam+1","floor":42.0},{"not_picked":["Redo","Turbo","Compile Driver+1"],"picked":"SKIP","floor":44.0},{"not_picked":["ReplayTheSpireMod:GoodbyeWorld+1","Reinforced Body+1","Coolheaded"],"picked":"SKIP","floor":46.0},{"not_picked":["Panic Button","Rebound+1","Beam Cell+1"],"picked":"SKIP","floor":48.0},{"not_picked":["Thunder Strike+1","StuffTheSpire:EventHorizon"],"picked":"Amplify","floor":50.0},{"not_picked":["FIFO Queue","Rebound+1","Stack"],"picked":"SKIP","floor":53.0},{"not_picked":["Coolheaded","Gash+1","ReplayTheSpireMod:System Scan"],"picked":"SKIP","floor":56.0},{"not_picked":["Streamline+1","Coolheaded","Steam Power"],"picked":"SKIP","floor":58.0},{"not_picked":["StuffTheSpire:Plugnplay","Coolheaded","Auto Shields"],"picked":"SKIP","floor":60.0},{"not_picked":["Compile Driver+1","Panic Button","Rebound+1"],"picked":"SKIP","floor":63.0},{"not_picked":["StuffTheSpire:LoadUp","Streamline+1","Compile Driver+1"],"picked":"SKIP","floor":64.0},{"not_picked":["Darkness","Auto Shields","Ball Lightning+1"],"picked":"SKIP","floor":66},{"not_picked":["Rainbow","StuffTheSpire:LaunchingStrike+1"],"picked":"Echo Form","floor":68},{"not_picked":["infinitespire:Menacing","ReplayTheSpireMod:Black Plague"],"picked":"infinitespire:DeathsTouch","floor":69}],"player_experience":2525867,"relics_obtained":[{"floor":7.0,"key":"PreservedInsect"},{"floor":9.0,"key":"Molten Egg 2"},{"floor":12.0,"key":"ReplayTheSpireMod:Ninjato"},{"floor":23.0,"key":"CeramicFish"},{"floor":26.0,"key":"TungstenRod"},{"floor":28.0,"key":"Replay:Rubber Ducky"},{"floor":30.0,"key":"Oddly Smooth Stone"},{"floor":37.0,"key":"Emotion Chip"},{"floor":38.0,"key":"Bird Faced Urn"},{"floor":41.0,"key":"Du-Vu Doll"},{"floor":43.0,"key":"infinitespire:ShieldingShard"},{"floor":44.0,"key":"Ice Cream"},{"floor":58.0,"key":"infinitespire:Magic Flask"},{"floor":60.0,"key":"ReplayFunnel"},{"floor":61.0,"key":"aspiration:ChemicalBlood"},{"floor":64.0,"key":"ReplayTheSpireMod:TigerMarble"}],"event_choices":[{"damage_healed":0.0,"max_hp_gain":0.0,"max_hp_loss":0.0,"gold_gain":150.0,"event_name":"betterThird:BetterSerpent","player_choice":"AGREE","floor":2.0,"gold_loss":0.0,"damage_taken":112.0},{"damage_healed":83.0,"max_hp_gain":0.0,"max_hp_loss":83.0,"gold_gain":0.0,"event_name":"betterThird:BetterShining","player_choice":"Upgrade","floor":11.0,"gold_loss":0.0,"damage_taken":25.0,"cards_upgraded":["Strike_B","Rebound"]},{"damage_healed":0.0,"max_hp_gain":0.0,"max_hp_loss":0.0,"gold_gain":0.0,"event_name":"Lab","player_choice":"Got Potions","floor":19.0,"gold_loss":0.0,"damage_taken":0.0},{"damage_healed":0.0,"max_hp_gain":0.0,"max_hp_loss":0.0,"gold_gain":100.0,"event_name":"The Joust","player_choice":"Bet on Murderer","floor":20.0,"gold_loss":50.0,"damage_taken":0.0},{"damage_healed":0.0,"max_hp_gain":0.0,"max_hp_loss":0.0,"gold_gain":0.0,"event_name":"N\u0027loth","player_choice":"Ignored","floor":24.0,"gold_loss":0.0,"damage_taken":0.0},{"damage_healed":0.0,"max_hp_gain":0.0,"max_hp_loss":0.0,"gold_gain":0.0,"event_name":"MindBloom","player_choice":"Fight","floor":37.0,"gold_loss":0.0,"damage_taken":0.0},{"damage_healed":0.0,"max_hp_gain":0.0,"max_hp_loss":0.0,"gold_gain":0.0,"event_name":"Tomb of Lord Red Mask","player_choice":"Ignored","floor":45.0,"gold_loss":0.0,"damage_taken":0.0},{"damage_healed":0.0,"max_hp_gain":0.0,"max_hp_loss":0.0,"gold_gain":75.0,"event_name":"betterThird:BetterGoop","player_choice":"Gold","floor":54.0,"gold_loss":0.0,"damage_taken":11.0},{"damage_healed":0.0,"max_hp_gain":0.0,"max_hp_loss":0.0,"gold_gain":0.0,"event_name":"WeMeetAgain","player_choice":"Gave Potion","floor":55.0,"gold_loss":0.0,"damage_taken":0.0,"relics_obtained":["Smiling Mask"]}],"is_beta":false,"boss_relics":[{"not_picked":["Replay:Ancient Bell","Ring of Chaos"],"picked":"SlaversCollar"},{"not_picked":["ReplayTheSpireMod:SealedPack","Snecko Heart"],"picked":"aspiration:Stellarator"},{"not_picked":["Snecko Eye","Cursed Key"],"picked":"Empty Cage"},{"not_picked":["Coffee Dripper","SacredBark"],"picked":"aspiration:PoetsPen_weak"}],"items_purged_floors":[],"is_endless":true,"potions_floor_spawned":[5,12,14,16,21,22,28,35,44,46,56,64,66],"ascension_level":20}}