{"host":"udzsrhbqdxqtlypj","time":1607722645,"event":{"mods":["BaseMod","Minty Spire (QoL Compilation)","Relic Stats"],"gold_per_floor":[113,113,129,26,201,201,236,236,236,267,267,138,138,138,138,237,237,251,264,280,108,108,141,141,181,260,260,260],"floor_reached":27,"playtime":798,"items_purged":["Doubt","Strike_R"],"score":423,"play_id":"f0923b1a-cee5-41fb-a981-f99c1da9ee21","local_time":"20201211153725","is_ascension_mode":true,"campfire_choices":[{"data":"Rampage","floor":6,"key":"SMITH"},{"data":"Rupture","floor":8,"key":"SMITH"},{"data":"Inflame","floor":11,"key":"SMITH"},{"data":"Twin Strike","floor":13,"key":"SMITH"},{"data":"Bash","floor":15,"key":"SMITH"},{"floor":24,"key":"REST"}],"circlet_count":0,"master_deck":["AscendersBane","Strike_R","Strike_R","Strike_R","Defend_R","Defend_R","Defend_R","Defend_R","Bash+1","Combust","Whirlwind","Rupture+1","Rampage+1","Inflame+1","Twin Strike+1","Demon Form","Inflame+1","Clash","Thunderclap","Ghostly Armor","Headbutt","Sword Boomerang+1"],"relics":["Black Blood","NeowsBlessing","Regal Pillow","StrikeDummy","Art of War","CeramicFish","The Courier"],"acts_visited":["Exordium","TheCity"],"potions_floor_usage":[19,22,23,25,25],"damage_taken":[{"damage":0,"enemies":"2 Louse","floor":1,"turns":1},{"damage":0,"enemies":"Cultist","floor":3,"turns":1},{"damage":0,"enemies":"Lagavulin","floor":7,"turns":1},{"damage":22,"enemies":"Gremlin Nob","floor":10,"turns":4},{"damage":65,"enemies":"The Guardian","floor":16,"turns":6},{"damage":24,"enemies":"3 Byrds","floor":18,"turns":4},{"damage":0,"enemies":"Chosen","floor":19,"turns":4},{"damage":45,"enemies":"Snecko","floor":20,"turns":6},{"damage":0,"enemies":"3 Cultists","floor":22,"turns":2},{"damage":43,"enemies":"Slavers","floor":23,"turns":5},{"damage":47,"enemies":"Book of Stabbing","floor":25,"turns":5},{"damage":24,"enemies":"Snake Plant","floor":27,"turns":1}],"seed_played":"-3303745106597125440","potions_obtained":[{"floor":3,"key":"SpeedPotion"},{"floor":7,"key":"SteroidPotion"},{"floor":18,"key":"Block Potion"},{"floor":20,"key":"SmokeBomb"},{"floor":23,"key":"Swift Potion"}],"is_trial":false,"path_per_floor":["M","?","M","$","?","R","E","R","T","E","R","$","R","?","R","B",null,"M","M","M","$","M","E","R","E","T","M"],"character_chosen":"IRONCLAD","items_purchased":["Rupture","Rampage","Twin Strike","Ghostly Armor"],"campfire_rested":1,"item_purchase_floors":[4,4,12,21],"current_hp_per_floor":[78,78,80,80,80,80,80,80,80,64,64,64,64,80,80,21,65,53,65,32,32,44,13,52,17,17,0,0],"gold":260,"neow_bonus":"THREE_ENEMY_KILL","is_daily":false,"chose_seed":false,"campfire_upgraded":5,"win_rate":0.0,"timestamp":1607722645,"path_taken":["M","?","?","$","?","R","E","R","T","E","R","$","R","?","R","BOSS","M","M","M","$","M","E","R","E","T","?"],"items_purchased_type":["Card","Card","Card","Card"],"build_version":"2020-11-30","purchased_purges":2,"victory":false,"max_hp_per_floor":[80,80,80,80,80,80,80,80,80,80,80,80,80,80,80,80,80,80,80,80,80,80,80,80,80,80,80,80],"relic_stats":{"Regal Pillow":15,"counters":[12,40],"CeramicFish":9,"Black Blood":92,"Art of War":[3],"obtain_stats":[{"Regal Pillow":7,"NeowsBlessing":0,"CeramicFish":25,"Black Blood":17,"The Courier":26,"Art of War":23,"StrikeDummy":9,"Burning Blood":0},{"Regal Pillow":3,"NeowsBlessing":0,"CeramicFish":11,"Black Blood":5,"The Courier":11,"Art of War":10,"StrikeDummy":3,"Burning Blood":0},{"Regal Pillow":3,"NeowsBlessing":0,"CeramicFish":39,"Black Blood":13,"The Courier":39,"Art of War":34,"StrikeDummy":3,"Burning Blood":0}]},"card_choices":[{"not_picked":["Shrug It Off","Perfected Strike"],"picked":"Combust","floor":1},{"not_picked":["Burning Pact","Entrench"],"picked":"Whirlwind","floor":3},{"not_picked":["Intimidate","Havoc","Bloodletting"],"picked":"SKIP","floor":7},{"not_picked":["Berserk","Intimidate"],"picked":"Inflame","floor":10},{"not_picked":["Exhume","Barricade"],"picked":"Demon Form","floor":16},{"not_picked":["Warcry","Wild Strike"],"picked":"Inflame+1","floor":18},{"not_picked":["Inflame","Bludgeon"],"picked":"Clash","floor":19},{"not_picked":["Combust","Pommel Strike"],"picked":"Thunderclap","floor":20},{"not_picked":["Blood for Blood","Pommel Strike"],"picked":"Headbutt","floor":23},{"not_picked":["Shockwave+1","Rampage+1"],"picked":"Sword Boomerang+1","floor":25}],"player_experience":2586568,"relics_obtained":[{"floor":7,"key":"Regal Pillow"},{"floor":9,"key":"StrikeDummy"},{"floor":23,"key":"Art of War"},{"floor":25,"key":"CeramicFish"},{"floor":26,"key":"The Courier"}],"event_choices":[{"damage_healed":0,"gold_gain":0,"cards_transformed":["Strike_R"],"player_choice":"Transformed","damage_taken":0,"max_hp_gain":0,"max_hp_loss":0,"event_name":"Transmorgrifier","floor":2,"gold_loss":0,"cards_obtained":["Sentinel"]},{"damage_healed":0,"gold_gain":175,"player_choice":"AGREE","damage_taken":0,"max_hp_gain":0,"max_hp_loss":0,"event_name":"Liars Game","floor":5,"gold_loss":0,"cards_obtained":["Doubt"]},{"cards_removed":["Sentinel"],"damage_healed":16,"gold_gain":0,"player_choice":"Offered Uncommon","damage_taken":0,"max_hp_gain":0,"max_hp_loss":0,"event_name":"Bonfire Elementals","floor":14,"gold_loss":0}],"is_beta":false,"boss_relics":[{"not_picked":["Velvet Choker","Sozu"],"picked":"Black Blood"}],"items_purged_floors":[12,21],"is_endless":false,"potions_floor_spawned":[3,7,18,20,22,23],"killed_by":"Snake Plant","ascension_level":10}}