{"host":"cuc3wnex0wexwxxi","time":1607726429,"event":{"mods":["BaseMod","BetterRewards","Colored Powertips","Minty Spire (QoL Compilation)","Relic Stats","StSLib"],"gold_per_floor":[362,381,381,400,413,444,458,458,504,504,504,504,522,536,536,632,632,652,577,577,590,590,590],"floor_reached":22,"playtime":965,"items_purged":["Decay"],"score":282,"play_id":"df640669-aece-4b4f-b4fd-63a9e8173f8b","local_time":"20201211174029","is_ascension_mode":true,"campfire_choices":[{"floor":8.0,"key":"REST"},{"data":"Armaments","floor":10.0,"key":"SMITH"},{"data":"Rage","floor":15.0,"key":"SMITH"}],"circlet_count":0,"master_deck":["AscendersBane","Strike_R","Strike_R","Strike_R","Strike_R","Defend_R","Defend_R","Defend_R","Defend_R","Bash","Body Slam","Entrench+1","Armaments+1","Iron Wave","Shrug It Off","Body Slam","Rage+1","Headbutt","Demon Form","Flame Barrier+1","Shrug It Off"],"relics":["Burning Blood","MealTicket","Pen Nib","SacredBark"],"acts_visited":["Exordium","TheCity"],"potions_floor_usage":[],"damage_taken":[{"damage":2.0,"enemies":"Jaw Worm","floor":1.0,"turns":3.0},{"damage":11.0,"enemies":"Cultist","floor":2.0,"turns":4.0},{"damage":10.0,"enemies":"Small Slimes","floor":4.0,"turns":4.0},{"damage":15.0,"enemies":"3 Louse","floor":5.0,"turns":5.0},{"damage":20.0,"enemies":"3 Sentries","floor":6.0,"turns":8.0},{"damage":12.0,"enemies":"Exordium Thugs","floor":7.0,"turns":7.0},{"damage":0.0,"enemies":"2 Fungi Beasts","floor":13.0,"turns":3.0},{"damage":3.0,"enemies":"Red Slaver","floor":14.0,"turns":3.0},{"damage":19.0,"enemies":"Hexaghost","floor":16.0,"turns":9.0},{"damage":50.0,"enemies":"Spheric Guardian","floor":18.0,"turns":9.0},{"damage":29.0,"enemies":"2 Thieves","floor":21.0,"turns":5.0},{"damage":50,"enemies":"3 Cultists","floor":22,"turns":5}],"seed_played":"6817302513995697793","potions_obtained":[{"floor":2.0,"key":"LiquidMemories"},{"floor":5.0,"key":"Strength Potion"},{"floor":7.0,"key":"AttackPotion"},{"floor":13.0,"key":"Ancient Potion"},{"floor":14.0,"key":"FearPotion"}],"is_trial":false,"path_per_floor":["M","M","?","M","M","E","M","R","T","R","?","?","M","M","R","B",null,"M","$","?","M","M"],"character_chosen":"IRONCLAD","items_purchased":[],"campfire_rested":1,"item_purchase_floors":[],"current_hp_per_floor":[55,50,50,46,37,23,17,41,41,41,41,41,47,50,50,37,69,25,40,66,43,0,0],"gold":590,"neow_bonus":"TWO_FIFTY_GOLD","is_daily":false,"chose_seed":false,"campfire_upgraded":2,"win_rate":0.0,"timestamp":1607726429,"path_taken":["M","M","?","?","?","E","?","R","T","R","?","?","M","M","R","BOSS","M","$","?","M","M"],"items_purchased_type":[],"build_version":"2020-11-30","purchased_purges":1,"victory":false,"max_hp_per_floor":[80,80,80,80,80,80,80,80,80,80,80,80,80,80,80,80,80,80,80,80,80,80,80],"relic_stats":{"counters":[12,65],"MealTicket":15,"Pen Nib":[5],"obtain_stats":[{"SacredBark":17,"MealTicket":6,"Pen Nib":9,"Burning Blood":0},{"SacredBark":9,"MealTicket":5,"Pen Nib":6,"Burning Blood":0},{"SacredBark":46,"MealTicket":24,"Pen Nib":31,"Burning Blood":0}],"Burning Blood":66},"card_choices":[{"not_picked":["Wild Strike","Warcry"],"picked":"Body Slam","floor":1.0},{"not_picked":["Sword Boomerang","Cleave"],"picked":"Entrench","floor":2.0},{"not_picked":["Carnage","Ghostly Armor"],"picked":"Armaments","floor":4.0},{"not_picked":["Clash","Twin Strike"],"picked":"Iron Wave","floor":5.0},{"not_picked":["Iron Wave","Infernal Blade"],"picked":"Shrug It Off","floor":6.0},{"not_picked":["Rampage","Offering"],"picked":"Body Slam","floor":7.0},{"not_picked":["Dual Wield","Havoc"],"picked":"Rage","floor":13.0},{"not_picked":["Havoc","Rupture"],"picked":"Headbutt","floor":14.0},{"not_picked":["Feed","Limit Break"],"picked":"Demon Form","floor":16.0},{"not_picked":["Headbutt","True Grit"],"picked":"Flame Barrier+1","floor":18.0},{"not_picked":["Sword Boomerang","Flex"],"picked":"Shrug It Off","floor":21.0}],"player_experience":578418,"relics_obtained":[{"floor":6.0,"key":"MealTicket"},{"floor":9.0,"key":"Pen Nib"}],"event_choices":[{"cards_removed":["Strike_R"],"damage_healed":0.0,"max_hp_gain":0.0,"max_hp_loss":0.0,"gold_gain":0.0,"event_name":"Bonfire Elementals","player_choice":"Offered Basic","floor":3.0,"gold_loss":0.0,"damage_taken":0.0},{"damage_healed":0.0,"max_hp_gain":0.0,"max_hp_loss":0.0,"gold_gain":0.0,"event_name":"Living Wall","player_choice":"Grow","floor":11.0,"gold_loss":0.0,"damage_taken":0.0,"cards_upgraded":["Entrench"]},{"damage_healed":0.0,"max_hp_gain":0.0,"max_hp_loss":0.0,"gold_gain":0.0,"event_name":"Wheel of Change","player_choice":"Cursed","floor":12.0,"gold_loss":0.0,"damage_taken":0.0,"cards_obtained":["Decay"]},{"damage_healed":26.0,"max_hp_gain":0.0,"max_hp_loss":0.0,"gold_gain":0.0,"event_name":"The Library","player_choice":"Heal","floor":20.0,"gold_loss":0.0,"damage_taken":0.0}],"is_beta":false,"boss_relics":[{"not_picked":["Runic Cube","Astrolabe"],"picked":"SacredBark"}],"items_purged_floors":[19],"is_endless":false,"potions_floor_spawned":[2,5,7,13,14],"killed_by":"3 Cultists","ascension_level":10}}