{"host":"owp3md0algd3028i","time":1607726153,"event":{"mods":["AchievementEnabler","Aspiration","BaseMod","BetterRewards","Colored Map","Colored Powertips","Conspire","Custom Start","DeckTracker","Defuse TimeMaze Blight","Downfall","Energized Spire","GifTheSpireLib","Halation","Hermit","Highlight Path","Hubris","Infinite Spire","Marisa????????","Minty Spire (QoL Compilation)","Permanent Neow","Quick Restart","Replay The Spire","Reworked Bosses","Shop Mod","StSLib","Stuff the Spire","SuperFastMode","vexMod"],"gold_per_floor":[119,119,131,131,131,161,171,171,198,230,35,35,35],"floor_reached":12,"playtime":525,"items_purged":[],"score":86,"play_id":"e2b064d2-013c-42f3-acda-c8a64e03e87f","local_time":"20201211163553","is_ascension_mode":false,"campfire_choices":[],"circlet_count":0,"master_deck":["hermit:Strike_Hermit","hermit:Strike_Hermit","hermit:Strike_Hermit","hermit:Strike_Hermit+1","hermit:Defend_Hermit+1","hermit:Defend_Hermit","hermit:Defend_Hermit","hermit:Defend_Hermit","hermit:Snapshot","hermit:Covet","hermit:Quickdraw","hermit:Scavenge","hermit:PistolWhip","hermit:Snipe","hermit:GoldenBullet","hermit:HighCaliber"],"relics":["hermit:Momento","aspiration:Nostalgia","Slimebound:AbsorbEndCombat","Bronze Scales","infinitespire:Eraser","Gremlin Food","vexMod:BerryBomb","Medical Kit"],"acts_visited":["Exordium"],"potions_floor_usage":[],"damage_taken":[{"damage":8,"enemies":"Jaw Worm","floor":1,"turns":4},{"damage":5,"enemies":"Small Slimes","floor":3,"turns":4},{"damage":29,"enemies":"3 Sentries","floor":6,"turns":9},{"damage":2,"enemies":"conspire:RoseBush","floor":7,"turns":2},{"damage":11,"enemies":"Replay:BlueRogue","floor":10,"turns":5},{"damage":53,"enemies":"Gremlin Nob","floor":12,"turns":4}],"seed_played":"6404481503270856825","potions_obtained":[{"floor":7,"key":"hexamod:EctoCoolerPotion"}],"is_trial":false,"path_per_floor":["M","?","M","?","$","E","M","?","T","E","$","E"],"character_chosen":"HERMIT","items_purchased":["Medical Kit","hermit:HighCaliber"],"campfire_rested":0,"item_purchase_floors":[11,11],"current_hp_per_floor":[67,67,62,47,47,18,16,41,41,36,36,0,0],"gold":35,"neow_bonus":"NOSTALGIA","is_daily":false,"chose_seed":false,"campfire_upgraded":0,"win_rate":0.0,"timestamp":1607726153,"path_taken":["M","?","M","?","$","E","M","?","T","E","?","E"],"items_purchased_type":["Relic","Card"],"build_version":"2020-11-30","purchased_purges":0,"victory":false,"max_hp_per_floor":[75,75,75,75,75,75,75,75,75,81,81,81,81],"card_choices":[{"not_picked":["hermit:Glare","hermit:BodyArmor"],"picked":"hermit:Quickdraw","floor":1},{"not_picked":["hermit:Roulette","hermit:BigShot"],"picked":"hermit:Scavenge","floor":3},{"not_picked":["hermit:Midnight","hermit:Malice"],"picked":"hermit:PistolWhip","floor":6},{"not_picked":["hermit:Horror","hermit:Dive"],"picked":"hermit:Snipe","floor":7},{"not_picked":["hermit:Midnight","hermit:HeroicBravado"],"picked":"hermit:GoldenBullet","floor":10}],"player_experience":37747,"relics_obtained":[{"floor":2,"key":"Bronze Scales"},{"floor":6,"key":"infinitespire:Eraser"},{"floor":9,"key":"Gremlin Food"},{"floor":10,"key":"vexMod:BerryBomb"}],"event_choices":[{"damage_healed":0,"gold_gain":0,"player_choice":"Entered Light","damage_taken":15,"max_hp_gain":0,"max_hp_loss":0,"event_name":"Shining Light","floor":4,"gold_loss":0,"cards_upgraded":["hermit:Defend_Hermit","hermit:Strike_Hermit"]},{"damage_healed":25,"gold_gain":0,"player_choice":"Banana","damage_taken":0,"max_hp_gain":0,"max_hp_loss":0,"event_name":"Big Fish","floor":8,"gold_loss":0}],"is_beta":false,"boss_relics":[],"items_purged_floors":[],"is_endless":false,"potions_floor_spawned":[7],"killed_by":"Gremlin Nob","ascension_level":0}}