{"host":"wwm0n4cn14lqtm8g","time":1607658847,"event":{"mods":["AchievementEnabler","BaseMod","Colored Map","DeckTracker","Minty Spire (QoL Compilation)","Rare Cards Sparkle","Relic Stats","StSLib","Waifu the Spire","everything is the same but u backflip on backflip"],"gold_per_floor":[114,134,134,152,170,170,189,189,189,189,189,189],"floor_reached":11,"playtime":378,"items_purged":[],"score":130,"play_id":"f4bb2bda-7786-4e07-8d95-4f1d5398e1f3","local_time":"20201211125407","is_ascension_mode":true,"campfire_choices":[{"floor":6,"key":"RECALL"},{"data":"Deadly Poison","floor":8,"key":"SMITH"}],"circlet_count":0,"master_deck":["AscendersBane","Strike_G","Strike_G","Strike_G","Strike_G","Defend_G","Defend_G","Defend_G","Defend_G","Defend_G","Survivor","Neutralize+1","PiercingWail","Deadly Poison+1","Dagger Spray","Dagger Throw","Bane"],"relics":["Ring of the Snake","Question Card","Golden Idol"],"acts_visited":["Exordium"],"potions_floor_usage":[11],"damage_taken":[{"damage":1.0,"enemies":"Small Slimes","floor":1.0,"turns":4.0},{"damage":5.0,"enemies":"Cultist","floor":2.0,"turns":4.0},{"damage":1.0,"enemies":"Jaw Worm","floor":4.0,"turns":5.0},{"damage":15,"enemies":"Large Slime","floor":5,"turns":11},{"damage":13,"enemies":"Exordium Wildlife","floor":7,"turns":7},{"damage":29,"enemies":"Gremlin Nob","floor":11,"turns":3}],"seed_played":"8572409363169089345","potions_obtained":[{"floor":5,"key":"DuplicationPotion"}],"is_trial":false,"path_per_floor":["M","M","?","M","M","R","M","R","T","?","E"],"character_chosen":"THE_SILENT","items_purchased":[],"campfire_rested":0,"item_purchase_floors":[],"current_hp_per_floor":[58,53,53,52,37,37,24,24,24,24,0,0],"gold":189,"neow_bonus":"UPGRADE_CARD","is_daily":false,"chose_seed":false,"campfire_upgraded":1,"win_rate":0.0,"timestamp":1607658847,"path_taken":["M","M","?","?","?","R","M","R","T","?","E"],"items_purchased_type":[],"build_version":"2020-11-30","purchased_purges":0,"victory":false,"max_hp_per_floor":[66,66,66,66,66,66,66,66,66,60,60,60],"relic_stats":{"counters":[6,34],"Golden Idol":0,"Question Card":0,"obtain_stats":[{"Golden Idol":10,"Question Card":9,"Ring of the Snake":0},{"Golden Idol":5,"Question Card":5,"Ring of the Snake":0},{"Golden Idol":31,"Question Card":31,"Ring of the Snake":0}],"Ring of the Snake":[12]},"card_choices":[{"not_picked":["Outmaneuver","Dagger Throw"],"picked":"PiercingWail","floor":1.0},{"not_picked":["Dagger Spray","Underhanded Strike"],"picked":"Deadly Poison","floor":2.0},{"not_picked":["Cloak And Dagger","Deflect"],"picked":"Dagger Spray","floor":4},{"not_picked":["Dagger Spray","Accuracy"],"picked":"Dagger Throw","floor":5},{"not_picked":["Dagger Throw","Sucker Punch"],"picked":"Bane","floor":7}],"player_experience":1202730,"relics_obtained":[{"floor":9,"key":"Question Card"}],"event_choices":[{"cards_removed":["Strike_G"],"damage_healed":0.0,"max_hp_gain":0.0,"max_hp_loss":0.0,"gold_gain":0.0,"event_name":"Bonfire Elementals","player_choice":"Offered Basic","floor":3.0,"gold_loss":0.0,"damage_taken":0.0},{"damage_healed":0,"gold_gain":0,"player_choice":"Lose Max HP","damage_taken":0,"relics_obtained":["Golden Idol"],"max_hp_gain":0,"max_hp_loss":6,"event_name":"Golden Idol","floor":10,"gold_loss":0}],"is_beta":false,"boss_relics":[],"items_purged_floors":[],"is_endless":false,"potions_floor_spawned":[5],"killed_by":"Gremlin Nob","ascension_level":20}}