{"host":"nwz9s93nkn2ush8t","time":1607726837,"event":{"mods":["AchievementEnabler","Act Like it!","BaseMod","Block Reminder","Colored Powertips","Googly Eyes","Minty Spire (QoL Compilation)","Quick Restart","Rare Cards Sparkle","StSLib","everything is the same but u backflip on backflip","slay the spire mod where everything is the same but ironclad has a cowboy hat"],"gold_per_floor":[109,109,35,35,59,91,91,117,117,128,143,143,156,136,136,136,136],"floor_reached":16,"playtime":1043,"items_purged":[],"score":205,"play_id":"6378fbce-13e2-44b5-a6a2-88a913c3c88a","local_time":"20201211174717","is_ascension_mode":true,"campfire_choices":[{"floor":7,"key":"REST"},{"data":"Neutralize","floor":12,"key":"SMITH"},{"data":"Sucker Punch","floor":15,"key":"SMITH"}],"circlet_count":0,"master_deck":["Strike_G","Strike_G","Strike_G","Strike_G","Strike_G+1","Defend_G","Defend_G","Defend_G","Defend_G","Defend_G+1","Survivor","Neutralize+1","Reflex","Accuracy","Prepared","PiercingWail","Backflip","Acrobatics","Predator","Sucker Punch+1"],"relics":["Ring of the Snake","NeowsBlessing","Ancient Tea Set","Dream Catcher","Mummified Hand","Regal Pillow","Paper Crane"],"acts_visited":["Exordium"],"potions_floor_usage":[16,16,16],"damage_taken":[{"damage":0,"enemies":"2 Louse","floor":1,"turns":1},{"damage":0,"enemies":"Gremlin Nob","floor":6,"turns":1},{"damage":0,"enemies":"3 Sentries","floor":8,"turns":2},{"damage":2,"enemies":"Jaw Worm","floor":10,"turns":6},{"damage":1,"enemies":"Cultist","floor":11,"turns":5},{"damage":1,"enemies":"Looter","floor":13,"turns":2},{"damage":51,"enemies":"The Guardian","floor":16,"turns":17}],"seed_played":"4578552059453395689","potions_obtained":[{"floor":11,"key":"Block Potion"},{"floor":13,"key":"Weak Potion"},{"floor":14,"key":"EntropicBrew"}],"is_trial":false,"path_per_floor":["M","?","$","?","T","E","R","E","T","M","M","R","M","?","R","B"],"character_chosen":"THE_SILENT","items_purchased":["Accuracy"],"campfire_rested":1,"item_purchase_floors":[3],"current_hp_per_floor":[63,49,49,37,37,37,58,58,58,56,55,55,54,54,54,3,3],"gold":136,"neow_bonus":"THREE_ENEMY_KILL","is_daily":false,"chose_seed":false,"campfire_upgraded":2,"win_rate":0.0,"timestamp":1607726837,"path_taken":["M","?","$","?","?","E","R","E","T","?","M","R","M","?","R","BOSS"],"items_purchased_type":["Card"],"build_version":"2020-11-30","purchased_purges":0,"victory":false,"max_hp_per_floor":[70,70,70,70,70,70,70,70,70,70,70,70,70,70,70,70,70],"card_choices":[{"not_picked":["Slice","Acrobatics"],"picked":"Reflex","floor":1},{"not_picked":["Dagger Spray","Backflip"],"picked":"Prepared","floor":6},{"not_picked":["Deadly Poison","Dash"],"picked":"PiercingWail","floor":7},{"not_picked":["Quick Slash","Endless Agony"],"picked":"Backflip","floor":8},{"not_picked":["Blur","Calculated Gamble"],"picked":"Acrobatics","floor":10},{"not_picked":["Dagger Spray","Poisoned Stab"],"picked":"Predator","floor":11},{"not_picked":["Skewer","Prepared"],"picked":"Sucker Punch","floor":13}],"player_experience":385196,"relics_obtained":[{"floor":5,"key":"Dream Catcher"},{"floor":6,"key":"Mummified Hand"},{"floor":8,"key":"Regal Pillow"},{"floor":9,"key":"Paper Crane"}],"event_choices":[{"damage_healed":0,"gold_gain":0,"player_choice":"Entered Light","damage_taken":14,"max_hp_gain":0,"max_hp_loss":0,"event_name":"Shining Light","floor":2,"gold_loss":0,"cards_upgraded":["Strike_G","Defend_G"]},{"damage_healed":0,"gold_gain":0,"player_choice":"Success","damage_taken":12,"relics_obtained":["Ancient Tea Set"],"max_hp_gain":0,"max_hp_loss":0,"event_name":"Scrap Ooze","floor":4,"gold_loss":0},{"damage_healed":0,"gold_gain":0,"player_choice":"Bought 1 Potion","damage_taken":0,"max_hp_gain":0,"max_hp_loss":0,"event_name":"The Woman in Blue","floor":14,"gold_loss":0}],"is_beta":false,"boss_relics":[],"items_purged_floors":[],"is_endless":false,"potions_floor_spawned":[11,13],"killed_by":"The Guardian","ascension_level":6}}