{"host":"t8l92xzjkmihtain","time":1607677142,"event":{"mods":["AchievementEnabler","BaseMod","Colored Map","Minty Spire (QoL Compilation)","Rare Cards Sparkle","SuperFastMode","everything is the same but u backflip on backflip"],"gold_per_floor":[119,139,158,169,182,217,142,142,142,142,142,161,174,203,203,203,203],"floor_reached":16,"playtime":821,"items_purged":["Defend_R"],"score":164,"play_id":"970a1558-406b-452d-b2b0-e6ca9a363da9","local_time":"20201211175902","is_ascension_mode":false,"campfire_choices":[{"data":"Perfected Strike","floor":8,"key":"SMITH"},{"data":"Pommel Strike","floor":10,"key":"SMITH"},{"floor":15,"key":"REST"}],"circlet_count":0,"master_deck":["Strike_R","Strike_R","Strike_R","Strike_R","Strike_R","Defend_R","Defend_R","Defend_R","Bash","Perfected Strike+1","Pommel Strike+1","Flex","Twin Strike","Clash","Twin Strike","Clash"],"relics":["Burning Blood","Lantern","Bird Faced Urn","White Beast Statue"],"acts_visited":["Exordium"],"potions_floor_usage":[16],"damage_taken":[{"damage":1,"enemies":"Cultist","floor":1,"turns":3},{"damage":6,"enemies":"2 Louse","floor":2,"turns":2},{"damage":11,"enemies":"Jaw Worm","floor":3,"turns":2},{"damage":11,"enemies":"Red Slaver","floor":4,"turns":4},{"damage":8,"enemies":"Lots of Slimes","floor":5,"turns":4},{"damage":46,"enemies":"Lagavulin","floor":6,"turns":6},{"damage":7,"enemies":"Blue Slaver","floor":12,"turns":2},{"damage":11,"enemies":"Gremlin Gang","floor":13,"turns":3},{"damage":6,"enemies":"Gremlin Nob","floor":14,"turns":3}],"seed_played":"-7761698037993767549","potions_obtained":[{"floor":1,"key":"PowerPotion"},{"floor":6,"key":"HeartOfIron"},{"floor":12,"key":"SpeedPotion"}],"is_trial":false,"path_per_floor":["M","M","M","M","M","E","$","R","T","R","$","M","M","E","R","B"],"character_chosen":"IRONCLAD","items_purchased":[],"campfire_rested":1,"item_purchase_floors":[],"current_hp_per_floor":[88,88,83,78,76,36,36,36,36,36,36,35,30,30,56,0,0],"gold":203,"neow_bonus":"TEN_PERCENT_HP_BONUS","is_daily":false,"chose_seed":false,"campfire_upgraded":2,"win_rate":0.0,"timestamp":1607677142,"path_taken":["M","M","M","M","M","E","$","R","T","R","?","M","M","E","R","BOSS"],"items_purchased_type":[],"build_version":"2020-11-30","purchased_purges":1,"victory":false,"max_hp_per_floor":[88,88,88,88,88,88,88,88,88,88,88,88,88,88,88,88,88],"card_choices":[{"not_picked":["Rage","Twin Strike"],"picked":"Perfected Strike","floor":1},{"not_picked":["Sword Boomerang","Dual Wield"],"picked":"Pommel Strike","floor":2},{"not_picked":["Dual Wield","Second Wind","Pummel"],"picked":"SKIP","floor":3},{"not_picked":["Twin Strike","Headbutt"],"picked":"Flex","floor":4},{"not_picked":["Dual Wield","Uppercut","Headbutt"],"picked":"SKIP","floor":5},{"not_picked":["Iron Wave","Thunderclap"],"picked":"Twin Strike","floor":6},{"not_picked":["Hemokinesis","Burning Pact"],"picked":"Clash","floor":12},{"not_picked":["Second Wind","Searing Blow"],"picked":"Twin Strike","floor":13},{"not_picked":["Iron Wave","Bloodletting"],"picked":"Clash","floor":14}],"player_experience":0,"relics_obtained":[{"floor":6,"key":"Lantern"},{"floor":9,"key":"Bird Faced Urn"},{"floor":14,"key":"White Beast Statue"}],"event_choices":[],"is_beta":false,"boss_relics":[],"items_purged_floors":[7],"is_endless":false,"potions_floor_spawned":[1,6,12,13],"killed_by":"The Guardian","ascension_level":0}}