{"host":"h759rl08g2j14n8x","time":1607665315,"event":{"mods":["BaseMod","Better Third Choice","Colored Powertips","Minty Spire (QoL Compilation)","Replay The Spire","StSLib"],"gold_per_floor":[115,115,115,130,148,186,186,186,186,207,277,320,28,28,28,148,148,168,192,207,96,96,96,96,109,182,207,26,26,50,41,41,162,162,178,98,98,15,141,141,81,102,155,71,91,91,112,53,53,53,53,53,3,37,37],"floor_reached":56,"playtime":8879,"items_purged":["Injury","Shame"],"score":1219,"play_id":"2dbfa52e-8a8a-429d-b834-7f2dfbe1b655","local_time":"20201210214155","is_ascension_mode":false,"campfire_choices":[{"data":"Bash","floor":8.0,"key":"SMITH"},{"floor":23.0,"key":"RECALL"},{"floor":29.0,"key":"REST"},{"floor":32.0,"key":"REST"},{"floor":40.0,"key":"REST"},{"floor":46.0,"key":"REST"},{"floor":49.0,"key":"REST"},{"data":"Thunder Strike","floor":52,"key":"SMITH"}],"circlet_count":0,"master_deck":["Strike_B","Strike_B+1","Strike_B","Strike_B+1","Defend_B","Defend_B","Defend_B+1","Defend_B","Zap","FIFO Queue","Bash+1","Go for the Eyes","Reboot","Conserve Battery","Body Slam","Barrage+1","ReplayTheSpireMod:IOU","Time Bomb","ReplayTheSpireMod:IOU","Seek+1","CurseOfTheBell","Cold Snap+1","Coolheaded+1","Multi-Cast+1","Auto Shields+1","Rainbow+1","Apotheosis+1","Necronomicurse","Gash+1","Darkness+1","Fusion+1","Melter+1","ReplayTheSpireMod:IOU","ReplayTheSpireMod:IOU","Storm+1","Storm+1","Echo Form+1","Streamline+1","Ball Lightning+1","Madness+1","Madness+1","Tempest+1","Coolheaded+1","Hello World+1","Defragment+1","ReplayTheSpireMod:System Scan+1","White Noise+1","Storm+1","Static Discharge+1","Thunder Strike+1","Hello World+1","ReplayTheSpireMod:IOU","Loop+1"],"relics":["Golden Idol","Iron Core","Darkstone Periapt","Replay:Wax Seal","Replay:Ringing Soul","Gremlin Food","HandDrill","Calling Bell","Ancient Tea Set","Toxic Egg 2","Torii","Runic Capacitor","Frozen Egg 2","Necronomicon","Replay:Bottled Eggs","Nunchaku","Painkiller Herb","ReplayTheSpireMod:TigerMarble","PreservedInsect","Lantern","Prayer Wheel","Boot","Pen Nib","Bag of Marbles"],"acts_visited":["Exordium","TheCity","TheBeyond","TheEnding"],"potions_floor_usage":[55,55],"damage_taken":[{"damage":0.0,"enemies":"2 Louse","floor":1.0,"turns":3.0},{"damage":0.0,"enemies":"Small Slimes","floor":4.0,"turns":2.0},{"damage":4.0,"enemies":"Cultist","floor":5.0,"turns":4.0},{"damage":12.0,"enemies":"Gremlin Nob","floor":6.0,"turns":4.0},{"damage":5.0,"enemies":"Looter","floor":10.0,"turns":3.0},{"damage":40.0,"enemies":"Lagavulin Event","floor":11.0,"turns":7.0},{"damage":43.0,"enemies":"3 Sentries","floor":12.0,"turns":10.0},{"damage":10.0,"enemies":"Slime Boss","floor":16.0,"turns":6.0},{"damage":19.0,"enemies":"Chosen","floor":18.0,"turns":6.0},{"damage":12.0,"enemies":"Spheric Guardian","floor":19.0,"turns":5.0},{"damage":17.0,"enemies":"Centurion and Healer","floor":20.0,"turns":9.0},{"damage":31.0,"enemies":"Snake Plant","floor":25.0,"turns":7.0},{"damage":26.0,"enemies":"Snecko","floor":27.0,"turns":4.0},{"damage":11.0,"enemies":"Centurion and Healer","floor":28.0,"turns":6.0},{"damage":18.0,"enemies":"Snake Plant","floor":30.0,"turns":3.0},{"damage":114.0,"enemies":"Collector","floor":33.0,"turns":10.0},{"damage":0.0,"enemies":"Orb Walker","floor":35.0,"turns":2.0},{"damage":31.0,"enemies":"3 Darklings","floor":36.0,"turns":7.0},{"damage":40.0,"enemies":"Reptomancer","floor":41.0,"turns":4.0},{"damage":30.0,"enemies":"Jaw Worm Horde","floor":42.0,"turns":5.0},{"damage":21.0,"enemies":"4 Shapes","floor":44.0,"turns":5.0},{"damage":27.0,"enemies":"Maw","floor":45.0,"turns":6.0},{"damage":35.0,"enemies":"Spire Growth","floor":47.0,"turns":4.0},{"damage":26.0,"enemies":"Nemesis","floor":48.0,"turns":5.0},{"damage":105.0,"enemies":"Replay:Hell Engine","floor":50.0,"turns":7.0},{"damage":54,"enemies":"Shield and Spear","floor":54,"turns":4},{"damage":70,"enemies":"The Heart","floor":55,"turns":5}],"seed_played":"-5526184861543452908","potions_obtained":[{"floor":0.0,"key":"Venom Potion"},{"floor":0.0,"key":"Block Potion"},{"floor":0.0,"key":"Swift Potion"},{"floor":1.0,"key":"Regen Potion"},{"floor":6.0,"key":"Languid Potion"},{"floor":11.0,"key":"Energy Potion"},{"floor":15.0,"key":"LifebloodPotion"},{"floor":15.0,"key":"Toxic Potion"},{"floor":16.0,"key":"SkillPotion"},{"floor":18.0,"key":"Explosive Potion"},{"floor":20.0,"key":"AttackPotion"},{"floor":27.0,"key":"BlessingOfTheForge"},{"floor":30.0,"key":"Fire Potion"},{"floor":35.0,"key":"Block Potion"},{"floor":36.0,"key":"FearPotion"},{"floor":45.0,"key":"Weak Potion"}],"is_trial":false,"path_per_floor":["M","?","?","M","M","E","?","R","T","M","?","E","$","?","R","B",null,"M","M","M","$","?","R","?","M","T","M","M","R","M","$","R","B",null,"?","?","?","T","?","T","E","?","T","?","?","T","?","E","T","B",null,"T","T","E","B",null],"character_chosen":"DEFECT","items_purchased":["Gremlin Food","Time Bomb","HandDrill","PowerPotion","Runic Capacitor","Auto Shields+1","Rainbow+1","Apotheosis+1","Storm+1","Nunchaku","Tempest+1","ReplayTheSpireMod:TigerMarble","Pen Nib"],"campfire_rested":5,"item_purchase_floors":[13,13,13,13,21,21,21,21,31,31,38,38,53],"current_hp_per_floor":[75,75,75,75,71,59,75,75,75,70,30,5,20,20,20,13,105,89,80,66,93,102,102,95,67,67,44,36,86,71,92,149,38,195,198,170,148,157,160,216,179,152,152,134,110,178,146,123,193,88,234,234,243,192,122],"gold":37,"neow_bonus":"THREE_SMALL_POTIONS","is_daily":false,"chose_seed":false,"campfire_upgraded":2,"win_rate":0.0,"timestamp":1607665315,"path_taken":["M","?","?","M","M","E","?","R","T","?","?","E","$","?","R","BOSS","M","M","M","$","?","R","?","M","T","M","M","R","M","$","R","BOSS","?","?","?","T","?","T","E","?","T","?","?","T","?","E","T","BOSS","T","T","E","BOSS"],"items_purchased_type":["Relic","Card","Relic","Potion","Relic","Undefined","Undefined","Undefined","Undefined","Relic","Undefined","Relic","Relic"],"build_version":"2020-11-30","purchased_purges":2,"victory":true,"max_hp_per_floor":[75,75,75,75,75,75,75,75,75,75,75,78,93,93,93,96,105,108,111,114,141,150,150,159,162,162,165,168,168,171,192,192,195,195,198,201,204,213,216,216,219,222,222,225,228,228,231,234,234,234,234,234,243,246,246],"card_choices":[{"not_picked":["Gash","Undo"],"picked":"FIFO Queue","floor":1.0},{"not_picked":["Barrage","Gash"],"picked":"Go for the Eyes","floor":4.0},{"not_picked":["Glacier","Heavy Blade"],"picked":"Rip and Tear","floor":5.0},{"not_picked":["Conserve Battery","Coolheaded"],"picked":"Reboot","floor":6.0},{"not_picked":["Beam Cell","FIFO Queue"],"picked":"Conserve Battery","floor":10.0},{"not_picked":["Steam","Clash"],"picked":"Body Slam","floor":11.0},{"not_picked":["Fusion","Go for the Eyes"],"picked":"Barrage","floor":12.0},{"not_picked":["Biased Cognition","Multi-Cast"],"picked":"Seek","floor":16.0},{"not_picked":["Recycle+1","Streamline"],"picked":"Cold Snap+1","floor":18.0},{"not_picked":["Stack+1","Compile Driver"],"picked":"Coolheaded+1","floor":19.0},{"not_picked":["Stack+1","Sweeping Beam+1"],"picked":"Multi-Cast+1","floor":20.0},{"not_picked":["Steam Power+1","Compile Driver"],"picked":"Gash+1","floor":25.0},{"not_picked":["Warcry+1","WeaponsOverheat+1"],"picked":"Darkness+1","floor":27.0},{"not_picked":["Anger","Body Slam"],"picked":"Fusion+1","floor":28.0},{"not_picked":["Body Slam","Warcry+1"],"picked":"Melter","floor":30.0},{"not_picked":["Reaper","Firewall+1"],"picked":"Echo Form+1","floor":33.0},{"not_picked":["Hello World+1","Rip and Tear+1"],"picked":"Streamline+1","floor":35.0},{"not_picked":["Fusion+1","Conserve Battery+1"],"picked":"Ball Lightning+1","floor":36.0},{"not_picked":["Go for the Eyes","Recycle+1"],"picked":"Coolheaded+1","floor":39.0},{"not_picked":["Barrage+1","Conserve Battery+1"],"picked":"Hello World+1","floor":39.0},{"not_picked":["Turbo+1","Conserve Battery+1"],"picked":"Defragment+1","floor":39.0},{"not_picked":["Hologram+1","Cold Snap"],"picked":"ReplayTheSpireMod:System Scan+1","floor":41.0},{"not_picked":["BasicCrystalCard+1","ReplaySolidLightProjector+1"],"picked":"White Noise+1","floor":42.0},{"not_picked":["Steam+1","ReplayTheSpireMod:Calculation Training+1"],"picked":"Storm+1","floor":44.0},{"not_picked":["Turbo+1","Heatsinks+1"],"picked":"Static Discharge+1","floor":45.0},{"not_picked":["Chill+1","Rebound"],"picked":"ReplayTheSpireMod:Fabricate Wheel+1","floor":47.0},{"not_picked":["Steam Power+1","Sweeping Beam"],"picked":"Hello World+1","floor":48.0},{"not_picked":["Clash","Steam+1"],"picked":"Loop+1","floor":54}],"player_experience":591526,"relics_obtained":[{"floor":6.0,"key":"Darkstone Periapt"},{"floor":12.0,"key":"Replay:Ringing Soul"},{"floor":17.0,"key":"Ancient Tea Set"},{"floor":17.0,"key":"Toxic Egg 2"},{"floor":17.0,"key":"Torii"},{"floor":24.0,"key":"Necronomicon"},{"floor":26.0,"key":"Replay:Bottled Eggs"},{"floor":41.0,"key":"PreservedInsect"},{"floor":43.0,"key":"Lantern"},{"floor":48.0,"key":"Boot"},{"floor":54,"key":"Bag of Marbles"}],"event_choices":[{"damage_healed":0.0,"max_hp_gain":0.0,"max_hp_loss":0.0,"gold_gain":0.0,"event_name":"Golden Idol","player_choice":"Take Wound","floor":2.0,"gold_loss":0.0,"damage_taken":0.0,"relics_obtained":["Golden Idol"],"cards_obtained":["Injury"]},{"cards_removed":["Rip and Tear"],"damage_healed":16.0,"max_hp_gain":0.0,"max_hp_loss":0.0,"gold_gain":0.0,"event_name":"Bonfire Elementals","player_choice":"Offered Uncommon","floor":7.0,"gold_loss":0.0,"damage_taken":0.0},{"damage_healed":0.0,"max_hp_gain":0.0,"max_hp_loss":0.0,"gold_gain":0.0,"event_name":"Dead Adventurer","player_choice":"Searched \u00272\u0027 times","floor":11.0,"gold_loss":0.0,"damage_taken":0.0,"relics_obtained":["Replay:Wax Seal"]},{"damage_healed":0.0,"max_hp_gain":0.0,"max_hp_loss":0.0,"gold_gain":0.0,"event_name":"NoteForYourself","player_choice":"Ignored","floor":14.0,"gold_loss":0.0,"damage_taken":0.0},{"damage_healed":0.0,"max_hp_gain":0.0,"max_hp_loss":0.0,"gold_gain":0.0,"event_name":"Lab","player_choice":"Got Potions","floor":15.0,"gold_loss":0.0,"damage_taken":0.0},{"damage_healed":0.0,"max_hp_gain":0.0,"max_hp_loss":0.0,"gold_gain":0.0,"event_name":"Addict","player_choice":"Stole Relic","floor":22.0,"gold_loss":0.0,"damage_taken":0.0,"relics_obtained":["Frozen Egg 2"],"cards_obtained":["Shame"]},{"damage_healed":0.0,"max_hp_gain":0.0,"max_hp_loss":0.0,"gold_gain":0.0,"event_name":"Cursed Tome","player_choice":"Obtained Book","floor":24.0,"gold_loss":0.0,"damage_taken":16.0},{"damage_healed":0.0,"max_hp_gain":0.0,"max_hp_loss":0.0,"gold_gain":0.0,"event_name":"Winding Halls","player_choice":"Embrace Madness","floor":37.0,"gold_loss":0.0,"damage_taken":25.0,"cards_obtained":["Madness","Madness"]}],"is_beta":false,"boss_relics":[{"not_picked":["Runic Pyramid","SacredBark"],"picked":"Calling Bell"},{"not_picked":["Astrolabe","Coffee Dripper"],"picked":"Painkiller Herb"}],"items_purged_floors":[13,31],"is_endless":false,"potions_floor_spawned":[1,5,6,11,16,18,20,27,30,35,36,45,47],"ascension_level":0}}