{"host":"rmsq46plbpwfbxcc","time":1607656586,"event":{"mods":["AchievementEnabler","BaseMod","Colored Map","DeckTracker","Minty Spire (QoL Compilation)","Permanent Neow","SuperFastMode"],"gold_per_floor":[113,128,128,128,151,194,194,207,207,207,207,240,260,299,299,299,299],"floor_reached":16,"playtime":376,"items_purged":[],"score":257,"play_id":"c0574fde-6373-4bdc-8d61-61c95bc7a779","local_time":"20201211121626","is_ascension_mode":true,"campfire_choices":[{"data":"Neutralize","floor":7.0,"key":"SMITH"},{"data":"Cloak And Dagger","floor":10.0,"key":"SMITH"},{"data":"Bane","floor":15,"key":"SMITH"}],"circlet_count":0,"master_deck":["AscendersBane","Strike_G","Strike_G","Strike_G","Strike_G","Strike_G","Defend_G","Defend_G","Defend_G","Defend_G","Defend_G","Survivor","Neutralize+1","Cloak And Dagger+1","Injury","Backstab","Crippling Poison","Bane+1"],"relics":["Ring of the Snake","NeowsBlessing","Golden Idol","Blood Vial","Peace Pipe","HornCleat","Centennial Puzzle","InkBottle","Pantograph"],"acts_visited":["Exordium"],"potions_floor_usage":[14],"damage_taken":[{"damage":0.0,"enemies":"Cultist","floor":1.0,"turns":1.0},{"damage":0.0,"enemies":"Jaw Worm","floor":2.0,"turns":1.0},{"damage":0.0,"enemies":"3 Sentries","floor":6.0,"turns":1.0},{"damage":0.0,"enemies":"2 Louse","floor":8.0,"turns":3.0},{"damage":19.0,"enemies":"Gremlin Nob","floor":12.0,"turns":4.0},{"damage":0.0,"enemies":"Gremlin Gang","floor":13.0,"turns":7.0},{"damage":21,"enemies":"Lagavulin","floor":14,"turns":6},{"damage":57,"enemies":"Hexaghost","floor":16,"turns":16}],"seed_played":"-6118977106384943637","potions_obtained":[{"floor":2.0,"key":"FearPotion"},{"floor":6.0,"key":"PowerPotion"},{"floor":12.0,"key":"FearPotion"}],"is_trial":false,"path_per_floor":["M","M","$","?","T","E","R","M","T","R","?","E","M","E","R","B"],"character_chosen":"THE_SILENT","items_purchased":[],"campfire_rested":0,"item_purchase_floors":[],"current_hp_per_floor":[59,59,59,59,59,61,61,63,63,63,63,46,48,29,29,0,0],"gold":299,"neow_bonus":"THREE_ENEMY_KILL","is_daily":false,"chose_seed":false,"campfire_upgraded":3,"win_rate":0.0,"timestamp":1607656586,"path_taken":["M","M","?","?","?","E","R","M","T","R","?","E","M","E","R","BOSS"],"items_purchased_type":[],"build_version":"2020-11-30","purchased_purges":0,"victory":false,"max_hp_per_floor":[66,66,66,66,66,66,66,66,66,66,66,66,66,66,66,66,66],"card_choices":[{"not_picked":["Flying Knee","Deflect","Outmaneuver"],"picked":"SKIP","floor":1.0},{"not_picked":["Sucker Punch","Distraction"],"picked":"Cloak And Dagger","floor":2.0},{"not_picked":["Venomology","Predator"],"picked":"Backstab","floor":6.0},{"not_picked":["Prepared","Bane","Slice"],"picked":"SKIP","floor":8.0},{"not_picked":["Outmaneuver","Bane","Underhanded Strike"],"picked":"SKIP","floor":12.0},{"not_picked":["Deflect","Quick Slash"],"picked":"Crippling Poison","floor":13.0},{"not_picked":["Riddle With Holes","Backstab"],"picked":"Bane","floor":14}],"player_experience":1310530,"relics_obtained":[{"floor":5.0,"key":"Blood Vial"},{"floor":6.0,"key":"Peace Pipe"},{"floor":9.0,"key":"HornCleat"},{"floor":12.0,"key":"InkBottle"},{"floor":14,"key":"Pantograph"}],"event_choices":[{"damage_healed":0.0,"max_hp_gain":0.0,"max_hp_loss":0.0,"gold_gain":0.0,"event_name":"Golden Idol","player_choice":"Take Wound","floor":4.0,"gold_loss":0.0,"damage_taken":0.0,"relics_obtained":["Golden Idol"],"cards_obtained":["Injury"]},{"damage_healed":0.0,"max_hp_gain":0.0,"max_hp_loss":0.0,"gold_gain":0.0,"event_name":"WeMeetAgain","player_choice":"Gave Potion","floor":11.0,"gold_loss":0.0,"damage_taken":0.0,"relics_obtained":["Centennial Puzzle"]}],"is_beta":false,"boss_relics":[],"items_purged_floors":[],"is_endless":false,"potions_floor_spawned":[2,6,12],"killed_by":"Hexaghost","ascension_level":16}}