{"host":"i2z4n8754xwu57nm","time":1607681242,"event":{"mods":["BaseMod","Minty Spire (QoL Compilation)"],"gold_per_floor":[112,122,122,140,156,156,191,191,215,290,310,310,45,62,62,140,140,151,151,151,76,89,89,89,89],"floor_reached":24,"playtime":934,"items_purged":["Defend_B"],"score":382,"play_id":"a86f94c2-57b1-4ca1-850c-41f57b3c8356","local_time":"20201211190722","is_ascension_mode":true,"campfire_choices":[{"data":"Zap","floor":6.0,"key":"SMITH"},{"floor":12.0,"key":"REST"},{"data":"Bandage Up","floor":15.0,"key":"SMITH"},{"data":"Darkness","floor":23.0,"key":"SMITH"}],"circlet_count":0,"master_deck":["AscendersBane","Strike_B","Strike_B","Defend_B","Defend_B","Defend_B","Zap+1","Dualcast","Conserve Battery","Sunder+1","Coolheaded","Bandage Up+1","Skim","Machine Learning","Hello World","Lockon","White Noise","Darkness+1"],"relics":["Cracked Core","Anchor","Centennial Puzzle","DataDisk","Lee\u0027s Waffle","Sozu"],"acts_visited":["Exordium","TheCity"],"potions_floor_usage":[],"damage_taken":[{"damage":17.0,"enemies":"Jaw Worm","floor":1.0,"turns":4.0},{"damage":0.0,"enemies":"Cultist","floor":2.0,"turns":3.0},{"damage":0.0,"enemies":"Small Slimes","floor":4.0,"turns":2.0},{"damage":0.0,"enemies":"Looter","floor":5.0,"turns":3.0},{"damage":29.0,"enemies":"Gremlin Nob","floor":7.0,"turns":4.0},{"damage":4.0,"enemies":"Large Slime","floor":11.0,"turns":5.0},{"damage":0.0,"enemies":"2 Fungi Beasts","floor":14.0,"turns":2.0},{"damage":54.0,"enemies":"The Guardian","floor":16.0,"turns":11.0},{"damage":11.0,"enemies":"Spheric Guardian","floor":18.0,"turns":3.0},{"damage":6.0,"enemies":"2 Thieves","floor":22.0,"turns":3.0},{"damage":78,"enemies":"Gremlin Leader","floor":24,"turns":7}],"seed_played":"-3942957676674801691","potions_obtained":[{"floor":2.0,"key":"LiquidBronze"},{"floor":4.0,"key":"Dexterity Potion"},{"floor":5.0,"key":"PowerPotion"},{"floor":16.0,"key":"Strength Potion"}],"is_trial":false,"path_per_floor":["M","M","?","M","M","R","E","?","T","?","M","R","$","M","R","B",null,"M","?","?","$","M","R","E"],"character_chosen":"DEFECT","items_purchased":["Lee\u0027s Waffle","Bandage Up"],"campfire_rested":1,"item_purchase_floors":[13,13],"current_hp_per_floor":[47,47,47,47,47,47,18,18,18,7,3,24,78,78,78,30,66,61,61,61,61,61,61,0,0],"gold":89,"neow_bonus":"RANDOM_COMMON_RELIC","is_daily":false,"chose_seed":false,"campfire_upgraded":3,"win_rate":0.0,"timestamp":1607681242,"path_taken":["M","M","?","?","M","R","E","?","T","?","M","R","$","M","R","BOSS","M","?","?","?","?","R","E"],"items_purchased_type":["Relic","Card"],"build_version":"2020-11-30","purchased_purges":1,"victory":false,"max_hp_per_floor":[71,71,71,71,71,71,71,71,71,71,71,71,78,78,78,78,78,78,78,78,78,78,78,78,78],"card_choices":[{"not_picked":["Turbo","Redo"],"picked":"Conserve Battery","floor":1.0},{"not_picked":["Storm","Steam"],"picked":"Sunder","floor":2.0},{"not_picked":["Sweeping Beam","Leap"],"picked":"Coolheaded","floor":4.0},{"not_picked":["Fusion","Turbo","Sweeping Beam"],"picked":"SKIP","floor":5.0},{"not_picked":["Static Discharge","Gash","Sunder"],"picked":"SKIP","floor":7.0},{"not_picked":["Steam","Reprogram","Gash"],"picked":"SKIP","floor":11.0},{"not_picked":["Turbo","Chill"],"picked":"Skim","floor":14.0},{"not_picked":["Rainbow","Amplify"],"picked":"Machine Learning","floor":16.0},{"not_picked":["Hello World","Leap","Scrape"],"picked":"SKIP","floor":18.0},{"not_picked":["Leap","Scrape"],"picked":"Hello World","floor":18.0},{"not_picked":["Reinforced Body","Rip and Tear"],"picked":"Darkness","floor":22.0}],"player_experience":923766,"relics_obtained":[{"floor":7.0,"key":"Centennial Puzzle"},{"floor":9.0,"key":"DataDisk"}],"event_choices":[{"damage_healed":0.0,"max_hp_gain":0.0,"max_hp_loss":0.0,"gold_gain":0.0,"event_name":"Upgrade Shrine","player_choice":"Upgraded","floor":3.0,"gold_loss":0.0,"damage_taken":0.0,"cards_upgraded":["Sunder"]},{"damage_healed":0.0,"max_hp_gain":0.0,"max_hp_loss":0.0,"gold_gain":0.0,"event_name":"Shining Light","player_choice":"Ignored","floor":8.0,"gold_loss":0.0,"damage_taken":0.0},{"damage_healed":0.0,"max_hp_gain":0.0,"max_hp_loss":0.0,"gold_gain":75.0,"event_name":"World of Goop","player_choice":"Gather Gold","floor":10.0,"gold_loss":0.0,"damage_taken":11.0},{"damage_healed":0.0,"max_hp_gain":0.0,"max_hp_loss":0.0,"gold_gain":0.0,"event_name":"Ghosts","player_choice":"Ignored","floor":19.0,"gold_loss":0.0,"damage_taken":0.0},{"damage_healed":0.0,"max_hp_gain":0.0,"max_hp_loss":0.0,"gold_gain":0.0,"cards_transformed":["Strike_B","Strike_B"],"event_name":"Drug Dealer","player_choice":"Became Test Subject","floor":20.0,"gold_loss":0.0,"damage_taken":0.0,"cards_obtained":["Lockon","White Noise"]}],"is_beta":false,"boss_relics":[{"not_picked":["Philosopher\u0027s Stone","Pandora\u0027s Box"],"picked":"Sozu"}],"items_purged_floors":[21],"is_endless":false,"potions_floor_spawned":[2,4,5,16],"killed_by":"Gremlin Leader","ascension_level":19}}