{"host":"msfr2axb1w9025n0","time":1607662637,"event":{"mods":["BaseMod","Colored Map","DeckTracker","Minty Spire (QoL Compilation)"],"gold_per_floor":[364,25,25,25,25,25,51,51,51,62,77,93,112,190,190,190,190],"floor_reached":16,"playtime":459,"items_purged":[],"score":150,"play_id":"7840be4e-52b0-457a-9419-11d72e16a1c4","local_time":"20201211115717","is_ascension_mode":true,"campfire_choices":[{"data":"Dualcast","floor":6,"key":"SMITH"},{"floor":8,"key":"REST"},{"data":"Loop","floor":15,"key":"SMITH"}],"circlet_count":0,"master_deck":["AscendersBane","Strike_B","Strike_B","Strike_B+1","Defend_B","Defend_B","Defend_B","Defend_B","Zap","Dualcast+1","Glacier+1","BootSequence","Loop+1","Sweeping Beam","Streamline","Cold Snap"],"relics":["Cracked Core","Singing Bowl","Thread and Needle","Ornamental Fan"],"acts_visited":["Exordium"],"potions_floor_usage":[16,16],"damage_taken":[{"damage":7,"enemies":"Jaw Worm","floor":1,"turns":3},{"damage":21,"enemies":"3 Sentries","floor":7,"turns":10},{"damage":0,"enemies":"Cultist","floor":10,"turns":4},{"damage":0,"enemies":"Small Slimes","floor":11,"turns":4},{"damage":2,"enemies":"2 Fungi Beasts","floor":12,"turns":3},{"damage":3,"enemies":"Looter","floor":13,"turns":3},{"damage":28,"enemies":"The Guardian","floor":16,"turns":14}],"seed_played":"-6317271482717697855","potions_obtained":[{"floor":7,"key":"Energy Potion"},{"floor":11,"key":"Block Potion"}],"is_trial":false,"path_per_floor":["M","$","?","$","?","R","E","R","T","M","M","M","M","?","R","B"],"character_chosen":"DEFECT","items_purchased":["Singing Bowl","BootSequence"],"campfire_rested":1,"item_purchase_floors":[2,2],"current_hp_per_floor":[43,43,28,28,28,28,7,29,29,29,31,29,26,26,26,0,0],"gold":190,"neow_bonus":"TWO_FIFTY_GOLD","is_daily":false,"chose_seed":false,"campfire_upgraded":2,"win_rate":0.0,"timestamp":1607662637,"path_taken":["M","$","?","$","?","R","E","R","T","?","M","M","M","?","R","BOSS"],"items_purchased_type":["Relic","Card"],"build_version":"2020-11-30","purchased_purges":0,"victory":false,"max_hp_per_floor":[75,75,75,75,75,75,75,75,75,75,77,77,77,77,77,77,77],"card_choices":[{"not_picked":["Rebound","Turbo"],"picked":"Glacier","floor":1},{"not_picked":["Machine Learning","Go for the Eyes"],"picked":"Loop","floor":7},{"not_picked":["Compile Driver","Loop"],"picked":"Sweeping Beam","floor":10},{"not_picked":["Aggregate","Hologram","Storm"],"picked":"Singing Bowl","floor":11},{"not_picked":["Compile Driver","Cold Snap"],"picked":"Streamline","floor":12},{"not_picked":["Barrage","Coolheaded"],"picked":"Cold Snap","floor":13}],"player_experience":237990,"relics_obtained":[{"floor":7,"key":"Thread and Needle"},{"floor":9,"key":"Ornamental Fan"}],"event_choices":[{"damage_healed":0,"gold_gain":0,"player_choice":"Entered Light","damage_taken":15,"max_hp_gain":0,"max_hp_loss":0,"event_name":"Shining Light","floor":3,"gold_loss":0,"cards_upgraded":["Glacier","Strike_B"]},{"cards_removed":["Strike_B"],"damage_healed":0,"gold_gain":0,"player_choice":"Purged","damage_taken":0,"max_hp_gain":0,"max_hp_loss":0,"event_name":"Purifier","floor":5,"gold_loss":0},{"damage_healed":0,"gold_gain":78,"player_choice":"Gained Gold","damage_taken":0,"max_hp_gain":0,"max_hp_loss":0,"event_name":"Golden Wing","floor":14,"gold_loss":0}],"is_beta":false,"boss_relics":[],"items_purged_floors":[],"is_endless":false,"potions_floor_spawned":[7,11],"killed_by":"The Guardian","ascension_level":10}}