{"host":"kstmajdnxm8lto3o","time":1607726201,"event":{"mods":["Aspiration","BaseMod","Better Third Choice","BetterRewards","CCEM","Conspire","Downfall","Gremlin Skip","Highlight Path","Hubris","Minty Spire (QoL Compilation)","Replay The Spire","Shop Mod","Spicy Shops","StSLib"],"gold_per_floor":[115,126,126,126,142,171,171,190,190,205,217,235,235,235,235,235,235],"floor_reached":16,"playtime":852,"items_purged":[],"score":120,"play_id":"fec84a1c-717e-4eef-b12f-d74f7cc2d112","local_time":"20201211173641","is_ascension_mode":true,"campfire_choices":[{"data":"Bash","floor":7,"key":"SMITH"},{"floor":15,"key":"REST"}],"circlet_count":0,"master_deck":["Strike_R","Strike_R","Strike_R","Strike_R","Strike_R","Defend_R","Defend_R","Defend_R","Defend_R","Bash+1","Cleave","Hemokinesis","Clothesline","Mayhem+1","Armaments","Poisoned Strike+1","Good Instincts+1","Run Through","Injury"],"relics":["Burning Blood","NeowsBlessing","CCEMRelics:FestiveHat","The Courier","Molten Egg 2"],"acts_visited":["Exordium"],"potions_floor_usage":[12,13,16],"damage_taken":[{"damage":0,"enemies":"Jaw Worm","floor":1,"turns":1},{"damage":0,"enemies":"Cultist","floor":2,"turns":1},{"damage":0,"enemies":"Small Slimes","floor":5,"turns":1},{"damage":28,"enemies":"Gremlin Nob","floor":6,"turns":4},{"damage":12,"enemies":"Looter","floor":8,"turns":3},{"damage":14,"enemies":"3 Louse","floor":10,"turns":3},{"damage":34,"enemies":"Exordium Wildlife","floor":11,"turns":5},{"damage":12,"enemies":"Exordium Thugs","floor":12,"turns":4},{"damage":4,"enemies":"3 Sentries","floor":13,"turns":2},{"damage":41,"enemies":"Slime Boss","floor":16,"turns":8}],"seed_played":"-837804379516646286","potions_obtained":[{"floor":5,"key":"Elixir"},{"floor":8,"key":"SmokeBomb"},{"floor":10,"key":"Adrenaline Potion"},{"floor":12,"key":"SpeedPotion"}],"is_trial":false,"path_per_floor":["M","M","?","?","M","E","R","M","T","M","M","M","E","?","R","B"],"character_chosen":"IRONCLAD","items_purchased":[],"campfire_rested":1,"item_purchase_floors":[],"current_hp_per_floor":[80,80,80,80,80,58,58,52,52,44,16,10,12,12,36,0,0],"gold":235,"neow_bonus":"THREE_ENEMY_KILL","is_daily":false,"chose_seed":false,"campfire_upgraded":1,"win_rate":0.0,"timestamp":1607726201,"path_taken":["M","M","?","?","M","E","R","M","T","M","M","?","E","?","R","BOSS"],"items_purchased_type":[],"build_version":"2020-11-30","purchased_purges":0,"victory":false,"max_hp_per_floor":[80,80,80,80,80,80,80,80,80,80,80,80,80,80,80,80,80],"card_choices":[{"not_picked":["hubris:ReadiedAction","Warcry"],"picked":"Cleave","floor":1},{"not_picked":["Feel No Pain","Massacre","Second Wind"],"picked":"SKIP","floor":2},{"not_picked":["Sentinel","Warcry","Hemokinesis"],"picked":"SKIP","floor":5},{"not_picked":["Sentinel","Warcry"],"picked":"Hemokinesis","floor":5},{"not_picked":["Warcry","Entrench"],"picked":"Clothesline","floor":6},{"not_picked":["Flash of Steel+1","expansioncontent:Collect+1"],"picked":"Mayhem+1","floor":8},{"not_picked":["Life Link","hubris:ReadiedAction"],"picked":"Armaments","floor":8},{"not_picked":["hubris:Ssssneak+1","expansioncontent:DecasProtection+1"],"picked":"Poisoned Strike+1","floor":10},{"not_picked":["hubris:ReadiedAction","Reckless Charge","Dropkick"],"picked":"SKIP","floor":10},{"not_picked":["expansioncontent:Chronoboost+1","Replay:SS_forest_5+1"],"picked":"Good Instincts+1","floor":11},{"not_picked":["Sever Soul","Battle Trance"],"picked":"Run Through","floor":11},{"not_picked":["Heavy Blade","Burning Pact","Massacre"],"picked":"SKIP","floor":12}],"player_experience":425551,"relics_obtained":[{"floor":6,"key":"CCEMRelics:FestiveHat"},{"floor":9,"key":"The Courier"}],"event_choices":[{"damage_healed":0,"gold_gain":0,"player_choice":"Leave","damage_taken":0,"max_hp_gain":0,"max_hp_loss":0,"event_name":"conspire:Investor","floor":3,"gold_loss":0},{"damage_healed":0,"gold_gain":0,"player_choice":"Bought 0 Potions","damage_taken":0,"max_hp_gain":0,"max_hp_loss":0,"event_name":"The Woman in Blue","floor":4,"gold_loss":0}],"is_beta":false,"boss_relics":[],"items_purged_floors":[],"is_endless":false,"potions_floor_spawned":[5,8,10,12],"killed_by":"Slime Boss","ascension_level":1}}