{"host":"wnbfov91sqg45vrw","time":1607676270,"event":{"mods":["BaseMod","Downfall","GifTheSpireLib","Marisa????????","Minty Spire (QoL Compilation)","StSLib","The Jungle","The Necromancer","The Servant 0.9.4"],"gold_per_floor":[115,133,146,146,146,146,156,176,244,269,282,301,301,320,320,451,451,469,469,544,558,574,574,81,106,161,111,111,144,163,192,192,329,329,353,377,409,433,461,461,84,84,93,158,201,262,262,278,278,278],"floor_reached":51,"playtime":3871,"items_purged":["Defend_W","Strike_W","Parasite"],"score":677,"play_id":"82fb17eb-3572-4463-a85a-6d2fd85d7564","local_time":"20201211024430","is_ascension_mode":false,"campfire_choices":[{"data":"Death_March_Dance","floor":6.0,"key":"SMITH"},{"data":"Summon_Undead_Army","floor":15.0,"key":"SMITH"},{"data":"Summon_Death_Knight","floor":23.0,"key":"SMITH"},{"data":"Apotheosis","floor":28.0,"key":"SMITH"},{"data":"Summon_Death_Knight","floor":32.0,"key":"SMITH"},{"floor":40.0,"key":"REST"},{"data":"Summon_Death_Knight","floor":42.0,"key":"SMITH"},{"data":"Parasite","floor":47,"key":"PURGE"},{"data":"Death_March_Dance+1","floor":49,"key":"PURGE"}],"circlet_count":0,"master_deck":["Strike_W","Strike_W","Defend_W","Defend_W","Defend_W","Negative_Energy_Arrows","Bone_Wall","Summon_Undead_Army+1","Bone_Prison","Bone_Shift","Bone_Prison","Summon_Death_Knight+1","Spectral_Walk","Uncharnel","Summon_Death_Knight+1","Flesh_Made_Foul+1","Negative_Energy_Shield","Summon_Undead_Army","Apotheosis+1","Spectral_Walk","Spectral_Armor","Summon_Death_Knight+1","Summon_Undead","Blood_Wake","Siphon_Strength+1","expansioncontent:YouAreMine","Summon_Lich","Corrupt+1"],"relics":["Vampire_Amulet","NeowsBlessing","Pocketwatch","Bottled Tornado","Centennial Puzzle","Golden Idol","Runic Dome","Smiling Mask","CeramicFish","Vajra","Cursed Key","Question Card","The Courier","CatCart","TungstenRod","Peace Pipe"],"acts_visited":["Exordium","TheCity","TheBeyond"],"potions_floor_usage":[44,44,44,44,45,46,46,50],"damage_taken":[{"damage":0.0,"enemies":"Jaw Worm","floor":1.0,"turns":1.0},{"damage":0.0,"enemies":"2 Louse","floor":2.0,"turns":1.0},{"damage":0.0,"enemies":"Cultist","floor":3.0,"turns":2.0},{"damage":17.0,"enemies":"Exordium Thugs","floor":7.0,"turns":5.0},{"damage":2.0,"enemies":"Looter","floor":8.0,"turns":3.0},{"damage":11.0,"enemies":"2 Fungi Beasts","floor":11.0,"turns":3.0},{"damage":2.0,"enemies":"3 Louse","floor":12.0,"turns":2.0},{"damage":10.0,"enemies":"Lots of Slimes","floor":14.0,"turns":3.0},{"damage":8.0,"enemies":"The Guardian","floor":16.0,"turns":11.0},{"damage":5.0,"enemies":"2 Thieves","floor":18.0,"turns":3.0},{"damage":0.0,"enemies":"Chosen","floor":21.0,"turns":4.0},{"damage":4.0,"enemies":"Sentry and Sphere","floor":22.0,"turns":4.0},{"damage":12.0,"enemies":"Chosen and Byrds","floor":25.0,"turns":5.0},{"damage":1.0,"enemies":"Centurion and Healer","floor":29.0,"turns":4.0},{"damage":0.0,"enemies":"Snecko","floor":30.0,"turns":4.0},{"damage":18.0,"enemies":"Snake Plant","floor":31.0,"turns":3.0},{"damage":11.0,"enemies":"Automaton","floor":33.0,"turns":8.0},{"damage":6.0,"enemies":"3 Darklings","floor":35.0,"turns":5.0},{"damage":2.0,"enemies":"Orb Walker","floor":36.0,"turns":2.0},{"damage":20.0,"enemies":"Writhing Mass","floor":37.0,"turns":4.0},{"damage":8.0,"enemies":"3 Darklings","floor":38.0,"turns":4.0},{"damage":25.0,"enemies":"4 Shapes","floor":39.0,"turns":4.0},{"damage":3,"enemies":"Orin","floor":44,"turns":9},{"damage":0,"enemies":"Nemesis","floor":45,"turns":6},{"damage":26,"enemies":"2 Orb Walkers","floor":46,"turns":4},{"damage":4,"enemies":"Transient","floor":48,"turns":5},{"damage":19,"enemies":"Awakened One","floor":50,"turns":14}],"seed_played":"6647020792539930736","potions_obtained":[{"floor":3.0,"key":"SneckoOil"},{"floor":11.0,"key":"SkillPotion"},{"floor":12.0,"key":"AttackPotion"},{"floor":14.0,"key":"ColorlessPotion"},{"floor":16.0,"key":"Ancient Potion"},{"floor":18.0,"key":"Energy Potion"},{"floor":21.0,"key":"Guardian:BlockOnCardUsePotion"},{"floor":25.0,"key":"Explosive Potion"},{"floor":30.0,"key":"Regen Potion"},{"floor":35.0,"key":"FearPotion"},{"floor":38.0,"key":"EntropicBrew"},{"floor":44,"key":"AttackPotion"},{"floor":45,"key":"Regen Potion"}],"is_trial":false,"path_per_floor":["M","M","M","?","?","R","M","M","T","T","M","M","?","M","R","B",null,"M","?","?","M","M","R","$","M","T","$","R","M","M","M","R","B",null,"M","M","M","M","M","R","$","R","T","?","E","?","R","M","R","B",null],"character_chosen":"NECROMANCER","items_purchased":["Summon_Undead_Army","Apotheosis","CeramicFish","Spectral_Walk","Question Card","expansioncontent:YouAreMine"],"campfire_rested":1,"item_purchase_floors":[24,24,24,24,41,41],"current_hp_per_floor":[75,75,75,68,68,68,55,55,55,55,48,52,52,52,52,46,69,66,66,60,62,62,62,62,54,54,54,54,57,59,43,43,69,69,65,65,47,44,27,47,47,47,47,60,66,44,44,42,42,46],"gold":278,"neow_bonus":"THREE_ENEMY_KILL","is_daily":false,"chose_seed":false,"campfire_upgraded":6,"win_rate":0.0,"timestamp":1607676270,"path_taken":["M","M","M","?","?","R","?","M","T","?","M","M","?","M","R","BOSS","M","?","?","M","M","R","$","M","T","$","R","M","M","M","R","BOSS","M","?","M","M","M","R","$","R","T","?","E","?","R","M","R","BOSS"],"items_purchased_type":["Card","Card","Relic","Card","Relic","Card"],"build_version":"2020-11-30","purchased_purges":3,"victory":true,"max_hp_per_floor":[75,75,75,75,75,75,75,75,75,75,75,75,69,69,69,69,69,69,69,69,69,69,69,69,69,69,69,69,69,69,69,69,69,69,69,69,69,69,69,69,66,66,66,66,66,66,63,63,63,63],"card_choices":[{"not_picked":["Necromantic_Selection","Bones_to_Steel"],"picked":"Death_March_Dance","floor":1.0},{"not_picked":["Blood_Is_Power","Bone_Spikes"],"picked":"Summon_Undead_Army","floor":2.0},{"not_picked":["Chill_Blood","Vampiric_Strike"],"picked":"Bone_Prison","floor":3.0},{"not_picked":["Chill_Blood","Death_Coil"],"picked":"Bone_Shift","floor":7.0},{"not_picked":["Toxic_Smoke_Screen","Whirlwind_of_Bones"],"picked":"Bone_Prison","floor":8.0},{"not_picked":["Siphon_Strength","Blood_Whip"],"picked":"Summon_Death_Knight","floor":11.0},{"not_picked":["Chill_Blood","Blood_Whip"],"picked":"Spectral_Walk","floor":12.0},{"not_picked":["Blood_for_Blood","Bone_Spikes"],"picked":"Uncharnel","floor":14.0},{"not_picked":["Reap_The_Weak","Blood_Magic"],"picked":"Summon_Death_Knight","floor":16.0},{"not_picked":["Life_Tap","Consume_Illness+1"],"picked":"Flesh_Made_Foul+1","floor":18.0},{"not_picked":["Negative_Energy_Javelin","Finger_Of_Death"],"picked":"Negative_Energy_Shield","floor":21.0},{"not_picked":["Finger_Of_Death","Death_March_Dance","Pandemic"],"picked":"SKIP","floor":22.0},{"not_picked":["Epidemic","Bone_Spikes+1"],"picked":"Spectral_Armor","floor":25.0},{"not_picked":["Flesh_Made_Foul+1","Bone_Shift"],"picked":"Summon_Death_Knight","floor":29.0},{"not_picked":["Necrotic_Claws","Blood_Whip","Thousand_Bone_Knives"],"picked":"SKIP","floor":30.0},{"not_picked":["Negative_Energy_Mist","Negative_Energy_Javelin"],"picked":"Summon_Undead","floor":31.0},{"not_picked":["Detonate_Bones","Skeleton_Dragon"],"picked":"Blood_Wake","floor":33.0},{"not_picked":["Epidemic","Bones_to_Steel+1","Bone_Bullets+1"],"picked":"SKIP","floor":35.0},{"not_picked":["Blood_Whip","Summon_Undead","Deaths_Shadow"],"picked":"SKIP","floor":36.0},{"not_picked":["Bone_Armor","Finger_Of_Death","Bone_Armory+1"],"picked":"SKIP","floor":37.0},{"not_picked":["Thousand_Bone_Knives+1","Flesh_Made_Foul+1","Negative_Energy_Mist+1"],"picked":"SKIP","floor":38.0},{"not_picked":["Death_Coil","Bone_Bullets"],"picked":"Siphon_Strength+1","floor":39.0},{"not_picked":["Chill_Blood","Blood_Shield","Toxic_Smoke_Screen+1"],"picked":"Summon_Lich","floor":44},{"not_picked":["Blood_Wake","Bone_Bullets","Spectral_Walk"],"picked":"Corrupt+1","floor":45},{"not_picked":["Bone_Spikes","Negative_Energy_Mist","Consume_Illness","Negative_Energy_Shield+1"],"picked":"SKIP","floor":48}],"player_experience":1723733,"relics_obtained":[{"floor":9.0,"key":"Bottled Tornado"},{"floor":10.0,"key":"Centennial Puzzle"},{"floor":26.0,"key":"Vajra"},{"floor":43.0,"key":"The Courier"},{"floor":44,"key":"CatCart"},{"floor":45,"key":"TungstenRod"},{"floor":46,"key":"Peace Pipe"}],"event_choices":[{"cards_removed":["Strike_W"],"damage_healed":0.0,"max_hp_gain":0.0,"max_hp_loss":0.0,"gold_gain":0.0,"event_name":"Golden Wing","player_choice":"Card Removal","floor":4.0,"gold_loss":0.0,"damage_taken":7.0},{"damage_healed":0.0,"max_hp_gain":0.0,"max_hp_loss":0.0,"gold_gain":0.0,"event_name":"WeMeetAgain","player_choice":"Gave Potion","floor":5.0,"gold_loss":0.0,"damage_taken":0.0,"relics_obtained":["Pocketwatch"]},{"damage_healed":0.0,"max_hp_gain":0.0,"max_hp_loss":6.0,"gold_gain":0.0,"event_name":"Golden Idol","player_choice":"Lose Max HP","floor":13.0,"gold_loss":0.0,"damage_taken":0.0,"relics_obtained":["Golden Idol"]},{"damage_healed":0.0,"max_hp_gain":0.0,"max_hp_loss":0.0,"gold_gain":0.0,"event_name":"The Mausoleum","player_choice":"Opened","floor":19.0,"gold_loss":0.0,"damage_taken":0.0,"relics_obtained":["Smiling Mask"]},{"damage_healed":0.0,"max_hp_gain":0.0,"max_hp_loss":0.0,"gold_gain":75.0,"event_name":"FaceTrader","player_choice":"Touch","floor":20.0,"gold_loss":0.0,"damage_taken":6.0},{"damage_healed":0,"gold_gain":0,"player_choice":"Fight","damage_taken":0,"max_hp_gain":0,"max_hp_loss":0,"event_name":"OrinTheCat","floor":44,"gold_loss":0},{"damage_healed":0,"gold_gain":0,"player_choice":"Fight","damage_taken":0,"max_hp_gain":0,"max_hp_loss":0,"event_name":"Mysterious Sphere","floor":46,"gold_loss":0}],"is_beta":false,"boss_relics":[{"not_picked":["Runic Pyramid","SacredBark"],"picked":"Runic Dome"},{"not_picked":["Pandora\u0027s Box","Velvet Choker"],"picked":"Cursed Key"}],"items_purged_floors":[24,27,41],"is_endless":false,"potions_floor_spawned":[3,11,12,14,16,18,21,25,30,35,38,39,44,45],"ascension_level":0}}