{"host":"wc8dlsuapnihxz7u","time":1607715927,"event":{"mods":["2.2 Compatiblity","AchievementEnabler","AlwaysNeverKeys","BaseMod","Better Altar","GifTheSpireLib","Minty Spire (QoL Compilation)","Permanent Neow","StSLib","SuperFastMode"],"gold_per_floor":[111,130,130,130,146,179,190,204,204,34,48,48,67,81,81,182,182,196,210,210,229,154,154,154,154],"floor_reached":24,"playtime":1099,"items_purged":["Perfected Strike"],"score":227,"play_id":"73f88d08-0c4d-42d8-ae72-0b62dc527f71","local_time":"20201211144527","is_ascension_mode":false,"campfire_choices":[{"floor":12,"key":"REST"},{"floor":15,"key":"REST"},{"floor":23,"key":"REST"}],"circlet_count":0,"master_deck":["Bash+1","Cleave+1","Cleave","Armaments","Perfected Strike","Sword Boomerang","Rampage","Infernal Blade","Searing Blow","Double Tap","Juggernaut","Whirlwind","Sentinel","Sentinel","True Grit","Blood for Blood","Whirlwind","Havoc","Impervious","Intimidate"],"relics":["Burning Blood","Darkstone Periapt","Pear","Ornamental Fan","Anchor","Pandora\u0027s Box"],"acts_visited":["Exordium","TheCity"],"potions_floor_usage":[11,16,16,16],"damage_taken":[{"damage":6,"enemies":"Cultist","floor":1,"turns":3},{"damage":12,"enemies":"Small Slimes","floor":2,"turns":3},{"damage":11,"enemies":"Jaw Worm","floor":5,"turns":2},{"damage":44,"enemies":"Lagavulin","floor":6,"turns":6},{"damage":32,"enemies":"Exordium Thugs","floor":7,"turns":4},{"damage":3,"enemies":"Red Slaver","floor":8,"turns":3},{"damage":5,"enemies":"Looter","floor":11,"turns":3},{"damage":0,"enemies":"Lots of Slimes","floor":13,"turns":2},{"damage":6,"enemies":"Exordium Thugs","floor":14,"turns":3},{"damage":68,"enemies":"Hexaghost","floor":16,"turns":9},{"damage":25,"enemies":"Shell Parasite","floor":18,"turns":6},{"damage":44,"enemies":"Chosen","floor":19,"turns":7},{"damage":11,"enemies":"Snecko","floor":21,"turns":5},{"damage":63,"enemies":"Book of Stabbing","floor":24,"turns":5}],"seed_played":"-8603854842332010825","potions_obtained":[{"floor":2,"key":"LiquidBronze"},{"floor":8,"key":"Energy Potion"},{"floor":11,"key":"Fruit Juice"},{"floor":13,"key":"ColorlessPotion"}],"is_trial":false,"path_per_floor":["M","M","?","?","M","E","M","M","T","$","M","R","M","M","R","B",null,"M","M","?","M","$","R","E"],"character_chosen":"IRONCLAD","items_purchased":["Perfected Strike","Anchor"],"campfire_rested":3,"item_purchase_floors":[10,10],"current_hp_per_floor":[80,74,74,71,66,38,12,15,15,15,21,49,55,55,83,21,95,76,38,38,33,33,61,0,0],"gold":154,"neow_bonus":"UPGRADE_CARD","is_daily":false,"chose_seed":false,"campfire_upgraded":0,"win_rate":0.0,"timestamp":1607715927,"path_taken":["M","M","?","?","M","E","M","M","T","?","M","R","?","M","R","BOSS","M","M","?","M","$","R","E"],"items_purchased_type":["Card","Relic"],"build_version":"2020-11-30","purchased_purges":1,"victory":false,"max_hp_per_floor":[80,80,80,80,80,90,90,90,90,90,95,95,95,95,95,95,95,95,95,95,95,95,95,95,95],"card_choices":[{"not_picked":["Warcry","True Grit","Clothesline"],"picked":"SKIP","floor":1},{"not_picked":["Perfected Strike","Reckless Charge"],"picked":"Cleave","floor":2},{"not_picked":["Spot Weakness","Combust"],"picked":"Cleave","floor":5},{"not_picked":["Berserk","Carnage"],"picked":"Armaments","floor":6},{"not_picked":["Thunderclap","True Grit"],"picked":"Perfected Strike","floor":7},{"not_picked":["Anger","Rupture"],"picked":"Sword Boomerang","floor":8},{"not_picked":["Pummel","Brutality"],"picked":"Rampage","floor":11},{"not_picked":["Iron Wave","Body Slam"],"picked":"Infernal Blade","floor":13},{"not_picked":["Sentinel","Body Slam"],"picked":"Searing Blow","floor":14},{"not_picked":["Fiend Fire","Limit Break"],"picked":"Double Tap","floor":16},{"not_picked":["Heavy Blade","Pommel Strike","Headbutt"],"picked":"SKIP","floor":18},{"not_picked":["Body Slam","Rupture","Clothesline"],"picked":"SKIP","floor":19},{"not_picked":["Rage","Barricade"],"picked":"Intimidate","floor":21}],"player_experience":100841,"relics_obtained":[{"floor":6,"key":"Pear"},{"floor":9,"key":"Ornamental Fan"}],"event_choices":[{"damage_healed":0,"gold_gain":0,"player_choice":"Grow","damage_taken":0,"max_hp_gain":0,"max_hp_loss":0,"event_name":"Living Wall","floor":3,"gold_loss":0,"cards_upgraded":["Cleave"]},{"damage_healed":0,"gold_gain":0,"player_choice":"Success","damage_taken":3,"relics_obtained":["Darkstone Periapt"],"max_hp_gain":0,"max_hp_loss":0,"event_name":"Scrap Ooze","floor":4,"gold_loss":0},{"damage_healed":0,"gold_gain":0,"player_choice":"Ignored","damage_taken":0,"max_hp_gain":0,"max_hp_loss":0,"event_name":"Vampires","floor":20,"gold_loss":0}],"is_beta":false,"boss_relics":[{"not_picked":["Runic Dome","Sozu"],"picked":"Pandora\u0027s Box"}],"items_purged_floors":[22],"is_endless":false,"potions_floor_spawned":[2,8,11,13,14],"killed_by":"Book of Stabbing","ascension_level":0}}