{"host":"sq65xgedotq5nei3","time":1607656314,"event":{"mods":["AchievementEnabler","BaseMod","Colored Powertips","Minty Spire (QoL Compilation)","Permanent Neow","Rare Cards Sparkle","StSLib","SuperFastMode"],"gold_per_floor":[11,11,31,44,44,44,44,77,77,27,27,27,27,43,43,43,43],"floor_reached":16,"playtime":324,"items_purged":[],"score":167,"play_id":"1e0b6b95-3511-4976-8707-6a4a0b1f14f9","local_time":"20201211141154","is_ascension_mode":true,"campfire_choices":[{"data":"Shrug It Off","floor":6,"key":"SMITH"},{"data":"Infernal Blade","floor":11,"key":"SMITH"},{"floor":15,"key":"REST"}],"circlet_count":0,"master_deck":["AscendersBane","Strike_R","Strike_R+1","Strike_R","Strike_R","Defend_R","Defend_R","Defend_R+1","Bash","Limit Break","Pommel Strike+1","Flex","Shrug It Off+1","Infernal Blade+1"],"relics":["Burning Blood","Gremlin Horn","Ornamental Fan"],"acts_visited":["Exordium"],"potions_floor_usage":[4,16],"damage_taken":[{"damage":0,"enemies":"Small Slimes","floor":1,"turns":3},{"damage":9,"enemies":"Jaw Worm","floor":3,"turns":4},{"damage":8,"enemies":"2 Louse","floor":4,"turns":3},{"damage":39,"enemies":"Lagavulin","floor":8,"turns":8},{"damage":12,"enemies":"Large Slime","floor":14,"turns":3},{"damage":29,"enemies":"Slime Boss","floor":16,"turns":7}],"seed_played":"7944886229678081301","potions_obtained":[{"floor":3,"key":"BlessingOfTheForge"},{"floor":14,"key":"Fire Potion"}],"is_trial":false,"path_per_floor":["M","?","M","M","?","R","$","E","T","?","R","?","$","M","R","B"],"character_chosen":"IRONCLAD","items_purchased":[],"campfire_rested":1,"item_purchase_floors":[],"current_hp_per_floor":[74,74,71,69,54,54,54,21,21,21,21,14,14,8,30,1,1],"gold":43,"neow_bonus":"THREE_RARE_CARDS","is_daily":false,"chose_seed":false,"campfire_upgraded":2,"win_rate":0.0,"timestamp":1607656314,"path_taken":["M","?","M","M","?","R","?","E","T","?","R","?","?","M","R","BOSS"],"items_purchased_type":[],"build_version":"2020-11-30","purchased_purges":0,"victory":false,"max_hp_per_floor":[75,75,75,75,75,75,75,75,75,75,75,75,75,75,75,75,75],"card_choices":[{"not_picked":["Reaper","Exhume"],"picked":"Limit Break","floor":0},{"not_picked":["Sever Soul","Perfected Strike"],"picked":"Pommel Strike","floor":1},{"not_picked":["Intimidate","Uppercut"],"picked":"Flex","floor":3},{"not_picked":["Ghostly Armor","Havoc"],"picked":"Shrug It Off","floor":4},{"not_picked":["Sword Boomerang","Limit Break"],"picked":"Infernal Blade","floor":8},{"not_picked":["Clothesline","Heavy Blade","Wild Strike"],"picked":"SKIP","floor":14}],"player_experience":744071,"relics_obtained":[{"floor":8,"key":"Gremlin Horn"},{"floor":9,"key":"Ornamental Fan"}],"event_choices":[{"damage_healed":0,"gold_gain":0,"player_choice":"Grow","damage_taken":0,"max_hp_gain":0,"max_hp_loss":0,"event_name":"Living Wall","floor":2,"gold_loss":0,"cards_upgraded":["Pommel Strike"]},{"damage_healed":0,"gold_gain":0,"player_choice":"Entered Light","damage_taken":15,"max_hp_gain":0,"max_hp_loss":0,"event_name":"Shining Light","floor":5,"gold_loss":0,"cards_upgraded":["Defend_R","Strike_R"]},{"cards_removed":["Strike_R"],"damage_healed":0,"gold_gain":0,"player_choice":"Card Removal","damage_taken":0,"max_hp_gain":0,"max_hp_loss":0,"event_name":"The Cleric","floor":10,"gold_loss":50},{"cards_removed":["Defend_R"],"damage_healed":0,"gold_gain":0,"player_choice":"Card Removal","damage_taken":7,"max_hp_gain":0,"max_hp_loss":0,"event_name":"Golden Wing","floor":12,"gold_loss":0}],"is_beta":false,"boss_relics":[],"items_purged_floors":[],"is_endless":false,"potions_floor_spawned":[3,14],"killed_by":"Slime Boss","ascension_level":14}}