{"host":"ea1gz0s8chhg5p89","time":1607691624,"event":{"mods":["Act Like it!","BaseMod","Gensokyo","Marisa£®ÏF”Í°°ƒß¿Ì…≥£©","Minty Spire (QoL Compilation)","Pale of the Ancients","Remilia£®¿Ÿ√◊¿Ú—«£©","StSLib","The Servant 0.9.4","Youmu£®ªÍ∆«—˝√Œ£©"],"gold_per_floor":[111,127,77,252,177,202,271,284,284,33,64,78,110,125,125,229,229,239,239,199,212,212,241,241,241,287,18,50,50,60,91,91,196,196,212,285,315,315,329,329,359,393,393,425,465,2,29,65,65,85,104,124,73,152,152,152,152],"floor_reached":56,"playtime":2990,"items_purged":["Strike_RM","Strike_RM","Strike_RM","Defend_RM"],"score":1218,"play_id":"c7408922-6410-4432-b270-883c462132da","local_time":"20201211210024","is_ascension_mode":true,"campfire_choices":[{"data":"HunterOfTheNight","floor":15,"key":"SMITH"},{"data":"TricksterDevil","floor":24,"key":"SMITH"},{"data":"RedMoon","floor":32,"key":"SMITH"},{"data":"MillenniumVampire","floor":40,"key":"SMITH"},{"data":"DemonKingCradle","floor":49,"key":"SMITH"},{"data":"KillingBlow","floor":55,"key":"SMITH"}],"circlet_count":0,"master_deck":["Defend_RM","Defend_RM+1","RedMoon+1","ScarletShoot","HunterOfTheNight","NightLord+1","Doubt","MillenniumVampire","FitfulNightmare","MillenniumVampire+1","DiffusionOfMisfortune","RedMagic","ScarletDevil+1","HunterOfTheNight+1","ScarletCoffin","ScarletNetherworld+1","J.A.X.","ScarletImprint+1","Writhe","TricksterDevil+1","ScarletDevil","FavorOfDestiny","UnstableMagic","VampireSweep","ScarletGensokyo+1","DemonKingCradle+1","Septette+1","VampirishNight","Ultimatum+1","Stigmanizer+1","DiffusionOfMisfortune+1","EndlessAdversity","EndlessAdversity+1","KillingBlow+1","VampireKiss","BloodAndWine+1","FavorOfDestiny+1","GlobalNightmare+1","QueenOfMidnight+1","TwelveNightmare+1"],"relics":["ScarletHat","NeowsBlessing","Happy Flower","Pear","Ancient Tea Set","DollysMirror","PreservedInsect","Nunchaku","Runic Pyramid","RedBat","Bottled Flame","Gremlin Horn","Boot","Regal Pillow","Oddly Smooth Stone","Black Star","Lizard Tail","Peace Pipe","Ice Cream","Bag of Marbles","Toxic Egg 2","Frozen Egg 2","MealTicket","Ornamental Fan","Unceasing Top","Pantograph","paleoftheancients:Timepiece","Coffee Dripper","Letter Opener","paleoftheancients:SoulOfTheBard","Mercury Hourglass","Bottled Lightning"],"acts_visited":["Exordium","TheCity","TheBeyond","paleoftheancients:PaleOfTheAncients"],"potions_floor_usage":[13,16,21,23,23,23,30,33,33,33,36,36,36,39,45,48,48,50,51,51,51,52],"damage_taken":[{"damage":0,"enemies":"Cultist","floor":1,"turns":1},{"damage":0,"enemies":"2 Louse","floor":2,"turns":1},{"damage":0,"enemies":"Gremlin Nob","floor":6,"turns":1},{"damage":1,"enemies":"Jaw Worm","floor":8,"turns":2},{"damage":4,"enemies":"3 Sentries","floor":11,"turns":6},{"damage":0,"enemies":"Looter","floor":12,"turns":3},{"damage":0,"enemies":"Lagavulin","floor":13,"turns":8},{"damage":0,"enemies":"Gremlin Gang","floor":14,"turns":8},{"damage":6,"enemies":"The Guardian","floor":16,"turns":11},{"damage":6,"enemies":"Spheric Guardian","floor":18,"turns":4},{"damage":23,"enemies":"3 Byrds","floor":21,"turns":7},{"damage":12,"enemies":"Book of Stabbing","floor":23,"turns":5},{"damage":16,"enemies":"Gremlin Leader","floor":28,"turns":5},{"damage":20,"enemies":"Centurion and Healer","floor":30,"turns":8},{"damage":24,"enemies":"Slavers","floor":31,"turns":3},{"damage":35,"enemies":"Champ","floor":33,"turns":7},{"damage":13,"enemies":"Orb Walker","floor":35,"turns":4},{"damage":44,"enemies":"2 Orb Walkers","floor":36,"turns":6},{"damage":14,"enemies":"3 Darklings","floor":37,"turns":4},{"damage":33,"enemies":"Jaw Worm Horde","floor":39,"turns":5},{"damage":9,"enemies":"Reptomancer","floor":41,"turns":8},{"damage":45,"enemies":"Transient","floor":42,"turns":5},{"damage":21,"enemies":"Giant Head","floor":44,"turns":8},{"damage":20,"enemies":"4 Shapes","floor":45,"turns":2},{"damage":3,"enemies":"Reptomancer","floor":47,"turns":3},{"damage":6,"enemies":"Maw","floor":48,"turns":5},{"damage":73,"enemies":"Donu and Deca","floor":50,"turns":6},{"damage":242,"enemies":"Donu and Deca","floor":51,"turns":14},{"damage":91,"enemies":"Donu and Deca","floor":52,"turns":4},{"damage":538,"enemies":"Donu and Deca","floor":56,"turns":3}],"seed_played":"-3989901246298761275","potions_obtained":[{"floor":1,"key":"Dexterity Potion"},{"floor":2,"key":"ColorlessPotion"},{"floor":12,"key":"GamblersBrew"},{"floor":14,"key":"Energy Potion"},{"floor":18,"key":"ColorlessPotion"},{"floor":20,"key":"Dexterity Potion"},{"floor":20,"key":"Fire Potion"},{"floor":21,"key":"Dexterity Potion"},{"floor":28,"key":"Ancient Potion"},{"floor":28,"key":"Explosive Potion"},{"floor":30,"key":"Swift Potion"},{"floor":31,"key":"Weak Potion"},{"floor":33,"key":"Dexterity Potion"},{"floor":33,"key":"LiquidBronze"},{"floor":35,"key":"FearPotion"},{"floor":37,"key":"ColorlessPotion"},{"floor":39,"key":"SmokeBomb"},{"floor":39,"key":"Strength Potion"},{"floor":41,"key":"LiquidBronze"},{"floor":44,"key":"Block Potion"},{"floor":45,"key":"Ancient Potion"},{"floor":47,"key":"Block Potion"},{"floor":48,"key":"DistilledChaos"},{"floor":48,"key":"Block Potion"},{"floor":51,"key":"FearPotion"}],"is_trial":false,"path_per_floor":["M","M","?","?","$","E","T","M","T","$","E","M","E","M","R","B",null,"M","?","?","M","?","E","R","?","T","$","E","?","M","E","R","B",null,"M","?","M","?","M","R","E","M","T","E","M","$","E","M","R","B","M","M","?","T","R","M"],"character_chosen":"REMILIA","items_purchased":["DollysMirror","ScarletDevil","FavorOfDestiny","UnstableMagic","Ornamental Fan","VampireKiss"],"campfire_rested":0,"item_purchase_floors":[10,27,27,27,46,46],"current_hp_per_floor":[75,75,75,75,75,75,85,84,84,84,81,84,85,85,85,85,85,79,79,79,56,56,49,49,49,49,49,42,47,46,26,26,57,85,72,52,54,54,37,37,40,32,32,59,56,71,85,85,85,85,85,85,85,85,85,0,0],"gold":152,"neow_bonus":"THREE_ENEMY_KILL","is_daily":false,"chose_seed":false,"campfire_upgraded":6,"win_rate":0.0,"timestamp":1607691624,"path_taken":["M","M","?","?","?","E","?","?","T","$","E","?","E","M","R","BOSS","M","?","?","?","?","E","R","?","T","$","E","?","?","E","R","BOSS","M","?","M","?","M","R","E","M","T","E","M","$","E","M","R","BOSS","M","M","?","T","R","M"],"items_purchased_type":["Relic","Card","Card","Card","Relic","Card"],"build_version":"2020-11-30","purchased_purges":4,"victory":false,"max_hp_per_floor":[75,75,75,75,75,75,85,85,85,85,85,85,85,85,85,85,85,85,85,85,85,85,85,85,85,85,85,85,85,85,85,85,85,85,85,85,85,85,85,85,85,85,85,85,85,85,85,85,85,85,85,85,85,85,85,85,85],"card_choices":[{"not_picked":["AfternoonTea","FavorOfDestiny"],"picked":"HunterOfTheNight","floor":1},{"not_picked":["EndlessAdversity","BlasphemousPunishment"],"picked":"NightLord","floor":2},{"not_picked":["StarOfDavid","Septette"],"picked":"MillenniumVampire","floor":6},{"not_picked":["RedRainbow","MastersStateliness"],"picked":"FitfulNightmare","floor":8},{"not_picked":["BombardNight","CharismaGuard"],"picked":"DiffusionOfMisfortune","floor":11},{"not_picked":["SuperhumanBloodyKnife","DevilSight"],"picked":"RedMagic","floor":12},{"not_picked":["BloodHunter","EndlessAdversity"],"picked":"ScarletDevil","floor":13},{"not_picked":["KillingBlow","BloodHunter"],"picked":"HunterOfTheNight","floor":14},{"not_picked":["HellCatastrophe","KillingBlow"],"picked":"ScarletCoffin","floor":16},{"not_picked":["MillenniumVampire","DiffusionOfMisfortune"],"picked":"ScarletNetherworld+1","floor":18},{"not_picked":["BloodHunter","VampireSweep"],"picked":"ScarletImprint+1","floor":21},{"not_picked":["NightDance","DiffusionOfMisfortune+1"],"picked":"TricksterDevil","floor":23},{"not_picked":["EmergencyRegeneration","MastersStateliness"],"picked":"BlasphemousPunishment+1","floor":28},{"not_picked":["TwelveNightmare","UnstableMagic"],"picked":"VampireSweep","floor":30},{"not_picked":["NightDance","RedRainbow+1"],"picked":"ScarletGensokyo+1","floor":31},{"not_picked":["HellCatastrophe","BloodySeventeenLaser"],"picked":"DemonKingCradle","floor":33},{"not_picked":["MastersStateliness","BombardNight+1"],"picked":"Septette+1","floor":35},{"not_picked":["BloodHunter+1","UnstableMagic+1"],"picked":"VampirishNight","floor":36},{"not_picked":["RedRainbow","FavorOfDestiny"],"picked":"Ultimatum+1","floor":37},{"not_picked":["BloodyTrap+1","EndlessAdversity+1"],"picked":"Stigmanizer+1","floor":39},{"not_picked":["BloodHunter+1","CharismaGuard+1"],"picked":"DiffusionOfMisfortune+1","floor":41},{"not_picked":["BombardNight+1","UnderTheZenith+1"],"picked":"EndlessAdversity","floor":42},{"not_picked":["VampireSweep","MastersStateliness+1"],"picked":"EndlessAdversity+1","floor":44},{"not_picked":["DiffusionOfMisfortune+1","CharismaGuard+1"],"picked":"KillingBlow","floor":45},{"not_picked":["Maim+1","EndlessAdversity+1"],"picked":"BloodAndWine+1","floor":47},{"not_picked":["ScarletImprint","BloodHunter+1"],"picked":"FavorOfDestiny+1","floor":47},{"not_picked":["BombardNight+1","RedRainbow"],"picked":"GlobalNightmare+1","floor":48},{"not_picked":["ReincarnationDial+1","ScarletDream+1"],"picked":"QueenOfMidnight+1","floor":48},{"not_picked":["ScarletDevil","CharismaGuard+1"],"picked":"TwelveNightmare+1","floor":51}],"player_experience":469737,"relics_obtained":[{"floor":6,"key":"Happy Flower"},{"floor":7,"key":"Pear"},{"floor":9,"key":"Ancient Tea Set"},{"floor":11,"key":"PreservedInsect"},{"floor":13,"key":"Nunchaku"},{"floor":23,"key":"Bottled Flame"},{"floor":23,"key":"Gremlin Horn"},{"floor":26,"key":"Boot"},{"floor":28,"key":"Regal Pillow"},{"floor":31,"key":"Oddly Smooth Stone"},{"floor":35,"key":"Lizard Tail"},{"floor":36,"key":"Peace Pipe"},{"floor":41,"key":"Ice Cream"},{"floor":41,"key":"Bag of Marbles"},{"floor":43,"key":"Toxic Egg 2"},{"floor":44,"key":"Frozen Egg 2"},{"floor":44,"key":"MealTicket"},{"floor":47,"key":"Unceasing Top"},{"floor":47,"key":"Pantograph"},{"floor":51,"key":"paleoftheancients:SoulOfTheBard"},{"floor":54,"key":"Bottled Lightning"}],"event_choices":[{"cards_removed":["Strike_RM"],"damage_healed":0,"gold_gain":0,"player_choice":"Card Removal","damage_taken":0,"max_hp_gain":0,"max_hp_loss":0,"event_name":"The Cleric","floor":3,"gold_loss":50},{"damage_healed":0,"gold_gain":175,"player_choice":"AGREE","damage_taken":0,"max_hp_gain":0,"max_hp_loss":0,"event_name":"Liars Game","floor":4,"gold_loss":0,"cards_obtained":["Doubt"]},{"damage_healed":0,"gold_gain":0,"player_choice":"Obtain J.A.X.","damage_taken":0,"max_hp_gain":0,"max_hp_loss":0,"event_name":"Drug Dealer","floor":19,"gold_loss":0,"cards_obtained":["J.A.X."]},{"damage_healed":0,"gold_gain":0,"player_choice":"Bought 3 Potions","damage_taken":0,"max_hp_gain":0,"max_hp_loss":0,"event_name":"The Woman in Blue","floor":20,"gold_loss":0},{"damage_healed":0,"gold_gain":0,"player_choice":"Opened","damage_taken":0,"relics_obtained":["RedBat"],"max_hp_gain":0,"max_hp_loss":0,"event_name":"The Mausoleum","floor":22,"gold_loss":0,"cards_obtained":["Writhe"]},{"damage_healed":0,"gold_gain":0,"player_choice":"Ignored","damage_taken":0,"max_hp_gain":0,"max_hp_loss":0,"event_name":"Ghosts","floor":25,"gold_loss":0},{"cards_removed":["BlasphemousPunishment"],"damage_healed":5,"gold_gain":0,"player_choice":"Offered Common","damage_taken":0,"max_hp_gain":0,"max_hp_loss":0,"event_name":"Bonfire Elementals","floor":29,"gold_loss":0},{"cards_removed":["BlasphemousPunishment"],"damage_healed":5,"gold_gain":0,"player_choice":"Offered Special","damage_taken":0,"max_hp_gain":0,"max_hp_loss":0,"event_name":"Bonfire Elementals","floor":29,"gold_loss":0},{"damage_healed":0,"gold_gain":0,"player_choice":"Fight","damage_taken":0,"max_hp_gain":0,"max_hp_loss":0,"event_name":"Mysterious Sphere","floor":36,"gold_loss":0},{"cards_removed":["Defend_RM"],"damage_healed":0,"gold_gain":0,"player_choice":"Removed Skill","damage_taken":0,"max_hp_gain":0,"max_hp_loss":0,"event_name":"Falling","floor":38,"gold_loss":0},{"damage_healed":0,"gold_gain":0,"player_choice":"Paid Gold","damage_taken":0,"relics_obtained":["Mercury Hourglass"],"max_hp_gain":0,"max_hp_loss":0,"event_name":"WeMeetAgain","floor":53,"gold_loss":51}],"is_beta":false,"boss_relics":[{"not_picked":["Ectoplasm","Empty Cage"],"picked":"Runic Pyramid"},{"not_picked":["SacredBark","Astrolabe"],"picked":"Black Star"}],"items_purged_floors":[5,10,27,46],"is_endless":false,"potions_floor_spawned":[1,2,12,14,18,21,28,37,39,45,48,51],"killed_by":"Donu and Deca","ascension_level":1}}