{"host":"o2evyl5sbrgotc3u","time":1607680354,"event":{"mods":["AchievementEnabler","BaseMod","Colored Map","DeckTracker","Faster Ascension Climbing","Keyboard Shortcuts","Minty Spire (QoL Compilation)","Permanent Neow","Quick Restart","Relic Stats","StSLib","SuperFastMode","everything is the same but u backflip on backflip"],"gold_per_floor":[118,136,136,156,10,10,35,48,48,48,61,74,74,93,93,194,194,207,226,26,43,62,62,78,78,104,116,15,15,35,61,61,61,61],"floor_reached":33,"playtime":977,"items_purged":["Strike_B","Strike_B"],"score":304,"play_id":"8fb35ff6-85f3-4f41-8ac8-2dde407213d0","local_time":"20201211185234","is_ascension_mode":true,"campfire_choices":[{"data":"Zap","floor":6.0,"key":"SMITH"},{"data":"Recycle","floor":10.0,"key":"SMITH"},{"floor":15.0,"key":"REST"},{"data":"Defragment","floor":23,"key":"SMITH"},{"floor":25,"key":"REST"},{"floor":29,"key":"REST"},{"data":"Capacitor","floor":32,"key":"SMITH"}],"circlet_count":0,"master_deck":["Strike_B","Defend_B","Defend_B","Defend_B","Defend_B","Zap+1","Dualcast","Master of Strategy","Ball Lightning","Self Repair","Compile Driver","Capacitor+1","Go for the Eyes+1","Recycle+1","Ball Lightning+1","Ball Lightning","Meteor Strike+1","Cold Snap+1","Defragment+1","Conserve Battery","Conserve Battery"],"relics":["Cracked Core","Sundial","Philosopher\u0027s Stone","Membership Card","Whetstone","Toy Ornithopter","Ancient Tea Set"],"acts_visited":["Exordium","TheCity"],"potions_floor_usage":[21,24,33,33,33],"damage_taken":[{"damage":0.0,"enemies":"Small Slimes","floor":1.0,"turns":3.0},{"damage":6.0,"enemies":"Cultist","floor":2.0,"turns":3.0},{"damage":10.0,"enemies":"2 Louse","floor":4.0,"turns":2.0},{"damage":23.0,"enemies":"Lagavulin","floor":7.0,"turns":5.0},{"damage":4.0,"enemies":"Red Slaver","floor":8.0,"turns":3.0},{"damage":24.0,"enemies":"Exordium Thugs","floor":11.0,"turns":5.0},{"damage":0.0,"enemies":"Gremlin Gang","floor":12.0,"turns":5.0},{"damage":5.0,"enemies":"Exordium Wildlife","floor":14.0,"turns":3.0},{"damage":13.0,"enemies":"Slime Boss","floor":16.0,"turns":6.0},{"damage":14.0,"enemies":"Chosen","floor":18.0,"turns":4.0},{"damage":14.0,"enemies":"Shell Parasite","floor":19.0,"turns":4.0},{"damage":25,"enemies":"Snake Plant","floor":21,"turns":3},{"damage":35,"enemies":"Shelled Parasite and Fungi","floor":22,"turns":5},{"damage":13,"enemies":"Chosen and Byrds","floor":24,"turns":4},{"damage":25,"enemies":"Centurion and Healer","floor":27,"turns":5},{"damage":13,"enemies":"Snake Plant","floor":30,"turns":3},{"damage":56,"enemies":"Champ","floor":33,"turns":9}],"seed_played":"-3737241154626086133","potions_obtained":[{"floor":1.0,"key":"Block Potion"},{"floor":8.0,"key":"Fire Potion"},{"floor":11.0,"key":"ColorlessPotion"},{"floor":14.0,"key":"DuplicationPotion"},{"floor":18.0,"key":"Energy Potion"},{"floor":24,"key":"Swift Potion"},{"floor":27,"key":"SneckoOil"},{"floor":30,"key":"Fruit Juice"}],"is_trial":false,"path_per_floor":["M","M","?","M","$","R","E","M","T","R","M","M","?","M","R","B",null,"M","M","$","M","M","R","M","R","T","M","$","R","M","T","R","B"],"character_chosen":"DEFECT","items_purchased":["Capacitor","Membership Card","Conserve Battery","Toy Ornithopter"],"campfire_rested":3,"item_purchase_floors":[5,20,28,28],"current_hp_per_floor":[54,48,48,45,45,45,29,32,32,32,15,22,22,24,46,40,75,68,61,61,43,15,15,16,38,38,20,20,42,36,36,36,0,0],"gold":61,"neow_bonus":"RANDOM_COLORLESS_2","is_daily":false,"chose_seed":false,"campfire_upgraded":4,"win_rate":0.0,"timestamp":1607680354,"path_taken":["M","M","?","M","$","R","E","?","T","R","M","M","?","M","R","BOSS","M","M","$","M","M","R","M","R","T","M","$","R","M","?","R","BOSS"],"items_purchased_type":["Card","Relic","Card","Relic"],"build_version":"2020-11-30","purchased_purges":2,"victory":false,"max_hp_per_floor":[75,75,75,75,75,75,75,75,75,75,75,75,75,75,75,75,75,75,75,75,75,75,75,75,75,75,75,75,75,75,75,75,80,80],"relic_stats":{"counters":[17,72],"Sundial":[10],"Whetstone":["Meteor Strike","Ball Lightning"],"obtain_stats":[{"Sundial":7,"Philosopher\u0027s Stone":17,"Membership Card":20,"Whetstone":26,"Cracked Core":0,"Ancient Tea Set":31,"Toy Ornithopter":28},{"Sundial":4,"Philosopher\u0027s Stone":9,"Membership Card":11,"Whetstone":14,"Cracked Core":0,"Ancient Tea Set":16,"Toy Ornithopter":15},{"Sundial":13,"Philosopher\u0027s Stone":35,"Membership Card":43,"Whetstone":55,"Cracked Core":0,"Ancient Tea Set":63,"Toy Ornithopter":60}],"Toy Ornithopter":15},"card_choices":[{"not_picked":["Secret Technique","Sadistic Nature"],"picked":"Master of Strategy","floor":0.0},{"not_picked":["Turbo","Compile Driver"],"picked":"Ball Lightning","floor":1.0},{"not_picked":["Steam","Redo"],"picked":"Self Repair","floor":2.0},{"not_picked":["Static Discharge","Melter"],"picked":"Compile Driver","floor":4.0},{"not_picked":["Barrage","Beam Cell"],"picked":"Go for the Eyes","floor":7.0},{"not_picked":["Rebound","Conserve Battery"],"picked":"Recycle","floor":8.0},{"not_picked":["Turbo","All For One","Stack"],"picked":"SKIP","floor":11.0},{"not_picked":["Steam","Aggregate"],"picked":"Ball Lightning","floor":12.0},{"not_picked":["Leap","Rebound"],"picked":"Ball Lightning","floor":14.0},{"not_picked":["Machine Learning","Fission"],"picked":"Meteor Strike","floor":16.0},{"not_picked":["Hologram","Melter+1"],"picked":"Cold Snap+1","floor":18.0},{"not_picked":["Cold Snap","Hello World+1","Leap"],"picked":"SKIP","floor":19.0},{"not_picked":["Stack","Meteor Strike","Loop"],"picked":"SKIP","floor":21},{"not_picked":["Redo","Ball Lightning+1"],"picked":"Defragment","floor":22},{"not_picked":["Go for the Eyes","Stack"],"picked":"Conserve Battery","floor":24},{"not_picked":["Barrage+1","Storm","Gash"],"picked":"SKIP","floor":27},{"not_picked":["Fusion","Meteor Strike","Steam"],"picked":"SKIP","floor":30}],"player_experience":275047,"relics_obtained":[{"floor":7.0,"key":"Sundial"},{"floor":26,"key":"Whetstone"},{"floor":31,"key":"Ancient Tea Set"}],"event_choices":[{"cards_removed":["Strike_B"],"damage_healed":0.0,"max_hp_gain":0.0,"max_hp_loss":0.0,"gold_gain":0.0,"event_name":"Purifier","player_choice":"Purged","floor":3.0,"gold_loss":0.0,"damage_taken":0.0},{"damage_healed":0.0,"max_hp_gain":0.0,"max_hp_loss":0.0,"gold_gain":0.0,"event_name":"Accursed Blacksmith","player_choice":"Forge","floor":13.0,"gold_loss":0.0,"damage_taken":0.0,"cards_upgraded":["Go for the Eyes"]}],"is_beta":false,"boss_relics":[{"not_picked":["Busted Crown","SacredBark"],"picked":"Philosopher\u0027s Stone"}],"items_purged_floors":[5,20],"is_endless":false,"potions_floor_spawned":[1,8,11,14,18,24,27,30],"killed_by":"Champ","ascension_level":4}}