{"host":"owp3md0algd3028i","time":1607727346,"event":{"mods":["AchievementEnabler","Aspiration","BaseMod","BetterRewards","Colored Map","Colored Powertips","Conspire","Custom Start","DeckTracker","Defuse TimeMaze Blight","Downfall","Energized Spire","GifTheSpireLib","Halation","Hermit","Highlight Path","Hubris","Infinite Spire","Marisa????????","Minty Spire (QoL Compilation)","Permanent Neow","Quick Restart","Replay The Spire","Reworked Bosses","Shop Mod","StSLib","Stuff the Spire","SuperFastMode","vexMod"],"gold_per_floor":[113,113,123,123,23,23,40,40,40,75,86,86,86,104,104,204,204,221,221,217,243,41,41,60,60,60],"floor_reached":25,"playtime":1077,"items_purged":[],"score":203,"play_id":"6b7c54d6-6079-46f4-9d44-48f11a276a8f","local_time":"20201211165546","is_ascension_mode":false,"campfire_choices":[{"data":"hermit:BodyArmor","floor":6,"key":"SMITH"},{"data":"hermit:DeadMansHand","floor":8,"key":"SMITH"},{"floor":12,"key":"REST"},{"data":"hermit:Determination","floor":15,"key":"SMITH"},{"floor":23,"key":"REST"}],"circlet_count":0,"master_deck":["hermit:Strike_Hermit","hermit:Strike_Hermit","hermit:Defend_Hermit","hermit:Defend_Hermit","hermit:Defend_Hermit","hermit:Snapshot+1","hermit:Covet","hermit:Ricochet","hermit:Quickdraw","Pain","hermit:Showdown","hermit:Showdown","hermit:BodyArmor+1","hermit:DeadMansHand+1","hermit:FlashPowder","hermit:Desperado","hermit:Determination+1","hermit:DeadOrAlive","hermit:HighCaliber+1","hermit:DeadMansHand+1","hermit:GhostlyPresence+1","hermit:LuckOfTheDraw","hermit:GoldenBullet","hermit:FullyLoaded","hermit:Vantage","hermit:Horror"],"relics":["hermit:Momento","WarpedTongs","infinitespire:Satchel","Vajra","hubris:Towel","Astrolabe","Anchor"],"acts_visited":["Exordium","TheCity"],"potions_floor_usage":[16,16,21,25,25],"damage_taken":[{"damage":8,"enemies":"Jaw Worm","floor":1,"turns":3},{"damage":6,"enemies":"Cultist","floor":3,"turns":3},{"damage":0,"enemies":"Small Slimes","floor":7,"turns":2},{"damage":24,"enemies":"3 Sentries","floor":10,"turns":7},{"damage":4,"enemies":"Blue Slaver","floor":11,"turns":3},{"damage":4,"enemies":"Exordium Thugs","floor":14,"turns":3},{"damage":8,"enemies":"Hexaghost","floor":16,"turns":8},{"damage":26,"enemies":"Shell Parasite","floor":18,"turns":6},{"damage":17,"enemies":"2 Thieves","floor":20,"turns":4},{"damage":26,"enemies":"Cultist and Chosen","floor":21,"turns":5},{"damage":0,"enemies":"Snake Plant","floor":24,"turns":4},{"damage":36,"enemies":"Slavers","floor":25,"turns":5}],"seed_played":"3620704637388046778","potions_obtained":[{"floor":7,"key":"Swift Potion"},{"floor":10,"key":"hexamod:EctoCoolerPotion"},{"floor":11,"key":"Energy Potion"},{"floor":19,"key":"infinitespire:BlackPotion"},{"floor":19,"key":"BlessingOfTheForge"},{"floor":21,"key":"Weak Potion"}],"is_trial":false,"path_per_floor":["M","?","M","?","$","R","M","R","T","E","M","R","?","M","R","B",null,"M","?","M","M","$","R","M","E"],"character_chosen":"HERMIT","items_purchased":["hermit:Showdown","hermit:BodyArmor","Anchor","hermit:Vantage"],"campfire_rested":2,"item_purchase_floors":[5,5,22,22],"current_hp_per_floor":[67,67,61,61,61,61,61,61,61,37,33,55,55,51,51,43,75,49,49,32,6,6,28,28,0,0],"gold":60,"neow_bonus":"UPGRADE_CARD","is_daily":false,"chose_seed":false,"campfire_upgraded":3,"win_rate":0.0,"timestamp":1607727346,"path_taken":["M","?","?","?","?","R","M","R","T","E","M","R","?","M","R","BOSS","M","?","M","M","?","R","M","E"],"items_purchased_type":["Card","Card","Relic","Card"],"build_version":"2020-11-30","purchased_purges":0,"victory":false,"max_hp_per_floor":[75,75,75,75,75,75,75,75,75,75,75,75,75,75,75,75,75,75,75,75,75,75,75,75,75,75],"card_choices":[{"not_picked":["hermit:TrackingShot","hermit:Enervate"],"picked":"hermit:Ricochet","floor":1},{"not_picked":["hermit:Horror","hermit:ItchyTrigger"],"picked":"hermit:Quickdraw","floor":3},{"not_picked":["hermit:Coalescence","hermit:PistolWhip"],"picked":"hermit:DeadMansHand","floor":7},{"not_picked":["hermit:CalledShot","hermit:Misfire"],"picked":"hermit:FlashPowder","floor":10},{"not_picked":["hermit:BlackWind","hermit:HoleUp"],"picked":"hermit:Desperado","floor":11},{"not_picked":["hermit:LowProfile","hermit:TakeAim"],"picked":"hermit:Determination","floor":14},{"not_picked":["hermit:FromBeyond","hermit:RoundhouseKick"],"picked":"hermit:DeadOrAlive","floor":16},{"not_picked":["hermit:WideOpen","hermit:Malice"],"picked":"hermit:LuckOfTheDraw","floor":18},{"not_picked":["hermit:FinalCanter","hermit:TakeAim"],"picked":"hermit:GoldenBullet","floor":20},{"not_picked":["hermit:TakeCover","hermit:BodyArmor"],"picked":"hermit:FullyLoaded","floor":21},{"not_picked":["hermit:Cheat+1","hermit:Midnight"],"picked":"hermit:Horror","floor":24}],"player_experience":37747,"relics_obtained":[{"floor":9,"key":"infinitespire:Satchel"},{"floor":10,"key":"Vajra"}],"event_choices":[{"damage_healed":0,"gold_gain":0,"player_choice":"Ignored","damage_taken":0,"max_hp_gain":0,"max_hp_loss":0,"event_name":"Purifier","floor":2,"gold_loss":0},{"damage_healed":0,"gold_gain":0,"player_choice":"Rummage","damage_taken":0,"relics_obtained":["WarpedTongs"],"max_hp_gain":0,"max_hp_loss":0,"event_name":"Accursed Blacksmith","floor":4,"gold_loss":0,"cards_obtained":["Pain"]},{"damage_healed":0,"gold_gain":0,"player_choice":"Got Potions","damage_taken":0,"max_hp_gain":0,"max_hp_loss":0,"event_name":"Lab","floor":19,"gold_loss":0}],"is_beta":false,"boss_relics":[{"not_picked":["hermit:DentedPlate","energizedSpire:HugeHouse"],"picked":"Astrolabe"}],"items_purged_floors":[],"is_endless":false,"potions_floor_spawned":[7,10,11,21,24],"killed_by":"Slavers","ascension_level":0}}