{"host":"zi8o4akxlgxypwgb","time":1607706645,"event":{"mods":["BaseMod","Minty Spire (QoL Compilation)","Replay The Spire","StSLib","SuperFastMode"],"gold_per_floor":[111,63,104,12,32,32,52,70,70,97,117,117,117],"floor_reached":12,"playtime":268,"items_purged":[],"score":84,"play_id":"da04ee29-bf43-4c7c-b95a-a9628ad554c8","local_time":"20201212011045","is_ascension_mode":true,"campfire_choices":[{"data":"Blade Dance","floor":6,"key":"SMITH"}],"circlet_count":0,"master_deck":["Strike_G","Strike_G","Strike_G","Strike_G","Strike_G","Defend_G","Defend_G","Defend_G","Defend_G","Defend_G","Survivor","Neutralize","Dagger Throw","Flying Knee","Distraction","Blade Dance+1","Outmaneuver+1","Cloak And Dagger","Quick Slash","Envenom","Bane","Slice","Poisoned Stab"],"relics":["Ring of the Snake","NeowsBlessing","Iron Hammer","Lizard Tail","Odd Mushroom"],"acts_visited":["Exordium"],"potions_floor_usage":[5,12],"damage_taken":[{"damage":0,"enemies":"Jaw Worm","floor":1,"turns":1},{"damage":0,"enemies":"Small Slimes","floor":5,"turns":1},{"damage":0,"enemies":"2 Louse","floor":7,"turns":1},{"damage":0,"enemies":"2 Fungi Beasts","floor":8,"turns":3},{"damage":20,"enemies":"The Mushroom Lair","floor":10,"turns":4},{"damage":11,"enemies":"Blue Slaver","floor":11,"turns":3},{"damage":0,"enemies":"Gremlin Nob","floor":12,"turns":3}],"seed_played":"3395708340250352473","potions_obtained":[{"floor":1,"key":"LiquidBronze"},{"floor":5,"key":"Fruit Juice"},{"floor":11,"key":"Adrenaline Potion"}],"is_trial":false,"path_per_floor":["M","$","?","$","M","R","M","M","T","?","M","E"],"character_chosen":"THE_SILENT","items_purchased":["Flying Knee","Outmaneuver+1","Cloak And Dagger"],"campfire_rested":0,"item_purchase_floors":[2,4,4],"current_hp_per_floor":[70,70,42,42,47,47,47,47,47,27,16,16,16],"gold":117,"neow_bonus":"THREE_ENEMY_KILL","is_daily":false,"chose_seed":false,"campfire_upgraded":1,"win_rate":0.0,"timestamp":1607706645,"path_taken":["M","$","?","$","M","R","M","M","T","?","M","E"],"items_purchased_type":["Card","Undefined","Card"],"build_version":"2020-11-30","purchased_purges":0,"victory":false,"max_hp_per_floor":[70,70,70,70,75,75,75,75,75,75,75,75,75],"card_choices":[{"not_picked":["Toxin Wave","Deflect"],"picked":"Dagger Throw","floor":1},{"not_picked":["Concentrate","Reflex"],"picked":"Distraction","floor":3},{"not_picked":["Toxin Wave","Outmaneuver"],"picked":"Blade Dance","floor":3},{"not_picked":["Setup","Hidden Blade"],"picked":"Quick Slash","floor":5},{"not_picked":["Blade Dance","Leg Sweep"],"picked":"Envenom","floor":7},{"not_picked":["Draining Mist","Dagger Spray"],"picked":"Bane","floor":8},{"not_picked":["Setup","Deadly Poison"],"picked":"Slice","floor":10},{"not_picked":["Dodge and Roll","Bane"],"picked":"Poisoned Stab","floor":11}],"player_experience":281845,"relics_obtained":[{"floor":3,"key":"Iron Hammer"},{"floor":9,"key":"Lizard Tail"},{"floor":10,"key":"Odd Mushroom"}],"event_choices":[{"damage_healed":0,"gold_gain":0,"player_choice":"Fought Mushrooms","damage_taken":0,"max_hp_gain":0,"max_hp_loss":0,"event_name":"Mushrooms","floor":10,"gold_loss":0}],"is_beta":false,"boss_relics":[],"items_purged_floors":[],"is_endless":false,"potions_floor_spawned":[1,5,11],"killed_by":"Gremlin Nob","ascension_level":4}}