{"host":"xr9kfrtt7uxz0mdc","time":1607711493,"event":{"mods":["AchievementEnabler","BaseMod","Highlight Path","Minty Spire (QoL Compilation)"],"gold_per_floor":[109,124,136,148,168,197,197,257,257,257,4,30,30,58,58,155,155,169,184,214,139,139,166,1,1,1,35,53,64,80,94,94,189,189,200,214,139,158,172,197,197,45,45,45,73,73,73,88,88,88],"floor_reached":51,"playtime":3099,"items_purged":["Strike_G"],"score":792,"play_id":"00ace19e-cc05-4aeb-adff-f7fc1384ad79","local_time":"20201211193133","is_ascension_mode":false,"campfire_choices":[{"floor":7.0,"key":"REST"},{"data":"Deflect","floor":10.0,"key":"SMITH"},{"floor":15.0,"key":"REST"},{"floor":25.0,"key":"REST"},{"data":"Backstab","floor":32.0,"key":"SMITH"},{"floor":41,"key":"REST"},{"floor":47,"key":"REST"},{"data":"Apotheosis","floor":49,"key":"SMITH"}],"circlet_count":0,"master_deck":["Defend_G","Defend_G","Defend_G","Defend_G","Defend_G","Survivor","Neutralize","Die Die Die","Blade Dance","Finisher","Underhanded Strike","Blade Dance","Deflect+1","Quick Slash","Backstab+1","Dash","Envenom","Writhe","Infinite Blades+1","Apotheosis+1","Tools of the Trade","Unload","Adrenaline","Well Laid Plans+1","Reflex+1","Secret Weapon","Terror"],"relics":["Ring of the Snake","Kunai","Mango","Gambling Chip","Meat on the Bone","Torii","Snake Skull","Empty Cage","Red Mask","Peace Pipe","Bottled Lightning","Pantograph","Bag of Preparation","HoveringKite","Mercury Hourglass","Sling","Lizard Tail","Nunchaku"],"acts_visited":["Exordium","TheCity","TheBeyond"],"potions_floor_usage":[40,50,50],"damage_taken":[{"damage":0.0,"enemies":"Cultist","floor":1.0,"turns":3.0},{"damage":7.0,"enemies":"2 Louse","floor":2.0,"turns":2.0},{"damage":0.0,"enemies":"Small Slimes","floor":3.0,"turns":2.0},{"damage":10.0,"enemies":"Exordium Thugs","floor":4.0,"turns":3.0},{"damage":0.0,"enemies":"2 Fungi Beasts","floor":5.0,"turns":2.0},{"damage":23.0,"enemies":"3 Sentries","floor":6.0,"turns":7.0},{"damage":8.0,"enemies":"Gremlin Nob","floor":8.0,"turns":4.0},{"damage":18.0,"enemies":"Lagavulin","floor":12.0,"turns":5.0},{"damage":18.0,"enemies":"3 Sentries","floor":14.0,"turns":6.0},{"damage":0.0,"enemies":"Slime Boss","floor":16.0,"turns":5.0},{"damage":0.0,"enemies":"Spheric Guardian","floor":18.0,"turns":3.0},{"damage":1.0,"enemies":"Shell Parasite","floor":19.0,"turns":4.0},{"damage":31.0,"enemies":"Masked Bandits","floor":20.0,"turns":5.0},{"damage":17.0,"enemies":"Slavers","floor":23.0,"turns":5.0},{"damage":21.0,"enemies":"Gremlin Leader","floor":27.0,"turns":7.0},{"damage":1.0,"enemies":"Cultist and Chosen","floor":28.0,"turns":5.0},{"damage":16.0,"enemies":"Centurion and Healer","floor":29.0,"turns":4.0},{"damage":9.0,"enemies":"Snake Plant","floor":30.0,"turns":6.0},{"damage":2.0,"enemies":"Shelled Parasite and Fungi","floor":31.0,"turns":7.0},{"damage":1.0,"enemies":"Champ","floor":33.0,"turns":10.0},{"damage":12,"enemies":"3 Darklings","floor":35,"turns":5},{"damage":23,"enemies":"3 Shapes","floor":36,"turns":4},{"damage":9,"enemies":"Sphere and 2 Shapes","floor":38,"turns":3},{"damage":1,"enemies":"Spire Growth","floor":39,"turns":3},{"damage":22,"enemies":"Reptomancer","floor":40,"turns":6},{"damage":21,"enemies":"Nemesis","floor":45,"turns":5},{"damage":13,"enemies":"Jaw Worm Horde","floor":48,"turns":4},{"damage":20,"enemies":"Time Eater","floor":50,"turns":6}],"seed_played":"-3039903789681230481","potions_obtained":[{"floor":3.0,"key":"Dexterity Potion"},{"floor":6.0,"key":"GhostInAJar"},{"floor":8.0,"key":"CunningPotion"},{"floor":27.0,"key":"EssenceOfSteel"},{"floor":40,"key":"PowerPotion"},{"floor":48,"key":"LiquidBronze"}],"is_trial":false,"path_per_floor":["M","M","M","M","M","E","R","?","T","R","$","E","?","E","R","B",null,"M","M","?","?","?","E","$","R","T","E","M","M","M","M","R","B",null,"M","M","$","M","M","E","R","$","T","?","E","?","R","M","R","B",null],"character_chosen":"THE_SILENT","items_purchased":["Meat on the Bone","Apotheosis","Sling"],"campfire_rested":5,"item_purchase_floors":[11,24,42],"current_hp_per_floor":[70,63,63,53,53,30,51,57,57,57,57,51,51,45,70,70,84,84,83,52,52,52,47,47,72,72,51,50,46,49,47,47,71,84,72,49,49,52,51,41,66,66,66,66,45,45,69,56,56,60],"gold":88,"neow_bonus":"ONE_RANDOM_RARE_CARD","is_daily":false,"chose_seed":false,"campfire_upgraded":3,"win_rate":0.0,"timestamp":1607711493,"path_taken":["M","M","M","?","M","E","R","?","T","R","$","E","?","E","R","BOSS","M","M","?","?","?","E","$","R","T","E","?","M","M","M","R","BOSS","M","?","$","M","M","E","R","$","T","?","E","?","R","M","R","BOSS"],"items_purchased_type":["Relic","Card","Relic"],"build_version":"2020-11-30","purchased_purges":1,"victory":true,"max_hp_per_floor":[70,70,70,70,70,70,70,84,84,84,84,84,84,84,84,84,84,84,84,84,84,84,84,84,84,84,84,84,84,84,84,84,84,84,84,84,84,84,84,84,84,84,84,84,84,80,80,80,80,80],"card_choices":[{"not_picked":["Reflex","Eviscerate"],"picked":"Blade Dance","floor":1.0},{"not_picked":["Deflect","Terror"],"picked":"Finisher","floor":2.0},{"not_picked":["Backflip","PiercingWail"],"picked":"Underhanded Strike","floor":3.0},{"not_picked":["All Out Attack","Dagger Throw"],"picked":"Blade Dance","floor":4.0},{"not_picked":["Bane","Tactician"],"picked":"Deflect","floor":5.0},{"not_picked":["Deadly Poison","Predator","Bouncing Flask"],"picked":"SKIP","floor":6.0},{"not_picked":["PiercingWail","Leg Sweep"],"picked":"Quick Slash","floor":8.0},{"not_picked":["Slice","Calculated Gamble"],"picked":"Backstab","floor":12.0},{"not_picked":["Backflip","Night Terror"],"picked":"Envenom","floor":14.0},{"not_picked":["Heel Hook","Riddle With Holes","Poisoned Stab"],"picked":"SKIP","floor":18.0},{"not_picked":["Sucker Punch","Blade Dance","Dagger Throw"],"picked":"SKIP","floor":19.0},{"not_picked":["Sucker Punch","Dagger Throw+1"],"picked":"Infinite Blades+1","floor":23.0},{"not_picked":["Quick Slash","Prepared"],"picked":"Tools of the Trade","floor":27.0},{"not_picked":["Prepared","Poisoned Stab","Dodge and Roll"],"picked":"SKIP","floor":28.0},{"not_picked":["Calculated Gamble","Predator","Quick Slash+1"],"picked":"SKIP","floor":29.0},{"not_picked":["Dagger Throw","Underhanded Strike+1"],"picked":"Unload","floor":30.0},{"not_picked":["Blade Dance+1","Endless Agony","Heel Hook+1"],"picked":"SKIP","floor":31.0},{"not_picked":["Tools of the Trade","Bullet Time"],"picked":"Adrenaline","floor":33.0},{"not_picked":["Bane+1","Infinite Blades"],"picked":"Well Laid Plans+1","floor":35},{"not_picked":["Underhanded Strike","All Out Attack+1","Dagger Spray"],"picked":"SKIP","floor":36},{"not_picked":["Bane+1","Bullet Time","Dash+1"],"picked":"SKIP","floor":38},{"not_picked":["Noxious Fumes","Flechettes+1"],"picked":"Reflex+1","floor":39},{"not_picked":["Finisher+1","Bullet Time","Underhanded Strike"],"picked":"SKIP","floor":40},{"not_picked":["Deep Breath","Good Instincts"],"picked":"Secret Weapon","floor":44},{"not_picked":["Heel Hook+1","Deadly Poison"],"picked":"Terror","floor":45},{"not_picked":["Riddle With Holes+1","PiercingWail+1","Slice+1"],"picked":"SKIP","floor":48}],"player_experience":64511,"relics_obtained":[{"floor":6.0,"key":"Kunai"},{"floor":8.0,"key":"Mango"},{"floor":9.0,"key":"Gambling Chip"},{"floor":12.0,"key":"Torii"},{"floor":14.0,"key":"Snake Skull"},{"floor":20.0,"key":"Red Mask"},{"floor":23.0,"key":"Bottled Lightning"},{"floor":26.0,"key":"Pantograph"},{"floor":27.0,"key":"Bag of Preparation"},{"floor":40,"key":"Mercury Hourglass"},{"floor":43,"key":"Lizard Tail"},{"floor":45,"key":"Nunchaku"}],"event_choices":[{"damage_healed":0.0,"max_hp_gain":0.0,"max_hp_loss":0.0,"gold_gain":0.0,"event_name":"Dead Adventurer","player_choice":"Searched \u00271\u0027 times","floor":8.0,"gold_loss":0.0,"damage_taken":0.0},{"damage_healed":0.0,"max_hp_gain":0.0,"max_hp_loss":0.0,"gold_gain":0.0,"cards_transformed":["Strike_G"],"event_name":"Transmorgrifier","player_choice":"Transformed","floor":13.0,"gold_loss":0.0,"damage_taken":0.0,"cards_obtained":["Dash"]},{"damage_healed":0.0,"max_hp_gain":0.0,"max_hp_loss":0.0,"gold_gain":0.0,"event_name":"Masked Bandits","player_choice":"Fought Bandits","floor":20.0,"gold_loss":0.0,"damage_taken":0.0},{"cards_removed":["Strike_G"],"damage_healed":0.0,"max_hp_gain":0.0,"max_hp_loss":0.0,"gold_gain":0.0,"event_name":"Beggar","player_choice":"Gave Gold","floor":21.0,"gold_loss":75.0,"damage_taken":0.0},{"damage_healed":0.0,"max_hp_gain":0.0,"max_hp_loss":0.0,"gold_gain":0.0,"event_name":"The Mausoleum","player_choice":"Opened","floor":22.0,"gold_loss":0.0,"damage_taken":0.0,"relics_obtained":["Peace Pipe"],"cards_obtained":["Writhe"]},{"damage_healed":0,"gold_gain":0,"player_choice":"Memory 1","damage_taken":0,"max_hp_gain":0,"max_hp_loss":0,"event_name":"SensoryStone","floor":44,"gold_loss":0},{"damage_healed":0,"gold_gain":0,"player_choice":"Max HP","damage_taken":0,"max_hp_gain":0,"max_hp_loss":4,"event_name":"Winding Halls","floor":46,"gold_loss":0}],"is_beta":false,"boss_relics":[{"not_picked":["Busted Crown","SlaversCollar"],"picked":"Empty Cage"},{"not_picked":["Black Star","Velvet Choker"],"picked":"HoveringKite"}],"items_purged_floors":[37],"is_endless":false,"potions_floor_spawned":[3,6,8,12,14,18,19,20,27,35,38,40,48],"ascension_level":0}}