{"host":"t8l92xzjkmihtain","time":1607677969,"event":{"mods":["AchievementEnabler","BaseMod","Colored Map","Minty Spire (QoL Compilation)","Rare Cards Sparkle","SuperFastMode","everything is the same but u backflip on backflip"],"gold_per_floor":[212,226,240,250,231,231,231,244,244,244,244],"floor_reached":10,"playtime":739,"items_purged":[],"score":62,"play_id":"7dc9e0bd-5808-4437-ba58-4a79eb7d4eda","local_time":"20201211181249","is_ascension_mode":false,"campfire_choices":[{"floor":6,"key":"REST"}],"circlet_count":0,"master_deck":["Strike_R","Strike_R","Strike_R","Strike_R","Strike_R","Defend_R","Defend_R","Defend_R","Defend_R","Bash","Entrench","Body Slam","Body Slam","Warcry"],"relics":["Burning Blood","Matryoshka"],"acts_visited":["Exordium"],"potions_floor_usage":[],"damage_taken":[{"damage":0,"enemies":"Small Slimes","floor":1,"turns":3},{"damage":3,"enemies":"2 Louse","floor":2,"turns":4},{"damage":14,"enemies":"Jaw Worm","floor":3,"turns":4},{"damage":18,"enemies":"Red Slaver","floor":4,"turns":6},{"damage":32,"enemies":"Exordium Thugs","floor":5,"turns":8},{"damage":29,"enemies":"Large Slime","floor":8,"turns":6},{"damage":35,"enemies":"Gremlin Nob","floor":10,"turns":4}],"seed_played":"2033543078174029052","potions_obtained":[{"floor":2,"key":"Block Potion"}],"is_trial":false,"path_per_floor":["M","M","M","M","M","R","?","M","T","E"],"character_chosen":"IRONCLAD","items_purchased":[],"campfire_rested":1,"item_purchase_floors":[],"current_hp_per_floor":[80,80,72,60,34,58,58,35,35,0,0],"gold":244,"neow_bonus":"HUNDRED_GOLD","is_daily":false,"chose_seed":false,"campfire_upgraded":0,"win_rate":0.0,"timestamp":1607677969,"path_taken":["M","M","M","M","M","R","?","M","T","E"],"items_purchased_type":[],"build_version":"2020-11-30","purchased_purges":0,"victory":false,"max_hp_per_floor":[80,80,80,80,80,80,80,80,80,80,80],"card_choices":[{"not_picked":["Headbutt","Infernal Blade"],"picked":"Entrench","floor":1},{"not_picked":["Shrug It Off","True Grit"],"picked":"Body Slam","floor":2},{"not_picked":["Thunderclap","Feel No Pain","Second Wind"],"picked":"SKIP","floor":3},{"not_picked":["Rupture","Flex"],"picked":"Body Slam","floor":4},{"not_picked":["Pummel","Anger"],"picked":"Warcry","floor":5},{"not_picked":["Warcry","Shockwave","Offering"],"picked":"SKIP","floor":8}],"player_experience":821,"relics_obtained":[{"floor":9,"key":"Matryoshka"}],"event_choices":[{"damage_healed":0,"gold_gain":0,"player_choice":"Ignored","damage_taken":0,"max_hp_gain":0,"max_hp_loss":0,"event_name":"Golden Wing","floor":7,"gold_loss":0}],"is_beta":false,"boss_relics":[],"items_purged_floors":[],"is_endless":false,"potions_floor_spawned":[2],"killed_by":"Gremlin Nob","ascension_level":0}}