{"host":"2pgz2fctomabfk86","time":1607685889,"event":{"mods":["AchievementEnabler","BaseMod","Colored Map","DeckTracker","Minty Spire (QoL Compilation)","StSLib","SuperFastMode"],"gold_per_floor":[115,40,40,52,77,414,442,470,482,494,519,548,408,408,408,408,408],"floor_reached":16,"playtime":441,"items_purged":["Defend_G"],"score":235,"play_id":"47e3db46-e2d7-4d93-a759-a98addf27120","local_time":"20201211202449","is_ascension_mode":true,"campfire_choices":[{"data":"Envenom","floor":10,"key":"SMITH"},{"floor":15,"key":"REST"}],"circlet_count":0,"master_deck":["AscendersBane","Strike_G","Strike_G","Strike_G","Strike_G","Defend_G","Defend_G","Defend_G","Defend_G","Survivor","Neutralize","Tactician+1","Quick Slash","Envenom+1","Infinite Blades","Backstab","Bane","Backflip","Bouncing Flask"],"relics":["Ring of the Snake","NeowsBlessing","MawBank","Old Coin","HornCleat"],"acts_visited":["Exordium"],"potions_floor_usage":[8],"damage_taken":[{"damage":0,"enemies":"Small Slimes","floor":1,"turns":1},{"damage":0,"enemies":"Jaw Worm","floor":5,"turns":1},{"damage":0,"enemies":"Gremlin Nob","floor":6,"turns":1},{"damage":3,"enemies":"Cultist","floor":7,"turns":4},{"damage":0,"enemies":"3 Louse","floor":8,"turns":4},{"damage":4,"enemies":"Lots of Slimes","floor":11,"turns":5},{"damage":0,"enemies":"2 Fungi Beasts","floor":12,"turns":4},{"damage":48,"enemies":"The Guardian","floor":16,"turns":10}],"seed_played":"2697308922556673104","potions_obtained":[{"floor":1,"key":"Fire Potion"},{"floor":12,"key":"BlessingOfTheForge"}],"is_trial":false,"path_per_floor":["M","?","?","?","M","E","M","M","T","R","M","M","$","?","R","B"],"character_chosen":"THE_SILENT","items_purchased":["Bouncing Flask"],"campfire_rested":1,"item_purchase_floors":[13],"current_hp_per_floor":[59,59,33,33,33,33,30,30,30,30,26,26,26,26,45,0,0],"gold":408,"neow_bonus":"THREE_ENEMY_KILL","is_daily":false,"chose_seed":false,"campfire_upgraded":1,"win_rate":0.0,"timestamp":1607685889,"path_taken":["M","?","?","?","?","E","M","M","T","R","M","M","$","?","R","BOSS"],"items_purchased_type":["Card"],"build_version":"2020-11-30","purchased_purges":1,"victory":false,"max_hp_per_floor":[66,66,66,66,66,66,66,66,66,66,66,66,66,66,66,66,66],"card_choices":[{"not_picked":["Dodge and Roll","Backstab"],"picked":"Tactician","floor":1},{"not_picked":["Flying Knee","Slice"],"picked":"Quick Slash","floor":5},{"not_picked":["Blade Dance","Poisoned Stab"],"picked":"Envenom","floor":6},{"not_picked":["Deadly Poison","Flechettes"],"picked":"Infinite Blades","floor":7},{"not_picked":["Caltrops","Underhanded Strike"],"picked":"Backstab","floor":8},{"not_picked":["Sucker Punch","Bouncing Flask"],"picked":"Bane","floor":11},{"not_picked":["PiercingWail","Sucker Punch"],"picked":"Backflip","floor":12}],"player_experience":893416,"relics_obtained":[{"floor":6,"key":"Old Coin"},{"floor":9,"key":"HornCleat"}],"event_choices":[{"cards_removed":["Strike_G"],"damage_healed":0,"gold_gain":0,"player_choice":"Card Removal","damage_taken":0,"max_hp_gain":0,"max_hp_loss":0,"event_name":"The Cleric","floor":2,"gold_loss":75},{"damage_healed":0,"gold_gain":0,"player_choice":"Success","damage_taken":26,"relics_obtained":["MawBank"],"max_hp_gain":0,"max_hp_loss":0,"event_name":"Scrap Ooze","floor":3,"gold_loss":0},{"damage_healed":0,"gold_gain":0,"player_choice":"Upgraded","damage_taken":0,"max_hp_gain":0,"max_hp_loss":0,"event_name":"Upgrade Shrine","floor":4,"gold_loss":0,"cards_upgraded":["Tactician"]},{"damage_healed":0,"gold_gain":0,"player_choice":"Ignored","damage_taken":0,"max_hp_gain":0,"max_hp_loss":0,"event_name":"Liars Game","floor":14,"gold_loss":0}],"is_beta":false,"boss_relics":[],"items_purged_floors":[13],"is_endless":false,"potions_floor_spawned":[1,12],"killed_by":"The Guardian","ascension_level":17}}