{"host":"r53pw7z744tg3fxg","time":1607717183,"event":{"mods":["AchievementEnabler","BaseMod","Colored Map","Colored Powertips","Highlight Path","Minty Spire (QoL Compilation)","Quick Restart","Transform Curses"],"gold_per_floor":[119,119,133,133,101,131,131,161,161,190,190,190],"floor_reached":11,"playtime":300,"items_purged":[],"score":103,"play_id":"65939bd9-396e-47dd-b19e-eb992e4c1077","local_time":"20201211130623","is_ascension_mode":true,"campfire_choices":[{"floor":7,"key":"REST"}],"circlet_count":0,"master_deck":["Strike_P","Strike_P","Strike_P","Strike_P","Defend_P","Defend_P","Defend_P","Defend_P","Eruption","Vigilance","BowlingBash","Pain","PathToVictory","Regret","SashWhip","DeceiveReality","WindmillStrike"],"relics":["PureWater","Juzu Bracelet","WarpedTongs","Ornamental Fan","Sundial","Bag of Marbles","Gremlin Horn","Odd Mushroom"],"acts_visited":["Exordium"],"potions_floor_usage":[6,10],"damage_taken":[{"damage":0,"enemies":"2 Louse","floor":1,"turns":2},{"damage":4,"enemies":"Cultist","floor":3,"turns":2},{"damage":16,"enemies":"Gremlin Nob","floor":6,"turns":3},{"damage":30,"enemies":"3 Sentries","floor":8,"turns":6},{"damage":4,"enemies":"The Mushroom Lair","floor":10,"turns":3},{"damage":57,"enemies":"Lagavulin","floor":11,"turns":3}],"seed_played":"-2940972927112674199","potions_obtained":[{"floor":3,"key":"Fire Potion"},{"floor":6,"key":"Fire Potion"}],"is_trial":false,"path_per_floor":["M","?","M","?","?","E","R","E","T","?","E"],"character_chosen":"WATCHER","items_purchased":[],"campfire_rested":1,"item_purchase_floors":[],"current_hp_per_floor":[65,65,61,61,61,45,66,36,36,32,0,0],"gold":190,"neow_bonus":"RANDOM_COMMON_RELIC","is_daily":false,"chose_seed":false,"campfire_upgraded":0,"win_rate":0.0,"timestamp":1607717183,"path_taken":["M","?","M","?","?","E","R","E","T","?","E"],"items_purchased_type":[],"build_version":"2020-11-30","purchased_purges":0,"victory":false,"max_hp_per_floor":[72,72,72,72,72,72,72,72,72,72,72,72],"card_choices":[{"not_picked":["EmptyFist","CrushJoints"],"picked":"BowlingBash","floor":1},{"not_picked":["Vengeance","Wireheading"],"picked":"PathToVictory","floor":3},{"not_picked":["JustLucky","MentalFortress"],"picked":"SashWhip","floor":6},{"not_picked":["Wallop","Weave"],"picked":"DeceiveReality","floor":8},{"not_picked":["Weave","Indignation"],"picked":"WindmillStrike","floor":10}],"player_experience":1095724,"relics_obtained":[{"floor":6,"key":"Sundial"},{"floor":8,"key":"Bag of Marbles"},{"floor":9,"key":"Gremlin Horn"},{"floor":10,"key":"Odd Mushroom"}],"event_choices":[{"damage_healed":0,"gold_gain":0,"player_choice":"Rummage","damage_taken":0,"relics_obtained":["WarpedTongs"],"max_hp_gain":0,"max_hp_loss":0,"event_name":"Accursed Blacksmith","floor":2,"gold_loss":0,"cards_obtained":["Pain"]},{"damage_healed":0,"gold_gain":0,"player_choice":"Box","damage_taken":0,"relics_obtained":["Ornamental Fan"],"max_hp_gain":0,"max_hp_loss":0,"event_name":"Big Fish","floor":4,"gold_loss":0,"cards_obtained":["Regret"]},{"damage_healed":0,"gold_gain":0,"player_choice":"Left Gold","damage_taken":0,"max_hp_gain":0,"max_hp_loss":0,"event_name":"World of Goop","floor":5,"gold_loss":32},{"damage_healed":0,"gold_gain":0,"player_choice":"Fought Mushrooms","damage_taken":0,"max_hp_gain":0,"max_hp_loss":0,"event_name":"Mushrooms","floor":10,"gold_loss":0}],"is_beta":false,"boss_relics":[],"items_purged_floors":[],"is_endless":false,"potions_floor_spawned":[3,6],"killed_by":"Lagavulin","ascension_level":6}}