{"host":"xl12sa608q11y2r0","time":1607679236,"event":{"mods":["Act Like it!","BaseMod","Better Altar","Better Third Choice","BetterRewards","Colored Map","Colored Powertips","GifTheSpireLib","Hermit","HexUI Lib","Highlight Path","Minty Spire (QoL Compilation)","Shop Mod","Spicy Shops","StSLib","The Cursed","The Disciple","The Necromancer","The Servant 0.9.4"],"gold_per_floor":[118,136,136,136,156,156,189,189,189,189,216,234,261,273,273,377,377,394,408,408,176,196,231,231,262,262,262,262,262,262,291,291,390,390,406,417,428,443,443,472,484,527,548,560,597,609,657,109,109,109,109,109,35,70,70,70],"floor_reached":55,"playtime":3020,"items_purged":["Strike_G","Strike_G","Defend_G"],"score":1530,"play_id":"85e73130-1d3e-4138-b9f4-47b5479e4206","local_time":"20201211183356","is_ascension_mode":true,"campfire_choices":[{"data":"Dash","floor":6,"key":"SMITH"},{"data":"Neutralize","floor":8,"key":"SMITH"},{"floor":10,"key":"REST"},{"data":"Poisoned Stab","floor":15,"key":"SMITH"},{"data":"Envenom","floor":24,"key":"SMITH"},{"data":"Deflect","floor":27,"key":"SMITH"},{"data":"Bane","floor":29,"key":"SMITH"},{"data":"Cloak And Dagger","floor":32,"key":"SMITH"},{"data":"All Out Attack","floor":41,"key":"SMITH"},{"data":"Dagger Throw","floor":44,"key":"SMITH"},{"floor":49,"key":"RECALL"},{"data":"Blur","floor":52,"key":"SMITH"}],"circlet_count":0,"master_deck":["AscendersBane","Strike_G","Strike_G","Strike_G","Defend_G","Defend_G","Defend_G","Survivor","Neutralize+1","Deflect+1","Dash+1","Cloak And Dagger+1","Escape Plan","Calculated Gamble","Bane+1","All Out Attack+1","Poisoned Stab+1","Envenom+1","Eviscerate","Finisher+1","Sucker Punch","Dagger Spray+1","Endless Agony","Die Die Die","Dagger Throw","Dagger Throw+1","Blade Dance+1","Bane+1","Clumsy","Blur+1","Choke+1","Calculated Gamble+1"],"relics":["Ring of the Snake","Dead Branch","Mercury Hourglass","Du-Vu Doll","Tingsha","Oddly Smooth Stone","Question Card","Philosopher\u0027s Stone","MutagenicStrength","Bag of Marbles","Centennial Puzzle","Juzu Bracelet","Gremlin Horn","Pantograph","Bottled Tornado","Cursed Key","MawBank","CeramicFish","Strawberry","Toy Ornithopter","Ninja Scroll","Blood Vial","Blue Candle"],"acts_visited":["Exordium","TheCity","TheBeyond","TheEnding"],"potions_floor_usage":[7,13,18,25,33,50,55],"damage_taken":[{"damage":1,"enemies":"2 Louse","floor":1,"turns":3},{"damage":2,"enemies":"Cultist","floor":2,"turns":6},{"damage":1,"enemies":"Jaw Worm","floor":5,"turns":3},{"damage":15,"enemies":"3 Sentries","floor":7,"turns":7},{"damage":19,"enemies":"Lagavulin","floor":11,"turns":8},{"damage":0,"enemies":"Blue Slaver","floor":12,"turns":2},{"damage":0,"enemies":"3 Sentries","floor":13,"turns":4},{"damage":0,"enemies":"Large Slime","floor":14,"turns":3},{"damage":0,"enemies":"Slime Boss","floor":16,"turns":4},{"damage":0,"enemies":"2 Thieves","floor":18,"turns":2},{"damage":0,"enemies":"Chosen","floor":19,"turns":3},{"damage":0,"enemies":"Snecko","floor":22,"turns":1},{"damage":27,"enemies":"Gremlin Leader","floor":23,"turns":3},{"damage":8,"enemies":"Book of Stabbing","floor":25,"turns":4},{"damage":0,"enemies":"Slavers","floor":31,"turns":1},{"damage":17,"enemies":"Champ","floor":33,"turns":6},{"damage":0,"enemies":"Orb Walker","floor":35,"turns":2},{"damage":0,"enemies":"3 Shapes","floor":36,"turns":1},{"damage":0,"enemies":"Transient","floor":37,"turns":5},{"damage":4,"enemies":"Writhing Mass","floor":38,"turns":3},{"damage":0,"enemies":"Giant Head","floor":40,"turns":2},{"damage":10,"enemies":"Nemesis","floor":42,"turns":3},{"damage":0,"enemies":"Maw","floor":45,"turns":2},{"damage":0,"enemies":"Reptomancer","floor":47,"turns":2},{"damage":18,"enemies":"Donu and Deca","floor":50,"turns":4},{"damage":30,"enemies":"Shield and Spear","floor":54,"turns":3},{"damage":79,"enemies":"The Heart","floor":55,"turns":5}],"seed_played":"359216705330481629","potions_obtained":[{"floor":1,"key":"Regen Potion"},{"floor":11,"key":"DistilledChaos"},{"floor":12,"key":"PowerPotion"},{"floor":18,"key":"EssenceOfSteel"},{"floor":25,"key":"Explosive Potion"},{"floor":31,"key":"Strength Potion"},{"floor":35,"key":"BlessingOfTheForge"},{"floor":37,"key":"Dexterity Potion"},{"floor":45,"key":"DistilledChaos"}],"is_trial":false,"path_per_floor":["M","M","?","?","M","R","E","R","T","R","E","M","E","M","R","B",null,"M","M","?","$","M","E","R","E","T","R","T","R","?","E","R","B",null,"M","M","M","M","?","E","R","E","T","R","M","?","E","$","R","B",null,"R","$","E","B"],"character_chosen":"THE_SILENT","items_purchased":["Bag of Marbles","Toy Ornithopter","Ninja Scroll","Blood Vial"],"campfire_rested":1,"item_purchase_floors":[21,48,48,53],"current_hp_per_floor":[44,42,30,30,29,29,29,29,29,50,31,31,31,31,31,31,60,60,60,60,60,60,33,33,25,25,25,25,25,48,48,48,53,66,66,66,66,62,62,62,62,52,52,52,52,45,52,52,52,59,73,73,73,45,0,0],"gold":70,"neow_bonus":"ONE_RARE_RELIC","is_daily":false,"chose_seed":false,"campfire_upgraded":10,"win_rate":0.0,"timestamp":1607679236,"path_taken":["M","M","?","?","M","R","E","R","T","R","E","M","E","?","R","BOSS","M","M","?","$","M","E","R","E","T","R","?","R","?","E","R","BOSS","M","M","M","M","?","E","R","E","T","R","M","?","E","$","R","BOSS","R","$","E","BOSS"],"items_purchased_type":["Relic","Relic","Relic","Relic"],"build_version":"2020-11-30","purchased_purges":3,"victory":false,"max_hp_per_floor":[70,70,70,70,70,70,70,70,70,70,70,70,70,70,70,70,70,70,70,70,70,70,70,70,70,70,70,70,70,70,70,70,70,70,70,70,70,70,70,70,70,70,70,70,70,70,77,77,77,77,77,77,77,77,77,77],"card_choices":[{"not_picked":["Concentrate","Outmaneuver"],"picked":"Deflect","floor":1},{"not_picked":["Underhanded Strike","Deflect"],"picked":"Dash","floor":2},{"not_picked":["Distraction","Acrobatics"],"picked":"Cloak And Dagger","floor":5},{"not_picked":["Backflip","Dodge and Roll"],"picked":"Escape Plan","floor":7},{"not_picked":["Infinite Blades","Concentrate"],"picked":"Calculated Gamble","floor":11},{"not_picked":["Accuracy","Leg Sweep"],"picked":"Bane","floor":12},{"not_picked":["Bouncing Flask","Footwork"],"picked":"All Out Attack","floor":13},{"not_picked":["Slice","Acrobatics","Backflip"],"picked":"Poisoned Stab","floor":14},{"not_picked":["Phantasmal Killer","A Thousand Cuts","Grand Finale"],"picked":"Envenom","floor":16},{"not_picked":["Noxious Fumes","Deadly Poison","Slice"],"picked":"Eviscerate","floor":18},{"not_picked":["Blade Dance","Riddle With Holes","Acrobatics"],"picked":"Finisher+1","floor":19},{"not_picked":["Setup","Concentrate+1","Well Laid Plans","Dodge and Roll"],"picked":"SKIP","floor":22},{"not_picked":["Riddle With Holes","Dodge and Roll","Phantasmal Killer"],"picked":"Sucker Punch","floor":23},{"not_picked":["Cloak And Dagger","Infinite Blades","Dagger Throw"],"picked":"Dagger Spray+1","floor":25},{"not_picked":["Leg Sweep","Quick Slash","Heel Hook"],"picked":"Endless Agony","floor":31},{"not_picked":["Envenom","Wraith Form v2","Corpse Explosion"],"picked":"Die Die Die","floor":33},{"not_picked":["Outmaneuver","Bouncing Flask","Prepared","Deadly Poison"],"picked":"SKIP","floor":35},{"not_picked":["Tactician","Skewer","Crippling Poison"],"picked":"Dagger Throw","floor":36},{"not_picked":["Dagger Spray","Cloak And Dagger","Deadly Poison+1"],"picked":"Dagger Throw","floor":37},{"not_picked":["Heel Hook+1","Outmaneuver+1","Bouncing Flask"],"picked":"Blade Dance+1","floor":38},{"not_picked":["Predator","Crippling Poison","Catalyst"],"picked":"Bane+1","floor":40},{"not_picked":["Sucker Punch","Doppelganger","Skewer+1","Setup"],"picked":"SKIP","floor":42},{"not_picked":["Crippling Poison","Deadly Poison","Footwork"],"picked":"Blur","floor":45},{"not_picked":["Distraction","After Image","Blur"],"picked":"Choke+1","floor":47},{"not_picked":["Acrobatics","Unload","Poisoned Stab"],"picked":"Calculated Gamble+1","floor":54}],"player_experience":452420,"relics_obtained":[{"floor":7,"key":"Du-Vu Doll"},{"floor":9,"key":"Tingsha"},{"floor":11,"key":"Oddly Smooth Stone"},{"floor":13,"key":"Question Card"},{"floor":23,"key":"Centennial Puzzle"},{"floor":25,"key":"Juzu Bracelet"},{"floor":26,"key":"Gremlin Horn"},{"floor":28,"key":"Pantograph"},{"floor":31,"key":"Bottled Tornado"},{"floor":40,"key":"MawBank"},{"floor":42,"key":"CeramicFish"},{"floor":47,"key":"Strawberry"},{"floor":54,"key":"Blue Candle"}],"event_choices":[{"damage_healed":0,"gold_gain":1,"player_choice":"Relic ","damage_taken":12,"max_hp_gain":0,"max_hp_loss":0,"event_name":"betterThird:BetterScrap","floor":3,"gold_loss":0,"cards_obtained":["Sentinel"]},{"cards_removed":["Defend_G"],"damage_healed":0,"gold_gain":0,"player_choice":"Purged","damage_taken":0,"max_hp_gain":0,"max_hp_loss":0,"event_name":"Purifier","floor":4,"gold_loss":0},{"damage_healed":0,"gold_gain":0,"player_choice":"Inject Mutagens","damage_taken":0,"relics_obtained":["MutagenicStrength"],"max_hp_gain":0,"max_hp_loss":0,"event_name":"Drug Dealer","floor":20,"gold_loss":0},{"damage_healed":23,"gold_gain":0,"player_choice":"Heal","damage_taken":0,"max_hp_gain":0,"max_hp_loss":0,"event_name":"The Library","floor":30,"gold_loss":0},{"damage_healed":0,"gold_gain":0,"player_choice":"Bought 0 Potions","damage_taken":0,"max_hp_gain":0,"max_hp_loss":0,"event_name":"The Woman in Blue","floor":39,"gold_loss":0},{"damage_healed":0,"gold_gain":0,"player_choice":"Damaged","damage_taken":7,"max_hp_gain":0,"max_hp_loss":0,"event_name":"Wheel of Change","floor":46,"gold_loss":0}],"is_beta":false,"boss_relics":[{"not_picked":["Fusion Hammer","Pandora\u0027s Box"],"picked":"Philosopher\u0027s Stone"},{"not_picked":["Tiny House","Runic Pyramid"],"picked":"Cursed Key"}],"items_purged_floors":[21,48,48],"is_endless":false,"potions_floor_spawned":[1,11,12,18,25,31,35,37,38,45],"killed_by":"The Heart","ascension_level":12}}