{"host":"gkh5j5k5w4qf7k7n","time":1607688776,"event":{"mods":["2.2 Compatiblity","AchievementEnabler","BaseMod","Colored Map","Colored Powertips","GifTheSpireLib","Keyboard Shortcuts","Minty Spire (QoL Compilation)","Quick Restart","StSLib","SuperFastMode","The Construct","The Dragon Tamer","TheBandit","¡¼?Úª?ø«¡½REMEMod"],"gold_per_floor":[116,116,116,116,126,159,174,174,200,200,230,65,79,29,29,130,130,142,142,54,66,66,66,81,81,81,81,120,143,183,183,183,296,296,321,321,202,250,274,318,185,185,185,185,220,230,247,274,274,274,274,274,36,78,78],"floor_reached":56,"playtime":5231,"items_purged":["DTMod:Strike","DTMod:Strike","DTMod:Strike+1","DTMod:TargetDefense","DTMod:TargetDefense"],"score":1624,"play_id":"09da0078-751d-4fa9-ab66-7024449de3ae","local_time":"20201211211256","is_ascension_mode":true,"metric_token":991,"campfire_choices":[{"data":"DTMod:Prediction","floor":8.0,"key":"SMITH"},{"data":"Mayhem","floor":10.0,"key":"SMITH"},{"data":"DTMod:DoubleHit","floor":15.0,"key":"SMITH"},{"data":"DTMod:Prediction","floor":23.0,"key":"SMITH"},{"data":"DTMod:Dissolve","floor":25.0,"key":"SMITH"},{"data":"DTMod:Multitask","floor":27.0,"key":"SMITH"},{"data":"DTMod:StunTrap","floor":32.0,"key":"SMITH"},{"data":"DTMod:Prediction","floor":42,"key":"SMITH"},{"data":"Purity","floor":44,"key":"SMITH"},{"floor":49,"key":"RECALL"},{"data":"DTMod:SwitchingTactic","floor":52,"key":"SMITH"}],"dtmod_dragon_data":[17,50,4,2,5,6],"circlet_count":0,"master_deck":["DTMod:DoubleHit+1","DTMod:SwitchingTactic+1","Mayhem+1","Machine Learning+1","DTMod:Weaken","DTMod:BizarreTactic","DTMod:Prediction+1","DTMod:Multitask+1","DTMod:BizarreTactic+1","DTMod:Shift+1","DTMod:StunTrap+1","DTMod:Dissolve+1","DTMod:SwitchingTactic+1","DTMod:Prediction+1","DTMod:Threaten+1","DTMod:MagicField+1","DTMod:Cover+1","DTMod:OpeningTactic","DTMod:Training+1","DTMod:CrossStep+1","DTMod:Prediction+1","Purity+1","DTMod:Feint+1","DTMod:Threaten","DTMod:CalculatedDefense","Flash of Steel+1","DTMod:LowKick+1"],"relics":["DTMod:PactStone","REME_ComplimentaryCards","Ornamental Fan","construct:RocketBooster","Smiling Mask","PreservedInsect","Busted Crown","Mummified Hand","CeramicFish","Toy Ornithopter","Empty Cage","Pocketwatch","Oddly Smooth Stone","Bottled Flame","Molten Egg 2","construct:FoamFinger"],"acts_visited":["TheBeyond","TheEnding"],"potions_floor_usage":[38,40,55,55,55],"damage_taken":[{"damage":0.0,"enemies":"Cultist","floor":1.0,"turns":5.0},{"damage":1.0,"enemies":"2 Louse","floor":5.0,"turns":3.0},{"damage":8.0,"enemies":"3 Sentries","floor":6.0,"turns":9.0},{"damage":0.0,"enemies":"Jaw Worm","floor":7.0,"turns":5.0},{"damage":0.0,"enemies":"Lagavulin","floor":11.0,"turns":8.0},{"damage":0.0,"enemies":"Gremlin Gang","floor":13.0,"turns":5.0},{"damage":0.0,"enemies":"Hexaghost","floor":16.0,"turns":9.0},{"damage":0.0,"enemies":"Spheric Guardian","floor":18.0,"turns":5.0},{"damage":12.0,"enemies":"Shell Parasite","floor":21.0,"turns":7.0},{"damage":0.0,"enemies":"Snake Plant","floor":24.0,"turns":5.0},{"damage":9.0,"enemies":"Slavers","floor":28.0,"turns":7.0},{"damage":0.0,"enemies":"Cultist and Chosen","floor":29.0,"turns":10.0},{"damage":0.0,"enemies":"REME_1_Revenger","floor":30.0,"turns":6.0},{"damage":0.0,"enemies":"Automaton","floor":33.0,"turns":17.0},{"damage":0.0,"enemies":"3 Darklings","floor":35.0,"turns":6.0},{"damage":16,"enemies":"2 Orb Walkers","floor":38,"turns":9},{"damage":0,"enemies":"Reptomancer","floor":40,"turns":7},{"damage":0,"enemies":"Giant Head","floor":45,"turns":6},{"damage":0,"enemies":"Orb Walker","floor":46,"turns":4},{"damage":0,"enemies":"Maw","floor":47,"turns":5},{"damage":0,"enemies":"Writhing Mass","floor":48,"turns":5},{"damage":26,"enemies":"Time Eater","floor":50,"turns":14},{"damage":25,"enemies":"Shield and Spear","floor":54,"turns":8},{"damage":0,"enemies":"The Heart","floor":55,"turns":8}],"seed_played":"290223329666312992","potions_obtained":[{"floor":1.0,"key":"Fire Potion"},{"floor":7.0,"key":"Block Potion"},{"floor":13.0,"key":"Dexterity Potion"},{"floor":18.0,"key":"LiquidMemories"},{"floor":28.0,"key":"LiquidMemories"},{"floor":29.0,"key":"Explosive Potion"},{"floor":30.0,"key":"Weak Potion"},{"floor":35.0,"key":"SkillPotion"},{"floor":38,"key":"Fire Potion"},{"floor":47,"key":"SteroidPotion"},{"floor":48,"key":"PowerPotion"}],"is_trial":false,"path_per_floor":["M","?","?","T","M","E","M","R","T","R","E","$","M","$","R","B",null,"M","?","$","M","?","R","M","R","T","R","E","M","E","?","R","B",null,"M","?","$","?","T","E","$","R","T","R","E","M","M","M","R","B",null,"R","$","E","B",null],"character_chosen":"THE_DT","items_purchased":["DTMod:Multitask","DTMod:BizarreTactic","DTMod:Dissolve","DTMod:CrossStep","Purity","DTMod:CalculatedDefense","Flash of Steel+1","CultistPotion"],"campfire_rested":0,"item_purchase_floors":[12,12,20,37,41,53,53,53],"current_hp_per_floor":[41,33,38,38,37,29,29,29,29,29,29,29,29,29,29,29,46,46,39,39,27,27,27,27,27,27,27,18,18,18,18,18,18,51,51,51,51,35,35,40,40,40,40,40,40,40,40,40,40,14,51,51,51,26,41],"gold":78,"neow_bonus":"RANDOM_COLORLESS_2","is_daily":false,"chose_seed":false,"campfire_upgraded":10,"win_rate":0.0,"timestamp":1607688776,"path_taken":["M","?","?","?","?","E","?","R","T","R","E","$","M","$","R","BOSS","M","?","$","M","?","R","M","R","T","R","E","?","E","?","R","BOSS","M","?","$","?","?","E","?","R","T","R","E","M","?","M","R","BOSS","R","$","E","BOSS"],"items_purchased_type":["Card","Card","Card","Card","Card","Card","Undefined","Potion"],"build_version":"2020-11-30","purchased_purges":5,"victory":true,"max_hp_per_floor":[41,41,46,46,46,46,46,46,46,46,46,46,46,46,46,46,46,46,51,51,51,51,51,51,51,51,51,51,51,51,51,51,51,51,51,51,51,51,51,51,51,51,51,51,51,51,51,51,51,51,51,51,51,51,51],"card_choices":[{"not_picked":["Sadistic Nature","Violence"],"picked":"Mayhem","floor":0.0},{"not_picked":["DTMod:Cover","DTMod:GhostSkin"],"picked":"DTMod:Weaken","floor":1.0},{"not_picked":["DTMod:DeepFocus","DTMod:WarmUp"],"picked":"DTMod:BizarreTactic","floor":5.0},{"not_picked":["DTMod:TagTeam","DTMod:BreakAttack"],"picked":"DTMod:Prediction","floor":6.0},{"not_picked":["DTMod:BuildUp","DTMod:MasterPlan","DTMod:BurningForce"],"picked":"SKIP","floor":7.0},{"not_picked":["DTMod:Hide","DTMod:MagicField","DTMod:MasterPlan"],"picked":"SKIP","floor":11.0},{"not_picked":["DTMod:Punisher","DTMod:CleansingStrike"],"picked":"DTMod:Shift","floor":13.0},{"not_picked":["DTMod:Prediction","DTMod:LightShield"],"picked":"DTMod:StunTrap","floor":16.0},{"not_picked":["DTMod:CleansingStrike"],"picked":"SKIP","floor":18.0},{"not_picked":["DTMod:BalancedStrike"],"picked":"SKIP","floor":21.0},{"not_picked":["DTMod:CleansingStrike"],"picked":"SKIP","floor":24.0},{"not_picked":[],"picked":"DTMod:Threaten+1","floor":28.0},{"not_picked":[],"picked":"DTMod:MagicField+1","floor":29.0},{"not_picked":[],"picked":"DTMod:Cover","floor":30.0},{"not_picked":[],"picked":"DTMod:OpeningTactic","floor":33.0},{"not_picked":[],"picked":"DTMod:Training+1","floor":35.0},{"not_picked":[],"picked":"DTMod:Prediction","floor":40},{"not_picked":[],"picked":"DTMod:Feint+1","floor":45},{"not_picked":["DTMod:MaximumCharge+1"],"picked":"SKIP","floor":46},{"not_picked":["DTMod:Training"],"picked":"SKIP","floor":47},{"not_picked":[],"picked":"DTMod:Threaten","floor":48},{"not_picked":[],"picked":"DTMod:LowKick+1","floor":54}],"player_experience":914524,"relics_obtained":[{"floor":4.0,"key":"Ornamental Fan"},{"floor":6.0,"key":"construct:RocketBooster"},{"floor":9.0,"key":"Smiling Mask"},{"floor":11.0,"key":"PreservedInsect"},{"floor":26.0,"key":"Mummified Hand"},{"floor":28.0,"key":"CeramicFish"},{"floor":30.0,"key":"Toy Ornithopter"},{"floor":38,"key":"Pocketwatch"},{"floor":40,"key":"Oddly Smooth Stone"},{"floor":43,"key":"Bottled Flame"},{"floor":45,"key":"Molten Egg 2"},{"floor":54,"key":"construct:FoamFinger"}],"event_choices":[{"damage_healed":0.0,"max_hp_gain":0.0,"max_hp_loss":0.0,"gold_gain":0.0,"event_name":"Shining Light","player_choice":"Entered Light","floor":2.0,"gold_loss":0.0,"damage_taken":8.0,"cards_upgraded":["Machine Learning","DTMod:Strike"]},{"damage_healed":0.0,"max_hp_gain":5.0,"max_hp_loss":0.0,"gold_gain":0.0,"event_name":"Big Fish","player_choice":"Donut","floor":3.0,"gold_loss":0.0,"damage_taken":0.0},{"damage_healed":0.0,"max_hp_gain":5.0,"max_hp_loss":0.0,"gold_gain":0.0,"event_name":"Forgotten Altar","player_choice":"Shed Blood","floor":19.0,"gold_loss":0.0,"damage_taken":12.0},{"damage_healed":0.0,"max_hp_gain":0.0,"max_hp_loss":0.0,"gold_gain":0.0,"event_name":"Match and Keep!","player_choice":"2 cards matched","floor":22.0,"gold_loss":0.0,"damage_taken":0.0,"cards_obtained":["DTMod:SwitchingTactic","DTMod:Prediction"]},{"cards_removed":["DTMod:Strike"],"damage_healed":0.0,"max_hp_gain":0.0,"max_hp_loss":0.0,"gold_gain":0.0,"event_name":"Bonfire Elementals","player_choice":"Offered Basic","floor":31.0,"gold_loss":0.0,"damage_taken":0.0},{"damage_healed":0.0,"max_hp_gain":0.0,"max_hp_loss":0.0,"gold_gain":0.0,"event_name":"Tomb of Lord Red Mask","player_choice":"Ignored","floor":36.0,"gold_loss":0.0,"damage_taken":0.0},{"damage_healed":0,"gold_gain":0,"player_choice":"Fight","damage_taken":0,"max_hp_gain":0,"max_hp_loss":0,"event_name":"Mysterious Sphere","floor":38,"gold_loss":0}],"is_beta":false,"boss_relics":[{"not_picked":["SacredBark","Velvet Choker"],"picked":"Busted Crown"},{"not_picked":["Runic Pyramid","Snecko Eye"],"picked":"Empty Cage"}],"items_purged_floors":[12,14,20,37,41],"is_endless":false,"potions_floor_spawned":[1,7,13,18,28,29,30,35,38,47,48],"ascension_level":2}}