{"host":"vkn5295jy2rrqx8j","time":1607662652,"event":{"mods":["BaseMod","Colored Map","GifTheSpireLib","Hermit","Minty Spire (QoL Compilation)","StSLib","The Cursed"],"gold_per_floor":[115,135,135,147,167,167,195,195,269,302,302,8,8,40,40,118,118,135,85,85,10,10,40,67,80,104,119,119,151,151,164,164,235,235,248,260,482,482,531,531,531,562,630,80,105,117,148,177,189,201,213,213],"floor_reached":51,"playtime":2381,"items_purged":["Defend_G","Defend_G"],"score":1547,"play_id":"f2645794-4a22-47be-8eaa-f623282541f7","local_time":"20201211135732","is_ascension_mode":true,"campfire_choices":[{"data":"Noxious Fumes","floor":6.0,"key":"SMITH"},{"floor":8.0,"key":"REST"},{"data":"Bouncing Flask","floor":11.0,"key":"SMITH"},{"floor":15.0,"key":"REST"},{"data":"Wraith Form v2","floor":28.0,"key":"SMITH"},{"floor":30.0,"key":"REST"},{"data":"Footwork","floor":32.0,"key":"SMITH"},{"floor":40.0,"key":"REST"},{"floor":46.0,"key":"REST"},{"floor":49.0,"key":"REST"}],"circlet_count":0,"master_deck":["AscendersBane","Strike_G","Strike_G","Strike_G","Defend_G+1","Defend_G","Defend_G","Survivor","Neutralize","Slice","Cloak And Dagger+1","Dagger Spray","Noxious Fumes+1","Blur","Bouncing Flask+1","Footwork+1","Dodge and Roll","Leg Sweep","Wraith Form v2+1","Poisoned Stab","Adrenaline","Flying Knee","Terror","Crippling Poison","Catalyst","Well Laid Plans","Backflip","Underhanded Strike+1"],"relics":["Ring of the Snake","StoneCalendar","StrikeDummy","Juzu Bracelet","Tiny Chest","Bronze Scales","War Paint","Busted Crown","Blood Vial","Blue Candle","Red Mask","Nunchaku","Pen Nib","Fusion Hammer","Akabeko","Ice Cream","Sundial","Happy Flower","Bag of Preparation","MawBank"],"acts_visited":["Exordium","TheCity","TheBeyond"],"potions_floor_usage":[50,50],"damage_taken":[{"damage":2.0,"enemies":"Small Slimes","floor":1.0,"turns":5.0},{"damage":0.0,"enemies":"2 Louse","floor":2.0,"turns":4.0},{"damage":0.0,"enemies":"Cultist","floor":4.0,"turns":4.0},{"damage":0.0,"enemies":"Lots of Slimes","floor":5.0,"turns":3.0},{"damage":30.0,"enemies":"Gremlin Nob","floor":7.0,"turns":4.0},{"damage":6.0,"enemies":"Lagavulin","floor":10.0,"turns":7.0},{"damage":28.0,"enemies":"Gremlin Nob","floor":14.0,"turns":4.0},{"damage":18.0,"enemies":"Slime Boss","floor":16.0,"turns":7.0},{"damage":0.0,"enemies":"3 Byrds","floor":18.0,"turns":4.0},{"damage":2.0,"enemies":"2 Thieves","floor":19.0,"turns":5.0},{"damage":0.0,"enemies":"Slavers","floor":23.0,"turns":5.0},{"damage":23.0,"enemies":"Masked Bandits","floor":24.0,"turns":4.0},{"damage":0.0,"enemies":"Snake Plant","floor":25.0,"turns":5.0},{"damage":3.0,"enemies":"Snecko","floor":27.0,"turns":5.0},{"damage":22.0,"enemies":"Gremlin Leader","floor":29.0,"turns":6.0},{"damage":0.0,"enemies":"3 Cultists","floor":31.0,"turns":7.0},{"damage":4.0,"enemies":"Automaton","floor":33.0,"turns":7.0},{"damage":0.0,"enemies":"3 Darklings","floor":35.0,"turns":5.0},{"damage":0.0,"enemies":"3 Shapes","floor":36.0,"turns":6.0},{"damage":49.0,"enemies":"Reptomancer","floor":42.0,"turns":8.0},{"damage":0.0,"enemies":"Giant Head","floor":45.0,"turns":9.0},{"damage":0.0,"enemies":"3 Darklings","floor":47.0,"turns":5.0},{"damage":2.0,"enemies":"Maw","floor":48.0,"turns":7.0},{"damage":51,"enemies":"Awakened One","floor":50,"turns":20},{"damage":19,"enemies":"Time Eater","floor":51,"turns":6}],"seed_played":"302774723573270462","potions_obtained":[{"floor":2.0,"key":"PowerPotion"},{"floor":5.0,"key":"Fire Potion"},{"floor":7.0,"key":"DistilledChaos"},{"floor":18.0,"key":"ColorlessPotion"},{"floor":19.0,"key":"DistilledChaos"},{"floor":27.0,"key":"Weak Potion"},{"floor":33.0,"key":"SpeedPotion"},{"floor":35.0,"key":"Dexterity Potion"},{"floor":47.0,"key":"Weak Potion"}],"is_trial":false,"path_per_floor":["M","M","?","M","M","R","E","R","T","E","R","$","?","E","R","B",null,"M","M","?","$","T","E","?","M","T","M","R","E","R","M","R","B",null,"M","M","?","?","T","R","?","E","T","$","E","R","M","M","R","B","B"],"character_chosen":"THE_SILENT","items_purchased":["Footwork","Tiny Chest","Dodge and Roll","Catalyst","Happy Flower","Bag of Preparation","Well Laid Plans"],"campfire_rested":6,"item_purchase_floors":[12,12,12,44,44,44,44],"current_hp_per_floor":[57,57,50,50,50,50,20,39,39,33,33,33,33,5,24,6,51,51,49,49,49,49,51,30,32,32,31,31,11,30,32,32,30,57,59,61,61,61,61,66,66,17,17,17,19,38,40,40,59,10,0,0],"gold":213,"neow_bonus":"THREE_CARDS","is_daily":false,"chose_seed":false,"campfire_upgraded":4,"win_rate":0.0,"timestamp":1607662652,"path_taken":["M","M","?","M","M","R","E","R","T","E","R","$","?","E","R","BOSS","M","M","?","?","?","E","?","M","T","M","R","E","R","M","R","BOSS","M","M","?","?","?","R","?","E","T","?","E","R","M","M","R","BOSS","BOSS"],"items_purchased_type":["Card","Relic","Card","Card","Relic","Relic","Card"],"build_version":"2020-11-30","purchased_purges":2,"victory":false,"max_hp_per_floor":[66,66,66,66,66,66,66,66,66,66,66,66,66,66,66,66,66,66,66,66,66,66,66,66,66,66,66,66,66,66,66,66,66,66,66,66,66,66,66,66,66,66,66,66,66,66,66,66,66,66,66,66],"card_choices":[{"not_picked":["Sucker Punch","Acrobatics"],"picked":"Slice","floor":0.0},{"not_picked":["Dagger Throw","Dodge and Roll"],"picked":"Cloak And Dagger","floor":1.0},{"not_picked":["Slice","Dodge and Roll"],"picked":"Dagger Spray","floor":2.0},{"not_picked":["PiercingWail","Finisher"],"picked":"Noxious Fumes","floor":4.0},{"not_picked":["All Out Attack","Dodge and Roll"],"picked":"Noxious Fumes","floor":5.0},{"not_picked":["Blade Dance","Crippling Poison"],"picked":"Blur","floor":7.0},{"not_picked":["PiercingWail","Bane"],"picked":"Bouncing Flask","floor":10.0},{"not_picked":["Dagger Throw","Distraction"],"picked":"Leg Sweep","floor":14.0},{"not_picked":["Burst","Glass Knife"],"picked":"Wraith Form v2","floor":16.0},{"not_picked":["Slice"],"picked":"SKIP","floor":18.0},{"not_picked":[],"picked":"Poisoned Stab","floor":19.0},{"not_picked":["Dodge and Roll"],"picked":"SKIP","floor":23.0},{"not_picked":[],"picked":"Flying Knee","floor":24.0},{"not_picked":["Dodge and Roll"],"picked":"SKIP","floor":25.0},{"not_picked":[],"picked":"Terror","floor":27.0},{"not_picked":["Deflect"],"picked":"SKIP","floor":29.0},{"not_picked":[],"picked":"Crippling Poison","floor":31.0},{"not_picked":["Poisoned Stab"],"picked":"SKIP","floor":35.0},{"not_picked":["All Out Attack"],"picked":"SKIP","floor":36.0},{"not_picked":["Cloak And Dagger"],"picked":"SKIP","floor":42.0},{"not_picked":[],"picked":"Backflip","floor":45.0},{"not_picked":["Tactician"],"picked":"SKIP","floor":47.0},{"not_picked":["Underhanded Strike+1"],"picked":"SKIP","floor":48.0},{"not_picked":[],"picked":"Underhanded Strike+1","floor":48.0}],"player_experience":791167,"relics_obtained":[{"floor":7.0,"key":"StoneCalendar"},{"floor":9.0,"key":"StrikeDummy"},{"floor":10.0,"key":"Juzu Bracelet"},{"floor":14.0,"key":"War Paint"},{"floor":22.0,"key":"Blood Vial"},{"floor":23.0,"key":"Blue Candle"},{"floor":24.0,"key":"Red Mask"},{"floor":26.0,"key":"Nunchaku"},{"floor":29.0,"key":"Pen Nib"},{"floor":39.0,"key":"Akabeko"},{"floor":42.0,"key":"Ice Cream"},{"floor":43.0,"key":"Sundial"},{"floor":45.0,"key":"MawBank"}],"event_choices":[{"cards_removed":["Strike_G"],"damage_healed":0.0,"max_hp_gain":0.0,"max_hp_loss":0.0,"gold_gain":0.0,"event_name":"Golden Wing","player_choice":"Card Removal","floor":3.0,"gold_loss":0.0,"damage_taken":7.0},{"cards_removed":["Noxious Fumes"],"damage_healed":0.0,"max_hp_gain":0.0,"max_hp_loss":0.0,"gold_gain":0.0,"event_name":"WeMeetAgain","player_choice":"Gave Card","floor":13.0,"gold_loss":0.0,"damage_taken":0.0,"relics_obtained":["Bronze Scales"]},{"damage_healed":0.0,"max_hp_gain":0.0,"max_hp_loss":0.0,"gold_gain":0.0,"cards_transformed":["Strike_G"],"event_name":"Transmorgrifier","player_choice":"Transformed","floor":20.0,"gold_loss":0.0,"damage_taken":0.0,"cards_obtained":["Adrenaline"]},{"damage_healed":0.0,"max_hp_gain":0.0,"max_hp_loss":0.0,"gold_gain":0.0,"event_name":"Masked Bandits","player_choice":"Fought Bandits","floor":24.0,"gold_loss":0.0,"damage_taken":0.0},{"damage_healed":0.0,"max_hp_gain":0.0,"max_hp_loss":0.0,"gold_gain":222.0,"event_name":"Tomb of Lord Red Mask","player_choice":"Wore Mask","floor":37.0,"gold_loss":0.0,"damage_taken":0.0},{"damage_healed":0.0,"max_hp_gain":0.0,"max_hp_loss":0.0,"gold_gain":0.0,"event_name":"SensoryStone","player_choice":"Memory 1","floor":38.0,"gold_loss":0.0,"damage_taken":0.0},{"damage_healed":0.0,"max_hp_gain":0.0,"max_hp_loss":0.0,"gold_gain":0.0,"event_name":"SecretPortal","player_choice":"Ignored","floor":41.0,"gold_loss":0.0,"damage_taken":0.0}],"is_beta":false,"boss_relics":[{"not_picked":["Runic Pyramid","Black Star"],"picked":"Busted Crown"},{"not_picked":["Pandora\u0027s Box","HoveringKite"],"picked":"Fusion Hammer"}],"items_purged_floors":[21,44],"is_endless":false,"potions_floor_spawned":[2,5,7,18,19,27,33,35,47,48],"killed_by":"Time Eater","ascension_level":20}}