{"host":"pqs17sqrgflf4eqa","time":1607657366,"event":{"mods":["AchievementEnabler","BaseMod","Bestiary","Better Altar","Colored Map","Colored Powertips","Emptier Cage","Googly Eyes","Highlight Path","Minty Spire (QoL Compilation)","Quick Restart","StSLib","SuperFastMode","Transform Curses","slay the spire mod where everything is the same but ironclad has a cowboy hat"],"gold_per_floor":[118,118,118,193,193,226,226,275,302,302,352,367,383,49,49,178,178,197,83,96,109,141,141,179,188,265,265,265,265,265,287,287,287,287],"floor_reached":33,"playtime":857,"items_purged":["Pain"],"score":397,"play_id":"dd53c830-7fc6-4c66-bae3-35d46432e75d","local_time":"20201210222926","is_ascension_mode":true,"campfire_choices":[{"data":"Neutralize","floor":7,"key":"SMITH"},{"data":"Corpse Explosion","floor":10,"key":"SMITH"},{"floor":15,"key":"REST"},{"data":"Burst","floor":23,"key":"SMITH"},{"data":"Bouncing Flask","floor":29,"key":"SMITH"},{"data":"PiercingWail","floor":32,"key":"SMITH"}],"circlet_count":0,"master_deck":["Strike_G+1","Strike_G+1","Strike_G+1","Strike_G+1","Strike_G+1","Defend_G+1","Defend_G+1","Defend_G+1","Defend_G+1","Defend_G+1","Survivor","Neutralize+1","Leg Sweep","Corpse Explosion+1","Deflect","Deadly Poison","Dodge and Roll","Adrenaline+1","Dagger Throw","Glass Knife","Burst+1","Dagger Spray","Bouncing Flask+1","PiercingWail+1"],"relics":["Ring of the Snake","NeowsBlessing","Golden Idol","Akabeko","CeramicFish","Tiny Chest","Pear","Orichalcum","Snecko Eye","StrikeDummy","Gremlin Horn","Sundial"],"acts_visited":["Exordium","TheCity"],"potions_floor_usage":[16,16,16,20,20,33,33],"damage_taken":[{"damage":0,"enemies":"Small Slimes","floor":1,"turns":1},{"damage":1,"enemies":"Lagavulin","floor":6,"turns":2},{"damage":0,"enemies":"3 Sentries","floor":8,"turns":1},{"damage":39,"enemies":"Gremlin Nob","floor":11,"turns":5},{"damage":9,"enemies":"Jaw Worm","floor":12,"turns":3},{"damage":1,"enemies":"Cultist","floor":13,"turns":3},{"damage":11,"enemies":"Hexaghost","floor":16,"turns":8},{"damage":0,"enemies":"Shell Parasite","floor":18,"turns":6},{"damage":0,"enemies":"2 Thieves","floor":20,"turns":1},{"damage":5,"enemies":"Cultist and Chosen","floor":21,"turns":5},{"damage":10,"enemies":"3 Cultists","floor":22,"turns":3},{"damage":20,"enemies":"Book of Stabbing","floor":24,"turns":6},{"damage":2,"enemies":"Snecko","floor":31,"turns":3},{"damage":38,"enemies":"Collector","floor":33,"turns":7}],"seed_played":"8758916460503190002","potions_obtained":[{"floor":1,"key":"FearPotion"},{"floor":11,"key":"GamblersBrew"},{"floor":13,"key":"SkillPotion"},{"floor":16,"key":"Explosive Potion"},{"floor":21,"key":"FearPotion"},{"floor":24,"key":"Weak Potion"}],"is_trial":false,"path_per_floor":["M","?","?","?","?","E","R","E","T","R","E","M","M","$","R","B",null,"M","$","M","M","M","R","E","?","T","?","T","R","?","M","R","B"],"character_chosen":"THE_SILENT","items_purchased":["Adrenaline","Orichalcum","Dagger Throw","Burst","Fire Potion"],"campfire_rested":1,"item_purchase_floors":[14,14,14,19,19],"current_hp_per_floor":[70,70,65,54,54,53,53,53,53,53,24,15,14,14,36,25,75,75,75,75,70,60,60,40,40,40,40,40,40,40,38,38,0,0],"gold":287,"neow_bonus":"THREE_ENEMY_KILL","is_daily":false,"chose_seed":false,"campfire_upgraded":5,"win_rate":0.0,"timestamp":1607657366,"path_taken":["M","?","?","?","?","E","R","E","T","R","E","M","M","$","R","BOSS","M","$","M","M","?","R","E","?","T","?","?","R","?","M","R","BOSS"],"items_purchased_type":["Card","Relic","Card","Card","Potion"],"build_version":"2020-11-30","purchased_purges":1,"victory":false,"max_hp_per_floor":[70,70,65,65,65,65,65,65,65,65,75,75,75,75,75,75,75,75,75,75,75,75,75,75,75,75,75,75,75,75,75,75,75,75],"card_choices":[{"not_picked":["Infinite Blades","Endless Agony"],"picked":"Leg Sweep","floor":1},{"not_picked":["Acrobatics","Endless Agony"],"picked":"Deflect","floor":6},{"not_picked":["Deflect","Escape Plan"],"picked":"Deadly Poison","floor":8},{"not_picked":["Expertise","Reflex"],"picked":"Dodge and Roll","floor":11},{"not_picked":["Choke","Blade Dance","Acrobatics"],"picked":"SKIP","floor":12},{"not_picked":["Bane","Dodge and Roll","Caltrops"],"picked":"SKIP","floor":13},{"not_picked":["After Image","Unload"],"picked":"Glass Knife","floor":16},{"not_picked":["Bane","Sucker Punch","Quick Slash"],"picked":"SKIP","floor":18},{"not_picked":["Backflip+1","Sucker Punch","Flechettes"],"picked":"SKIP","floor":20},{"not_picked":["Cloak And Dagger","Tactician","Poisoned Stab"],"picked":"SKIP","floor":21},{"not_picked":["Sucker Punch","Heel Hook"],"picked":"Dagger Spray","floor":22},{"not_picked":["Cloak And Dagger","Poisoned Stab","Blade Dance"],"picked":"SKIP","floor":24},{"not_picked":["Choke","Deflect"],"picked":"PiercingWail","floor":31}],"player_experience":132573,"relics_obtained":[{"floor":6,"key":"Akabeko"},{"floor":8,"key":"CeramicFish"},{"floor":9,"key":"Tiny Chest"},{"floor":11,"key":"Pear"},{"floor":24,"key":"StrikeDummy"},{"floor":26,"key":"Gremlin Horn"},{"floor":28,"key":"Sundial"}],"event_choices":[{"damage_healed":0,"gold_gain":0,"player_choice":"Leave","damage_taken":0,"max_hp_gain":0,"max_hp_loss":0,"event_name":"The Cleric","floor":2,"gold_loss":0},{"damage_healed":0,"gold_gain":0,"player_choice":"Lose Max HP","damage_taken":0,"relics_obtained":["Golden Idol"],"max_hp_gain":0,"max_hp_loss":5,"event_name":"Golden Idol","floor":3,"gold_loss":0},{"damage_healed":0,"gold_gain":75,"player_choice":"Gather Gold","damage_taken":11,"max_hp_gain":0,"max_hp_loss":0,"event_name":"World of Goop","floor":4,"gold_loss":0},{"damage_healed":0,"gold_gain":0,"player_choice":"2 cards matched","damage_taken":0,"max_hp_gain":0,"max_hp_loss":0,"event_name":"Match and Keep!","floor":5,"gold_loss":0,"cards_obtained":["Pain","Corpse Explosion"]},{"damage_healed":0,"gold_gain":0,"player_choice":"Read","damage_taken":0,"max_hp_gain":0,"max_hp_loss":0,"event_name":"The Library","floor":25,"gold_loss":0,"cards_obtained":["Bouncing Flask"]},{"damage_healed":0,"gold_gain":0,"player_choice":"Simplicity","damage_taken":0,"max_hp_gain":0,"max_hp_loss":0,"event_name":"Back to Basics","floor":27,"gold_loss":0,"cards_upgraded":["Strike_G","Strike_G","Strike_G","Strike_G","Strike_G","Defend_G","Defend_G","Defend_G","Defend_G","Defend_G"]},{"damage_healed":0,"gold_gain":0,"player_choice":"Upgraded","damage_taken":0,"max_hp_gain":0,"max_hp_loss":0,"event_name":"Upgrade Shrine","floor":30,"gold_loss":0,"cards_upgraded":["Adrenaline"]}],"is_beta":false,"boss_relics":[{"not_picked":["Black Star","Busted Crown"],"picked":"Snecko Eye"}],"items_purged_floors":[14],"is_endless":false,"potions_floor_spawned":[1,11,13,16,21,24],"killed_by":"Collector","ascension_level":4}}