{"host":"121m0oxswv9tg9hk","time":1607709980,"event":{"mods":["AchievementEnabler","Aspiration","BaseMod","Better Third Choice","Downfall","Hermit","Hubris","Infinite Spire","MarisaÅiñ∂âJÅ@ñÇóùçπÅj","Minty Spire (QoL Compilation)","Replay The Spire","Shade Mod","StSLib","The Construct","The Cursed","The Dragon Tamer","The Gatherer","The Hierophant","The Mystic"],"gold_per_floor":[109,127,127,144,144,144,169,169,237,237,272,372,372,382,382,382,382],"floor_reached":16,"playtime":695,"items_purged":[],"score":216,"play_id":"6db943e2-4b98-4a78-a097-e17cd7d25f32","local_time":"20201211190620","is_ascension_mode":true,"campfire_choices":[{"data":"Run Through","floor":6,"key":"SMITH"},{"data":"Evolve","floor":8,"key":"SMITH"},{"floor":10,"key":"REST"},{"data":"Fire Breathing","floor":13,"key":"SMITH"},{"data":"Bash","floor":15,"key":"SMITH"}],"circlet_count":0,"master_deck":["AscendersBane","Strike_R","Strike_R","Strike_R","Strike_R","Strike_R","Defend_R","Defend_R","Defend_R","Defend_R","Bash+1","Run Through+1","Evolve+1","Reckless Charge","Power Through","Fire Breathing+1"],"relics":["Burning Blood","aspiration:Nostalgia","Ring of the Snake","Shuriken","ReplayTheSpireMod:Spearhead","Golden Egg","infinitespire:WardingShard"],"acts_visited":["Exordium"],"potions_floor_usage":[11,11],"damage_taken":[{"damage":12,"enemies":"Small Slimes","floor":1,"turns":3},{"damage":6,"enemies":"Cultist","floor":2,"turns":3},{"damage":9,"enemies":"Jaw Worm","floor":4,"turns":4},{"damage":35,"enemies":"3 Sentries","floor":7,"turns":9},{"damage":8,"enemies":"Gremlin Nob","floor":11,"turns":3},{"damage":6,"enemies":"3 Louse","floor":14,"turns":4},{"damage":52,"enemies":"The Guardian","floor":16,"turns":9}],"seed_played":"5683690286173485390","potions_obtained":[{"floor":2,"key":"SteroidPotion"},{"floor":7,"key":"Ancient Potion"},{"floor":11,"key":"Cursed Concoction"}],"is_trial":false,"path_per_floor":["M","M","?","M","T","R","E","R","T","R","E","?","R","M","R","B"],"character_chosen":"IRONCLAD","items_purchased":[],"campfire_rested":1,"item_purchase_floors":[],"current_hp_per_floor":[62,62,62,59,59,59,30,30,30,52,50,50,50,50,50,0,0],"gold":382,"neow_bonus":"NOSTALGIA","is_daily":false,"chose_seed":false,"campfire_upgraded":4,"win_rate":0.0,"timestamp":1607709980,"path_taken":["M","M","?","M","?","R","E","R","T","R","E","?","R","?","R","BOSS"],"items_purchased_type":[],"build_version":"2020-11-30","purchased_purges":0,"victory":false,"max_hp_per_floor":[75,75,75,75,75,75,75,75,75,75,75,75,75,75,75,75,75],"card_choices":[{"not_picked":["Heavy Blade","Warcry"],"picked":"Run Through","floor":1},{"not_picked":["Heavy Blade","Pummel"],"picked":"Evolve","floor":2},{"not_picked":["True Grit","Iron Wave"],"picked":"Reckless Charge","floor":4},{"not_picked":["Impervious","Armaments"],"picked":"Power Through","floor":7},{"not_picked":["Clash","Flex"],"picked":"Fire Breathing","floor":11},{"not_picked":["Massacre","Body Slam","Havoc"],"picked":"SKIP","floor":14}],"player_experience":2810236,"relics_obtained":[{"floor":5,"key":"Shuriken"},{"floor":7,"key":"ReplayTheSpireMod:Spearhead"},{"floor":9,"key":"Golden Egg"},{"floor":11,"key":"infinitespire:WardingShard"}],"event_choices":[{"damage_healed":0,"gold_gain":100,"player_choice":"Gold","damage_taken":0,"max_hp_gain":0,"max_hp_loss":0,"event_name":"Wheel of Change","floor":12,"gold_loss":0}],"is_beta":false,"boss_relics":[],"items_purged_floors":[],"is_endless":false,"potions_floor_spawned":[2,7,11],"killed_by":"The Guardian","ascension_level":20}}