{"host":"2sct7qpnpunnnd84","time":1607670170,"event":{"mods":["BaseMod","Minty Spire (QoL Compilation)","Quick Restart","StSLib","The IronCluck"],"gold_per_floor":[110,110,127,402,414,414,434,461,461,472,535,535,535,555,555,650,650,666,680,680,700,799,799,428,428,428,428,440,242,242,261,261,366,366,382,382,205,224,224,224,243,269,294,294,0,0,0,11,11,11,11],"floor_reached":50,"playtime":4112,"items_purged":[],"score":545,"play_id":"bd325113-68fd-4515-b379-8940ffbe4bc3","local_time":"20201210230250","is_ascension_mode":false,"campfire_choices":[{"data":"Armaments","floor":6.0,"key":"SMITH"},{"floor":12.0,"key":"REST"},{"floor":15.0,"key":"REST"},{"floor":23.0,"key":"REST"},{"floor":25.0,"key":"REST"},{"floor":30.0,"key":"REST"},{"floor":32.0,"key":"REST"},{"floor":40.0,"key":"REST"},{"floor":49,"key":"REST"}],"circlet_count":0,"master_deck":["Strike_R","Strike_R","Strike_R","Strike_R","Defend_R","Defend_R","Defend_R","Defend_R","Bash","Armaments+1","Flex","Burning Pact","Headbutt","Rampage","Cleave","Spot Weakness","Cleave","Cleave","Iron Wave","Demon Form","Thunderclap+1","Armaments","Anger","Body Slam","Pommel Strike+1","Armaments","Immolate+1","Juggernaut","Cleave+1","Flame Barrier+1","Impervious","Wild Strike+1","Madness","Madness","Iron Wave+1","Iron Wave+1","Body Slam+1","Twin Strike+1","Metallicize","Body Slam+1","Bludgeon+1","Feel No Pain","Metallicize","Evolve","Fire Breathing","Enlightenment","Spot Weakness","Bludgeon+1"],"relics":["Burning Blood","Gremlin Horn","The Courier","Sundial","Akabeko","SacredBark","Membership Card","Anchor","Tiny Chest","Molten Egg 2","Mango","Vajra","Philosopher\u0027s Stone","Juzu Bracelet","Shuriken","Self Forming Clay","Nunchaku","Darkstone Periapt","Oddly Smooth Stone"],"acts_visited":["Exordium","TheCity","TheBeyond"],"potions_floor_usage":[42,42,42,48],"damage_taken":[{"damage":2.0,"enemies":"2 Louse","floor":1.0,"turns":3.0},{"damage":5.0,"enemies":"Cultist","floor":3.0,"turns":4.0},{"damage":7.0,"enemies":"Small Slimes","floor":5.0,"turns":4.0},{"damage":11.0,"enemies":"Red Slaver","floor":7.0,"turns":5.0},{"damage":38.0,"enemies":"Lagavulin","floor":8.0,"turns":6.0},{"damage":7.0,"enemies":"2 Fungi Beasts","floor":10.0,"turns":3.0},{"damage":31.0,"enemies":"Lagavulin Event","floor":11.0,"turns":6.0},{"damage":16.0,"enemies":"Blue Slaver","floor":14.0,"turns":3.0},{"damage":31.0,"enemies":"Slime Boss","floor":16.0,"turns":7.0},{"damage":20.0,"enemies":"Shell Parasite","floor":18.0,"turns":6.0},{"damage":42.0,"enemies":"3 Byrds","floor":19.0,"turns":4.0},{"damage":25.0,"enemies":"Shelled Parasite and Fungi","floor":21.0,"turns":5.0},{"damage":28.0,"enemies":"Cultist and Chosen","floor":28.0,"turns":6.0},{"damage":9.0,"enemies":"3 Cultists","floor":31.0,"turns":4.0},{"damage":76.0,"enemies":"Collector","floor":33.0,"turns":8.0},{"damage":3.0,"enemies":"3 Shapes","floor":35.0,"turns":3.0},{"damage":0.0,"enemies":"3 Darklings","floor":38.0,"turns":3.0},{"damage":0.0,"enemies":"Transient","floor":41.0,"turns":5.0},{"damage":62,"enemies":"Giant Head","floor":42,"turns":9},{"damage":9,"enemies":"Jaw Worm Horde","floor":48,"turns":3},{"damage":78,"enemies":"Donu and Deca","floor":50,"turns":5}],"seed_played":"7961924005119679015","potions_obtained":[{"floor":3.0,"key":"Weak Potion"},{"floor":10.0,"key":"Weak Potion"},{"floor":11.0,"key":"Weak Potion"},{"floor":18.0,"key":"SpeedPotion"},{"floor":21.0,"key":"HeartOfIron"},{"floor":28.0,"key":"ColorlessPotion"},{"floor":39.0,"key":"Energy Potion"},{"floor":39.0,"key":"EssenceOfSteel"},{"floor":42,"key":"Swift Potion"}],"is_trial":false,"path_per_floor":["M","?","M","?","M","R","M","E","T","M","?","R","T","M","R","B",null,"M","M","?","M","?","R","$","R","T","?","M","$","R","M","R","B",null,"M","?","$","M","?","R","M","E","T","T","$","?","?","M","R","B"],"character_chosen":"IRONCLAD","items_purchased":["Membership Card","Anchor","Body Slam","Tiny Chest","Molten Egg 2","Pommel Strike+1","Vajra","Immolate+1","Juggernaut","Cleave+1","Juzu Bracelet","Iron Wave+1","Shuriken","Oddly Smooth Stone","Metallicize","Body Slam+1","Bludgeon+1","Feel No Pain","Metallicize","Evolve","Fire Breathing"],"campfire_rested":8,"item_purchase_floors":[24,24,24,24,24,24,29,29,29,29,37,37,37,45,45,45,45,45,45,45,45],"current_hp_per_floor":[80,80,80,80,79,79,74,42,42,41,16,40,40,30,54,29,80,66,30,30,11,11,35,35,59,73,73,51,51,79,76,94,24,94,94,82,82,88,88,94,94,38,38,38,38,38,38,35,63,0,0],"gold":11,"neow_bonus":"THREE_CARDS","is_daily":false,"chose_seed":false,"campfire_upgraded":1,"win_rate":0.0,"timestamp":1607670170,"path_taken":["M","?","?","?","M","R","M","E","T","?","?","R","?","M","R","BOSS","M","M","?","M","?","R","?","R","T","?","M","$","R","M","R","BOSS","M","?","$","M","?","R","M","E","T","?","?","?","?","M","R","BOSS"],"items_purchased_type":["Relic","Relic","Card","Relic","Relic","Undefined","Relic","Undefined","Card","Undefined","Relic","Undefined","Relic","Relic","Card","Undefined","Undefined","Card","Card","Card","Card"],"build_version":"2020-11-30","purchased_purges":0,"victory":false,"max_hp_per_floor":[80,80,80,80,80,80,80,80,80,80,80,80,80,80,80,80,80,80,80,80,80,80,80,80,80,94,94,94,94,94,94,94,94,94,94,94,94,94,94,94,94,94,94,94,94,94,94,94,94,94,94],"card_choices":[{"not_picked":["Body Slam","Headbutt"],"picked":"Armaments","floor":0.0},{"not_picked":["Pommel Strike","Clash"],"picked":"Flex","floor":1.0},{"not_picked":["Entrench","Perfected Strike"],"picked":"Headbutt","floor":3.0},{"not_picked":["Seeing Red","Blood for Blood"],"picked":"Rampage","floor":5.0},{"not_picked":["Havoc","Sever Soul"],"picked":"Cleave","floor":7.0},{"not_picked":["Metallicize","Anger"],"picked":"Spot Weakness","floor":8.0},{"not_picked":["Headbutt","Pummel"],"picked":"Cleave","floor":10.0},{"not_picked":["Clash","Intimidate"],"picked":"Cleave","floor":11.0},{"not_picked":["Evolve","Reaper"],"picked":"Iron Wave","floor":14.0},{"not_picked":["Corruption","Fiend Fire"],"picked":"Demon Form","floor":16.0},{"not_picked":["Perfected Strike+1","Pommel Strike+1"],"picked":"Thunderclap+1","floor":18.0},{"not_picked":["Clothesline","Entrench+1"],"picked":"Armaments","floor":19.0},{"not_picked":["Havoc","Seeing Red"],"picked":"Anger","floor":21.0},{"not_picked":["Sever Soul+1","Cleave+1"],"picked":"Armaments","floor":28.0},{"not_picked":["Clothesline+1","Shrug It Off"],"picked":"Flame Barrier+1","floor":31.0},{"not_picked":["Brutality","Fiend Fire+1"],"picked":"Impervious","floor":33.0},{"not_picked":["Pommel Strike+1","Bloodletting"],"picked":"Wild Strike+1","floor":35.0},{"not_picked":["Whirlwind+1","Evolve+1"],"picked":"Iron Wave+1","floor":38.0},{"not_picked":["Rupture+1","Bloodletting"],"picked":"Body Slam+1","floor":41.0},{"not_picked":["Pummel+1","True Grit+1"],"picked":"Twin Strike+1","floor":42},{"not_picked":["Blind","Dramatic Entrance+1"],"picked":"Enlightenment","floor":46},{"not_picked":["Disarm+1","Evolve"],"picked":"Bludgeon+1","floor":48}],"player_experience":3344224,"relics_obtained":[{"floor":8.0,"key":"Gremlin Horn"},{"floor":9.0,"key":"The Courier"},{"floor":11.0,"key":"Sundial"},{"floor":13.0,"key":"Akabeko"},{"floor":26.0,"key":"Mango"},{"floor":42,"key":"Self Forming Clay"},{"floor":43,"key":"Nunchaku"},{"floor":44,"key":"Darkstone Periapt"}],"event_choices":[{"damage_healed":0.0,"max_hp_gain":0.0,"max_hp_loss":0.0,"gold_gain":0.0,"cards_transformed":["Strike_R"],"event_name":"Transmorgrifier","player_choice":"Transformed","floor":2.0,"gold_loss":0.0,"damage_taken":0.0,"cards_obtained":["Burning Pact"]},{"damage_healed":0.0,"max_hp_gain":0.0,"max_hp_loss":0.0,"gold_gain":275.0,"event_name":"Golden Shrine","player_choice":"Desecrate","floor":4.0,"gold_loss":0.0,"damage_taken":0.0,"cards_obtained":["Regret"]},{"damage_healed":0.0,"max_hp_gain":0.0,"max_hp_loss":0.0,"gold_gain":30.0,"event_name":"Dead Adventurer","player_choice":"Searched \u00272\u0027 times","floor":11.0,"gold_loss":0.0,"damage_taken":0.0},{"cards_removed":["Regret"],"damage_healed":0.0,"max_hp_gain":0.0,"max_hp_loss":0.0,"gold_gain":0.0,"event_name":"Back to Basics","player_choice":"Elegance","floor":20.0,"gold_loss":0.0,"damage_taken":0.0},{"damage_healed":0.0,"max_hp_gain":0.0,"max_hp_loss":0.0,"gold_gain":99.0,"event_name":"Nest","player_choice":"Stole From Cult","floor":22.0,"gold_loss":0.0,"damage_taken":0.0},{"damage_healed":0.0,"max_hp_gain":0.0,"max_hp_loss":0.0,"gold_gain":0.0,"event_name":"Ghosts","player_choice":"Ignored","floor":27.0,"gold_loss":0.0,"damage_taken":0.0},{"damage_healed":0.0,"max_hp_gain":0.0,"max_hp_loss":0.0,"gold_gain":0.0,"event_name":"Winding Halls","player_choice":"Embrace Madness","floor":36.0,"gold_loss":0.0,"damage_taken":12.0,"cards_obtained":["Madness","Madness"]},{"damage_healed":0.0,"max_hp_gain":0.0,"max_hp_loss":0.0,"gold_gain":0.0,"event_name":"Lab","player_choice":"Got Potions","floor":39.0,"gold_loss":0.0,"damage_taken":0.0},{"damage_healed":0,"gold_gain":0,"player_choice":"Memory 1","damage_taken":0,"max_hp_gain":0,"max_hp_loss":0,"event_name":"SensoryStone","floor":46,"gold_loss":0},{"damage_healed":0,"gold_gain":0,"player_choice":"Copied","damage_taken":0,"max_hp_gain":0,"max_hp_loss":0,"event_name":"Duplicator","floor":47,"gold_loss":0,"cards_obtained":["Spot Weakness"]}],"is_beta":false,"boss_relics":[{"not_picked":["Snecko Eye","Ectoplasm"],"picked":"SacredBark"},{"not_picked":["Runic Dome","Runic Cube"],"picked":"Philosopher\u0027s Stone"}],"items_purged_floors":[],"is_endless":false,"potions_floor_spawned":[3,10,11,18,21,28,42],"killed_by":"Donu and Deca","ascension_level":0}}