{"host":"72lt20yb89m1ezcj","time":1607670291,"event":{"mods":["2.2 Compatiblity","AchievementEnabler","AlwaysNeverKeys","BaseMod","Better Note","BetterRewards","Block Reminder","Colored Powertips","Highlight Path","Minty Spire (QoL Compilation)","Rare Cards Sparkle","Reorder Act Four","StSLib","everything is the same but u backflip on backflip","slay the spire mod where everything is the same but ironclad has a cowboy hat"],"gold_per_floor":[109,109,135,135,150,180,180,200,224,240,258,275,288,304,304,405,405,421,421,177,187,198,198,198,113,113,113,148,159,159,171,171,171,171],"floor_reached":33,"playtime":3424,"items_purged":[],"score":371,"play_id":"ba05118e-18b8-4ef5-ab94-58709cf7ea07","local_time":"20201211010451","is_ascension_mode":false,"campfire_choices":[{"floor":7,"key":"REST"},{"floor":15,"key":"RECALL"},{"floor":23,"key":"REST"},{"floor":30,"key":"REST"},{"data":"Demon Form","floor":32,"key":"SMITH"}],"circlet_count":0,"master_deck":["Strike_R+1","Strike_R","Strike_R","Strike_R","Defend_R","Defend_R","Defend_R","Defend_R+1","Bash","Mind Blast","Disarm","Body Slam","Intimidate","Power Through","Pummel","Inflame","Immolate","Flex","Spot Weakness","Iron Wave","Double Tap","Demon Form+1","Battle Trance+1","Iron Wave+1","Flex","Impervious","Spot Weakness","Thunderclap","Seeing Red","Flex","Feed","Shrug It Off"],"relics":["Burning Blood","Oddly Smooth Stone","Boot","Anchor","Singing Bowl","SlaversCollar","Frozen Egg 2","Lantern","Omamori"],"acts_visited":["Exordium","TheCity"],"potions_floor_usage":[21,29,33,33,33],"damage_taken":[{"damage":4,"enemies":"2 Louse","floor":1,"turns":2},{"damage":1,"enemies":"Jaw Worm","floor":5,"turns":3},{"damage":38,"enemies":"Lagavulin","floor":6,"turns":14},{"damage":0,"enemies":"Cultist","floor":8,"turns":3},{"damage":0,"enemies":"3 Louse","floor":10,"turns":4},{"damage":0,"enemies":"2 Fungi Beasts","floor":11,"turns":2},{"damage":8,"enemies":"Blue Slaver","floor":12,"turns":3},{"damage":0,"enemies":"Looter","floor":13,"turns":2},{"damage":1,"enemies":"Red Slaver","floor":14,"turns":3},{"damage":54,"enemies":"Hexaghost","floor":16,"turns":10},{"damage":25,"enemies":"Shell Parasite","floor":18,"turns":7},{"damage":8,"enemies":"2 Thieves","floor":21,"turns":4},{"damage":28,"enemies":"Shelled Parasite and Fungi","floor":22,"turns":10},{"damage":12,"enemies":"Book of Stabbing","floor":28,"turns":4},{"damage":12,"enemies":"Chosen and Byrds","floor":29,"turns":5},{"damage":11,"enemies":"Snake Plant","floor":31,"turns":3},{"damage":104,"enemies":"Collector","floor":33,"turns":11}],"seed_played":"6394684438758460771","potions_obtained":[{"floor":1,"key":"FearPotion"},{"floor":5,"key":"BloodPotion"},{"floor":8,"key":"Ancient Potion"},{"floor":13,"key":"Block Potion"},{"floor":28,"key":"GamblersBrew"},{"floor":31,"key":"BlessingOfTheForge"}],"is_trial":false,"path_per_floor":["M","?","T","$","M","E","R","M","T","M","M","M","M","M","R","B",null,"M","?","$","M","M","R","?","$","T","?","E","M","R","M","R","B"],"character_chosen":"IRONCLAD","items_purchased":["Oddly Smooth Stone","Boot","Disarm","Body Slam","Frozen Egg 2","Thunderclap","Seeing Red"],"campfire_rested":3,"item_purchase_floors":[0,0,0,0,20,25,25],"current_hp_per_floor":[74,58,58,58,63,31,55,61,61,67,73,71,77,80,80,32,80,61,61,61,59,37,61,61,61,61,61,57,51,75,70,70,0,0],"gold":171,"neow_bonus":"","is_daily":false,"chose_seed":false,"campfire_upgraded":1,"win_rate":0.0,"timestamp":1607670291,"path_taken":["M","?","?","$","M","E","R","M","T","M","?","M","M","M","R","BOSS","M","?","$","M","M","R","?","$","T","?","E","M","R","M","R","BOSS"],"items_purchased_type":["Relic","Relic","Card","Card","Relic","Card","Card"],"build_version":"2020-11-30","purchased_purges":0,"victory":false,"max_hp_per_floor":[80,80,80,80,80,80,80,80,80,80,80,80,80,80,80,80,80,80,80,80,80,80,80,80,80,80,80,82,82,82,82,82,82,82],"card_choices":[{"not_picked":["Clash","Feel No Pain"],"picked":"Intimidate","floor":1},{"not_picked":["True Grit","Sever Soul"],"picked":"Power Through","floor":5},{"not_picked":["Sword Boomerang","Shockwave"],"picked":"Pummel","floor":6},{"not_picked":["True Grit","Second Wind"],"picked":"Inflame","floor":8},{"not_picked":["Cleave","Whirlwind"],"picked":"Immolate","floor":10},{"not_picked":["Heavy Blade","Metallicize"],"picked":"Flex","floor":11},{"not_picked":["Clash","Sword Boomerang"],"picked":"Spot Weakness","floor":12},{"not_picked":["Hemokinesis","Searing Blow"],"picked":"Iron Wave","floor":13},{"not_picked":["Clothesline","Burning Pact"],"picked":"Double Tap","floor":14},{"not_picked":["Corruption","Offering"],"picked":"Demon Form","floor":16},{"not_picked":["Uppercut","Twin Strike+1"],"picked":"Battle Trance+1","floor":18},{"not_picked":["Clash","Clothesline+1"],"picked":"Iron Wave+1","floor":21},{"not_picked":["Fire Breathing+1","Clash"],"picked":"Flex","floor":22},{"not_picked":["Sword Boomerang","Wild Strike","Power Through"],"picked":"Singing Bowl","floor":28},{"not_picked":["Clash+1","Iron Wave"],"picked":"Feed","floor":29},{"not_picked":["Warcry","Wild Strike"],"picked":"Shrug It Off","floor":31}],"player_experience":729705,"relics_obtained":[{"floor":3,"key":"Anchor"},{"floor":6,"key":"Singing Bowl"},{"floor":26,"key":"Lantern"},{"floor":28,"key":"Omamori"}],"event_choices":[{"damage_healed":0,"gold_gain":0,"player_choice":"Entered Light","damage_taken":16,"max_hp_gain":0,"max_hp_loss":0,"event_name":"Shining Light","floor":2,"gold_loss":0,"cards_upgraded":["Defend_R","Strike_R"]},{"cards_removed":["Strike_R"],"damage_healed":0,"gold_gain":0,"player_choice":"Purged","damage_taken":0,"max_hp_gain":0,"max_hp_loss":0,"event_name":"Purifier","floor":19,"gold_loss":0},{"damage_healed":0,"gold_gain":0,"player_choice":"2 cards matched","damage_taken":0,"max_hp_gain":0,"max_hp_loss":0,"event_name":"Match and Keep!","floor":24,"gold_loss":0,"cards_obtained":["Impervious","Spot Weakness"]},{"damage_healed":0,"gold_gain":0,"player_choice":"Copied","damage_taken":0,"max_hp_gain":0,"max_hp_loss":0,"event_name":"Duplicator","floor":27,"gold_loss":0,"cards_obtained":["Flex"]}],"is_beta":false,"boss_relics":[{"not_picked":["Coffee Dripper","Black Blood"],"picked":"SlaversCollar"}],"items_purged_floors":[],"is_endless":false,"potions_floor_spawned":[1,5,8,11,13,16,18,28,31],"killed_by":"Collector","ascension_level":0}}