{"host":"xr9kfrtt7uxz0mdc","time":1607720729,"event":{"mods":["AchievementEnabler","BaseMod","Highlight Path","Minty Spire (QoL Compilation)"],"gold_per_floor":[111,111,124,124,136,168,185,66,66,77,77,9,23,54,54,153,153,167,167,180,198,41,41,51,51,51],"floor_reached":25,"playtime":1014,"items_purged":["Scrape"],"score":215,"play_id":"d8975276-75d5-4236-a623-ab2ac5d9c124","local_time":"20201211220529","is_ascension_mode":false,"campfire_choices":[{"floor":11,"key":"REST"},{"floor":15,"key":"REST"}],"circlet_count":0,"master_deck":["Strike_B+1","Strike_B","Strike_B+1","Strike_B","Defend_B","Defend_B","Defend_B","Defend_B","Zap","Dualcast","Go for the Eyes","Regret","Gash","Rip and Tear","Beam Cell","FTL","Self Repair","Self Repair","Electrodynamics","CurseOfTheBell","Defragment+1","White Noise","Defragment+1","Impatience","Ball Lightning"],"relics":["Cracked Core","Nunchaku","White Beast Statue","Dead Branch","StoneCalendar","Bag of Preparation","Calling Bell","Lantern","Frozen Egg 2","WingedGreaves"],"acts_visited":["Exordium","TheCity"],"potions_floor_usage":[14,16,16,16,25,25],"damage_taken":[{"damage":1,"enemies":"Jaw Worm","floor":1,"turns":4},{"damage":0,"enemies":"Small Slimes","floor":3,"turns":2},{"damage":2,"enemies":"Cultist","floor":5,"turns":3},{"damage":22,"enemies":"Lagavulin","floor":6,"turns":5},{"damage":10,"enemies":"Red Slaver","floor":7,"turns":3},{"damage":0,"enemies":"Large Slime","floor":10,"turns":4},{"damage":9,"enemies":"Blue Slaver","floor":13,"turns":3},{"damage":41,"enemies":"3 Sentries","floor":14,"turns":5},{"damage":35,"enemies":"The Guardian","floor":16,"turns":7},{"damage":1,"enemies":"Chosen","floor":18,"turns":3},{"damage":23,"enemies":"Shell Parasite","floor":20,"turns":5},{"damage":37,"enemies":"3 Cultists","floor":21,"turns":4},{"damage":22,"enemies":"Cultist and Chosen","floor":24,"turns":5},{"damage":28,"enemies":"Snecko","floor":25,"turns":4}],"seed_played":"6950637905867406863","potions_obtained":[{"floor":1,"key":"BlessingOfTheForge"},{"floor":3,"key":"Dexterity Potion"},{"floor":5,"key":"FocusPotion"},{"floor":14,"key":"FocusPotion"},{"floor":16,"key":"ColorlessPotion"},{"floor":18,"key":"GamblersBrew"},{"floor":20,"key":"ColorlessPotion"}],"is_trial":false,"path_per_floor":["M","?","M","?","M","E","M","$","T","M","R","$","M","E","R","B",null,"M","?","M","M","$","?","M","M"],"character_chosen":"DEFECT","items_purchased":["Self Repair","Scrape","Self Repair","Defragment+1"],"campfire_rested":2,"item_purchase_floors":[8,8,12,22],"current_hp_per_floor":[74,74,74,59,57,35,25,25,25,32,54,54,45,18,40,19,75,75,75,66,43,43,31,23,0,0],"gold":51,"neow_bonus":"RANDOM_COMMON_RELIC","is_daily":false,"chose_seed":false,"campfire_upgraded":0,"win_rate":0.0,"timestamp":1607720729,"path_taken":["M","?","M","?","M","E","M","?","T","M","R","?","M","E","R","BOSS","M","?","?","M","?","?","?","M"],"items_purchased_type":["Card","Card","Card","Card"],"build_version":"2020-11-30","purchased_purges":1,"victory":false,"max_hp_per_floor":[75,75,75,75,75,75,75,75,75,75,75,75,75,75,75,75,75,75,75,75,75,75,75,75,75,75],"card_choices":[{"not_picked":["Blizzard","Aggregate"],"picked":"Go for the Eyes","floor":1},{"not_picked":["Lockon","Stack"],"picked":"Gash","floor":3},{"not_picked":["Multi-Cast","Static Discharge"],"picked":"Rip and Tear","floor":5},{"not_picked":["Rip and Tear","Steam"],"picked":"Beam Cell","floor":6},{"not_picked":["Rebound","Barrage"],"picked":"FTL","floor":7},{"not_picked":["Cold Snap","Barrage","Coolheaded"],"picked":"SKIP","floor":10},{"not_picked":["Blizzard","Leap","Barrage"],"picked":"SKIP","floor":13},{"not_picked":["Hologram","Reprogram","Steam"],"picked":"SKIP","floor":14},{"not_picked":["Rainbow","Multi-Cast"],"picked":"Electrodynamics","floor":16},{"not_picked":["Compile Driver+1","Hello World+1"],"picked":"Defragment+1","floor":18},{"not_picked":["Rebound","Leap","Hologram"],"picked":"SKIP","floor":20},{"not_picked":["Static Discharge+1","Buffer+1"],"picked":"White Noise","floor":21},{"not_picked":["Aggregate","Barrage+1"],"picked":"Ball Lightning","floor":24}],"player_experience":69940,"relics_obtained":[{"floor":6,"key":"Dead Branch"},{"floor":9,"key":"StoneCalendar"},{"floor":14,"key":"Bag of Preparation"},{"floor":17,"key":"Lantern"},{"floor":17,"key":"Frozen Egg 2"},{"floor":17,"key":"WingedGreaves"}],"event_choices":[{"damage_healed":0,"gold_gain":0,"player_choice":"Box","damage_taken":0,"relics_obtained":["White Beast Statue"],"max_hp_gain":0,"max_hp_loss":0,"event_name":"Big Fish","floor":2,"gold_loss":0,"cards_obtained":["Regret"]},{"damage_healed":0,"gold_gain":0,"player_choice":"Entered Light","damage_taken":15,"max_hp_gain":0,"max_hp_loss":0,"event_name":"Shining Light","floor":4,"gold_loss":0,"cards_upgraded":["Strike_B","Strike_B"]},{"damage_healed":0,"gold_gain":0,"player_choice":"Ignored","damage_taken":0,"max_hp_gain":0,"max_hp_loss":0,"event_name":"NoteForYourself","floor":19,"gold_loss":0},{"damage_healed":0,"gold_gain":0,"player_choice":"CARD ","damage_taken":12,"max_hp_gain":0,"max_hp_loss":0,"event_name":"Knowing Skull","floor":23,"potions_obtained":[],"gold_loss":0,"cards_obtained":["Impatience"]}],"is_beta":false,"boss_relics":[{"not_picked":["Pandora\u0027s Box","Nuclear Battery"],"picked":"Calling Bell"}],"items_purged_floors":[22],"is_endless":false,"potions_floor_spawned":[1,3,5,6,7,10,13,14,16,18,20,21,24],"killed_by":"Snecko","ascension_level":0}}