{"host":"tf3nwkbyfracf87g","time":1607644962,"event":{"mods":["BaseMod","Minty Spire (QoL Compilation)","ReimuÅiîé??öÎÅj","StSLib"],"gold_per_floor":[110,110,110,3,21,21,33,46,46,46,121,136,149,174,174,174,174],"floor_reached":16,"playtime":880,"items_purged":[],"score":102,"play_id":"86f75fcc-3f43-4a24-9283-e72989e76923","local_time":"20201210180242","is_ascension_mode":false,"campfire_choices":[{"data":"YinYangSange:ReiMu","floor":6,"key":"SMITH"},{"data":"DoubleButterfly:ReiMu","floor":10,"key":"SMITH"},{"floor":15,"key":"REST"}],"circlet_count":0,"master_deck":["Strike_Lin:ReiMu","Strike_Lin:ReiMu","Strike_Lin:ReiMu","Strike_Lin:ReiMu","Defend_Lin:ReiMu","Defend_Lin:ReiMu","Defend_Lin:ReiMu","Defend_Lin:ReiMu","NB:ReiMu","Stagnation:ReiMu","SpreadBorder2:ReiMu+1","AirManeuver:ReiMu","YinYangSange:ReiMu+1","DoubleButterfly:ReiMu+1","SubcavityInstant:ReiMu","YinYang:ReiMu","AirStrike:ReiMu"],"relics":["FlyPower:ReiMu","NeowsBlessing","Mummified Hand","Salt:ReiMu"],"acts_visited":["Exordium"],"potions_floor_usage":[13,16],"damage_taken":[{"damage":0,"enemies":"2 Louse","floor":1,"turns":1},{"damage":0,"enemies":"Jaw Worm","floor":5,"turns":2},{"damage":0,"enemies":"Cultist","floor":7,"turns":2},{"damage":19,"enemies":"3 Louse","floor":8,"turns":11},{"damage":1,"enemies":"2 Fungi Beasts","floor":12,"turns":7},{"damage":0,"enemies":"Looter","floor":13,"turns":3},{"damage":7,"enemies":"Lagavulin","floor":14,"turns":11},{"damage":58,"enemies":"Hexaghost","floor":16,"turns":16}],"seed_played":"-964433431672091157","potions_obtained":[{"floor":8,"key":"Swift Potion"},{"floor":12,"key":"Explosive Potion"}],"is_trial":false,"path_per_floor":["M","?","?","$","M","R","M","M","T","R","?","M","M","E","R","B"],"character_chosen":"REIMU","items_purchased":["AirManeuver:ReiMu","YinYangSange:ReiMu"],"campfire_rested":1,"item_purchase_floors":[4,4],"current_hp_per_floor":[65,65,70,70,70,70,70,51,51,51,44,43,43,36,57,0,0],"gold":174,"neow_bonus":"THREE_ENEMY_KILL","is_daily":false,"chose_seed":false,"campfire_upgraded":2,"win_rate":0.0,"timestamp":1607644962,"path_taken":["M","?","?","$","M","R","M","M","T","R","?","M","M","E","R","BOSS"],"items_purchased_type":["Card","Card"],"build_version":"2020-11-30","purchased_purges":0,"victory":false,"max_hp_per_floor":[65,65,70,70,70,70,70,70,70,70,70,70,70,70,70,70,70],"card_choices":[{"not_picked":["Conquer:ReiMu","TightArray:ReiMu"],"picked":"SpreadBorder2:ReiMu","floor":1},{"not_picked":["YinYangSign:ReiMu","Shading:ReiMu","PassingAway:ReiMu"],"picked":"SKIP","floor":5},{"not_picked":["WonderfulDomain:ReiMu","OctopathBindingBorder2:ReiMu"],"picked":"DoubleButterfly:ReiMu","floor":7},{"not_picked":["AlertArray:ReiMu","TightArray:ReiMu"],"picked":"SubcavityInstant:ReiMu","floor":8},{"not_picked":["Meditation:ReiMu","SpringWay:ReiMu","MountainWay:ReiMu"],"picked":"SKIP","floor":12},{"not_picked":["SubcavityInstant:ReiMu","TakeOff:ReiMu"],"picked":"YinYang:ReiMu","floor":13},{"not_picked":["SpringWay:ReiMu","Determination:ReiMu"],"picked":"AirStrike:ReiMu","floor":14}],"player_experience":307472,"relics_obtained":[{"floor":9,"key":"Mummified Hand"},{"floor":14,"key":"Salt:ReiMu"}],"event_choices":[{"damage_healed":0,"gold_gain":0,"player_choice":"Grow","damage_taken":0,"max_hp_gain":0,"max_hp_loss":0,"event_name":"Living Wall","floor":2,"gold_loss":0,"cards_upgraded":["SpreadBorder2:ReiMu"]},{"damage_healed":0,"gold_gain":0,"player_choice":"Donut","damage_taken":0,"max_hp_gain":5,"max_hp_loss":0,"event_name":"Big Fish","floor":3,"gold_loss":0},{"damage_healed":0,"gold_gain":75,"player_choice":"Touch","damage_taken":7,"max_hp_gain":0,"max_hp_loss":0,"event_name":"FaceTrader","floor":11,"gold_loss":0}],"is_beta":false,"boss_relics":[],"items_purged_floors":[],"is_endless":false,"potions_floor_spawned":[8,12],"killed_by":"Hexaghost","ascension_level":0}}