{"host":"7tvb1em0d2fx72q7","time":1607712793,"event":{"mods":["BaseMod","Challenge The Spire","Minty Spire (QoL Compilation)","StSLib","everything is the same but u backflip on backflip"],"gold_per_floor":[18,37,50,60,10,36,54,54,54,67,67,86,116,133,133,210,210,225,240,240,240,258,258,228,262,262,71,71,91,91,105,105,105,105],"floor_reached":33,"playtime":3082,"items_purged":["Strike_B"],"score":587,"play_id":"bdde665f-c600-438d-85be-c9ba5176f160","local_time":"20201211135313","is_ascension_mode":true,"campfire_choices":[{"floor":8.0,"key":"REST"},{"floor":11.0,"key":"REST"},{"floor":15.0,"key":"REST"},{"data":"Hologram","floor":23.0,"key":"SMITH"},{"floor":32,"key":"REST"}],"circlet_count":0,"master_deck":["AscendersBane","Strike_B","Strike_B","Defend_B","Defend_B","Defend_B","Defend_B","Zap","Dualcast","Multi-Cast","Darkness","Melter","Reinforced Body","Ball Lightning","Ball Lightning","Cold Snap","Genetic Algorithm","Hologram+1","FTL","Steam Power","Biased Cognition","Coolheaded","Compile Driver","Redo","Glacier","Chill+1","Loop","Capacitor","Capacitor","White Noise"],"relics":["FrozenCore","Oddly Smooth Stone","Singing Bowl","Thread and Needle","The Courier","Mercury Hourglass","Pear","Orrery"],"acts_visited":["Exordium","TheCity"],"potions_floor_usage":[31,33],"damage_taken":[{"damage":0.0,"enemies":"Small Slimes","floor":1.0,"turns":2.0},{"damage":3.0,"enemies":"2 Louse","floor":2.0,"turns":3.0},{"damage":4.0,"enemies":"Jaw Worm","floor":3.0,"turns":4.0},{"damage":0.0,"enemies":"Red Slaver","floor":4.0,"turns":3.0},{"damage":45.0,"enemies":"3 Sentries","floor":6.0,"turns":8.0},{"damage":0.0,"enemies":"Exordium Wildlife","floor":7.0,"turns":2.0},{"damage":14.0,"enemies":"Exordium Thugs","floor":10.0,"turns":3.0},{"damage":9.0,"enemies":"Looter","floor":12.0,"turns":3.0},{"damage":13.0,"enemies":"Lagavulin","floor":13.0,"turns":8.0},{"damage":4.0,"enemies":"Red Slaver","floor":14.0,"turns":3.0},{"damage":18.0,"enemies":"Hexaghost","floor":16.0,"turns":7.0},{"damage":0.0,"enemies":"Spheric Guardian","floor":18.0,"turns":1.0},{"damage":8.0,"enemies":"3 Byrds","floor":19.0,"turns":5.0},{"damage":12.0,"enemies":"Cultist and Chosen","floor":22.0,"turns":7.0},{"damage":40.0,"enemies":"Book of Stabbing","floor":25.0,"turns":7.0},{"damage":0,"enemies":"Snecko","floor":29,"turns":8},{"damage":4,"enemies":"Centurion and Healer","floor":31,"turns":16},{"damage":55,"enemies":"Collector","floor":33,"turns":10}],"seed_played":"-7519366261829634872","potions_obtained":[{"floor":1.0,"key":"FocusPotion"},{"floor":2.0,"key":"Weak Potion"},{"floor":7.0,"key":"Energy Potion"},{"floor":13.0,"key":"LiquidMemories"},{"floor":14.0,"key":"Fruit Juice"},{"floor":18.0,"key":"GamblersBrew"},{"floor":19.0,"key":"PotionOfCapacity"},{"floor":24.0,"key":"Dexterity Potion"},{"floor":31,"key":"AttackPotion"}],"is_trial":false,"path_per_floor":["M","M","M","M","?","E","M","R","T","M","R","M","E","M","R","B",null,"M","M","?","T","M","R","?","E","T","$","?","M","?","M","R","B"],"character_chosen":"DEFECT","items_purchased":["Orrery"],"campfire_rested":4,"item_purchase_floors":[27],"current_hp_per_floor":[64,61,57,57,57,12,12,33,33,19,40,31,18,14,35,17,58,58,57,57,57,45,45,45,5,15,19,19,19,19,17,45,0,0],"gold":105,"neow_bonus":"THREE_RARE_CARDS","is_daily":false,"chose_seed":false,"campfire_upgraded":1,"win_rate":0.0,"timestamp":1607712793,"path_taken":["M","M","M","M","?","E","M","R","T","M","R","M","E","M","R","BOSS","M","M","?","?","?","R","?","E","T","?","?","M","?","?","R","BOSS"],"items_purchased_type":["Relic"],"build_version":"2020-11-30","purchased_purges":1,"victory":false,"max_hp_per_floor":[71,71,71,71,71,71,71,71,71,71,71,71,71,71,71,71,71,71,78,78,78,78,78,78,78,88,92,92,92,92,94,94,94,94],"card_choices":[{"not_picked":["Buffer","Creative AI"],"picked":"Multi-Cast","floor":0.0},{"not_picked":["FTL","Coolheaded"],"picked":"Darkness","floor":1.0},{"not_picked":["Stack","Chill"],"picked":"Melter","floor":2.0},{"not_picked":["Storm","Barrage"],"picked":"Reinforced Body","floor":3.0},{"not_picked":["Beam Cell","Aggregate"],"picked":"Ball Lightning","floor":4.0},{"not_picked":["Turbo","Storm"],"picked":"Ball Lightning","floor":6.0},{"not_picked":["Go for the Eyes","Heatsinks"],"picked":"Cold Snap","floor":7.0},{"not_picked":["Sweeping Beam","Beam Cell"],"picked":"Genetic Algorithm","floor":10.0},{"not_picked":["Reprogram","Thunder Strike"],"picked":"Hologram","floor":12.0},{"not_picked":["Barrage","Turbo"],"picked":"FTL","floor":13.0},{"not_picked":["Reprogram","Storm"],"picked":"Steam Power","floor":14.0},{"not_picked":["Thunder Strike","Hyperbeam"],"picked":"Biased Cognition","floor":16.0},{"not_picked":["Beam Cell","Force Field"],"picked":"Coolheaded","floor":18.0},{"not_picked":["Streamline","Scrape","Steam+1"],"picked":"Singing Bowl","floor":19.0},{"not_picked":["Static Discharge","Skim"],"picked":"Redo","floor":22.0},{"not_picked":["Conserve Battery","Steam"],"picked":"Glacier","floor":25.0},{"not_picked":["Sunder","Genetic Algorithm","Sweeping Beam"],"picked":"Singing Bowl","floor":27.0},{"not_picked":["Creative AI","Consume"],"picked":"Chill+1","floor":27.0},{"not_picked":["Rebound","Reinforced Body"],"picked":"Loop","floor":27.0},{"not_picked":["Hologram","Tempest"],"picked":"Capacitor","floor":27.0},{"not_picked":["Leap","Coolheaded","Static Discharge"],"picked":"Singing Bowl","floor":27.0},{"not_picked":["Compile Driver","Cold Snap"],"picked":"Capacitor","floor":29},{"not_picked":["Beam Cell+1","Chaos","Chill"],"picked":"Singing Bowl","floor":31}],"player_experience":1823362,"relics_obtained":[{"floor":6.0,"key":"Oddly Smooth Stone"},{"floor":9.0,"key":"Singing Bowl"},{"floor":13.0,"key":"Thread and Needle"},{"floor":21.0,"key":"The Courier"},{"floor":25.0,"key":"Mercury Hourglass"},{"floor":26.0,"key":"Pear"}],"event_choices":[{"damage_healed":0.0,"max_hp_gain":0.0,"max_hp_loss":0.0,"gold_gain":0.0,"event_name":"World of Goop","player_choice":"Left Gold","floor":5.0,"gold_loss":50.0,"damage_taken":0.0},{"damage_healed":0.0,"max_hp_gain":0.0,"max_hp_loss":0.0,"gold_gain":0.0,"event_name":"The Library","player_choice":"Read","floor":20.0,"gold_loss":0.0,"damage_taken":0.0,"cards_obtained":["Compile Driver"]},{"damage_healed":0.0,"max_hp_gain":0.0,"max_hp_loss":0.0,"gold_gain":0.0,"event_name":"The Woman in Blue","player_choice":"Bought 2 Potions","floor":24.0,"gold_loss":0.0,"damage_taken":0.0},{"damage_healed":0,"gold_gain":0,"player_choice":"Ignored","damage_taken":0,"max_hp_gain":0,"max_hp_loss":0,"event_name":"Cursed Tome","floor":28,"gold_loss":0},{"damage_healed":0,"gold_gain":0,"cards_transformed":["Strike_B"],"player_choice":"Transformed","damage_taken":0,"max_hp_gain":0,"max_hp_loss":0,"event_name":"Transmorgrifier","floor":30,"gold_loss":0,"cards_obtained":["White Noise"]}],"is_beta":false,"boss_relics":[{"not_picked":["Nuclear Battery","Sozu"],"picked":"FrozenCore"}],"items_purged_floors":[27],"is_endless":false,"potions_floor_spawned":[1,2,7,10,13,14,18,19,31],"killed_by":"Collector","ascension_level":20}}