{"host":"6ko66ogg91i6g7xq","time":1607688295,"event":{"mods":["AchievementEnabler","Act Like it!","BaseMod","Colored Map","Colored Powertips","Downfall","Hermit","Minty Spire (QoL Compilation)","Quick Restart","Relic Stats","StSLib","The Jungle","everything is the same but u backflip on backflip"],"gold_per_floor":[114,88,107,107,107,107,137,137,160,189,109,109,159,175,175,274,274,287,299,299,15,35,35,65,79,126,143,143,143],"floor_reached":28,"playtime":731,"items_purged":[],"score":271,"play_id":"4f603727-fd0b-46e0-994a-aaf9b5eb1bf0","local_time":"20201211070455","is_ascension_mode":false,"campfire_choices":[{"floor":6,"key":"RECALL"},{"data":"Venomology","floor":8,"key":"SMITH"},{"data":"Caltrops","floor":15,"key":"SMITH"},{"floor":23,"key":"REST"}],"circlet_count":0,"master_deck":["Strike_G","Strike_G","Strike_G","Strike_G","Strike_G+1","Defend_G","Defend_G","Defend_G","Defend_G","Defend_G","Survivor","Neutralize","Poisoned Stab+1","Poisoned Stab","Venomology+1","Dagger Spray","Caltrops+1","Regret","Backflip","Glass Knife","Dodge and Roll+1","Backflip","Crippling Poison","A Thousand Cuts","Caltrops+1","Cloak And Dagger+1"],"relics":["Ring of the Serpent","NeowsBlessing","HornCleat","Vajra","Bronze Scales","Gremlin Horn","Smiling Mask","Enchiridion","Mercury Hourglass","Dream Catcher","Toy Ornithopter"],"acts_visited":["Exordium","TheCity"],"potions_floor_usage":[10,18,19,22,24,25,25,27,27,28,28],"damage_taken":[{"damage":0,"enemies":"2 Louse","floor":1,"turns":1},{"damage":0,"enemies":"Small Slimes","floor":3,"turns":1},{"damage":0,"enemies":"Gremlin Nob","floor":7,"turns":1},{"damage":4,"enemies":"3 Sentries","floor":10,"turns":6},{"damage":3,"enemies":"Jaw Worm","floor":14,"turns":2},{"damage":38,"enemies":"The Guardian","floor":16,"turns":9},{"damage":8,"enemies":"Chosen","floor":18,"turns":4},{"damage":5,"enemies":"Spheric Guardian","floor":19,"turns":3},{"damage":8,"enemies":"Snake Plant","floor":22,"turns":3},{"damage":25,"enemies":"Book of Stabbing","floor":24,"turns":6},{"damage":9,"enemies":"Cultist and Chosen","floor":25,"turns":5},{"damage":23,"enemies":"Centurion and Healer","floor":27,"turns":6},{"damage":18,"enemies":"Sentry and Sphere","floor":28,"turns":3}],"seed_played":"5927363010370619728","potions_obtained":[{"floor":7,"key":"Explosive Potion"},{"floor":16,"key":"FearPotion"},{"floor":18,"key":"sneckomod:MuddlingPotion"},{"floor":27,"key":"SkillPotion"}],"is_trial":false,"path_per_floor":["M","$","M","?","?","R","E","R","T","E","$","?","T","M","R","B",null,"M","M","?","$","M","R","E","M","T","M","M"],"character_chosen":"THE_SILENT","items_purchased":["Poisoned Stab","Caltrops","Mercury Hourglass","Backflip"],"campfire_rested":1,"item_purchase_floors":[2,11,21,21],"current_hp_per_floor":[70,70,70,56,56,56,56,56,56,52,52,52,52,49,49,11,70,62,57,41,41,33,54,29,20,20,7,0,0],"gold":143,"neow_bonus":"THREE_ENEMY_KILL","is_daily":false,"chose_seed":false,"campfire_upgraded":2,"win_rate":0.0,"timestamp":1607688295,"path_taken":["M","$","M","?","?","R","E","R","T","E","?","?","?","M","R","BOSS","M","M","?","$","M","R","E","M","T","M","M"],"items_purchased_type":["Card","Card","Relic","Card"],"build_version":"2020-11-30","purchased_purges":0,"victory":false,"max_hp_per_floor":[70,70,70,70,70,70,70,70,70,70,70,70,70,70,70,70,70,70,70,70,70,70,70,70,70,70,70,70,70],"relic_stats":{"Dream Catcher":0,"Gremlin Horn":[3,3],"counters":[13,49],"Bronze Scales":[129],"Smiling Mask":0,"obtain_stats":[{"Dream Catcher":24,"HornCleat":7,"NeowsBlessing":0,"Gremlin Horn":12,"Bronze Scales":10,"Vajra":9,"Enchiridion":20,"Smiling Mask":13,"Ring of the Serpent":17,"Toy Ornithopter":26,"Ring of the Snake":0,"Mercury Hourglass":21},{"Dream Catcher":10,"HornCleat":3,"NeowsBlessing":0,"Gremlin Horn":4,"Bronze Scales":4,"Vajra":3,"Enchiridion":8,"Smiling Mask":4,"Ring of the Serpent":6,"Toy Ornithopter":11,"Ring of the Snake":0,"Mercury Hourglass":8},{"Dream Catcher":36,"HornCleat":3,"NeowsBlessing":0,"Gremlin Horn":9,"Bronze Scales":9,"Vajra":3,"Enchiridion":27,"Smiling Mask":9,"Ring of the Serpent":20,"Toy Ornithopter":41,"Ring of the Snake":0,"Mercury Hourglass":27}],"Toy Ornithopter":20,"Mercury Hourglass":[83]},"card_choices":[{"not_picked":["Predator","PiercingWail"],"picked":"Poisoned Stab","floor":1},{"not_picked":["Bane","Dagger Throw","Underhanded Strike"],"picked":"SKIP","floor":3},{"not_picked":["Night Terror","Outmaneuver"],"picked":"Venomology","floor":7},{"not_picked":["Finisher","Flying Knee"],"picked":"Dagger Spray","floor":10},{"not_picked":["Prepared","Deflect"],"picked":"Backflip","floor":14},{"not_picked":["Storm of Steel","Adrenaline"],"picked":"Glass Knife","floor":16},{"not_picked":["Backflip","Blade Dance"],"picked":"Dodge and Roll+1","floor":18},{"not_picked":["Bane","Reflex","Slice"],"picked":"SKIP","floor":19},{"not_picked":["Deflect","Backflip"],"picked":"Crippling Poison","floor":22},{"not_picked":["Finisher","Blade Dance"],"picked":"A Thousand Cuts","floor":24},{"not_picked":["Backflip","Deadly Poison"],"picked":"Caltrops+1","floor":25},{"not_picked":["Infinite Blades","Expertise"],"picked":"Cloak And Dagger+1","floor":27}],"player_experience":247633,"relics_obtained":[{"floor":7,"key":"HornCleat"},{"floor":9,"key":"Vajra"},{"floor":10,"key":"Bronze Scales"},{"floor":13,"key":"Smiling Mask"},{"floor":20,"key":"Enchiridion"},{"floor":24,"key":"Dream Catcher"},{"floor":26,"key":"Toy Ornithopter"}],"event_choices":[{"damage_healed":0,"gold_gain":0,"player_choice":"Entered Light","damage_taken":14,"max_hp_gain":0,"max_hp_loss":0,"event_name":"Shining Light","floor":4,"gold_loss":0,"cards_upgraded":["Poisoned Stab","Strike_G"]},{"damage_healed":0,"gold_gain":0,"player_choice":"Leave","damage_taken":0,"max_hp_gain":0,"max_hp_loss":0,"event_name":"The Cleric","floor":5,"gold_loss":0},{"damage_healed":0,"gold_gain":0,"player_choice":"Box","damage_taken":0,"relics_obtained":["Gremlin Horn"],"max_hp_gain":0,"max_hp_loss":0,"event_name":"Big Fish","floor":12,"gold_loss":0,"cards_obtained":["Regret"]},{"damage_healed":0,"gold_gain":0,"player_choice":"Obtained Book","damage_taken":16,"max_hp_gain":0,"max_hp_loss":0,"event_name":"Cursed Tome","floor":20,"gold_loss":0}],"is_beta":false,"boss_relics":[{"not_picked":["SlaversCollar","Coffee Dripper"],"picked":"Ring of the Serpent"}],"items_purged_floors":[],"is_endless":false,"potions_floor_spawned":[7,16,18,27],"killed_by":"Sentry and Sphere","ascension_level":0}}