{"host":"wbdly04l9mkn9nrc","time":1607670400,"event":{"mods":["AchievementEnabler","BaseMod","BetterRewards","Minty Spire (QoL Compilation)","StSLib","[IsaacMod]ÒÔÈö¼âËþ"],"gold_per_floor":[116,123,134,134,144,174,193,203,279,279,309,309,309,329,329,434,434,447,447,546,619,626,626,626,640,640,640,640,640,640,660,660,759,759,773,792,792,792,806,826,841,856,856,856,866,866,866,866,866,866],"floor_reached":51,"playtime":2160,"items_purged":["Strike_G","Strike_G","Defend_G","Defend_G","Strike_G","Defend_G","Strike_G","Defend_G+1","Strike_G+1","Neutralize+1","Noxious Fumes+1","Turbo+1","Pain"],"score":1236,"play_id":"47a17b21-64e1-4e1a-983b-9ec5e46d020a","local_time":"20201211150640","is_ascension_mode":true,"campfire_choices":[{"data":"1","floor":12,"key":"LIFT"},{"data":"2","floor":15,"key":"LIFT"},{"floor":24,"key":"REST"},{"data":"3","floor":28,"key":"LIFT"},{"floor":32,"key":"REST"},{"floor":44,"key":"REST"},{"floor":47,"key":"REST"},{"floor":49,"key":"REST"}],"circlet_count":2,"master_deck":["Infinite Blades+1","Envenom+1","Accuracy+1","BattleHymn+1","Swivel+1"],"relics":["Ring of the Snake","HushsDoor","YumHeart","Membership Card","SteamSale","D6","ClockworkSouvenir","SalivaCoin","Snake Skull","Regal Pillow","HandDrill","Bag of Marbles","Ancient Tea Set","TheAbacus","Singing Bowl","Juzu Bracelet","Habit","Paper Crane","PreservedInsect","PrismaticShard","StoneCalendar","Happy Flower","Toolbox","Toxic Egg 2","Peace Pipe","Strange Spoon","Whetstone","BookofShadows","TheBattery","Omamori","TwistedFunnel","Tough Bandages","Pen Nib","Boot","Cauldron","Molten Egg 2","Sling","Frozen Egg 2","Toy Ornithopter","Medical Kit","EdensBlessing","Gremlin Horn","BFFS","TheBean","War Paint","DeadEye","OrangePellets","DoctorsRemote","Blood Vial","Leech","NineVolt","Ornamental Fan","CaptainsWheel","Chemical X","Nunchaku","Anchor","Pantograph","Prayer Wheel","Tiny Chest","Calipers","Chaos","Kunai","Meat on the Bone","Darkstone Periapt","Charon\u0027s Ashes","FossilizedHelix","Sundial","Strawberry","Cursed Key","Thread and Needle","Matryoshka","BlankCard","WingedGreaves","Question Card","Nuclear Battery","Empty Cage","Succubus","MomsKnife","RottenBaby","Incubus","MegaBlast","Centennial Puzzle","Blue Candle","TungstenRod","HowToJump","MagicMushroom","Self Forming Clay","Turnip","DeathBook","Potion Belt","Tingsha","SacredBark","TuHaoJin","Lizard Tail","Mango","ForgetMeNow","MoneyPower","Art of War","Bird Faced Urn","Lee\u0027s Waffle","GnawedLeaf","MealTicket","Du-Vu Doll","Gambling Chip","The Specimen","GuppysTail","Girya","PokeGo","Pocketwatch","Ninja Scroll","Succubus","HoveringKite","JudasShadow","Magic Flower","White Beast Statue","Black Star","BloodDonationMachine","GuppysPaw","GuppysHead","Dead Branch","Ice Cream","Oddly Smooth Stone","Vajra","TheBible","HornCleat","Paper Frog","Frozen Eye","Busted Crown","Circlet","D4","Orichalcum","SatanicBible"],"acts_visited":["Exordium","TheCity","TheBeyond"],"potions_floor_usage":[37],"damage_taken":[{"damage":0,"enemies":"2 Louse","floor":1,"turns":1},{"damage":0,"enemies":"Small Slimes","floor":3,"turns":1},{"damage":0,"enemies":"Cultist","floor":5,"turns":1},{"damage":0,"enemies":"Gremlin Nob","floor":6,"turns":1},{"damage":0,"enemies":"3 Louse","floor":7,"turns":1},{"damage":0,"enemies":"Gremlin Gang","floor":8,"turns":1},{"damage":0,"enemies":"Lagavulin","floor":11,"turns":1},{"damage":0,"enemies":"Large Slime","floor":14,"turns":1},{"damage":0,"enemies":"Hexaghost","floor":16,"turns":1},{"damage":0,"enemies":"2 Thieves","floor":18,"turns":1},{"damage":0,"enemies":"3 Byrds","floor":25,"turns":1},{"damage":0,"enemies":"3 Cultists","floor":31,"turns":1},{"damage":0,"enemies":"Automaton","floor":33,"turns":1},{"damage":0,"enemies":"3 Shapes","floor":35,"turns":1},{"damage":0,"enemies":"3 Darklings","floor":36,"turns":1},{"damage":0,"enemies":"Jaw Worm Horde","floor":39,"turns":1},{"damage":0,"enemies":"Transient","floor":40,"turns":3},{"damage":0,"enemies":"Sphere and 2 Shapes","floor":41,"turns":1},{"damage":0,"enemies":"3 Darklings","floor":42,"turns":1},{"damage":0,"enemies":"Maw","floor":45,"turns":1},{"damage":0,"enemies":"Donu and Deca","floor":50,"turns":1}],"seed_played":"-7538678512547638709","potions_obtained":[{"floor":0,"key":"FairyPotion"},{"floor":0,"key":"Strength Potion"},{"floor":0,"key":"Dexterity Potion"},{"floor":0,"key":"SkillPotion"},{"floor":0,"key":"Ancient Potion"},{"floor":1,"key":"ColorlessPotion"},{"floor":3,"key":"LiquidMemories"},{"floor":16,"key":"CunningPotion"},{"floor":36,"key":"FearPotion"},{"floor":45,"key":"DistilledChaos"}],"is_trial":false,"path_per_floor":["M","?","M","$","M","E","M","M","T","$","E","R","?","M","R","B",null,"M","$","?","T","?","?","R","M","T","$","R","$","T","M","R","B",null,"M","M","$","?","M","M","M","M","T","R","M","$","R","?","R","B",null],"character_chosen":"THE_SILENT","items_purchased":["Membership Card","SteamSale","D6","ClockworkSouvenir","SalivaCoin","Snake Skull","Regal Pillow","HandDrill","Bag of Marbles","Ancient Tea Set","TheAbacus","Singing Bowl","Juzu Bracelet","Habit","Paper Crane","PreservedInsect","PrismaticShard","StoneCalendar","Happy Flower","Toolbox","Toxic Egg 2","Peace Pipe","Strange Spoon","Whetstone","BookofShadows","TheBattery","Omamori","TwistedFunnel","Tough Bandages","Pen Nib","Boot","Cauldron","Molten Egg 2","Sling","Frozen Egg 2","Toy Ornithopter","Medical Kit","EdensBlessing","Gremlin Horn","BFFS","TheBean","War Paint","DeadEye","OrangePellets","DoctorsRemote","Blood Vial","Leech","NineVolt","Ornamental Fan","CaptainsWheel","Chemical X","Nunchaku","Anchor","Pantograph","Prayer Wheel","Tiny Chest","Calipers","Chaos","Kunai","Meat on the Bone","Darkstone Periapt","Charon\u0027s Ashes","FossilizedHelix","Sundial","Strawberry","Cursed Key","Thread and Needle","Matryoshka","BlankCard","WingedGreaves","Question Card","Nuclear Battery","Empty Cage","Succubus","MomsKnife","RottenBaby","Poisoned Stab+1","Incubus","MegaBlast","Centennial Puzzle","Blue Candle","Infinite Blades+1","TungstenRod","HowToJump","MagicMushroom","Self Forming Clay","Turnip","Envenom+1","DeathBook","Potion Belt","Tingsha","SacredBark","TuHaoJin","Lizard Tail","Mango","ForgetMeNow","Noxious Fumes+1","MoneyPower","Art of War","Bird Faced Urn","Accuracy+1","Lee\u0027s Waffle","GnawedLeaf","MealTicket","Du-Vu Doll","Gambling Chip","The Specimen","GuppysTail","Girya","PokeGo","Pocketwatch","Ninja Scroll","Diplopia","HoveringKite","JudasShadow","Magic Flower","White Beast Statue","Black Star","GuppysHead","Oddly Smooth Stone","Paper Frog","Frozen Eye","Busted Crown","Circlet","D4","SatanicBible","Circlet","Fruit Juice","PowerPotion"],"campfire_rested":5,"item_purchase_floors":[0,0,0,0,0,0,0,0,0,0,0,0,0,0,0,0,0,0,0,0,0,0,0,0,0,0,0,0,0,0,0,0,0,0,0,0,0,0,0,0,0,0,0,0,0,0,0,0,0,0,0,0,0,0,0,0,0,0,0,0,0,0,0,0,0,0,0,0,0,0,0,0,0,0,0,0,0,0,0,0,0,0,0,0,0,0,0,0,0,0,0,0,0,0,0,0,0,0,0,0,0,0,0,0,0,0,0,0,0,0,0,0,0,0,0,0,0,4,10,19,27,27,27,29,29,34,37,37,37],"current_hp_per_floor":[109,103,110,113,113,113,117,121,121,121,123,123,123,127,127,129,129,133,133,133,133,106,106,138,142,148,148,148,153,153,157,157,159,149,153,157,167,167,171,175,177,181,181,181,185,185,185,176,176,176],"gold":866,"neow_bonus":"","is_daily":false,"chose_seed":false,"campfire_upgraded":0,"win_rate":0.0,"timestamp":1607670400,"path_taken":["M","?","M","$","M","E","M","M","T","$","E","R","?","M","R","BOSS","M","$","?","?","?","?","R","M","T","$","R","?","?","M","R","BOSS","M","M","$","?","M","M","M","M","T","R","M","$","R","?","R","BOSS"],"items_purchased_type":["Relic","Relic","Relic","Relic","Relic","Relic","Relic","Relic","Relic","Relic","Relic","Relic","Relic","Relic","Relic","Relic","Relic","Relic","Relic","Relic","Relic","Relic","Relic","Relic","Relic","Relic","Relic","Relic","Relic","Relic","Relic","Relic","Relic","Relic","Relic","Relic","Relic","Relic","Relic","Relic","Relic","Relic","Relic","Relic","Relic","Relic","Relic","Relic","Relic","Relic","Relic","Relic","Relic","Relic","Relic","Relic","Relic","Card","Relic","Relic","Relic","Relic","Relic","Relic","Relic","Relic","Relic","Relic","Relic","Relic","Relic","Relic","Relic","Relic","Relic","Relic","Undefined","Relic","Relic","Relic","Relic","Undefined","Relic","Relic","Relic","Relic","Relic","Undefined","Relic","Relic","Relic","Relic","Relic","Relic","Relic","Relic","Undefined","Relic","Relic","Relic","Undefined","Relic","Relic","Relic","Relic","Relic","Relic","Relic","Relic","Relic","Relic","Relic","Relic","Relic","Relic","Relic","Relic","Relic","Relic","Relic","Relic","Relic","Relic","Undefined","Relic","Relic","Undefined","Potion","Potion"],"build_version":"2020-11-30","purchased_purges":13,"victory":true,"max_hp_per_floor":[109,109,113,113,113,113,117,121,121,121,123,123,123,127,127,129,129,133,133,133,133,138,138,138,142,148,148,148,153,153,157,157,159,149,153,157,167,167,171,175,177,181,181,181,185,185,185,176,176,176],"card_choices":[{"not_picked":["Clash+1","Hello World+1","Glass Knife+1","Flash of Steel+1"],"picked":"Singing Bowl","floor":1},{"not_picked":["Twin Strike+1","SashWhip+1","Ball Lightning+1","Anger+1"],"picked":"Singing Bowl","floor":1},{"not_picked":["Nirvana+1","Sucker Punch+1","Dodge and Roll+1","Backflip+1"],"picked":"Singing Bowl","floor":3},{"not_picked":["Dodge and Roll+1","BettingIsNotGood+1","PiercingWail+1","Undo+1"],"picked":"Singing Bowl","floor":3},{"not_picked":["Swivel+1","Clothesline+1","Redo+1"],"picked":"Leap+1","floor":5},{"not_picked":["Battery+1","Streamline+1","Collect+1"],"picked":"Turbo+1","floor":5},{"not_picked":["Ball Lightning+1","PanicButton+1","Cleave+1"],"picked":"BattleHymn+1","floor":6},{"not_picked":["Backflip+1","Iron Wave+1","ClearTheMind+1","Sanctity+1"],"picked":"Singing Bowl","floor":7},{"not_picked":["Warcry+1","Streamline+1","Dash+1","Pommel Strike+1"],"picked":"Singing Bowl","floor":7},{"not_picked":["Envenom+1","Flex+1","FlurryOfBlows+1","Steam+1"],"picked":"Singing Bowl","floor":8},{"not_picked":["Headbutt+1","Backflip+1","Blood for Blood+1","Underhanded Strike+1"],"picked":"Singing Bowl","floor":8},{"not_picked":["CrushJoints+1","Sucker Punch+1","Stack+1","All For One+1"],"picked":"Singing Bowl","floor":11},{"not_picked":["Hologram+1","SashWhip+1","Pommel Strike+1","Panacea+1"],"picked":"Singing Bowl","floor":14},{"not_picked":["SignatureMove+1","Rage+1","Scrape+1","Dropkick+1"],"picked":"Singing Bowl","floor":14},{"not_picked":["DeusExMachina+1","Offering+1","Seek+1","Master of Strategy+1"],"picked":"Singing Bowl","floor":16},{"not_picked":["Sweeping Beam+1","Prepared+1","Protect+1","Dual Wield+1"],"picked":"Singing Bowl","floor":18},{"not_picked":["Conserve Battery+1","JustLucky+1","EmptyFist+1","Stack+1"],"picked":"Singing Bowl","floor":18},{"not_picked":["Pommel Strike+1","Backflip+1","Hemokinesis+1","Distraction+1"],"picked":"Singing Bowl","floor":25},{"not_picked":["Endless Agony+1","Sever Soul+1","Coolheaded+1","Whirlwind+1"],"picked":"Singing Bowl","floor":25},{"not_picked":["Indignation+1","Headbutt+1"],"picked":"Singing Bowl","floor":31},{"not_picked":["Tantrum+1","Sweeping Beam+1"],"picked":"Singing Bowl","floor":31},{"not_picked":["ChaosCard","Reboot+1"],"picked":"Singing Bowl","floor":33},{"not_picked":["Turbo+1","Mind Blast+1"],"picked":"Singing Bowl","floor":35},{"not_picked":["Tantrum+1","Footwork+1"],"picked":"Singing Bowl","floor":35},{"not_picked":["Prostrate+1","Rupture+1"],"picked":"Singing Bowl","floor":36},{"not_picked":["Halt+1","Deadly Poison+1"],"picked":"Singing Bowl","floor":36},{"not_picked":["Pulse+1","Adaptation+1"],"picked":"Singing Bowl","floor":39},{"not_picked":["Panacea+1","Cleave+1"],"picked":"Singing Bowl","floor":39},{"not_picked":["Iron Wave+1","Dark Embrace+1"],"picked":"Singing Bowl","floor":40},{"not_picked":["Quick Slash+1","Clash+1"],"picked":"Singing Bowl","floor":40},{"not_picked":["Havoc+1","Cold Snap+1"],"picked":"Singing Bowl","floor":41},{"not_picked":["Iron Wave+1"],"picked":"Swivel+1","floor":41},{"not_picked":["Wild Strike+1","Evaluate+1"],"picked":"Singing Bowl","floor":42},{"not_picked":["True Grit+1","Headbutt+1"],"picked":"Singing Bowl","floor":42},{"not_picked":["Pommel Strike+1","Cloak And Dagger+1"],"picked":"Singing Bowl","floor":45},{"not_picked":["Go for the Eyes+1","Anger+1"],"picked":"Singing Bowl","floor":45}],"player_experience":63131,"relics_obtained":[{"floor":6,"key":"BloodDonationMachine"},{"floor":9,"key":"GuppysPaw"},{"floor":11,"key":"Dead Branch"},{"floor":21,"key":"Vajra"},{"floor":21,"key":"TheBible"},{"floor":26,"key":"HornCleat"}],"event_choices":[{"cards_removed":["Poisoned Stab"],"damage_healed":0,"gold_gain":0,"player_choice":"Card Removal","damage_taken":7,"max_hp_gain":0,"max_hp_loss":0,"event_name":"Golden Wing","floor":2,"gold_loss":0},{"damage_healed":0,"gold_gain":99,"player_choice":"Stole From Cult","damage_taken":0,"max_hp_gain":0,"max_hp_loss":0,"event_name":"Nest","floor":20,"gold_loss":0},{"damage_healed":0,"gold_gain":0,"player_choice":"Shed Blood","damage_taken":33,"max_hp_gain":5,"max_hp_loss":0,"event_name":"Forgotten Altar","floor":22,"gold_loss":0},{"cards_removed":["Leap"],"damage_healed":0,"gold_gain":0,"player_choice":"Removed Skill","damage_taken":0,"max_hp_gain":0,"max_hp_loss":0,"event_name":"Falling","floor":38,"gold_loss":0},{"damage_healed":0,"gold_gain":0,"player_choice":"Max HP","damage_taken":0,"max_hp_gain":0,"max_hp_loss":9,"event_name":"Winding Halls","floor":48,"gold_loss":0}],"is_beta":false,"boss_relics":[{"not_picked":["Ginger","Pear"],"picked":"Ice Cream"},{"not_picked":[]},{"not_picked":["Bronze Scales","Incense Burner"],"picked":"Orichalcum"},{"not_picked":[]}],"items_purged_floors":[0,0,0,0,0,0,0,0,0,0,4,10,27],"is_endless":false,"potions_floor_spawned":[1,3,5,6,7,8,11,14,16,18,25,31,33,35,36,39,40,41,42,45],"ascension_level":3}}