{"host":"ocll6kdfqxraqtza","time":1607708457,"event":{"mods":["2.2 Compatiblity","Act Like it!","Aspiration","BaseMod","Better Third Choice","Gensokyo","Hallownest","Hermit","Hubris","Jorbs\u0027s Wanderer Trilogy","Luminous","Marisa（霧雨　魔理沙）","Minty Spire (QoL Compilation)","Reimu（博??梦）","Replay The Spire","StSLib","The Alterego","The Bug Knight","The Cursed","The Hierophant","The Runesmith","TheBandit","Wandering Minibosses","vexMod"],"gold_per_floor":[10,21,73,3,20,20,50,50,73,73,73,73,104,115,115,216,216,227,239,253,265,265,290,290,318,394,406,425,455,455,455,455,556,556,571,571,571,182,152,152,182,54,54,85,185,201,217,5,5,5,5,5,5,134,134],"floor_reached":56,"playtime":1687,"items_purged":["Strike_R","Defend_R","Strike_R"],"score":1821,"play_id":"eef32f99-7878-4896-9270-449b043fbca4","local_time":"20201212014057","is_ascension_mode":true,"campfire_choices":[{"data":"Spot Weakness","floor":6,"key":"SMITH"},{"data":"Bludgeon","floor":10,"key":"SMITH"},{"data":"ReplayTheSpireMod:Limb From Limb","floor":15,"key":"SMITH"},{"floor":40,"key":"RECALL"},{"floor":52,"key":"DIG"}],"circlet_count":0,"master_deck":["Strike_R+1","Strike_R+1","Defend_R","Defend_R","Bash","Cleave","Iron Wave+1","Spot Weakness+1","Battle Trance","Bludgeon+1","Regret","True Grit+1","Inflame","ReplayTheSpireMod:Limb From Limb+1","Demon Form","Thunderclap","Fire Breathing+1","ReplayTheSpireMod:Stacked+1","Thunderclap","Gensokyo:TekeTeke","Shrug It Off+1","Run Through+1","Iron Wave+1","Ghostly Armor+1","Dash","Gensokyo:ShootingStar","Fiend Fire","Armaments+1","ReplayUltimateDefense","Madness","Good Instincts+1","Ghostly Armor+1","Iron Wave+1","Thunderclap+1","hubris:ReadiedAction+1","Berserk"],"relics":["Burning Blood","ReplayTheSpireMod:Spearhead","Simple Rune","aspiration:Headhunter","Ring of Searing","Ring of Fury","Lantern","ReplayFunnel","hubris:TerracottaHorce","PreservedInsect","Replay:Multitool","Orichalcum","Meat on the Bone","aspiration:FrozenJewel","Gensokyo:RedStar","hubris:CrackedHourglass","hubris:Icosahedron","Membership Card","Quantum Egg","Strawberry","RuthlessExorcism:ReiMu","Vajra","Mastiff:ReiMu","Paper Frog","wanderingMiniBosses:CarrionFlame","ReplayTheSpireMod:TigerMarble","Toolbox","aspiration:FetidBarrel","Replay:Wax Seal"],"acts_visited":["Gensokyo:Gensokyo","Gensokyo:Gensokyoer","TheBeyond","TheEnding"],"potions_floor_usage":[7,20,21,25,29,44,46,50,54],"damage_taken":[{"damage":15,"enemies":"Gensokyo:Gryphon","floor":1,"turns":3},{"damage":2,"enemies":"Gensokyo:Python","floor":2,"turns":4},{"damage":5,"enemies":"Gensokyo:2_Kodama","floor":5,"turns":3},{"damage":35,"enemies":"Gensokyo:Aya","floor":7,"turns":6},{"damage":7,"enemies":"Gensokyo:Cirno","floor":13,"turns":5},{"damage":0,"enemies":"Gensokyo:Kitsune","floor":14,"turns":1},{"damage":15,"enemies":"Gensokyo:Kokoro","floor":16,"turns":3},{"damage":14,"enemies":"Gensokyo:Chomper","floor":18,"turns":3},{"damage":8,"enemies":"Gensokyo:2_Gloops","floor":19,"turns":2},{"damage":14,"enemies":"Gensokyo:Wraith","floor":20,"turns":3},{"damage":8,"enemies":"Gensokyo:Swordslinger","floor":21,"turns":2},{"damage":27,"enemies":"Gensokyo:Koishi","floor":23,"turns":3},{"damage":27,"enemies":"Gensokyo:Tenshi","floor":25,"turns":3},{"damage":13,"enemies":"Gensokyo:Slime_Group","floor":27,"turns":3},{"damage":1,"enemies":"Gensokyo:Chomper_and_Gloop","floor":28,"turns":4},{"damage":1,"enemies":"Gensokyo:Reisen","floor":29,"turns":2},{"damage":11,"enemies":"Gensokyo:Eternal_Rivals","floor":33,"turns":6},{"damage":0,"enemies":"3 Darklings","floor":35,"turns":1},{"damage":13,"enemies":"3 Shapes","floor":39,"turns":2},{"damage":11,"enemies":"Giant Head","floor":41,"turns":5},{"damage":9,"enemies":"Nemesis","floor":44,"turns":3},{"damage":7,"enemies":"Writhing Mass","floor":46,"turns":7},{"damage":0,"enemies":"3 Darklings","floor":47,"turns":1},{"damage":10,"enemies":"Donu and Deca","floor":50,"turns":3},{"damage":20,"enemies":"Shield and Spear","floor":54,"turns":2},{"damage":32,"enemies":"The Heart","floor":55,"turns":7}],"seed_played":"4569622306542296904","potions_obtained":[{"floor":2,"key":"Flashbang"},{"floor":3,"key":"Cursed Concoction"},{"floor":3,"key":"ElixirPotion"},{"floor":7,"key":"Flashbang"},{"floor":18,"key":"Block Potion"},{"floor":21,"key":"ZuzhouPotion:ReiMu"},{"floor":28,"key":"Explosive Potion"},{"floor":29,"key":"DuplicationPotion"},{"floor":44,"key":"Adrenaline Potion"},{"floor":46,"key":"MagicPotion:ReiMu"},{"floor":47,"key":"Adrenaline Potion"},{"floor":54,"key":"ZuzhouPotion:ReiMu"}],"is_trial":false,"path_per_floor":["M","M","?","?","M","R","E","?","T","R","?","T","E","M","R","B",null,"M","M","M","M","?","E","R","E","T","M","M","E","?","?","R","B",null,"M","?","?","$","M","R","E","$","T","E","?","M","M","$","R","B",null,"R","$","E","B",null],"character_chosen":"IRONCLAD","items_purchased":["Membership Card","Quantum Egg","Strawberry","Vajra","ReplayTheSpireMod:TigerMarble","Toolbox"],"campfire_rested":0,"item_purchase_floors":[38,38,38,42,48,48],"current_hp_per_floor":[71,75,75,75,76,76,47,47,47,47,47,47,46,52,52,43,71,71,77,69,67,67,46,46,31,31,36,41,46,46,46,66,62,66,67,67,57,64,57,57,52,52,52,49,49,48,54,54,74,70,73,73,73,59,45],"gold":134,"neow_bonus":"REMOVE_TWO","is_daily":false,"chose_seed":false,"campfire_upgraded":3,"win_rate":0.0,"timestamp":1607708457,"path_taken":["M","M","?","?","M","R","E","?","T","R","?","?","E","?","R","BOSS","M","M","M","M","?","E","R","E","T","?","M","E","?","?","R","BOSS","M","?","?","$","M","R","E","?","T","E","?","M","?","$","R","BOSS","R","$","E","BOSS"],"items_purchased_type":["Relic","Relic","Relic","Relic","Relic","Relic"],"build_version":"2020-11-30","purchased_purges":3,"victory":true,"max_hp_per_floor":[80,80,80,80,80,80,80,80,80,80,80,80,80,80,80,80,80,80,80,80,80,74,74,67,67,67,67,67,67,67,67,67,67,67,67,67,67,74,74,74,74,74,74,74,74,74,74,74,74,74,74,74,74,74,74],"card_choices":[{"not_picked":["Flex","Defy Death"],"picked":"Cleave","floor":1},{"not_picked":["Bloodletting","Twin Strike"],"picked":"Iron Wave","floor":2},{"not_picked":["Dual Wield","Flex"],"picked":"Spot Weakness","floor":3},{"not_picked":["Headbutt","Anger"],"picked":"Battle Trance","floor":5},{"not_picked":["True Grit","Sword Boomerang"],"picked":"Bludgeon","floor":7},{"not_picked":["Reckless Charge","Anger"],"picked":"Inflame","floor":13},{"not_picked":["hubris:ReadiedAction","Replay:Undeath\u0027s Touch"],"picked":"ReplayTheSpireMod:Limb From Limb","floor":14},{"not_picked":["Juggernaut","Feed"],"picked":"Demon Form","floor":16},{"not_picked":["Feel No Pain","Rupture"],"picked":"Thunderclap","floor":18},{"not_picked":["Uppercut","Clash"],"picked":"Fire Breathing+1","floor":19},{"not_picked":["Sword Boomerang","Body Slam","True Grit"],"picked":"SKIP","floor":20},{"not_picked":["Cleave","Seeing Red"],"picked":"ReplayTheSpireMod:Stacked+1","floor":21},{"not_picked":["Warcry","Replay:Undeath\u0027s Touch"],"picked":"Thunderclap","floor":23},{"not_picked":["Gensokyo:SlitMouthedWoman","Gensokyo:Doppelganger"],"picked":"Gensokyo:TekeTeke","floor":24},{"not_picked":["Abandon","Anger"],"picked":"Shrug It Off+1","floor":25},{"not_picked":["Life Link","Perfected Strike+1"],"picked":"Run Through+1","floor":27},{"not_picked":["Burning Pact","Demonic Infusion"],"picked":"Iron Wave+1","floor":28},{"not_picked":["Feel No Pain","Perfected Strike"],"picked":"Ghostly Armor+1","floor":29},{"not_picked":[],"picked":"Gensokyo:ShootingStar","floor":33},{"not_picked":["Limit Break","Replay:Many Hands"],"picked":"Fiend Fire","floor":33},{"not_picked":["Warcry","True Grit+1"],"picked":"Armaments+1","floor":35},{"not_picked":["Enlightenment","ReplayTheSpireMod:Uncanny Aura"],"picked":"ReplayUltimateDefense","floor":37},{"not_picked":["Blind","Discovery"],"picked":"Madness","floor":37},{"not_picked":["Deep Breath","Dark Shackles"],"picked":"Good Instincts","floor":37},{"not_picked":["Body Slam","Headbutt","Massacre"],"picked":"SKIP","floor":39},{"not_picked":["Fire Breathing+1","Seeing Red+1"],"picked":"Ghostly Armor+1","floor":41},{"not_picked":["ReplayTheSpireMod:Stacked","Clash"],"picked":"Iron Wave+1","floor":44},{"not_picked":["Run Through","Hemokinesis+1"],"picked":"Thunderclap+1","floor":46},{"not_picked":["Shrug It Off","ReplayTheSpireMod:Strike From Hell"],"picked":"hubris:ReadiedAction+1","floor":47},{"not_picked":["Clothesline+1","Thunderclap"],"picked":"Berserk","floor":54}],"player_experience":439595,"relics_obtained":[{"floor":3,"key":"ReplayTheSpireMod:Spearhead"},{"floor":7,"key":"aspiration:Headhunter"},{"floor":8,"key":"Ring of Searing"},{"floor":8,"key":"Ring of Fury"},{"floor":9,"key":"Lantern"},{"floor":13,"key":"ReplayFunnel"},{"floor":23,"key":"Replay:Multitool"},{"floor":25,"key":"Orichalcum"},{"floor":26,"key":"Meat on the Bone"},{"floor":29,"key":"aspiration:FrozenJewel"},{"floor":41,"key":"RuthlessExorcism:ReiMu"},{"floor":43,"key":"Mastiff:ReiMu"},{"floor":44,"key":"Paper Frog"},{"floor":46,"key":"wanderingMiniBosses:CarrionFlame"},{"floor":52,"key":"aspiration:FetidBarrel"},{"floor":54,"key":"Replay:Wax Seal"}],"event_choices":[{"damage_healed":0,"gold_gain":0,"player_choice":"Memory 3","damage_taken":10,"max_hp_gain":0,"max_hp_loss":0,"event_name":"SensoryStone","floor":37,"gold_loss":0},{"damage_healed":0,"gold_gain":100,"player_choice":"Pray","damage_taken":0,"max_hp_gain":0,"max_hp_loss":0,"event_name":"Golden Shrine","floor":45,"gold_loss":0}],"is_beta":false,"boss_relics":[{"not_picked":["aspiration:PoetsPen_weak","hubris:GrandSneckoEye"],"picked":"hubris:TerracottaHorce"},{"not_picked":["hubris:VirtuousBlindfold","Replay:Ancient Bell"],"picked":"hubris:CrackedHourglass"}],"items_purged_floors":[38,42,48],"is_endless":false,"potions_floor_spawned":[2,7,18,19,21,28,29,44,46,47,54],"ascension_level":7}}