{"host":"0fmi5fguj5lvt8pf","time":1607721777,"event":{"mods":["BaseMod","BetterRewards","Colored Map","Minty Spire (QoL Compilation)","Permanent Neow","StSLib"],"gold_per_floor":[113,130,46,46,8,42,62,87,87,162,181,181,181,54,54,179,179,199,219,239,254,254,297,318,354,379,229,247,261,261,86,86,216,216,239,302,635,635,635,635,280,280,280,55,88,101,111,111,111,111,111,111,9,41,41],"floor_reached":56,"playtime":2603,"items_purged":["Strike_R","Defend_R","Strike_R","Strike_R","Defend_R","Bash","Defend_R"],"score":1565,"play_id":"8d1fa56e-6625-4552-9b48-d52ec87645ab","local_time":"20201211132257","is_ascension_mode":false,"campfire_choices":[{"data":"Evolve","floor":12,"key":"SMITH"},{"data":"Fire Breathing","floor":15,"key":"SMITH"},{"data":"Barricade","floor":32,"key":"SMITH"},{"floor":40,"key":"RECALL"},{"data":"Strike_R","floor":42,"key":"PURGE"},{"data":"Strike_R","floor":49,"key":"PURGE"},{"data":"Fire Breathing","floor":52,"key":"SMITH"}],"circlet_count":0,"master_deck":["Defend_R","Rampage","Fire Breathing+1","Cleave","Shrug It Off","Fire Breathing+1","Injury","Evolve+1","Shrug It Off","Pommel Strike","Power Through","Shrug It Off","Barricade+1","Reckless Charge","Disarm+1","Warcry","Shrug It Off","Flash of Steel","Pommel Strike+1","CurseOfTheBell","Deep Breath","Second Wind"],"relics":["Burning Blood","Pantograph","Shuriken","Du-Vu Doll","Centennial Puzzle","Potion Belt","Mark of Pain","InkBottle","Eternal Feather","Calling Bell","Tiny Chest","Kunai","Champion Belt","Peace Pipe","Gremlin Horn","Bronze Scales","Pen Nib","Mummified Hand","HornCleat"],"acts_visited":["Exordium","TheCity","TheBeyond","TheEnding"],"potions_floor_usage":[11,19,23,23,25,54,55,55],"damage_taken":[{"damage":12,"enemies":"Small Slimes","floor":1,"turns":3},{"damage":3,"enemies":"2 Louse","floor":2,"turns":2},{"damage":14,"enemies":"3 Sentries","floor":6,"turns":4},{"damage":10,"enemies":"Jaw Worm","floor":7,"turns":5},{"damage":5,"enemies":"Lots of Slimes","floor":8,"turns":2},{"damage":0,"enemies":"3 Louse","floor":11,"turns":3},{"damage":36,"enemies":"Hexaghost","floor":16,"turns":7},{"damage":21,"enemies":"Spheric Guardian","floor":18,"turns":5},{"damage":12,"enemies":"2 Thieves","floor":19,"turns":4},{"damage":8,"enemies":"Centurion and Healer","floor":20,"turns":4},{"damage":1,"enemies":"Snake Plant","floor":21,"turns":4},{"damage":9,"enemies":"Slavers","floor":23,"turns":4},{"damage":9,"enemies":"Shelled Parasite and Fungi","floor":24,"turns":4},{"damage":14,"enemies":"Book of Stabbing","floor":25,"turns":4},{"damage":5,"enemies":"Cultist and Chosen","floor":28,"turns":3},{"damage":0,"enemies":"Snake Plant","floor":29,"turns":4},{"damage":0,"enemies":"Champ","floor":33,"turns":7},{"damage":0,"enemies":"Orb Walker","floor":35,"turns":3},{"damage":30,"enemies":"2 Orb Walkers","floor":36,"turns":4},{"damage":7,"enemies":"Reptomancer","floor":45,"turns":4},{"damage":0,"enemies":"3 Shapes","floor":46,"turns":1},{"damage":7,"enemies":"Maw","floor":47,"turns":6},{"damage":20,"enemies":"Donu and Deca","floor":50,"turns":7},{"damage":0,"enemies":"Shield and Spear","floor":54,"turns":4},{"damage":50,"enemies":"The Heart","floor":55,"turns":8}],"seed_played":"-45383501398991565","potions_obtained":[{"floor":6,"key":"PowerPotion"},{"floor":7,"key":"Fire Potion"},{"floor":18,"key":"DuplicationPotion"},{"floor":21,"key":"Fire Potion"},{"floor":23,"key":"DistilledChaos"},{"floor":28,"key":"BlessingOfTheForge"},{"floor":45,"key":"Regen Potion"}],"is_trial":false,"path_per_floor":["M","M","$","?","$","E","M","M","T","?","M","R","?","$","R","B",null,"M","M","M","M","?","E","M","E","T","$","M","M","?","$","R","B",null,"M","?","?","?","T","R","$","R","T","$","E","M","M","?","R","B",null,"R","$","E","B",null],"character_chosen":"IRONCLAD","items_purchased":["Pantograph","Shuriken","Du-Vu Doll","Rampage","Fire Breathing","Shrug It Off","Fire Breathing","Evolve","Power Through","Shrug It Off","Bronze Scales","BlessingOfTheForge","Swift Potion"],"campfire_rested":0,"item_purchase_floors":[0,0,0,0,0,3,3,5,14,14,41,53,53],"current_hp_per_floor":[26,29,29,29,29,21,17,18,18,7,13,13,39,39,39,34,80,65,59,57,62,62,59,56,48,48,48,49,55,55,55,67,80,80,80,56,56,46,46,61,61,73,73,73,72,78,77,77,80,66,80,80,80,80,51],"gold":41,"neow_bonus":"","is_daily":false,"chose_seed":false,"campfire_upgraded":4,"win_rate":0.0,"timestamp":1607721777,"path_taken":["M","M","$","?","$","E","M","M","T","?","M","R","?","?","R","BOSS","M","?","M","M","?","E","M","E","T","$","M","?","?","$","R","BOSS","M","?","?","?","?","R","$","R","T","?","E","M","M","?","R","BOSS","R","$","E","BOSS"],"items_purchased_type":["Relic","Relic","Relic","Card","Card","Card","Card","Card","Card","Card","Relic","Potion","Potion"],"build_version":"2020-11-30","purchased_purges":7,"victory":true,"max_hp_per_floor":[80,80,80,80,80,80,80,80,80,80,80,80,80,80,80,80,80,80,80,80,80,80,80,80,80,80,80,80,80,80,80,80,80,80,80,80,80,80,80,80,80,80,80,80,80,80,80,80,80,80,80,80,80,80,80],"card_choices":[{"not_picked":["Perfected Strike","Sever Soul"],"picked":"Cleave","floor":1},{"not_picked":["Clash","Anger","Shockwave"],"picked":"SKIP","floor":2},{"not_picked":["Warcry","Whirlwind"],"picked":"Shrug It Off","floor":6},{"not_picked":["Thunderclap","Flex"],"picked":"Pommel Strike","floor":7},{"not_picked":["Clash","Rage","Twin Strike"],"picked":"SKIP","floor":8},{"not_picked":["Thunderclap","Burning Pact","Spot Weakness"],"picked":"SKIP","floor":11},{"not_picked":["Fiend Fire","Demon Form"],"picked":"Barricade","floor":16},{"not_picked":["True Grit","Pummel"],"picked":"Reckless Charge","floor":18},{"not_picked":["Dropkick","Thunderclap"],"picked":"Disarm+1","floor":19},{"not_picked":["Clash","Body Slam"],"picked":"Warcry","floor":20},{"not_picked":["Twin Strike","Infernal Blade+1"],"picked":"Shrug It Off","floor":21},{"not_picked":["Ghostly Armor","Corruption"],"picked":"Pommel Strike+1","floor":23},{"not_picked":["Heavy Blade+1","Pummel","Entrench"],"picked":"SKIP","floor":24},{"not_picked":["Body Slam","Limit Break","Disarm"],"picked":"SKIP","floor":25},{"not_picked":["Rage","Wild Strike+1","Perfected Strike"],"picked":"SKIP","floor":28},{"not_picked":["Wild Strike","Havoc","Anger"],"picked":"SKIP","floor":29},{"not_picked":["Rupture","Searing Blow","Heavy Blade+1"],"picked":"SKIP","floor":35},{"not_picked":["Purity","Sadistic Nature"],"picked":"Deep Breath","floor":38},{"not_picked":["Wild Strike+1","Rampage","Heavy Blade"],"picked":"SKIP","floor":45},{"not_picked":["Flex","Iron Wave","Havoc"],"picked":"SKIP","floor":46},{"not_picked":["Shrug It Off+1","Blood for Blood+1"],"picked":"Second Wind","floor":47},{"not_picked":["Havoc+1","Fire Breathing","Sever Soul+1"],"picked":"SKIP","floor":54}],"player_experience":827968,"relics_obtained":[{"floor":6,"key":"Centennial Puzzle"},{"floor":9,"key":"Potion Belt"},{"floor":23,"key":"InkBottle"},{"floor":25,"key":"Eternal Feather"},{"floor":34,"key":"Tiny Chest"},{"floor":34,"key":"Kunai"},{"floor":34,"key":"Champion Belt"},{"floor":36,"key":"Peace Pipe"},{"floor":39,"key":"Gremlin Horn"},{"floor":43,"key":"Pen Nib"},{"floor":45,"key":"Mummified Hand"},{"floor":54,"key":"HornCleat"}],"event_choices":[{"damage_healed":0,"gold_gain":0,"player_choice":"Take Wound","damage_taken":0,"relics_obtained":["Golden Idol"],"max_hp_gain":0,"max_hp_loss":0,"event_name":"Golden Idol","floor":4,"gold_loss":0,"cards_obtained":["Injury"]},{"damage_healed":0,"gold_gain":75,"player_choice":"Gather Gold","damage_taken":11,"max_hp_gain":0,"max_hp_loss":0,"event_name":"World of Goop","floor":10,"gold_loss":0},{"damage_healed":26,"gold_gain":0,"player_choice":"Banana","damage_taken":0,"max_hp_gain":0,"max_hp_loss":0,"event_name":"Big Fish","floor":13,"gold_loss":0},{"damage_healed":0,"gold_gain":0,"player_choice":"1 cards matched","damage_taken":0,"max_hp_gain":0,"max_hp_loss":0,"event_name":"Match and Keep!","floor":22,"gold_loss":0,"cards_obtained":["Flash of Steel"]},{"damage_healed":0,"gold_gain":0,"player_choice":"Ignored","damage_taken":0,"max_hp_gain":0,"max_hp_loss":0,"event_name":"Vampires","floor":30,"gold_loss":0},{"damage_healed":0,"gold_gain":0,"player_choice":"Fight","damage_taken":0,"max_hp_gain":0,"max_hp_loss":0,"event_name":"Mysterious Sphere","floor":36,"gold_loss":0},{"damage_healed":0,"gold_gain":333,"player_choice":"Gave Idol","damage_taken":0,"max_hp_gain":0,"max_hp_loss":0,"event_name":"The Moai Head","floor":37,"relics_lost":["Golden Idol"],"gold_loss":0},{"damage_healed":0,"gold_gain":0,"player_choice":"Memory 3","damage_taken":10,"max_hp_gain":0,"max_hp_loss":0,"event_name":"SensoryStone","floor":38,"gold_loss":0},{"damage_healed":0,"gold_gain":0,"player_choice":"Ignored","damage_taken":0,"max_hp_gain":0,"max_hp_loss":0,"event_name":"NoteForYourself","floor":48,"gold_loss":0}],"is_beta":false,"boss_relics":[{"not_picked":["Runic Dome","SlaversCollar"],"picked":"Mark of Pain"},{"not_picked":["Philosopher\u0027s Stone","Black Blood"],"picked":"Calling Bell"}],"items_purged_floors":[0,0,0,27,31,41,44],"is_endless":false,"potions_floor_spawned":[6,7,18,21,23,28,45],"ascension_level":0}}