{"host":"j1scnswqkwb5ezp5","time":1607700842,"event":{"mods":["Act Like it!","BaseMod","Hallownest","Minty Spire (QoL Compilation)","StSLib","The Bug Knight"],"gold_per_floor":[113,113,288,5,25,25,56,72,96,123,123,135,135,147,147,247,247,262,262,262,34,45,45,76,76,76,76,100,122,143,170,170,277,277,293,293,293,84,99,99,113,113,113,113,123,144,144,144],"floor_reached":47,"playtime":2555,"items_purged":["Doubt"],"score":557,"play_id":"be1497a7-0d36-4a95-bed7-16d9461252c7","local_time":"20201211233402","daily_mods":["SealedDeck"],"is_ascension_mode":true,"campfire_choices":[{"data":"Wireheading","floor":6.0,"key":"SMITH"},{"data":"PathToVictory","floor":11.0,"key":"SMITH"},{"data":"Conclude","floor":15.0,"key":"SMITH"},{"data":"Devotion","floor":23.0,"key":"SMITH"},{"data":"ThirdEye","floor":25.0,"key":"SMITH"},{"data":"ThirdEye","floor":27.0,"key":"SMITH"},{"data":"Weave","floor":32.0,"key":"SMITH"},{"data":"ThirdEye","floor":40.0,"key":"SMITH"},{"data":"ThirdEye","floor":42.0,"key":"SMITH"}],"circlet_count":0,"master_deck":["PathToVictory+1","Wireheading+1","Evaluate","BowlingBash+1","JustLucky","ThirdEye+1","CutThroughFate","ThirdEye+1","ThirdEye+1","ThirdEye+1","Prostrate","FlyingSleeves","Conclude+1","ThirdEye","Devotion+1","WindmillStrike+1","BattleHymn+1","SignatureMove","Weave+1","ThirdEye+1","Alpha+1","Pray+1","Prostrate+1"],"relics":["PureWater","MealTicket","Bottled Tornado","Damaru","Toy Ornithopter","Ice Cream","Coffee Dripper","Vajra","CeramicFish","Toxic Egg 2","Busted Crown","Whetstone","Boot"],"acts_visited":["Exordium","TheCity","TheBeyond"],"potions_floor_usage":[47,47],"damage_taken":[{"damage":0.0,"enemies":"Jaw Worm","floor":1.0,"turns":3.0},{"damage":0.0,"enemies":"2 Louse","floor":5.0,"turns":5.0},{"damage":1.0,"enemies":"Lagavulin","floor":7.0,"turns":6.0},{"damage":0.0,"enemies":"Cultist","floor":8.0,"turns":4.0},{"damage":29.0,"enemies":"Gremlin Nob","floor":10.0,"turns":4.0},{"damage":3.0,"enemies":"Blue Slaver","floor":12.0,"turns":4.0},{"damage":0.0,"enemies":"Exordium Wildlife","floor":14.0,"turns":3.0},{"damage":24.0,"enemies":"Hexaghost","floor":16.0,"turns":10.0},{"damage":0.0,"enemies":"3 Byrds","floor":18.0,"turns":3.0},{"damage":15.0,"enemies":"2 Thieves","floor":22.0,"turns":3.0},{"damage":25.0,"enemies":"Slavers","floor":24.0,"turns":3.0},{"damage":10.0,"enemies":"Sentry and Sphere","floor":28.0,"turns":5.0},{"damage":13.0,"enemies":"Snake Plant","floor":29.0,"turns":3.0},{"damage":0.0,"enemies":"Snecko","floor":30.0,"turns":5.0},{"damage":9.0,"enemies":"Sentry and Sphere","floor":31.0,"turns":4.0},{"damage":0.0,"enemies":"Champ","floor":33.0,"turns":5.0},{"damage":1.0,"enemies":"Orb Walker","floor":35.0,"turns":3.0},{"damage":7.0,"enemies":"3 Shapes","floor":39.0,"turns":3.0},{"damage":41.0,"enemies":"Jaw Worm Horde","floor":41.0,"turns":3.0},{"damage":0.0,"enemies":"4 Shapes","floor":45.0,"turns":3.0},{"damage":15.0,"enemies":"Transient","floor":46.0,"turns":5.0},{"damage":28,"enemies":"Reptomancer","floor":47,"turns":2}],"seed_played":"-916481732745637399","potions_obtained":[{"floor":1.0,"key":"Explosive Potion"},{"floor":8.0,"key":"LiquidMemories"},{"floor":14.0,"key":"Weak Potion"},{"floor":16.0,"key":"PowerPotion"},{"floor":24.0,"key":"Dexterity Potion"},{"floor":29.0,"key":"Explosive Potion"},{"floor":31.0,"key":"LiquidMemories"},{"floor":33.0,"key":"Block Potion"},{"floor":41.0,"key":"StancePotion"},{"floor":45.0,"key":"SteroidPotion"}],"is_trial":true,"path_per_floor":["M","?","?","$","M","R","E","M","T","E","R","M","$","M","R","B",null,"M","?","?","$","M","R","E","R","T","R","M","M","M","M","R","B",null,"M","?","?","$","M","R","M","R","T","?","M","M","E"],"character_chosen":"WATCHER","items_purchased":["Bottled Tornado","Prostrate","Vajra","Whetstone","Pray+1"],"campfire_rested":0,"item_purchase_floors":[4,4,21,38,38],"current_hp_per_floor":[72,47,47,62,62,62,61,61,61,42,42,39,54,54,54,35,72,72,59,43,58,43,43,23,23,23,23,13,5,5,1,1,6,77,76,73,73,73,66,66,25,25,25,25,25,10,0,0],"gold":144,"neow_bonus":"","is_daily":false,"chose_seed":false,"campfire_upgraded":9,"win_rate":0.0,"timestamp":1607700842,"path_taken":["M","?","?","$","M","R","E","M","T","E","R","M","?","M","R","BOSS","M","?","?","?","M","R","E","R","T","R","?","M","M","M","R","BOSS","M","?","?","$","M","R","M","R","T","?","M","M","E"],"items_purchased_type":["Relic","Card","Relic","Relic","Undefined"],"build_version":"2020-11-30","purchased_purges":1,"victory":false,"max_hp_per_floor":[72,72,72,72,72,72,72,72,72,72,72,72,72,72,72,72,72,72,77,77,77,77,77,77,77,77,77,77,77,77,77,77,77,77,77,73,73,73,73,73,73,73,73,73,73,73,73,73],"card_choices":[{"not_picked":["ForeignInfluence","LikeWater","TalkToTheHand"],"picked":"SKIP","floor":1.0},{"not_picked":["ClearTheMind","LikeWater"],"picked":"Pray","floor":5.0},{"not_picked":["Protect","WaveOfTheHand"],"picked":"FlyingSleeves","floor":7.0},{"not_picked":["ReachHeaven","Protect","EmptyBody"],"picked":"SKIP","floor":8.0},{"not_picked":["EmptyBody","Crescendo","ClearTheMind"],"picked":"SKIP","floor":10.0},{"not_picked":["ThirdEye","FlyingSleeves"],"picked":"Conclude","floor":12.0},{"not_picked":["FlurryOfBlows","ReachHeaven"],"picked":"ThirdEye","floor":14.0},{"not_picked":["Vault","ConjureBlade"],"picked":"Devotion","floor":16.0},{"not_picked":["ClearTheMind","LikeWater","Crescendo+1"],"picked":"SKIP","floor":18.0},{"not_picked":["WreathOfFlame","ClearTheMind+1"],"picked":"WindmillStrike","floor":22.0},{"not_picked":["Indignation","TalkToTheHand","SashWhip"],"picked":"SKIP","floor":24.0},{"not_picked":["EmptyFist","FlurryOfBlows+1"],"picked":"BattleHymn+1","floor":28.0},{"not_picked":["Vengeance+1","FlurryOfBlows"],"picked":"SignatureMove","floor":29.0},{"not_picked":["CrushJoints","TalkToTheHand"],"picked":"Weave","floor":30.0},{"not_picked":["Meditate+1","CutThroughFate"],"picked":"ThirdEye+1","floor":31.0},{"not_picked":["ConjureBlade+1","LessonLearned"],"picked":"Alpha+1","floor":33.0},{"not_picked":["FlurryOfBlows+1"],"picked":"SKIP","floor":35.0},{"not_picked":["EmptyBody+1"],"picked":"SKIP","floor":39.0},{"not_picked":["Crescendo+1"],"picked":"SKIP","floor":41.0},{"not_picked":["FlyingSleeves"],"picked":"SKIP","floor":45.0},{"not_picked":[],"picked":"Prostrate+1","floor":46.0}],"player_experience":279809,"relics_obtained":[{"floor":7.0,"key":"Damaru"},{"floor":9.0,"key":"Toy Ornithopter"},{"floor":10.0,"key":"Ice Cream"},{"floor":24.0,"key":"CeramicFish"},{"floor":26.0,"key":"Toxic Egg 2"},{"floor":43.0,"key":"Boot"}],"event_choices":[{"damage_healed":0.0,"max_hp_gain":0.0,"max_hp_loss":0.0,"gold_gain":0.0,"event_name":"Scrap Ooze","player_choice":"Success","floor":2.0,"gold_loss":0.0,"damage_taken":25.0,"relics_obtained":["MealTicket"]},{"damage_healed":0.0,"max_hp_gain":0.0,"max_hp_loss":0.0,"gold_gain":175.0,"event_name":"Liars Game","player_choice":"AGREE","floor":3.0,"gold_loss":0.0,"damage_taken":0.0,"cards_obtained":["Doubt"]},{"damage_healed":0.0,"max_hp_gain":5.0,"max_hp_loss":0.0,"gold_gain":0.0,"event_name":"Forgotten Altar","player_choice":"Shed Blood","floor":19.0,"gold_loss":0.0,"damage_taken":18.0},{"damage_healed":0.0,"max_hp_gain":0.0,"max_hp_loss":0.0,"gold_gain":0.0,"event_name":"Cursed Tome","player_choice":"Obtained Book","floor":20.0,"gold_loss":0.0,"damage_taken":16.0},{"damage_healed":0.0,"max_hp_gain":0.0,"max_hp_loss":4.0,"gold_gain":0.0,"event_name":"Winding Halls","player_choice":"Max HP","floor":36.0,"gold_loss":0.0,"damage_taken":0.0},{"cards_removed":["Pray"],"damage_healed":0.0,"max_hp_gain":0.0,"max_hp_loss":0.0,"gold_gain":0.0,"event_name":"Falling","player_choice":"Removed Skill","floor":37.0,"gold_loss":0.0,"damage_taken":0.0},{"damage_healed":0.0,"max_hp_gain":0.0,"max_hp_loss":0.0,"gold_gain":0.0,"event_name":"Mysterious Sphere","player_choice":"Ignored","floor":44.0,"gold_loss":0.0,"damage_taken":0.0}],"is_beta":false,"boss_relics":[{"not_picked":["Astrolabe","SlaversCollar"],"picked":"Coffee Dripper"},{"not_picked":["Velvet Choker","Fusion Hammer"],"picked":"Busted Crown"}],"items_purged_floors":[21],"is_endless":false,"potions_floor_spawned":[1,8,14,16,24,29,31,33,41,45],"killed_by":"Reptomancer","ascension_level":1}}