{"host":"mgc7o2tpy0ck407l","time":1607657944,"event":{"mods":["Alarm Clock","AlwaysNeverKeys","BaseMod","Better Altar","Better Match","Better Note","Better Sensory Stone","Better Skull","Better Third Choice","Better Vampires","Block Reminder","Booster Modes","Challenge The Spire","Colored Map","Colored Powertips","Disable Question Mark Monsters","Emptier Cage","Infinite Spire","Minty Spire (QoL Compilation)","Permanent Neow","Quick Restart","Rare Cards Sparkle","Relic Stats","Reorder Act Four","Replay The Spire","Spicy Shops","StSLib","The Blue Laboratory","Transform Curses","Unceasing Turn Reminder"],"gold_per_floor":[110,63,83,49,49,77,77,105,132,163,163,238,255,279,279,383,383,400,418,63,63,113,113,143,143,143,176,187,187,187,45,45,145,145,163,15,120,138,10,10,20,20,20],"floor_reached":42,"playtime":2462,"items_purged":[],"score":495,"play_id":"1b472787-14d8-4607-8476-1456050003af","local_time":"20201210223904","is_ascension_mode":true,"campfire_choices":[{"data":"Loop","floor":7.0,"key":"SMITH"},{"data":"Static Discharge","floor":11.0,"key":"SMITH"},{"floor":15.0,"key":"REST"},{"data":"BasicCrystalCard","floor":23.0,"key":"SMITH"},{"data":"Bandage Up","floor":25.0,"key":"SMITH"},{"data":"Coolheaded","floor":30,"key":"SMITH"},{"floor":32,"key":"DIG"},{"floor":40,"key":"DIG"}],"circlet_count":0,"master_deck":["Zap","Dualcast","Survivor","Streamline","Loop+1","Stack","Static Discharge+1","Chill","Rip and Tear","Seek","Reboot","Reboot","Hologram","Aggregate","Aggregate","Reprogram","ReplaySolidLightProjector","Machine Learning","Conserve Battery","Beam Cell","BasicCrystalCard+1","Bandage Up+1","Gash","Crystallizer","Crystallizer","Coolheaded+1","Conserve Battery","Beam Cell+1","Machine Learning","Reboot","Conserve Battery+1","Pot Of Greed+1","Pot Of Greed+1","Pot Of Greed+1","Streamline+1","Crystallizer+1","Self Repair"],"relics":["Shovel","Replay:M_SmolderingBlood","Champion Belt","GremlinMask","Geode","ReplayTheSpireMod:Shallot","Snecko Eye","Magic Flower","Iron Core","Chemical X","PureWater","Ornamental Fan","Painkiller Herb","Replay:Baseball","MutagenicStrength","Replay:Bottled Eggs","Pantograph","Question Card","infinitespire:Chaos","infinitespire:Freezer"],"acts_visited":["Exordium","TheCity","TheBeyond"],"potions_floor_usage":[42],"damage_taken":[{"damage":2.0,"enemies":"Jaw Worm","floor":1.0,"turns":3.0},{"damage":7.0,"enemies":"Small Slimes","floor":3.0,"turns":3.0},{"damage":31.0,"enemies":"3 Sentries","floor":6.0,"turns":7.0},{"damage":12.0,"enemies":"Lagavulin","floor":8.0,"turns":6.0},{"damage":11.0,"enemies":"Replay:BlueRogue","floor":10.0,"turns":5.0},{"damage":0.0,"enemies":"Cultist","floor":13.0,"turns":3.0},{"damage":18.0,"enemies":"Slime Boss","floor":16.0,"turns":7.0},{"damage":0.0,"enemies":"Spheric Guardian","floor":18.0,"turns":4.0},{"damage":9.0,"enemies":"Chosen","floor":19.0,"turns":5.0},{"damage":5.0,"enemies":"Book of Stabbing","floor":24.0,"turns":6.0},{"damage":9.0,"enemies":"Replay:Snechameleon","floor":27.0,"turns":5.0},{"damage":1.0,"enemies":"Snake Plant","floor":28.0,"turns":5.0},{"damage":75,"enemies":"Collector","floor":33,"turns":11},{"damage":0,"enemies":"Orb Walker","floor":35,"turns":3},{"damage":1,"enemies":"3 Darklings","floor":38,"turns":7},{"damage":41,"enemies":"Spire Growth","floor":41,"turns":7},{"damage":25,"enemies":"Nemesis","floor":42,"turns":2}],"seed_played":"-5395677023634997519","potions_obtained":[{"floor":3.0,"key":"blueLaboratory:PlasmaFuel"},{"floor":8.0,"key":"blueLaboratory:EmptyBottle"},{"floor":10.0,"key":"SkillPotion"},{"floor":38,"key":"blueLaboratory:RememoryPotion"}],"is_trial":false,"path_per_floor":["M","$","M","$","?","E","R","E","T","E","R","?","M","T","R","B",null,"M","M","$","?","?","R","E","R","T","E","M","?","R","$","R_BF","B",null,"M","$","?","M","$","T","?","E"],"character_chosen":"DEFECT","items_purchased":["Loop","Static Discharge","ReplayTheSpireMod:CursedCoin","Bandage Up","Sling","Gash","Crystallizer","Machine Learning","Grinning Jar","Crystallizer+1","infinitespire:Chaos"],"campfire_rested":1,"item_purchase_floors":[2,4,20,20,20,20,20,31,36,39,39],"current_hp_per_floor":[73,73,66,66,71,40,40,28,28,17,17,9,9,16,42,24,87,87,78,78,78,78,78,84,84,84,78,86,86,86,86,86,18,66,66,66,23,40,40,40,17,0,0],"gold":20,"neow_bonus":"ONE_RARE_RELIC","is_daily":false,"chose_seed":false,"campfire_upgraded":5,"win_rate":0.0,"timestamp":1607657944,"path_taken":["M","$","M","$","?","E","R","E","T","E","R","?","?","?","R","BOSS","M","M","$","?","?","R","E","R","T","E","?","?","R","?","R_BF","BOSS","M","$","?","?","?","T","?","E"],"items_purchased_type":["Card","Card","Relic","Card","Relic","Card","Card","Card","Relic","Undefined","Relic"],"build_version":"2020-11-30","purchased_purges":0,"victory":false,"max_hp_per_floor":[75,75,75,75,80,80,80,80,80,80,80,80,80,87,87,87,87,87,87,87,87,87,87,87,87,87,87,87,87,87,87,87,87,66,66,66,66,66,66,66,66,66,66],"relic_stats":{"Shovel":2,"counters":[17,89],"Ornamental Fan":[4],"Pantograph":0,"Snecko Eye":[19,20,18,26],"Magic Flower":[6],"Champion Belt":[7],"Chemical X":[0],"Question Card":1,"obtain_stats":[{"Lantern":9,"Iron Core":39,"Magic Flower":39,"StoneCalendar":0,"Blue Doll":37,"GremlinMask":39,"Painkiller Herb":39,"Sling":20,"Smiling Mask":24,"Replay:Rubber Ducky":8,"Shovel":39,"Replay:M_SmolderingBlood":39,"Strawberry":14,"Pantograph":39,"Chemical X":39,"Replay:Bottled Eggs":39,"Cracked Core":0,"Replay:Drink Me":34,"infinitespire:Chaos":39,"ReplayTheSpireMod:CursedCoin":20,"infinitespire:EmptyRelic":39,"Geode":39,"infinitespire:Magic Flask":26,"Orichalcum":32,"Question Card":39,"Akabeko":6,"Anchor":27,"Replay:Baseball":37,"ReplayTheSpireMod:Shallot":39,"Ornamental Fan":39,"MutagenicStrength":39,"Snecko Eye":39,"Pandora\u0027s Box":17,"Garlic":10,"Champion Belt":39,"Grinning Jar":36,"PureWater":39,"infinitespire:Freezer":40},{"Lantern":4,"Iron Core":15,"Magic Flower":15,"StoneCalendar":0,"Blue Doll":14,"GremlinMask":15,"Painkiller Herb":15,"Sling":9,"Smiling Mask":10,"Replay:Rubber Ducky":4,"Shovel":15,"Replay:M_SmolderingBlood":15,"Strawberry":6,"Pantograph":15,"Chemical X":15,"Replay:Bottled Eggs":15,"Cracked Core":0,"Replay:Drink Me":13,"infinitespire:Chaos":15,"ReplayTheSpireMod:CursedCoin":9,"infinitespire:EmptyRelic":15,"Geode":15,"infinitespire:Magic Flask":10,"Orichalcum":12,"Question Card":15,"Akabeko":3,"Anchor":11,"Replay:Baseball":14,"ReplayTheSpireMod:Shallot":15,"Ornamental Fan":15,"MutagenicStrength":15,"Snecko Eye":15,"Pandora\u0027s Box":7,"Garlic":5,"Champion Belt":15,"Grinning Jar":14,"PureWater":15,"infinitespire:Freezer":15},{"Lantern":19,"Iron Core":80,"Magic Flower":80,"StoneCalendar":0,"Blue Doll":73,"GremlinMask":80,"Painkiller Herb":80,"Sling":43,"Smiling Mask":49,"Replay:Rubber Ducky":19,"Shovel":80,"Replay:M_SmolderingBlood":80,"Strawberry":27,"Pantograph":80,"Chemical X":80,"Replay:Bottled Eggs":80,"Cracked Core":0,"Replay:Drink Me":70,"infinitespire:Chaos":80,"ReplayTheSpireMod:CursedCoin":43,"infinitespire:EmptyRelic":80,"Geode":80,"infinitespire:Magic Flask":49,"Orichalcum":59,"Question Card":80,"Akabeko":13,"Anchor":54,"Replay:Baseball":73,"ReplayTheSpireMod:Shallot":80,"Ornamental Fan":80,"MutagenicStrength":80,"Snecko Eye":80,"Pandora\u0027s Box":34,"Garlic":24,"Champion Belt":80,"Grinning Jar":73,"PureWater":80,"infinitespire:Freezer":80}]},"card_choices":[{"not_picked":["Reinforced Body","Beam Cell"],"picked":"Streamline","floor":1.0},{"not_picked":["Static Discharge","Leap"],"picked":"Stack","floor":3.0},{"not_picked":["All For One","Leap"],"picked":"ReplayTheSpireMod:GoodbyeWorld","floor":6.0},{"not_picked":["Panic Button","Skim"],"picked":"Chill","floor":8.0},{"not_picked":["Turbo","ReplayTheSpireMod:Repulse"],"picked":"Rip and Tear","floor":10.0},{"not_picked":["Force Field","Turbo"],"picked":"Seek","floor":13.0},{"not_picked":["Meteor Strike","Buffer"],"picked":"Reboot","floor":16.0},{"not_picked":["Compile Driver","Sweeping Beam"],"picked":"Beam Cell","floor":18.0},{"not_picked":["Go for the Eyes","Sweeping Beam"],"picked":"BasicCrystalCard","floor":19.0},{"not_picked":["Rebound","Fusion"],"picked":"Coolheaded","floor":24.0},{"not_picked":["Coolheaded","Barrage"],"picked":"Conserve Battery","floor":27.0},{"not_picked":["Reprogram","Redo"],"picked":"Beam Cell+1","floor":28.0},{"not_picked":["Multi-Cast","Echo Form"],"picked":"Reboot","floor":33},{"not_picked":["ReplayTheSpireMod:GoodbyeWorld+1","Hello World"],"picked":"Conserve Battery+1","floor":35},{"not_picked":["Sweeping Beam","Leap+1"],"picked":"Streamline+1","floor":38},{"not_picked":["Redo+1","ReplayTheSpireMod:System Scan+1","FollowUp+1"],"picked":"Self Repair","floor":41}],"player_experience":670324,"relics_obtained":[{"floor":6.0,"key":"Akabeko"},{"floor":8.0,"key":"Replay:Rubber Ducky"},{"floor":9.0,"key":"Lantern"},{"floor":10.0,"key":"Garlic"},{"floor":14.0,"key":"Strawberry"},{"floor":24.0,"key":"Smiling Mask"},{"floor":26.0,"key":"infinitespire:Magic Flask"},{"floor":27.0,"key":"Anchor"},{"floor":32,"key":"Orichalcum"},{"floor":40,"key":"infinitespire:Freezer"}],"event_choices":[{"damage_healed":0.0,"max_hp_gain":5.0,"max_hp_loss":0.0,"gold_gain":0.0,"event_name":"Big Fish","player_choice":"Donut","floor":5.0,"gold_loss":0.0,"damage_taken":0.0},{"damage_healed":0.0,"max_hp_gain":0.0,"max_hp_loss":0.0,"gold_gain":75.0,"event_name":"FaceTrader","player_choice":"Touch","floor":12.0,"gold_loss":0.0,"damage_taken":8.0},{"damage_healed":0.0,"max_hp_gain":0.0,"max_hp_loss":0.0,"gold_gain":0.0,"event_name":"Duplicator","player_choice":"Copied","floor":21.0,"gold_loss":0.0,"damage_taken":0.0,"cards_obtained":["Crystallizer"]},{"damage_healed":0.0,"max_hp_gain":0.0,"max_hp_loss":0.0,"gold_gain":100.0,"event_name":"The Joust","player_choice":"Bet on Murderer","floor":22.0,"gold_loss":50.0,"damage_taken":0.0},{"cards_removed":["Eruption"],"damage_healed":0,"gold_gain":0,"player_choice":"Give","damage_taken":0,"max_hp_gain":0,"max_hp_loss":0,"event_name":"betterNote:BetterNote","floor":29,"gold_loss":0,"cards_obtained":["Strike_G"]},{"damage_healed":0,"gold_gain":105,"player_choice":"UP RE GO RE ","damage_taken":50,"relics_obtained":["Replay:Baseball","Blue Doll"],"max_hp_gain":0,"max_hp_loss":0,"event_name":"betterSkull:BetterSkull","floor":37,"gold_loss":0,"cards_upgraded":["Pot Of Greed"]}],"is_beta":false,"boss_relics":[{"not_picked":["Nuclear Battery","Empty Cage"],"picked":"Pandora\u0027s Box"},{"not_picked":["ReplayTheSpireMod:DimensionalGlitch","Abe\u0027s Treasure"],"picked":"Replay:Drink Me"}],"items_purged_floors":[],"is_endless":false,"potions_floor_spawned":[3,8,10,13,28,33,38,41],"killed_by":"Nemesis","ascension_level":1}}