{"host":"sav7uxregyirlf69","time":1607692608,"event":{"mods":["AchievementEnabler","BaseMod","Colored Map","DeckTracker","Hermit","Keyboard Shortcuts","Minty Spire (QoL Compilation)","READ ME - Guardian Mod","StSLib","SuperFastMode"],"gold_per_floor":[116,191,116,133,133,133,166,186,235,235,273,273,288,301,301,396,396,412,327,340,340,59,59,79,113,113,113,113],"floor_reached":27,"playtime":384,"items_purged":["Strike_B"],"score":532,"play_id":"a3d3ec68-993b-42bd-97d0-8056d43b1d52","local_time":"20201211221648","is_ascension_mode":true,"campfire_choices":[{"data":"Sunder","floor":6,"key":"SMITH"},{"data":"Zap","floor":10,"key":"SMITH"},{"data":"Self Repair","floor":15,"key":"SMITH"},{"data":"Defragment","floor":23,"key":"SMITH"}],"circlet_count":0,"master_deck":["AscendersBane","Strike_B","Strike_B+1","Strike_B+1","Defend_B","Defend_B+1","Defend_B","Defend_B+1","Zap+1","Dualcast","Cold Snap","Sunder+1","Ball Lightning","Self Repair+1","Cold Snap","Skim","Defragment+1","Decay"],"relics":["Cracked Core","NeowsBlessing","Golden Idol","Art of War","Whetstone","Dream Catcher","Cursed Key","Ancient Tea Set","Mummified Hand","Shovel"],"acts_visited":["Exordium","TheCity"],"potions_floor_usage":[16],"damage_taken":[{"damage":0,"enemies":"Small Slimes","floor":1,"turns":1},{"damage":0,"enemies":"Jaw Worm","floor":4,"turns":1},{"damage":0,"enemies":"3 Sentries","floor":7,"turns":1},{"damage":1,"enemies":"2 Louse","floor":8,"turns":2},{"damage":6,"enemies":"Gremlin Nob","floor":11,"turns":3},{"damage":7,"enemies":"Blue Slaver","floor":13,"turns":3},{"damage":0,"enemies":"Exordium Wildlife","floor":14,"turns":1},{"damage":16,"enemies":"The Guardian","floor":16,"turns":10},{"damage":27,"enemies":"Shell Parasite","floor":18,"turns":5},{"damage":14,"enemies":"Chosen","floor":20,"turns":4},{"damage":3,"enemies":"Sentry and Sphere","floor":24,"turns":4},{"damage":41,"enemies":"Book of Stabbing","floor":25,"turns":6},{"damage":65,"enemies":"Slavers","floor":27,"turns":3}],"seed_played":"-2259216020500054098","potions_obtained":[{"floor":4,"key":"ColorlessPotion"},{"floor":11,"key":"FairyPotion"},{"floor":13,"key":"DistilledChaos"},{"floor":18,"key":"FairyPotion"}],"is_trial":false,"path_per_floor":["M","?","$","M","?","R","E","M","T","R","E","?","M","M","R","B",null,"M","?","M","?","$","R","M","E","T","E"],"character_chosen":"DEFECT","items_purchased":["Mummified Hand"],"campfire_rested":0,"item_purchase_floors":[22],"current_hp_per_floor":[64,53,53,53,53,53,53,52,52,52,46,27,20,20,20,14,52,35,35,31,31,31,31,38,29,29,0,0],"gold":113,"neow_bonus":"THREE_ENEMY_KILL","is_daily":false,"chose_seed":false,"campfire_upgraded":4,"win_rate":0.0,"timestamp":1607692608,"path_taken":["M","?","$","M","?","R","E","M","T","R","E","?","M","M","R","BOSS","M","?","M","?","$","R","M","E","T","E"],"items_purchased_type":["Relic"],"build_version":"2020-11-30","purchased_purges":1,"victory":false,"max_hp_per_floor":[71,71,71,71,64,64,64,64,64,64,64,64,64,64,64,64,64,64,64,64,64,64,64,64,64,64,64,64],"card_choices":[{"not_picked":["Go for the Eyes","Turbo"],"picked":"Cold Snap","floor":1},{"not_picked":["Recycle","Barrage"],"picked":"Sunder","floor":4},{"not_picked":["Force Field","Scrape","Barrage"],"picked":"SKIP","floor":7},{"not_picked":["Recycle","Compile Driver"],"picked":"Ball Lightning","floor":8},{"not_picked":["Streamline","Sweeping Beam","Ball Lightning"],"picked":"SKIP","floor":11},{"not_picked":["Conserve Battery","Hologram"],"picked":"Self Repair","floor":13},{"not_picked":["Storm","Hologram","Steam"],"picked":"SKIP","floor":14},{"not_picked":["Sweeping Beam","Compile Driver"],"picked":"Cold Snap","floor":18},{"not_picked":["Rebound","Steam"],"picked":"Skim","floor":20},{"not_picked":["Streamline+1","Rip and Tear","Ball Lightning"],"picked":"SKIP","floor":24},{"not_picked":["Rainbow","Multi-Cast","Blizzard"],"picked":"SKIP","floor":25}],"player_experience":921220,"relics_obtained":[{"floor":7,"key":"Art of War"},{"floor":9,"key":"Whetstone"},{"floor":11,"key":"Dream Catcher"},{"floor":25,"key":"Shovel"}],"event_choices":[{"damage_healed":0,"gold_gain":75,"player_choice":"Gather Gold","damage_taken":11,"max_hp_gain":0,"max_hp_loss":0,"event_name":"World of Goop","floor":2,"gold_loss":0},{"damage_healed":0,"gold_gain":0,"player_choice":"Lose Max HP","damage_taken":0,"relics_obtained":["Golden Idol"],"max_hp_gain":0,"max_hp_loss":7,"event_name":"Golden Idol","floor":5,"gold_loss":0},{"damage_healed":0,"gold_gain":0,"player_choice":"Entered Light","damage_taken":19,"max_hp_gain":0,"max_hp_loss":0,"event_name":"Shining Light","floor":12,"gold_loss":0,"cards_upgraded":["Defend_B","Defend_B"]},{"damage_healed":0,"gold_gain":0,"player_choice":"Obtained Relic","damage_taken":0,"relics_obtained":["Ancient Tea Set"],"max_hp_gain":0,"max_hp_loss":0,"event_name":"Addict","floor":19,"gold_loss":85},{"damage_healed":0,"gold_gain":0,"player_choice":"Read","damage_taken":0,"max_hp_gain":0,"max_hp_loss":0,"event_name":"The Library","floor":21,"gold_loss":0,"cards_obtained":["Defragment"]}],"is_beta":false,"boss_relics":[{"not_picked":["Coffee Dripper","Runic Pyramid"],"picked":"Cursed Key"}],"items_purged_floors":[3],"is_endless":false,"potions_floor_spawned":[4,11,13,18,20],"killed_by":"Slavers","ascension_level":20}}