{"host":"r53pw7z744tg3fxg","time":1607716881,"event":{"mods":["AchievementEnabler","BaseMod","Colored Map","Colored Powertips","Highlight Path","Minty Spire (QoL Compilation)","Quick Restart","Transform Curses"],"gold_per_floor":[118,128,142,107,107,139,159,159,230,230,260,310,310,333,333,458,458,479,479,90,109,130,130,130,130,130,130,130],"floor_reached":27,"playtime":1538,"items_purged":["Injury"],"score":287,"play_id":"8d73832b-8048-423b-9153-95c8f98a5f82","local_time":"20201211130121","is_ascension_mode":true,"campfire_choices":[{"floor":8.0,"key":"REST"},{"data":"Crescendo","floor":10.0,"key":"SMITH"},{"floor":15.0,"key":"REST"},{"floor":23.0,"key":"REST"},{"data":"Establishment","floor":25.0,"key":"SMITH"}],"circlet_count":0,"master_deck":["Strike_P","Strike_P","Strike_P","Strike_P","Defend_P","Defend_P","Defend_P","Defend_P","Eruption+1","Vigilance","EmptyBody","Crescendo+1","SpiritShield","FlurryOfBlows","ReachHeaven","DeceiveReality","BowlingBash","PathToVictory","JustLucky","Establishment+1","EmptyFist","Consecrate+1","Panacea","Tantrum","InnerPeace+1"],"relics":["PureWater","Orichalcum","Prayer Wheel","Eternal Feather","Art of War","Golden Idol","Busted Crown","Medical Kit","Letter Opener"],"acts_visited":["Exordium","TheCity"],"potions_floor_usage":[],"damage_taken":[{"damage":4.0,"enemies":"Small Slimes","floor":1.0,"turns":4.0},{"damage":0.0,"enemies":"Jaw Worm","floor":2.0,"turns":3.0},{"damage":1.0,"enemies":"2 Louse","floor":3.0,"turns":3.0},{"damage":32.0,"enemies":"Lagavulin","floor":6.0,"turns":9.0},{"damage":5.0,"enemies":"Blue Slaver","floor":7.0,"turns":4.0},{"damage":23.0,"enemies":"Gremlin Nob","floor":11.0,"turns":4.0},{"damage":18.0,"enemies":"Exordium Wildlife","floor":14.0,"turns":1.0},{"damage":49.0,"enemies":"Hexaghost","floor":16.0,"turns":8.0},{"damage":11.0,"enemies":"Chosen","floor":18.0,"turns":4.0},{"damage":18.0,"enemies":"Spheric Guardian","floor":21.0,"turns":4.0},{"damage":0.0,"enemies":"Chosen and Byrds","floor":22.0,"turns":3.0},{"damage":73,"enemies":"Book of Stabbing","floor":27,"turns":7}],"seed_played":"-1191936757943827982","potions_obtained":[{"floor":2.0,"key":"LiquidBronze"},{"floor":6.0,"key":"Regen Potion"},{"floor":7.0,"key":"DuplicationPotion"},{"floor":16.0,"key":"DuplicationPotion"},{"floor":18.0,"key":"EntropicBrew"},{"floor":21.0,"key":"Swift Potion"}],"is_trial":false,"path_per_floor":["M","M","M","?","?","E","M","R","T","R","E","?","?","M","R","B",null,"M","?","$","M","M","R","?","R","T","E"],"character_chosen":"WATCHER","items_purchased":["Medical Kit","Panacea","Tantrum"],"campfire_rested":3,"item_purchase_floors":[20,20,20],"current_hp_per_floor":[61,61,60,72,72,40,47,68,68,72,49,49,49,31,64,15,58,47,47,47,29,29,65,65,72,72,0,0],"gold":130,"neow_bonus":"RANDOM_COMMON_RELIC","is_daily":false,"chose_seed":false,"campfire_upgraded":2,"win_rate":0.0,"timestamp":1607716881,"path_taken":["M","M","M","?","?","E","M","R","T","R","E","?","?","M","R","BOSS","M","?","$","M","M","R","?","R","T","E"],"items_purchased_type":["Relic","Card","Card"],"build_version":"2020-11-30","purchased_purges":1,"victory":false,"max_hp_per_floor":[72,72,72,72,72,72,72,72,72,72,72,72,72,72,72,72,72,72,72,72,72,72,72,72,72,72,72,72],"card_choices":[{"not_picked":["Prostrate","EmptyFist"],"picked":"EmptyBody","floor":1.0},{"not_picked":["Worship","ThirdEye"],"picked":"Crescendo","floor":2.0},{"not_picked":["WreathOfFlame","ClearTheMind"],"picked":"SpiritShield","floor":3.0},{"not_picked":["Meditate","Alpha"],"picked":"FlurryOfBlows","floor":6.0},{"not_picked":["ClearTheMind","Fasting2"],"picked":"ReachHeaven","floor":7.0},{"not_picked":["Prostrate","Fasting2"],"picked":"DeceiveReality","floor":7.0},{"not_picked":["Omniscience","Pray"],"picked":"BowlingBash","floor":11.0},{"not_picked":["FlyingSleeves","Prostrate"],"picked":"PathToVictory","floor":14.0},{"not_picked":["FlyingSleeves","EmptyMind","JustLucky"],"picked":"SKIP","floor":14.0},{"not_picked":["FlyingSleeves","EmptyMind"],"picked":"JustLucky","floor":14.0},{"not_picked":["Devotion","Omniscience"],"picked":"Establishment","floor":16.0},{"not_picked":[],"picked":"EmptyFist","floor":18.0},{"not_picked":[],"picked":"Consecrate+1","floor":18.0},{"not_picked":["EmptyBody"],"picked":"SKIP","floor":21.0},{"not_picked":["EmptyBody"],"picked":"SKIP","floor":21.0},{"not_picked":[],"picked":"InnerPeace+1","floor":22.0},{"not_picked":["EmptyMind"],"picked":"SKIP","floor":22.0}],"player_experience":1095724,"relics_obtained":[{"floor":6.0,"key":"Prayer Wheel"},{"floor":9.0,"key":"Eternal Feather"},{"floor":11.0,"key":"Art of War"},{"floor":26.0,"key":"Letter Opener"}],"event_choices":[{"damage_healed":18.0,"max_hp_gain":0.0,"max_hp_loss":0.0,"gold_gain":0.0,"event_name":"The Cleric","player_choice":"Healed","floor":4.0,"gold_loss":35.0,"damage_taken":0.0},{"damage_healed":0.0,"max_hp_gain":0.0,"max_hp_loss":0.0,"gold_gain":0.0,"event_name":"Living Wall","player_choice":"Grow","floor":5.0,"gold_loss":0.0,"damage_taken":0.0,"cards_upgraded":["Eruption"]},{"damage_healed":0.0,"max_hp_gain":0.0,"max_hp_loss":0.0,"gold_gain":50.0,"event_name":"Golden Wing","player_choice":"Gained Gold","floor":12.0,"gold_loss":0.0,"damage_taken":0.0},{"damage_healed":0.0,"max_hp_gain":0.0,"max_hp_loss":0.0,"gold_gain":0.0,"event_name":"Golden Idol","player_choice":"Take Wound","floor":13.0,"gold_loss":0.0,"damage_taken":0.0,"relics_obtained":["Golden Idol"],"cards_obtained":["Injury"]},{"damage_healed":0.0,"max_hp_gain":0.0,"max_hp_loss":0.0,"gold_gain":0.0,"event_name":"Ghosts","player_choice":"Ignored","floor":19.0,"gold_loss":0.0,"damage_taken":0.0},{"damage_healed":0.0,"max_hp_gain":0.0,"max_hp_loss":0.0,"gold_gain":0.0,"event_name":"Beggar","player_choice":"Ignored","floor":24.0,"gold_loss":0.0,"damage_taken":0.0}],"is_beta":false,"boss_relics":[{"not_picked":["Empty Cage","Philosopher\u0027s Stone"],"picked":"Busted Crown"}],"items_purged_floors":[20],"is_endless":false,"potions_floor_spawned":[2,6,7,16,18,21],"killed_by":"Book of Stabbing","ascension_level":6}}