{"host":"aeidq2c3auzxo1yh","time":1607704194,"event":{"mods":["AchievementEnabler","BaseMod","Colored Map","Colored Powertips","Minty Spire (QoL Compilation)","Relic Stats","StSLib"],"gold_per_floor":[117,130,180,27,38,38,63,77,158,158,173,173,173,173],"floor_reached":13,"playtime":753,"items_purged":["Regret"],"score":170,"play_id":"089a7da0-7b97-40ef-a7bb-18687773546f","local_time":"20201211212954","is_ascension_mode":true,"campfire_choices":[{"data":"Secret Weapon","floor":6,"key":"SMITH"},{"floor":12,"key":"REST"}],"circlet_count":0,"master_deck":["AscendersBane","Strike_R","Strike_R","Strike_R","Strike_R","Strike_R","Defend_R","Defend_R","Defend_R","Defend_R","Bash","Secret Weapon+1","Shrug It Off","Cleave","Metallicize","Sever Soul","Metallicize","Spot Weakness"],"relics":["Burning Blood","Ice Cream","Frozen Egg 2"],"acts_visited":["Exordium"],"potions_floor_usage":[8,11,13],"damage_taken":[{"damage":10,"enemies":"2 Louse","floor":1,"turns":3},{"damage":5,"enemies":"Cultist","floor":2,"turns":4},{"damage":12,"enemies":"Jaw Worm","floor":5,"turns":2},{"damage":27,"enemies":"3 Sentries","floor":7,"turns":12},{"damage":20,"enemies":"Red Slaver","floor":8,"turns":4},{"damage":17,"enemies":"Exordium Thugs","floor":11,"turns":5},{"damage":40,"enemies":"Gremlin Nob","floor":13,"turns":4}],"seed_played":"-5828088079994734120","potions_obtained":[{"floor":1,"key":"BloodPotion"},{"floor":7,"key":"ColorlessPotion"},{"floor":11,"key":"Block Potion"}],"is_trial":false,"path_per_floor":["M","M","?","$","M","R","E","M","T","?","M","R","E"],"character_chosen":"IRONCLAD","items_purchased":["Metallicize"],"campfire_rested":1,"item_purchase_floors":[4],"current_hp_per_floor":[64,65,65,65,59,59,38,24,24,13,17,39,0,0],"gold":173,"neow_bonus":"RANDOM_COLORLESS_2","is_daily":false,"chose_seed":false,"campfire_upgraded":1,"win_rate":0.0,"timestamp":1607704194,"path_taken":["M","M","?","$","M","R","E","?","T","?","?","R","E"],"items_purchased_type":["Card"],"build_version":"2020-11-30","purchased_purges":1,"victory":false,"max_hp_per_floor":[75,75,75,75,75,75,75,75,75,75,75,75,75,75],"relic_stats":{"counters":[7,34],"obtain_stats":[{"Ice Cream":7,"Frozen Egg 2":9,"Burning Blood":0},{"Ice Cream":4,"Frozen Egg 2":5,"Burning Blood":0},{"Ice Cream":21,"Frozen Egg 2":25,"Burning Blood":0}],"Burning Blood":36},"card_choices":[{"not_picked":["Violence","Chrysalis"],"picked":"Secret Weapon","floor":0},{"not_picked":["Bloodletting","Iron Wave"],"picked":"Shrug It Off","floor":1},{"not_picked":["Clothesline","Shrug It Off"],"picked":"Cleave","floor":2},{"not_picked":["Entrench","Seeing Red"],"picked":"Sever Soul","floor":5},{"not_picked":["Inflame","Warcry"],"picked":"Metallicize","floor":7},{"not_picked":["Second Wind","Infernal Blade","Cleave"],"picked":"SKIP","floor":8},{"not_picked":["Perfected Strike","Shrug It Off"],"picked":"Spot Weakness","floor":11}],"player_experience":837156,"relics_obtained":[{"floor":7,"key":"Ice Cream"},{"floor":9,"key":"Frozen Egg 2"}],"event_choices":[{"damage_healed":0,"gold_gain":50,"player_choice":"Pray","damage_taken":0,"max_hp_gain":0,"max_hp_loss":0,"event_name":"Golden Shrine","floor":3,"gold_loss":0},{"damage_healed":0,"gold_gain":0,"player_choice":"Damaged","damage_taken":11,"max_hp_gain":0,"max_hp_loss":0,"event_name":"Wheel of Change","floor":10,"gold_loss":0}],"is_beta":false,"boss_relics":[],"items_purged_floors":[4],"is_endless":false,"potions_floor_spawned":[1,7,11],"killed_by":"Gremlin Nob","ascension_level":20}}