{"host":"aygt75jb8cs7sa4f","time":1607665938,"event":{"mods":["Act Like it!","BaseMod","Better Third Choice","BetterRewards","Colored Map","Conspire","GifTheSpireLib","Halation","Hallownest","Hermit","Marisa????????","Minty Spire (QoL Compilation)","Permanent Neow","Replay The Spire","Spikes Relics","StSLib","The Animator","The Bug Knight","The Cursed","The Servant 0.9.4"],"gold_per_floor":[111,129,129,151,151,151,151,189,189,216,216,216,216,228,228,331,331,350,350,373,336,336,336,336,336,336,671,708,708,520,560,560,664,664,683,703,703,557,579,579,579,594,594,594,513,513,134,176,176,283,283,296,314,314,314,358,358,358,358,358,400,33,60,60,84,84,191,191,208,54,54,54,54,93,113,113,141,158,168,168,186,201,201,310,310,326,346,371,385,137,137,154,195,237,237,268,288,288,215,215,320,320,320],"floor_reached":102,"playtime":9980,"items_purged":["hermit:TrackingShot"],"score":2300,"play_id":"523db3ed-a06c-4f83-b388-21135127a7a3","local_time":"20201211005218","daily_mods":["SealedDeck","Flight","Elite Swarm"],"is_ascension_mode":false,"campfire_choices":[{"data":"hermit:Snipe","floor":6.0,"key":"SMITH"},{"data":"hermit:CalledShot","floor":7.0,"key":"SMITH"},{"data":"hermit:EyeOfTheStorm","floor":11.0,"key":"SMITH"},{"data":"hermit:Vantage","floor":12.0,"key":"SMITH"},{"data":"hermit:EyeOfTheStorm","floor":13.0,"key":"SMITH"},{"data":"hermit:Snipe","floor":15.0,"key":"SMITH"},{"data":"hermit:Deadeye","floor":23.0,"key":"SMITH"},{"data":"hermit:Scavenge","floor":24.0,"key":"SMITH"},{"data":"hermit:Dive","floor":25.0,"key":"SMITH"},{"data":"hermit:Roughhouse","floor":29.0,"key":"SMITH"},{"data":"hermit:Combo","floor":32.0,"key":"SMITH"},{"data":"Normality","floor":40.0,"key":"SMITH"},{"floor":41.0,"key":"REST"},{"data":"hermit:EyeOfTheStorm","floor":44.0,"key":"SMITH"},{"data":"hermit:BigShot","floor":46.0,"key":"SMITH"},{"floor":49.0,"key":"REST"},{"data":"hermit:BigShot","floor":57.0,"key":"SMITH"},{"data":"hermit:Enervate","floor":58.0,"key":"SMITH"},{"data":"hermit:ItchyTrigger","floor":59.0,"key":"SMITH"},{"data":"Shame","floor":76.0,"key":"SMITH"},{"data":"animator:Curse_Nutcracker","floor":80.0,"key":"SMITH"},{"data":"animator:Curse_Nutcracker","floor":83.0,"key":"SMITH"},{"data":"Doubt","floor":91,"key":"SMITH"},{"data":"hermit:TakeAim","floor":100,"key":"SMITH"}],"circlet_count":0,"master_deck":["hermit:EyeOfTheStorm+1","hermit:Snipe+1","hermit:Scavenge+1","hermit:ItchyTrigger+1","hermit:CalledShot+1","hermit:EyeOfTheStorm+1","hermit:Deadeye+1","hermit:Vantage+1","hermit:Enervate+1","hermit:Dive+1","hermit:GhostlyPresence+1","hermit:Snipe+1","hermit:Roughhouse+1","hermit:Dive+1","hermit:Dive+1","hermit:ItchyTrigger+1","hermit:Combo+1","hermit:TakeAim+1","hermit:EyeOfTheStorm+1","hermit:BigShot+1","hermit:BigShot+1","Regret","hermit:Snipe+1","hermit:Combo+1","hermit:BigShot","hermit:TakeAim+1"],"relics":["hermit:Momento","replay:Trail_Library","Hallownest:DreamNailRelic","Divine Protection","LugNut","hermit:Horseshoe","Runic Pyramid","halation:StarCompass","Hallownest:NailmastersGloryRelic","Akabeko","Old Coin","Strawberry","conspire:TopHat","Painkiller Herb","ReplayTheSpireMod:Ring of Collecting","Ring of Peace","halation:PrussianBluePaint","Gremlin Horn","hermit:CharredGlove","War Paint","Coffee Dripper","Hallownest:TeacherSealRelic","Happy Flower","Ginger","Replay:Ancient Bell","Bronze Scales","Kunai","Prayer Wheel","halation:Sosunser","WarpedTongs","Sozu","hermit:Spyglass","Runic Dome"],"acts_visited":["Hallownest:KingdomsEdge","Hallownest:Greenpath"],"potions_floor_usage":[97],"damage_taken":[{"damage":7.0,"enemies":"Hallownest:2_Tiktiks_and_1_Crawlid","floor":1.0,"turns":4.0},{"damage":12.0,"enemies":"Hallownest:monsterHuskGuard","floor":2.0,"turns":5.0},{"damage":0.0,"enemies":"2_ Uuma","floor":4.0,"turns":4.0},{"damage":0.0,"enemies":"Hallownest:eliteMossKnight","floor":8.0,"turns":4.0},{"damage":0.0,"enemies":"Hallownest:eliteCrystalGuardian","floor":10.0,"turns":4.0},{"damage":0.0,"enemies":"Hallownest:MossCreep_and_Mosskin","floor":14.0,"turns":4.0},{"damage":30.0,"enemies":"Hallownest:BossHornet","floor":16.0,"turns":10.0},{"damage":0.0,"enemies":"Hallownest:2_Mistakes","floor":18.0,"turns":4.0},{"damage":0.0,"enemies":"Hallownest:Flukemon_and_Top","floor":20.0,"turns":5.0},{"damage":0.0,"enemies":"Hallownest:eliteSoulWarrior","floor":27.0,"turns":5.0},{"damage":0.0,"enemies":"Hallownest:eliteSoulWarrior","floor":28.0,"turns":3.0},{"damage":0.0,"enemies":"Hallownest:Nosk","floor":31.0,"turns":9.0},{"damage":37.0,"enemies":"Hallownest:BossGrimm","floor":33.0,"turns":8.0},{"damage":28.0,"enemies":"Hallownest:3_Siblings","floor":35.0,"turns":9.0},{"damage":0.0,"enemies":"Hallownest:2_Littles","floor":36.0,"turns":2.0},{"damage":41.0,"enemies":"Hallownest:Slobbering_and_Violent","floor":39.0,"turns":11.0},{"damage":0.0,"enemies":"Hallownest:monsterPrimalAspid","floor":42.0,"turns":1.0},{"damage":0.0,"enemies":"Hallownest:eliteHiveKnight","floor":48.0,"turns":6.0},{"damage":9.0,"enemies":"Hallownest:BossGreyPrinceZote","floor":50.0,"turns":7.0},{"damage":0.0,"enemies":"Hallownest:monsterHuskWarrior","floor":52.0,"turns":2.0},{"damage":0.0,"enemies":"Hallownest:2_MossCreeps","floor":53.0,"turns":2.0},{"damage":0.0,"enemies":"Hallownest:eliteCrystalGuardian","floor":61.0,"turns":3.0},{"damage":0.0,"enemies":"Hallownest:eliteMossKnight","floor":63.0,"turns":1.0},{"damage":0.0,"enemies":"Hallownest:monsterHuskGuard","floor":65.0,"turns":3.0},{"damage":0.0,"enemies":"Hallownest:BossBrokenVessel","floor":67.0,"turns":4.0},{"damage":0.0,"enemies":"Hallownest:Flukemon_and_Top","floor":69.0,"turns":3.0},{"damage":0.0,"enemies":"Hallownest:eliteWatcherKnight","floor":74.0,"turns":5.0},{"damage":0.0,"enemies":"Hallownest:3_Youths","floor":75.0,"turns":4.0},{"damage":0.0,"enemies":"Hallownest:eliteSoulWarrior","floor":77.0,"turns":2.0},{"damage":0.0,"enemies":"Hallownest:2_Husk_Sentries","floor":78.0,"turns":3.0},{"damage":0.0,"enemies":"Hallownest:2_Flukemon","floor":79.0,"turns":3.0},{"damage":0.0,"enemies":"Hallownest:monsterMisterMushroom","floor":81.0,"turns":3.0},{"damage":0.0,"enemies":"Hallownest:monsterShrumalOgre","floor":82.0,"turns":2.0},{"damage":40.0,"enemies":"Hallownest:BossGrimm","floor":84.0,"turns":6.0},{"damage":0,"enemies":"Hallownest:3_Siblings","floor":86,"turns":3},{"damage":0,"enemies":"Hallownest:Shield_Heavy","floor":87,"turns":4},{"damage":0,"enemies":"Hallownest:2_Wandering_and_1_Horned","floor":88,"turns":3},{"damage":0,"enemies":"Hallownest:Xero_Hu_Marmu","floor":89,"turns":2},{"damage":0,"enemies":"Hallownest:Shield_Sturdy","floor":92,"turns":1},{"damage":0,"enemies":"Hallownest:StalkingDevout","floor":93,"turns":3},{"damage":4,"enemies":"Hallownest:eliteHiveKnight","floor":94,"turns":5},{"damage":0,"enemies":"Hallownest:StalkingDevout","floor":96,"turns":3},{"damage":0,"enemies":"Hallownest:monsterPrimalAspid","floor":97,"turns":2},{"damage":20,"enemies":"Hallownest:BossHollowKnight","floor":101,"turns":2}],"seed_played":"-3115567377084368981","potions_obtained":[{"floor":4.0,"key":"Explosive Potion"},{"floor":10.0,"key":"hermit:Tonic"},{"floor":14.0,"key":"Venom Potion"},{"floor":16.0,"key":"Swift Potion"},{"floor":39.0,"key":"Block Potion"},{"floor":42.0,"key":"Swift Potion"},{"floor":48.0,"key":"AttackPotion"},{"floor":50.0,"key":"Energy Potion"},{"floor":61.0,"key":"Block Potion"},{"floor":79.0,"key":"Energy Potion"}],"is_trial":true,"path_per_floor":["M","M","?","M","$","R","R","E","T","E","R","R","R","M","R","B",null,"M","?","M","$","?","R","R","R","T","E","?","R","$","E","R","B",null,"?","?","?","T","?","T","T","?","T","T","T","T","T","E","T","B",null,"?","?","T","?","?","T","T","T","T","E","T","E","T","?","T","B",null,"?","T","?","?","T","E","?","T","E","?","?","T","?","?","T","B",null,"?","?","?","?","T","T","?","E","E","T","E","?","?","T","T","B",null],"character_chosen":"HERMIT","items_purchased":["hermit:ItchyTrigger+1","hermit:Combo","Strawberry","halation:PrussianBluePaint","hermit:BigShot","hermit:BigShot","hermit:CharredGlove","Ginger","halation:Sosunser","hermit:Spyglass","hermit:TakeAim"],"campfire_rested":2,"item_purchase_floors":[21,30,30,38,45,47,47,62,70,90,99],"current_hp_per_floor":[68,56,56,56,56,56,56,56,56,56,56,56,56,56,56,26,75,75,75,75,75,75,75,75,75,75,75,75,75,82,82,82,45,82,54,54,54,54,13,13,37,37,37,37,37,37,37,37,61,52,82,82,82,82,82,82,82,82,82,82,82,82,82,82,82,82,82,82,82,82,82,82,82,82,82,82,82,82,82,82,82,82,82,42,82,82,82,82,82,82,82,82,82,78,78,78,78,78,78,78,58,82,82],"gold":320,"neow_bonus":"","is_daily":false,"chose_seed":false,"campfire_upgraded":22,"win_rate":0.0,"timestamp":1607665938,"path_taken":["M","M","?","M","?","R","R","E","T","E","R","R","R","M","R","BOSS","M","?","M","$","?","R","R","R","T","E","?","R","$","E","R","BOSS","?","?","?","T","?","T","T","?","T","T","T","T","T","E","T","BOSS","?","?","T","?","?","T","T","T","T","E","?","E","T","?","T","BOSS","?","T","?","?","T","E","?","T","E","?","?","T","?","?","T","BOSS","?","?","?","?","T","T","?","E","E","T","E","?","?","T","T","BOSS"],"items_purchased_type":["Undefined","Card","Relic","Relic","Card","Card","Relic","Relic","Relic","Relic","Card"],"build_version":"2020-11-30","purchased_purges":1,"victory":false,"max_hp_per_floor":[75,75,75,75,75,75,75,75,75,75,75,75,75,75,75,75,75,75,75,75,75,75,75,75,75,75,75,75,75,82,82,82,82,82,82,82,82,82,82,82,82,82,82,82,82,82,82,82,82,82,82,82,82,82,82,82,82,82,82,82,82,82,82,82,82,82,82,82,82,82,82,82,82,82,82,82,82,82,82,82,82,82,82,82,82,82,82,82,82,82,82,82,82,82,82,82,82,82,82,82,82,82,82],"card_choices":[{"not_picked":["hermit:LowProfile","hermit:HoleUp","hermit:Grudge"],"picked":"SKIP","floor":1.0},{"not_picked":["hermit:FlashPowder","hermit:Feint","hermit:WideOpen"],"picked":"SKIP","floor":2.0},{"not_picked":["hermit:BodyArmor","hermit:SprayPray"],"picked":"hermit:GhostlyPresence","floor":4.0},{"not_picked":["hermit:DeadOrAlive","hermit:Gambit","hermit:Purgatory"],"picked":"SKIP","floor":8.0},{"not_picked":["hermit:FatalDesire","hermit:BlackWind","hermit:FromBeyond"],"picked":"SKIP","floor":10.0},{"not_picked":["hermit:Glare","hermit:CursedWeapon","hermit:Roulette"],"picked":"SKIP","floor":14.0},{"not_picked":["hermit:FatalDesire","hermit:FromBeyond"],"picked":"hermit:Roughhouse","floor":16.0},{"not_picked":["hermit:Spite","hermit:Misfire+1"],"picked":"hermit:Dive+1","floor":18.0},{"not_picked":["hermit:Glare+1","hermit:HighCaliber"],"picked":"hermit:Dive","floor":20.0},{"not_picked":["hermit:HighNoon","hermit:DeadOrAlive","hermit:Dissolve"],"picked":"SKIP","floor":27.0},{"not_picked":["hermit:HighNoon","hermit:Gambit","hermit:EternalForm"],"picked":"SKIP","floor":31.0},{"not_picked":["hermit:PistolWhip","hermit:FullyLoaded+1"],"picked":"hermit:TakeAim+1","floor":35.0},{"not_picked":["hermit:BodyArmor","hermit:FullyLoaded+1","hermit:WideOpen+1"],"picked":"SKIP","floor":36.0},{"not_picked":["hermit:HighCaliber+1","hermit:PistolWhip","hermit:Roulette+1"],"picked":"SKIP","floor":39.0},{"not_picked":["hermit:Midnight+1","hermit:NoHoldsBarred+1","hermit:Quickdraw"],"picked":"SKIP","floor":42.0},{"not_picked":["hermit:FromBeyond","hermit:Purgatory","hermit:Roughhouse"],"picked":"SKIP","floor":48.0},{"not_picked":["hermit:SprayPray","hermit:Dive","hermit:HighCaliber"],"picked":"SKIP","floor":52.0},{"not_picked":["hermit:Gestalt","hermit:FinalCanter","hermit:ItchyTrigger"],"picked":"SKIP","floor":53.0},{"not_picked":["hermit:OverwhelmingPower","hermit:Reprieve","hermit:RoundhouseKick"],"picked":"SKIP","floor":61.0},{"not_picked":["hermit:OverwhelmingPower","hermit:Roughhouse","hermit:EternalForm"],"picked":"SKIP","floor":63.0},{"not_picked":["hermit:Deadeye","hermit:TrackingShot","hermit:Gestalt"],"picked":"SKIP","floor":65.0},{"not_picked":["Sickly","hermit:ImpendingDoom"],"picked":"animator:Curse_Nutcracker","floor":68.0},{"not_picked":["Wraith","Clumsy"],"picked":"Doubt","floor":68.0},{"not_picked":["Hatred","Shame"],"picked":"Regret","floor":68.0},{"not_picked":["hermit:FullyLoaded","hermit:WideOpen","hermit:LowProfile"],"picked":"SKIP","floor":69.0},{"not_picked":["hermit:ItchyTrigger","hermit:HoleUp+1","hermit:DeadMansHand"],"picked":"SKIP","floor":69.0},{"not_picked":["hermit:Gambit","hermit:BlackWind","hermit:Magnum"],"picked":"SKIP","floor":74.0},{"not_picked":["hermit:Cheat","hermit:Headshot"],"picked":"hermit:Snipe","floor":75.0},{"not_picked":["hermit:ShadowCloak+1","hermit:Manifest","hermit:Virtue"],"picked":"SKIP","floor":75.0},{"not_picked":["hermit:RoundhouseKick","hermit:Dissolve","hermit:Roughhouse"],"picked":"SKIP","floor":77.0},{"not_picked":["hermit:TakeCover+1","hermit:Glare"],"picked":"hermit:Combo+1","floor":78.0},{"not_picked":["hermit:Feint","hermit:CalledShot","hermit:TrackingShot+1"],"picked":"SKIP","floor":78.0},{"not_picked":["hermit:Snipe","hermit:Desperado+1","hermit:Headshot"],"picked":"SKIP","floor":79.0},{"not_picked":["hermit:Gestalt","hermit:Enervate","hermit:ItchyTrigger"],"picked":"SKIP","floor":79.0},{"not_picked":["hermit:Gestalt","hermit:Headshot","hermit:BodyArmor"],"picked":"SKIP","floor":81.0},{"not_picked":["hermit:Malice","hermit:OverwhelmingPower","hermit:Coalescence"],"picked":"SKIP","floor":81.0},{"not_picked":["hermit:TakeCover","hermit:Feint+1","hermit:HighCaliber"],"picked":"SKIP","floor":82.0},{"not_picked":["hermit:FlashPowder","hermit:GhostlyPresence+1","hermit:LuckOfTheDraw"],"picked":"SKIP","floor":82.0},{"not_picked":["hermit:Manifest+1","hermit:Gestalt+1","hermit:HoleUp"],"picked":"SKIP","floor":86},{"not_picked":["hermit:Misfire+1","hermit:LuckOfTheDraw+1","hermit:Spite"],"picked":"SKIP","floor":86},{"not_picked":["hermit:Cheat+1","hermit:LowProfile+1","hermit:Manifest+1"],"picked":"SKIP","floor":87},{"not_picked":["hermit:HoleUp","hermit:Glare+1","hermit:Snipe"],"picked":"SKIP","floor":87},{"not_picked":["hermit:LowProfile","hermit:Snipe+1","hermit:Desperado+1"],"picked":"SKIP","floor":88},{"not_picked":["hermit:Gestalt+1","hermit:FatalDesire","hermit:FullyLoaded+1"],"picked":"SKIP","floor":88},{"not_picked":["hermit:FullyLoaded+1","hermit:Manifest","hermit:Ricochet+1"],"picked":"SKIP","floor":89},{"not_picked":["hermit:FlashPowder","hermit:Brawl","hermit:SprayPray+1"],"picked":"SKIP","floor":89},{"not_picked":["hermit:Coalescence","hermit:EternalForm"],"picked":"hermit:BigShot","floor":92},{"not_picked":["hermit:Misfire+1","hermit:Dive+1","hermit:Quickdraw+1"],"picked":"SKIP","floor":92},{"not_picked":["hermit:HeroicBravado","hermit:Reprieve","hermit:FatalDesire"],"picked":"SKIP","floor":93},{"not_picked":["hermit:FatalDesire","hermit:Dissolve","hermit:DeadOrAlive"],"picked":"SKIP","floor":94},{"not_picked":["hermit:FatalDesire","hermit:Roughhouse","hermit:Reprieve"],"picked":"SKIP","floor":96},{"not_picked":["hermit:Headshot+1","hermit:CalledShot+1","hermit:Quickdraw+1"],"picked":"SKIP","floor":97},{"not_picked":["hermit:LowProfile+1","hermit:SprayPray","hermit:Gestalt"],"picked":"SKIP","floor":97}],"player_experience":397958,"relics_obtained":[{"floor":8.0,"key":"Divine Protection"},{"floor":9.0,"key":"LugNut"},{"floor":10.0,"key":"hermit:Horseshoe"},{"floor":26.0,"key":"Akabeko"},{"floor":27.0,"key":"Old Coin"},{"floor":31.0,"key":"conspire:TopHat"},{"floor":37.0,"key":"ReplayTheSpireMod:Ring of Collecting"},{"floor":37.0,"key":"Ring of Peace"},{"floor":43.0,"key":"Gremlin Horn"},{"floor":48.0,"key":"War Paint"},{"floor":60.0,"key":"Happy Flower"}],"event_choices":[],"is_beta":false,"boss_relics":[{"not_picked":["Abe\u0027s Treasure","Replay:Grab Bag"],"picked":"Runic Pyramid"},{"not_picked":["halation:HeavySnake","halation:LoveArrow"],"picked":"Painkiller Herb"},{"not_picked":["halation:MonkeysPaw","Cursed Key"],"picked":"Coffee Dripper"},{"not_picked":["Busted Crown","hermit:BartenderGlass"],"picked":"Replay:Ancient Bell"},{"not_picked":["ReplayTheSpireMod:Lightbulb","Potion Belt"],"picked":"Bronze Scales"},{"not_picked":["RoseTintedShades","HollowMod:StagPassRelic"],"picked":"Kunai"},{"not_picked":["hermit:RedScarf","BlackRope"],"picked":"Prayer Wheel"},{"not_picked":["CosmicIsotope","Velvet Choker"],"picked":"Sozu"},{"not_picked":["Honey Jar","halation:PlatinumPhoenix"],"picked":"Runic Dome"}],"items_purged_floors":[62],"is_endless":true,"potions_floor_spawned":[4,10,14,16,18,20,27,39,42,48,50,61,65,67,74,77,79,86,87,93,101],"ascension_level":0}}