{"host":"agela5aetnmltfvm","time":1607701386,"event":{"mods":["BaseMod","Colored Map","Jorbs\u0027s Wanderer Trilogy","Lobotomy","Minty Spire (QoL Compilation)","Replay The Spire","StSLib","The Hierophant","The Jungle","The Runesmith"],"gold_per_floor":[113,288,288,300,47,47,82,82,82,82,95,116,154,179,179,300,400,425,188,188,207,257,257,273,273,273],"floor_reached":25,"playtime":948,"items_purged":["Runesmith:Strike_RS"],"score":236,"play_id":"2fd4231b-031e-47f2-9360-0c35df2e7a92","local_time":"20201211234306","is_ascension_mode":false,"campfire_choices":[{"data":"Apotheosis","floor":6,"key":"SMITH"},{"data":"Runesmith:HammerAndChisel","floor":15,"key":"SMITH"},{"data":"Runesmith:Accelerate","floor":23,"key":"SMITH"}],"circlet_count":0,"master_deck":["Runesmith:Strike_RS","Runesmith:Strike_RS","Runesmith:Strike_RS","Runesmith:CraftFirestone","Runesmith:Fortify+1","Runesmith:HammerAndChisel+1","Runesmith:Accelerate+1","Apotheosis+1","Runesmith:Permafrost","Runesmith:CraftProtectio","Injury","Runesmith:CraftSpiculum","Runesmith:GenerateForcefield","Runesmith:Duplicate","Runesmith:Retool+1","Runesmith:LithiumIon","theJungle:Gourd","theJungle:Gourd","theJungle:Gourd","theJungle:Gourd","theJungle:Gourd","Runesmith:Firestorm+1"],"relics":["Runesmith:BrokenRuby","Vajra","Ice Cream","Golden Idol","Smiling Mask","Pet Ghost","Replay:Wanted Poster","Toolbox"],"acts_visited":["Exordium","Exordium"],"potions_floor_usage":[16,16,24],"damage_taken":[{"damage":0,"enemies":"Jaw Worm","floor":1,"turns":4},{"damage":3,"enemies":"Small Slimes","floor":4,"turns":3},{"damage":2,"enemies":"Lagavulin","floor":7,"turns":4},{"damage":0,"enemies":"Cultist","floor":11,"turns":3},{"damage":0,"enemies":"Large Slime","floor":12,"turns":6},{"damage":29,"enemies":"Gremlin Nob","floor":13,"turns":5},{"damage":3,"enemies":"Looter","floor":14,"turns":4},{"damage":5,"enemies":"The Guardian","floor":16,"turns":9},{"damage":7,"enemies":"theJungle:5_Spyders","floor":18,"turns":9},{"damage":18,"enemies":"theJungle:MUSHROOMGANG","floor":21,"turns":5},{"damage":18,"enemies":"theJungle:2_Snecko_Cultists","floor":24,"turns":5},{"damage":18,"enemies":"Snake Plant","floor":25,"turns":1}],"seed_played":"2761891860482381545","potions_obtained":[{"floor":7,"key":"Dexterity Potion"},{"floor":12,"key":"PowerPotion"},{"floor":14,"key":"LifebloodPotion"},{"floor":16,"key":"SteroidPotion"},{"floor":18,"key":"Milkshake"},{"floor":21,"key":"Ancient Potion"}],"is_trial":false,"path_per_floor":["M","?","?","M","$","R","E","?","T","?","M","M","E","M","R","B",null,"M","$","?","M","?","R","M","M"],"character_chosen":"RUNESMITH_CLASS","items_purchased":["Apotheosis","Runesmith:Permafrost","Runesmith:LithiumIon","Toolbox"],"campfire_rested":0,"item_purchase_floors":[5,5,19,19],"current_hp_per_floor":[70,70,70,67,67,67,65,65,65,51,51,51,22,19,19,14,70,63,63,63,45,36,36,18,0,0],"gold":273,"neow_bonus":"RANDOM_COMMON_RELIC","is_daily":false,"chose_seed":false,"campfire_upgraded":3,"win_rate":0.0,"timestamp":1607701386,"path_taken":["M","?","?","?","$","R","E","?","T","?","M","M","E","M","R","BOSS","M","$","?","M","?","R","?","M"],"items_purchased_type":["Card","Card","Card","Relic"],"build_version":"2020-11-30","purchased_purges":1,"victory":false,"max_hp_per_floor":[70,70,70,70,70,70,70,70,70,70,70,70,70,70,70,70,70,70,70,70,70,70,70,70,70,70],"card_choices":[{"not_picked":["Runesmith:Grindstone","Runesmith:BackupBattery"],"picked":"Runesmith:HammerAndChisel","floor":1},{"not_picked":["Runesmith:LithiumIon","Runesmith:Retool"],"picked":"Runesmith:Accelerate","floor":4},{"not_picked":["Runesmith:NanitesCloud","Runesmith:Grindstone"],"picked":"Runesmith:CraftProtectio","floor":7},{"not_picked":["Runesmith:Augment","Runesmith:StaticCage","Runesmith:HammerTime"],"picked":"SKIP","floor":11},{"not_picked":["Runesmith:CraftReservo","Runesmith:StaticCage","Runesmith:Repurpose"],"picked":"SKIP","floor":12},{"not_picked":["Runesmith:Accelerate","Runesmith:Malloc"],"picked":"Runesmith:CraftSpiculum","floor":13},{"not_picked":["Runesmith:RuneHurl","Runesmith:HeatedChisel"],"picked":"Runesmith:GenerateForcefield","floor":14},{"not_picked":["Runesmith:GenerateForcefield","Runesmith:LightningRod"],"picked":"Runesmith:Duplicate","floor":16},{"not_picked":["Runesmith:CraftProtectio","Runesmith:DoubleUp"],"picked":"Runesmith:Retool+1","floor":18},{"not_picked":["Runesmith:EnergizedChisel","Runesmith:CraftProtectio+1"],"picked":"Runesmith:Firestorm+1","floor":21},{"not_picked":["Runesmith:EnergizedChisel","Runesmith:Overpower","Runesmith:HammerAndChisel"],"picked":"SKIP","floor":24}],"player_experience":507047,"relics_obtained":[{"floor":7,"key":"Ice Cream"},{"floor":9,"key":"Smiling Mask"},{"floor":13,"key":"Pet Ghost"}],"event_choices":[{"damage_healed":0,"gold_gain":175,"player_choice":"AGREE","damage_taken":0,"max_hp_gain":0,"max_hp_loss":0,"event_name":"Liars Game","floor":2,"gold_loss":0,"cards_obtained":["Doubt"]},{"cards_removed":["Doubt"],"damage_healed":0,"gold_gain":0,"player_choice":"Removed Curses","damage_taken":0,"max_hp_gain":0,"max_hp_loss":0,"event_name":"Fountain of Cleansing","floor":3,"gold_loss":0},{"damage_healed":0,"gold_gain":0,"player_choice":"Take Wound","damage_taken":0,"relics_obtained":["Golden Idol"],"max_hp_gain":0,"max_hp_loss":0,"event_name":"Golden Idol","floor":8,"gold_loss":0,"cards_obtained":["Injury"]},{"damage_healed":0,"gold_gain":0,"player_choice":"Entered Light","damage_taken":14,"max_hp_gain":0,"max_hp_loss":0,"event_name":"Shining Light","floor":10,"gold_loss":0,"cards_upgraded":["Runesmith:Fortify","Runesmith:Defend_RS"]}],"is_beta":false,"boss_relics":[{"not_picked":["Honey Jar","Replay:Bronze Core"],"picked":"Replay:Wanted Poster"}],"items_purged_floors":[19],"is_endless":false,"potions_floor_spawned":[7,12,14,16,18,21],"killed_by":"Snake Plant","ascension_level":0}}