{"host":"2se5dq1do2gp0x9k","time":1607666459,"event":{"mods":["AchievementEnabler","BaseMod","Block Reminder","Colored Map","Colored Powertips","Minty Spire (QoL Compilation)","Relic Stats","StSLib","SuperFastMode"],"gold_per_floor":[118,130,154,170,16,45,45,61,88,106,106,120,154,229,229,229,229],"floor_reached":16,"playtime":553,"items_purged":["Strike_B"],"score":224,"play_id":"bee81ee5-58cc-4465-83be-6ed6f4b43330","local_time":"20201210220059","is_ascension_mode":true,"campfire_choices":[{"data":"Sunder","floor":7.0,"key":"SMITH"},{"floor":11.0,"key":"REST"},{"data":"Beam Cell","floor":15.0,"key":"SMITH"}],"circlet_count":0,"master_deck":["AscendersBane","Strike_B","Strike_B","Strike_B","Defend_B","Defend_B","Defend_B","Defend_B","Zap","Dualcast","Deep Breath","Sunder+1","Genetic Algorithm","Cold Snap","Beam Cell+1","Coolheaded","Ball Lightning","Hologram"],"relics":["Cracked Core","Bag of Preparation","Strawberry","Regal Pillow","Smiling Mask"],"acts_visited":["Exordium"],"potions_floor_usage":[16],"damage_taken":[{"damage":1.0,"enemies":"Cultist","floor":1.0,"turns":4.0},{"damage":0.0,"enemies":"Small Slimes","floor":2.0,"turns":2.0},{"damage":3.0,"enemies":"2 Louse","floor":4.0,"turns":2.0},{"damage":34.0,"enemies":"Gremlin Nob","floor":6.0,"turns":4.0},{"damage":7.0,"enemies":"Exordium Thugs","floor":8.0,"turns":3.0},{"damage":11.0,"enemies":"3 Louse","floor":10.0,"turns":3.0},{"damage":2.0,"enemies":"Gremlin Gang","floor":12.0,"turns":6.0},{"damage":16.0,"enemies":"3 Sentries","floor":13.0,"turns":6.0},{"damage":26,"enemies":"Hexaghost","floor":16,"turns":9}],"seed_played":"-6078564649771118564","potions_obtained":[{"floor":2.0,"key":"SteroidPotion"},{"floor":4.0,"key":"SpeedPotion"},{"floor":8.0,"key":"CultistPotion"}],"is_trial":false,"path_per_floor":["M","M","T","M","$","E","R","M","T","M","R","M","E","?","R","B"],"character_chosen":"DEFECT","items_purchased":["Beam Cell","Coolheaded"],"campfire_rested":1,"item_purchase_floors":[5,5],"current_hp_per_floor":[63,63,63,60,60,33,33,26,26,15,53,51,35,24,24,0,0],"gold":229,"neow_bonus":"RANDOM_COLORLESS","is_daily":false,"chose_seed":false,"campfire_upgraded":2,"win_rate":0.0,"timestamp":1607666459,"path_taken":["M","M","?","M","$","E","R","M","T","M","R","?","E","?","R","BOSS"],"items_purchased_type":["Card","Card"],"build_version":"2020-11-30","purchased_purges":1,"victory":false,"max_hp_per_floor":[71,71,71,71,71,78,78,78,78,78,78,78,78,78,78,78,78],"relic_stats":{"Regal Pillow":15,"counters":[9,39],"Bag of Preparation":[14],"Smiling Mask":0,"obtain_stats":[{"Regal Pillow":9,"Strawberry":6,"Bag of Preparation":3,"Cracked Core":0,"Smiling Mask":13},{"Regal Pillow":5,"Strawberry":4,"Bag of Preparation":2,"Cracked Core":0,"Smiling Mask":8},{"Regal Pillow":15,"Strawberry":12,"Bag of Preparation":6,"Cracked Core":0,"Smiling Mask":30}]},"card_choices":[{"not_picked":["Madness","Forethought"],"picked":"Deep Breath","floor":0.0},{"not_picked":["FTL","Rebound"],"picked":"Sunder","floor":1.0},{"not_picked":["Cold Snap","Beam Cell"],"picked":"Genetic Algorithm","floor":2.0},{"not_picked":["Compile Driver","Conserve Battery"],"picked":"Cold Snap","floor":4.0},{"not_picked":["Beam Cell","Fission"],"picked":"Ball Lightning","floor":6.0},{"not_picked":["Barrage","Ball Lightning","Undo"],"picked":"SKIP","floor":8.0},{"not_picked":["Undo","Ball Lightning"],"picked":"Hologram","floor":10.0},{"not_picked":["Scrape","Redo","BootSequence"],"picked":"SKIP","floor":12.0},{"not_picked":["Fusion","FTL","Barrage"],"picked":"SKIP","floor":13.0}],"player_experience":3599930,"relics_obtained":[{"floor":3.0,"key":"Bag of Preparation"},{"floor":6.0,"key":"Strawberry"},{"floor":9.0,"key":"Regal Pillow"},{"floor":13.0,"key":"Smiling Mask"}],"event_choices":[{"damage_healed":0.0,"max_hp_gain":0.0,"max_hp_loss":0.0,"gold_gain":75.0,"event_name":"World of Goop","player_choice":"Gather Gold","floor":14.0,"gold_loss":0.0,"damage_taken":11.0}],"is_beta":false,"boss_relics":[],"items_purged_floors":[5],"is_endless":false,"potions_floor_spawned":[2,4,8],"killed_by":"Hexaghost","ascension_level":20}}