{"host":"mvlqq966zh3ccmv5","time":1607655669,"event":{"mods":["AchievementEnabler","BaseMod","DeckTracker","Minty Spire (QoL Compilation)","SuperFastMode"],"gold_per_floor":[117,42,42,57,7,32,32,32,58,58,73,73,90,100,100,100,100],"floor_reached":16,"playtime":286,"items_purged":["Strike_P"],"score":100,"play_id":"43efdb17-21ba-4a6e-879f-de6b1a8f28fa","local_time":"20201211120109","is_ascension_mode":false,"campfire_choices":[{"data":"Eruption","floor":7,"key":"SMITH"},{"data":"ClearTheMind","floor":10,"key":"SMITH"},{"data":"Adaptation","floor":15,"key":"SMITH"}],"circlet_count":0,"master_deck":["Strike_P","Strike_P","Defend_P","Defend_P","Defend_P","Eruption+1","Vigilance","ClearTheMind+1","Adaptation+1"],"relics":["PureWater"],"acts_visited":["Exordium"],"potions_floor_usage":[6,16,16],"damage_taken":[{"damage":0,"enemies":"Small Slimes","floor":1,"turns":3},{"damage":0,"enemies":"2 Louse","floor":4,"turns":2},{"damage":5,"enemies":"3 Sentries","floor":6,"turns":8},{"damage":0,"enemies":"Jaw Worm","floor":11,"turns":3},{"damage":3,"enemies":"2 Fungi Beasts","floor":13,"turns":3},{"damage":2,"enemies":"Looter","floor":14,"turns":4},{"damage":67,"enemies":"Hexaghost","floor":16,"turns":10}],"seed_played":"6496903041465112425","potions_obtained":[{"floor":1,"key":"Ambrosia"},{"floor":13,"key":"SkillPotion"},{"floor":14,"key":"PowerPotion"}],"is_trial":false,"path_per_floor":["M","$","?","M","?","E","R","$","T","R","M","?","M","M","R","B"],"character_chosen":"WATCHER","items_purchased":[],"campfire_rested":0,"item_purchase_floors":[],"current_hp_per_floor":[79,79,72,72,72,67,67,67,67,67,67,72,69,67,67,0,0],"gold":100,"neow_bonus":"TEN_PERCENT_HP_BONUS","is_daily":false,"chose_seed":false,"campfire_upgraded":3,"win_rate":0.0,"timestamp":1607655669,"path_taken":["M","$","?","M","?","E","R","$","T","R","M","?","M","M","R","BOSS"],"items_purchased_type":[],"build_version":"2020-11-30","purchased_purges":1,"victory":false,"max_hp_per_floor":[79,79,79,79,79,79,79,79,79,79,79,84,84,84,84,84,84],"card_choices":[{"not_picked":["ForeignInfluence","CrushJoints","Conclude"],"picked":"SKIP","floor":1},{"not_picked":["FlyingSleeves","Crescendo"],"picked":"ClearTheMind","floor":4},{"not_picked":["Conclude","ForeignInfluence","CutThroughFate"],"picked":"SKIP","floor":6},{"not_picked":["BowlingBash","Meditate"],"picked":"Adaptation","floor":11},{"not_picked":["JustLucky","Sanctity","BowlingBash"],"picked":"SKIP","floor":13},{"not_picked":["CutThroughFate","Halt","FollowUp"],"picked":"SKIP","floor":14}],"player_experience":193102,"relics_obtained":[],"event_choices":[{"cards_removed":["Defend_P"],"damage_healed":0,"gold_gain":0,"player_choice":"Card Removal","damage_taken":7,"max_hp_gain":0,"max_hp_loss":0,"event_name":"Golden Wing","floor":3,"gold_loss":0},{"cards_removed":["Strike_P"],"damage_healed":0,"gold_gain":0,"player_choice":"Card Removal","damage_taken":0,"max_hp_gain":0,"max_hp_loss":0,"event_name":"The Cleric","floor":5,"gold_loss":50},{"damage_healed":0,"gold_gain":0,"player_choice":"Donut","damage_taken":0,"max_hp_gain":5,"max_hp_loss":0,"event_name":"Big Fish","floor":12,"gold_loss":0}],"is_beta":false,"boss_relics":[],"items_purged_floors":[2],"is_endless":false,"potions_floor_spawned":[1,13,14],"killed_by":"Hexaghost","ascension_level":0}}