{"host":"0vd2boh2oi7jm085","time":1607664590,"event":{"mods":["BaseMod","Colored Map","Colored Powertips","Highlight Path","Minty Spire (QoL Compilation)","Quick Restart","StSLib","The IronCluck"],"gold_per_floor":[118,118,134,134,153,153,61,136,184,202,235,235,235,246,246,317,317,331,331,0,0,11,11,11,11],"floor_reached":24,"playtime":434,"items_purged":[],"score":349,"play_id":"8e5605f1-89cc-45ee-8275-cab672b3332b","local_time":"20201210212950","is_ascension_mode":true,"campfire_choices":[{"data":"Perfected Strike","floor":6.0,"key":"SMITH"},{"floor":13.0,"key":"REST"},{"floor":15.0,"key":"REST"},{"data":"Seeing Red","floor":23.0,"key":"SMITH"}],"circlet_count":0,"master_deck":["AscendersBane","Strike_R","Strike_R","Strike_R","Strike_R","Strike_R","Defend_R","Defend_R","Defend_R","Bash","Flex","Perfected Strike+1","Inflame","Flex","Flex","Seeing Red+1","Thunderclap","Shrug It Off+1","Rampage+1"],"relics":["Burning Blood","NeowsBlessing","Pen Nib","Nunchaku","Bottled Tornado","Strawberry","Snecko Eye","Toxic Egg 2"],"acts_visited":["Exordium","TheCity"],"potions_floor_usage":[],"damage_taken":[{"damage":0.0,"enemies":"Cultist","floor":1.0,"turns":1.0},{"damage":0.0,"enemies":"2 Louse","floor":3.0,"turns":2.0},{"damage":0.0,"enemies":"Jaw Worm","floor":5.0,"turns":1.0},{"damage":23.0,"enemies":"Exordium Wildlife","floor":10.0,"turns":4.0},{"damage":30.0,"enemies":"Lagavulin","floor":11.0,"turns":5.0},{"damage":10.0,"enemies":"2 Fungi Beasts","floor":14.0,"turns":3.0},{"damage":54.0,"enemies":"The Guardian","floor":16.0,"turns":11.0},{"damage":6.0,"enemies":"Spheric Guardian","floor":18.0,"turns":3.0},{"damage":20.0,"enemies":"3 Byrds","floor":22.0,"turns":5.0},{"damage":70,"enemies":"Book of Stabbing","floor":24,"turns":4}],"seed_played":"-7531532596241612548","potions_obtained":[{"floor":5.0,"key":"EssenceOfSteel"},{"floor":10.0,"key":"PowerPotion"}],"is_trial":false,"path_per_floor":["M","?","M","?","M","R","$","?","T","M","E","T","R","M","R","B",null,"M","?","$","?","M","R","E"],"character_chosen":"IRONCLAD","items_purchased":["Inflame","Flex","Toxic Egg 2","Shrug It Off+1"],"campfire_rested":2,"item_purchase_floors":[7,7,20,20],"current_hp_per_floor":[74,56,62,62,68,68,68,57,57,40,16,23,47,43,67,19,66,66,82,82,82,68,68,0,0],"gold":11,"neow_bonus":"THREE_ENEMY_KILL","is_daily":false,"chose_seed":false,"campfire_upgraded":2,"win_rate":0.0,"timestamp":1607664590,"path_taken":["M","?","M","?","?","R","$","?","T","M","E","?","R","M","R","BOSS","M","?","$","?","M","R","E"],"items_purchased_type":["Card","Card","Relic","Undefined"],"build_version":"2020-11-30","purchased_purges":0,"victory":false,"max_hp_per_floor":[75,75,75,75,75,75,75,75,75,75,75,82,82,82,82,82,82,82,82,82,82,82,82,82,82],"card_choices":[{"not_picked":["Shrug It Off","Battle Trance"],"picked":"Flex","floor":1.0},{"not_picked":["Clothesline","Rage","Shrug It Off"],"picked":"SKIP","floor":3.0},{"not_picked":["Clash","Havoc"],"picked":"Perfected Strike","floor":5.0},{"not_picked":["Dark Embrace","Headbutt"],"picked":"Flex","floor":10.0},{"not_picked":["Power Through","Fire Breathing","Berserk"],"picked":"SKIP","floor":11.0},{"not_picked":["Havoc","True Grit"],"picked":"Seeing Red","floor":14.0},{"not_picked":["Rage","Iron Wave+1"],"picked":"Thunderclap","floor":18.0},{"not_picked":["Headbutt","Anger"],"picked":"Rampage+1","floor":22.0}],"player_experience":73724,"relics_obtained":[{"floor":9.0,"key":"Nunchaku"},{"floor":11.0,"key":"Bottled Tornado"},{"floor":12.0,"key":"Strawberry"}],"event_choices":[{"damage_healed":0.0,"max_hp_gain":0.0,"max_hp_loss":0.0,"gold_gain":0.0,"event_name":"Scrap Ooze","player_choice":"Success","floor":2.0,"gold_loss":0.0,"damage_taken":18.0,"relics_obtained":["Pen Nib"]},{"cards_removed":["Defend_R"],"damage_healed":0.0,"max_hp_gain":0.0,"max_hp_loss":0.0,"gold_gain":0.0,"event_name":"Bonfire Elementals","player_choice":"Offered Basic","floor":4.0,"gold_loss":0.0,"damage_taken":0.0},{"damage_healed":0.0,"max_hp_gain":0.0,"max_hp_loss":0.0,"gold_gain":75.0,"event_name":"World of Goop","player_choice":"Gather Gold","floor":8.0,"gold_loss":0.0,"damage_taken":11.0},{"damage_healed":16.0,"max_hp_gain":0.0,"max_hp_loss":0.0,"gold_gain":0.0,"event_name":"The Library","player_choice":"Heal","floor":19.0,"gold_loss":0.0,"damage_taken":0.0}],"is_beta":false,"boss_relics":[{"not_picked":["Runic Pyramid","Empty Cage"],"picked":"Snecko Eye"}],"items_purged_floors":[],"is_endless":false,"potions_floor_spawned":[5,10],"killed_by":"Book of Stabbing","ascension_level":16}}