{"host":"981nlwu0905dw1bz","time":1607684168,"event":{"mods":["BaseMod","DeckTracker","Minty Spire (QoL Compilation)","Rare Cards Sparkle","SuperFastMode"],"gold_per_floor":[111,125,9,23,41,41,60,60,60,60,70,70,70,119,119,217,217,204,4,24,24,24,24,55,55,105,118,137,151,0,0,0,104,104,114,125,125,135,149,149,149,169,169,169,169,169,19,30,30,30,30],"floor_reached":50,"playtime":1536,"items_purged":[],"score":658,"play_id":"11ca9eba-39e6-4138-9848-7aa625b2a591","local_time":"20201211195608","is_ascension_mode":true,"campfire_choices":[{"data":"Streamline","floor":6.0,"key":"SMITH"},{"data":"Glacier","floor":8.0,"key":"SMITH"},{"data":"Gash","floor":13.0,"key":"SMITH"},{"data":"Gash","floor":15.0,"key":"SMITH"},{"floor":23.0,"key":"REST"},{"floor":25.0,"key":"REST"},{"floor":32.0,"key":"REST"},{"floor":40,"key":"REST"},{"floor":45,"key":"REST"},{"floor":49,"key":"REST"}],"circlet_count":0,"master_deck":["Zap","Dualcast","Ball Lightning","Glacier+1","Leap","Gash+1","Beam Cell","Gash+1","Streamline+1","FTL","Static Discharge","Machine Learning","Darkness","Defragment","Conserve Battery","Force Field","Defragment","Steam","Defragment","Go for the Eyes","All For One","Conserve Battery+1","Echo Form","Steam+1","Leap+1","Reboot","Bandage Up"],"relics":["Cracked Core","NeowsBlessing","Nunchaku","Potion Belt","Akabeko","Pandora\u0027s Box","Orichalcum","Mummified Hand","Omamori","PreservedInsect","Nuclear Battery","Vajra"],"acts_visited":["Exordium","TheCity","TheBeyond"],"potions_floor_usage":[38,38,48,50,50,50],"damage_taken":[{"damage":0.0,"enemies":"2 Louse","floor":1.0,"turns":1.0},{"damage":0.0,"enemies":"Cultist","floor":2.0,"turns":1.0},{"damage":0.0,"enemies":"Jaw Worm","floor":4.0,"turns":1.0},{"damage":16.0,"enemies":"Blue Slaver","floor":5.0,"turns":3.0},{"damage":0.0,"enemies":"Looter","floor":7.0,"turns":2.0},{"damage":2.0,"enemies":"3 Louse","floor":11.0,"turns":3.0},{"damage":42.0,"enemies":"Slime Boss","floor":16.0,"turns":7.0},{"damage":13.0,"enemies":"2 Thieves","floor":18.0,"turns":4.0},{"damage":0.0,"enemies":"Chosen","floor":20.0,"turns":4.0},{"damage":39.0,"enemies":"Slavers","floor":24.0,"turns":6.0},{"damage":0.0,"enemies":"Centurion and Healer","floor":27.0,"turns":7.0},{"damage":12.0,"enemies":"Shelled Parasite and Fungi","floor":28.0,"turns":4.0},{"damage":25.0,"enemies":"Snake Plant","floor":29.0,"turns":5.0},{"damage":18.0,"enemies":"Collector","floor":33.0,"turns":9.0},{"damage":0.0,"enemies":"3 Shapes","floor":35.0,"turns":4.0},{"damage":4,"enemies":"Orb Walker","floor":36,"turns":3},{"damage":29,"enemies":"Spire Growth","floor":38,"turns":6},{"damage":0,"enemies":"3 Darklings","floor":39,"turns":6},{"damage":35,"enemies":"Maw","floor":42,"turns":7},{"damage":10,"enemies":"Sphere and 2 Shapes","floor":48,"turns":4},{"damage":76,"enemies":"Donu and Deca","floor":50,"turns":8}],"seed_played":"5355087831047027447","potions_obtained":[{"floor":7.0,"key":"FearPotion"},{"floor":11.0,"key":"GamblersBrew"},{"floor":20.0,"key":"Explosive Potion"},{"floor":28.0,"key":"EssenceOfSteel"},{"floor":29.0,"key":"AttackPotion"},{"floor":33.0,"key":"EssenceOfSteel"},{"floor":42,"key":"Fire Potion"},{"floor":48,"key":"Energy Potion"}],"is_trial":false,"path_per_floor":["M","M","$","M","M","R","M","R","T","?","M","$","R","T","R","B",null,"M","$","M","?","$","R","E","R","T","M","M","M","$","?","R","B",null,"M","M","?","M","M","R","?","M","T","?","R","?","$","M","R","B"],"character_chosen":"DEFECT","items_purchased":["Leap","Gash","Beam Cell","Orichalcum","Go for the Eyes","PreservedInsect","Dexterity Potion","SkillPotion","Weak Potion"],"campfire_rested":6,"item_purchase_floors":[3,3,3,19,19,30,47,47,47],"current_hp_per_floor":[68,68,68,68,52,52,52,52,52,52,50,50,50,50,50,8,58,45,45,45,45,45,67,28,50,50,50,38,13,13,13,35,17,61,61,57,57,28,28,50,69,34,34,34,56,56,56,46,68,0,0],"gold":30,"neow_bonus":"THREE_ENEMY_KILL","is_daily":false,"chose_seed":false,"campfire_upgraded":4,"win_rate":0.0,"timestamp":1607684168,"path_taken":["M","M","$","M","M","R","M","R","T","?","?","?","R","?","R","BOSS","M","?","M","?","?","R","E","R","T","M","M","?","$","?","R","BOSS","M","M","?","M","M","R","?","M","T","?","R","?","$","M","R","BOSS"],"items_purchased_type":["Card","Card","Card","Relic","Card","Relic","Potion","Potion","Potion"],"build_version":"2020-11-30","purchased_purges":0,"victory":false,"max_hp_per_floor":[75,75,75,75,75,75,75,75,75,75,75,75,75,75,75,75,75,75,75,75,75,75,75,75,75,75,75,75,75,75,75,75,75,75,75,75,75,75,75,75,75,75,75,75,75,75,75,75,75,75,75],"card_choices":[{"not_picked":["Gash","Cold Snap"],"picked":"Ball Lightning","floor":1.0},{"not_picked":["Gash","Tempest"],"picked":"Glacier","floor":2.0},{"not_picked":["Coolheaded","Ball Lightning"],"picked":"Gash","floor":4.0},{"not_picked":["Hello World","Consume"],"picked":"Streamline","floor":5.0},{"not_picked":["Aggregate","Turbo"],"picked":"FTL","floor":7.0},{"not_picked":["Hello World","Hyperbeam"],"picked":"Static Discharge","floor":11.0},{"not_picked":["Amplify","Fission"],"picked":"Machine Learning","floor":16.0},{"not_picked":["Rebound","Redo","Streamline"],"picked":"SKIP","floor":18.0},{"not_picked":["Redo","Chaos+1","Ball Lightning"],"picked":"SKIP","floor":20.0},{"not_picked":["Creative AI","Rebound"],"picked":"All For One","floor":24.0},{"not_picked":["Hologram+1","Rip and Tear"],"picked":"Conserve Battery+1","floor":27.0},{"not_picked":["Leap","Cold Snap+1","Conserve Battery+1"],"picked":"SKIP","floor":28.0},{"not_picked":["Aggregate","Sunder","Ball Lightning+1"],"picked":"SKIP","floor":29.0},{"not_picked":["Hyperbeam","Reboot"],"picked":"Echo Form","floor":33.0},{"not_picked":["Barrage","Beam Cell","Leap"],"picked":"SKIP","floor":35.0},{"not_picked":["Tempest+1","Leap"],"picked":"Steam+1","floor":36},{"not_picked":["White Noise","Streamline"],"picked":"Steam+1","floor":38},{"not_picked":["Conserve Battery","Doom and Gloom"],"picked":"Leap+1","floor":39},{"not_picked":["Coolheaded","Go for the Eyes"],"picked":"Reboot","floor":42},{"not_picked":["Good Instincts","Finesse"],"picked":"Bandage Up","floor":44},{"not_picked":["Cold Snap+1","Doom and Gloom","Chaos+1"],"picked":"SKIP","floor":48}],"player_experience":430287,"relics_obtained":[{"floor":9.0,"key":"Nunchaku"},{"floor":14.0,"key":"Akabeko"},{"floor":24.0,"key":"Mummified Hand"},{"floor":26.0,"key":"Omamori"},{"floor":43,"key":"Vajra"}],"event_choices":[{"damage_healed":0.0,"max_hp_gain":0.0,"max_hp_loss":0.0,"gold_gain":0.0,"event_name":"WeMeetAgain","player_choice":"Gave Potion","floor":10.0,"gold_loss":0.0,"damage_taken":0.0,"relics_obtained":["Potion Belt"]},{"damage_healed":0.0,"max_hp_gain":0.0,"max_hp_loss":0.0,"gold_gain":0.0,"event_name":"Ghosts","player_choice":"Ignored","floor":31.0,"gold_loss":0.0,"damage_taken":0.0},{"cards_removed":["Steam"],"damage_healed":0,"gold_gain":0,"player_choice":"Removed Skill","damage_taken":0,"max_hp_gain":0,"max_hp_loss":0,"event_name":"Falling","floor":37,"gold_loss":0},{"damage_healed":19,"gold_gain":0,"player_choice":"Writhe","damage_taken":0,"max_hp_gain":0,"max_hp_loss":0,"event_name":"Winding Halls","floor":41,"gold_loss":0,"cards_obtained":["Writhe"]},{"damage_healed":0,"gold_gain":0,"player_choice":"Memory 1","damage_taken":0,"max_hp_gain":0,"max_hp_loss":0,"event_name":"SensoryStone","floor":44,"gold_loss":0},{"cards_removed":["Hello World"],"damage_healed":0,"gold_gain":0,"player_choice":"Purged","damage_taken":0,"max_hp_gain":0,"max_hp_loss":0,"event_name":"Purifier","floor":46,"gold_loss":0}],"is_beta":false,"boss_relics":[{"not_picked":["Runic Pyramid","Cursed Key"],"picked":"Pandora\u0027s Box"},{"not_picked":["Coffee Dripper","Empty Cage"],"picked":"Nuclear Battery"}],"items_purged_floors":[],"is_endless":false,"potions_floor_spawned":[7,11,20,28,29,33,42,48],"killed_by":"Donu and Deca","ascension_level":9}}