{"host":"h5acbxt0wmjo1kpm","time":1607678720,"event":{"mods":["2.2 Compatiblity","Act Like it!","AlwaysNeverKeys","Aspiration","Bartender","BaseMod","Better Third Choice","Colored Map","Elementarium","Gensokyo","GifTheSpireLib","Hallownest","Marisa????????","Minty Spire (QoL Compilation)","Permanent Neow","Potionbrewer","Relic Filter","Replay The Spire","Robot Space Explorer","RumiaBox-????????","Shade Mod","Spicy Shops","StSLib","The Blackbeard","The Dragon Tamer","The Forsaken","The Gatherer","The Problem Sleuth","The Servant 0.9.4","Wandering Minibosses","vexMod"],"gold_per_floor":[115,115,115,130,95,95,110,74,155,155,155],"floor_reached":10,"playtime":685,"items_purged":[],"score":81,"play_id":"7a3a0589-889a-429b-bd2b-3359889de323","local_time":"20201211012520","is_ascension_mode":true,"campfire_choices":[{"data":"potionbrewer:ExplosiveReaction","floor":6.0,"key":"SMITH"}],"circlet_count":0,"master_deck":["potionbrewer:PotionbrewerStrike","potionbrewer:PotionbrewerStrike","potionbrewer:PotionbrewerStrike","potionbrewer:PotionbrewerStrike","potionbrewer:PotionbrewerDefend","potionbrewer:PotionbrewerDefend","potionbrewer:PotionbrewerDefend","potionbrewer:PotionbrewerDefend","potionbrewer:Collect","potionbrewer:ChemicalSpill","potionbrewer:ExplosiveReaction+1","potionbrewer:LeftoverSpecimen"],"relics":["potionbrewer:PotionKit","aspiration:Nostalgia","blackbeard:LoadTheCannons","Hallownest:DreamNailRelic","Ornamental Fan"],"acts_visited":[],"potions_floor_usage":[10,10,10],"damage_taken":[{"damage":2.0,"enemies":"Hallownest:monsterHuskGuard","floor":1.0,"turns":4.0},{"damage":5.0,"enemies":"Hallownest:monsterHuskWarrior","floor":4.0,"turns":5.0},{"damage":9.0,"enemies":"2_ Uuma","floor":7.0,"turns":7.0},{"damage":24,"enemies":"Hallownest:eliteMossKnight","floor":10,"turns":17}],"seed_played":"-2279976572054347285","potions_obtained":[{"floor":1.0,"key":"potionbrewer:QuicksilverPotion"}],"is_trial":false,"path_per_floor":["M","?","$","M","?","R","M","$","T","E"],"character_chosen":"POTIONBREWER","items_purchased":["potionbrewer:LeftoverSpecimen"],"campfire_rested":0,"item_purchase_floors":[8],"current_hp_per_floor":[66,66,66,61,66,66,57,57,57,33,33],"gold":155,"neow_bonus":"NOSTALGIA","is_daily":false,"chose_seed":false,"campfire_upgraded":1,"win_rate":0.0,"timestamp":1607678720,"path_taken":["M","?","$","?","?","R","M","?","T","E"],"items_purchased_type":["Card"],"build_version":"2020-11-30","purchased_purges":0,"victory":false,"max_hp_per_floor":[75,75,75,75,80,80,80,80,80,80,80],"card_choices":[{"not_picked":["potionbrewer:Shovel","potionbrewer:UnstableFormula"],"picked":"potionbrewer:ExplosiveReaction","floor":1.0},{"not_picked":["potionbrewer:UnstableFormula","potionbrewer:Discombobulate","potionbrewer:TimeBomb"],"picked":"SKIP","floor":4.0},{"not_picked":["potionbrewer:ResearchResults","potionbrewer:Refill","potionbrewer:PrivateReserves"],"picked":"SKIP","floor":7.0}],"player_experience":1901897,"relics_obtained":[{"floor":9.0,"key":"Ornamental Fan"}],"event_choices":[],"is_beta":false,"boss_relics":[],"items_purged_floors":[],"is_endless":false,"potions_floor_spawned":[1],"killed_by":"Hallownest:eliteMossKnight","ascension_level":9}}