{"host":"8dpalrttb7ksmhgg","time":1607718336,"event":{"mods":["Act Like it!","Aspiration","Astrologer","BaseMod","Beaked The Cultist","Better Skull","BetterRewards","Conspire","Downfall","Energized Spire","Friendly Minions","GifTheSpireLib","Halation","Hubris","Hyrulean Relics","Infinite Spire","Lobotomy","Mimic Mod","Minty Spire (QoL Compilation)","Pale of the Ancients","Replay The Spire","Retaliation","Shop Mod","Somnambulant","StSLib","Stuff the Spire","The Blackbeard","The Bug Knight","The Construct","The Disciple","The Gatherer","The Hierophant","The Jungle","The Mystic","The Necromancer","The Poker Player","The Sage","Wandering Minibosses","[IsaacMod]????"],"gold_per_floor":[114,114,128,303,313,313,19,44,44,60,60,122,122,142,142,247,247,258,258,173,173,185,199,199,199,199,199,229,229,263,288,288,391,391,404,404,417,417,428,461,471,471,495,495,495,495,495,508,508,508,551,598,598,598,598,654,654,654,654,654],"floor_reached":61,"playtime":2904,"items_purged":["Doubt","Strike_R","Strike_R","Defend_R","Strike_R"],"score":2085,"play_id":"2976f6ed-f318-4e72-8c30-accf420b44aa","local_time":"20201211152536","is_ascension_mode":true,"campfire_choices":[{"data":"Bash","floor":6.0,"key":"SMITH"},{"data":"infinitespire:OneForAll","floor":15.0,"key":"SMITH"},{"data":"Rampage","floor":25.0,"key":"SMITH"},{"data":"StuffTheSpire:Innocence","floor":27.0,"key":"SMITH"},{"data":"Replay:SS_forest_2","floor":32.0,"key":"SMITH"},{"data":"Armaments","floor":42.0,"key":"SMITH"},{"data":"infinitespire:UltimateForm","floor":46.0,"key":"SMITH"},{"floor":49.0,"key":"RECALL"},{"data":"Replay:Fractal Strike","floor":55,"key":"SMITH"},{"data":"infinitespire:NeuralNetwork","floor":57,"key":"SMITH"}],"circlet_count":0,"master_deck":["Strike_R","Defend_R","Defend_R+1","Defend_R","Bash+1","Shrug It Off+1","DDmod:UnstoppableAttack","infinitespire:OneForAll+1","Inflame","StuffTheSpire:Innocence+1","Replay:SS_forest_2+1","Pot Of Greed","Pot Of Greed","conspire:ExplosiveBarrier","Feed","Rampage+1","Searing Blow","Armaments+1","Impatience","Iron Wave+1","infinitespire:UltimateForm+1","Pot Of Greed","infinitespire:NeuralNetwork+1","Replay:Fractal Strike+1","hubris:StunningStrike","Cleave","DDmod:UnstoppableAttack","Reaper","Juggernaut","DDmod:UnstoppableAttack"],"relics":["Burning Blood","HushsDoor","GuppysHead","Replay:Wax Seal","infinitespire:PuzzleCube","Membership Card","infinitespire:Lucky Rock","Pen Nib","SteamSale","BlankCard","infinitespire:FocusingShard","King of Hearts","StuffTheSpire:BottledEssence","Grinning Jar","MagicMushroom","hubris:PeanutButter","aspiration:EmptySkull","infinitespire:CursedDice","Magic Flower","WingedGreaves","Bag of Marbles","Vajra","StuffTheSpire:MayFlowers","Anchor","TheAbacus","BookOfRevelations","hubris:TenFootPole","hubris:TerracottaHorce","Replay:Baseball","BFFS","hubris:SlimyHat","Ancient Tea Set","War Paint","sagemod:Red_Beast_Statue","sagemod:The_Guidebook_Guide","infinitespire:EvilPickle","paleoftheancients:Timepiece","paleoftheancients:KeyRelic","Gremlin Horn","CultistMask","paleoftheancients:SoulOfTheWokeBloke","Gremlin Food","halation:Diary","hubris:64BitClover","ReplayFunnel","TheBean","Orrery"],"acts_visited":["Exordium","TheCity","TheBeyond","TheBeyond"],"potions_floor_usage":[60,60],"damage_taken":[{"damage":10.0,"enemies":"Small Slimes","floor":1.0,"turns":3.0},{"damage":0.0,"enemies":"2 Louse","floor":3.0,"turns":3.0},{"damage":6.0,"enemies":"Jaw Worm","floor":5.0,"turns":3.0},{"damage":28.0,"enemies":"HollowMod:MossKnight","floor":8.0,"turns":11.0},{"damage":2.0,"enemies":"Blue Slaver","floor":10.0,"turns":4.0},{"damage":13.0,"enemies":"Large Slime","floor":14.0,"turns":7.0},{"damage":30.0,"enemies":"The Guardian","floor":16.0,"turns":11.0},{"damage":0.0,"enemies":"Chosen","floor":18.0,"turns":7.0},{"damage":0.0,"enemies":"conspire:FuzzyDice","floor":22.0,"turns":8.0},{"damage":0.0,"enemies":"Snecko","floor":23.0,"turns":5.0},{"damage":14.0,"enemies":"Book of Stabbing","floor":28.0,"turns":5.0},{"damage":0.0,"enemies":"conspire:SneckoGhost","floor":30.0,"turns":5.0},{"damage":0.0,"enemies":"HollowMod:Nosk","floor":31.0,"turns":6.0},{"damage":15.0,"enemies":"Pondfish","floor":33.0,"turns":8.0},{"damage":0.0,"enemies":"3 Shapes","floor":35.0,"turns":5.0},{"damage":0.0,"enemies":"3 Darklings","floor":37.0,"turns":4.0},{"damage":0.0,"enemies":"Transient","floor":39.0,"turns":5.0},{"damage":8.0,"enemies":"Reptomancer","floor":40.0,"turns":8.0},{"damage":15.0,"enemies":"Writhing Mass","floor":41.0,"turns":4.0},{"damage":0.0,"enemies":"Maw","floor":48.0,"turns":4.0},{"damage":4.0,"enemies":"infinitespire:MassOfShapes","floor":50.0,"turns":9.0},{"damage":52.0,"enemies":"infinitespire:MassOfShapes","floor":51.0,"turns":9.0},{"damage":10,"enemies":"infinitespire:MassOfShapes","floor":52,"turns":6},{"damage":0,"enemies":"infinitespire:MassOfShapes","floor":56,"turns":2},{"damage":0,"enemies":"paleoftheancients:N","floor":60,"turns":8}],"seed_played":"5434213758743051872","potions_obtained":[{"floor":3.0,"key":"Fire Potion"},{"floor":5.0,"key":"EssenceOfSteel"},{"floor":12.0,"key":"Cursed Concoction"},{"floor":52,"key":"ColorlessPotion"}],"is_trial":false,"path_per_floor":["M","?","M","?","M","R","$","E","T","M","?","?","$","M","R","B",null,"M","$","?","?","M","M","$","R","T","R","E","$","E","E","R","B",null,"M","$","M","?","M","E","M","R","T","AVR","$","R","?","M","R","B","M","M","?","$","R","M","R","$","?","B",null],"character_chosen":"IRONCLAD","items_purchased":["Membership Card","infinitespire:Lucky Rock","Pen Nib","King of Hearts","StuffTheSpire:BottledEssence","Regen Potion","Flashbang","Replay:SS_forest_2","Grinning Jar","hubris:PeanutButter","aspiration:EmptySkull","Magic Flower","WingedGreaves","infinitespire:BlackPotion","Rampage","StuffTheSpire:MayFlowers","Anchor","TheAbacus","Replay:Baseball","BFFS","Searing Blow","Armaments","Impatience","War Paint","sagemod:Red_Beast_Statue","sagemod:The_Guidebook_Guide","hubris:StunningStrike","Flashbang","Gremlin Food","halation:Diary","hubris:64BitClover","Energy Potion","ReplayFunnel","TheBean","Reaper","Orrery"],"campfire_rested":0,"item_purchase_floors":[7,7,7,13,13,13,13,13,13,19,19,24,24,24,24,29,29,29,36,36,36,36,36,45,45,45,45,45,54,54,54,54,58,58,58,58],"current_hp_per_floor":[76,73,79,79,80,80,80,65,65,73,66,46,46,49,49,52,87,87,87,87,87,95,98,98,98,98,98,93,93,98,98,98,98,98,98,98,98,98,98,98,98,98,98,98,98,98,98,98,98,98,89,98,98,98,98,98,98,98,98,98],"gold":654,"neow_bonus":"RANDOM_COMMON_RELIC","is_daily":false,"chose_seed":false,"campfire_upgraded":9,"win_rate":0.0,"timestamp":1607718336,"path_taken":["M","?","M","?","M","R","$","E","T","M","?","?","$","M","R","BOSS","M","?","?","?","?","M","$","R","T","R","E","?","E","E","R","BOSS","M","$","M","?","M","E","M","R","T","AVR","$","R","?","M","R","BOSS","M","M","?","$","R","M","R","$","?","BOSS"],"items_purchased_type":["Relic","Relic","Relic","Relic","Relic","Potion","Potion","Card","Relic","Relic","Relic","Relic","Relic","Potion","Card","Relic","Relic","Relic","Relic","Relic","Card","Card","Card","Relic","Relic","Relic","Card","Potion","Relic","Relic","Relic","Potion","Relic","Relic","Card","Relic"],"build_version":"2020-11-30","purchased_purges":5,"victory":true,"max_hp_per_floor":[80,80,80,80,80,80,80,80,80,80,80,80,80,80,80,80,87,87,87,87,87,95,98,98,98,98,98,98,98,98,98,98,98,98,98,98,98,98,98,98,98,98,98,98,98,98,98,98,98,98,98,98,98,98,98,98,98,98,98,98],"card_choices":[{"not_picked":["Life Link","Spot Weakness"],"picked":"Shrug It Off","floor":1.0},{"not_picked":["Warcry","DDmod:CallousedSkill"],"picked":"DDmod:UnstoppableAttack","floor":3.0},{"not_picked":["Rage","Corruption","Heavy Blade"],"picked":"SKIP","floor":5.0},{"not_picked":["Replay:Undeath\u0027s Touch","Run Through"],"picked":"infinitespire:OneForAll","floor":8.0},{"not_picked":["Iron Wave","Dark Embrace"],"picked":"Inflame","floor":10.0},{"not_picked":["Defy Death","Demon Form"],"picked":"conspire:ExplosiveBarrier","floor":14.0},{"not_picked":["Immolate","DDmod:RechargeSkill"],"picked":"Feed","floor":16.0},{"not_picked":["Iron Wave","True Grit+1","StuffTheSpire:Slingshot"],"picked":"SKIP","floor":18.0},{"not_picked":["StuffTheSpire:RagingBull","Combust+1","Body Slam"],"picked":"SKIP","floor":22.0},{"not_picked":["Feel No Pain","Heavy Blade+1","Whirlwind"],"picked":"SKIP","floor":23.0},{"not_picked":["Immolate","ReplayTheSpireMod:Corrosion Curse","Eclipse"],"picked":"SKIP","floor":28.0},{"not_picked":["Twin Strike","Flex","Iron Wave"],"picked":"SKIP","floor":30.0},{"not_picked":["ReplayTheSpireMod:Strike From Hell+1","Dark Embrace","Flex"],"picked":"SKIP","floor":31.0},{"not_picked":["Thunderclap","Havoc","Intimidate"],"picked":"SKIP","floor":35.0},{"not_picked":["Iron Wave","Sword Boomerang+1","Dropkick+1"],"picked":"SKIP","floor":37.0},{"not_picked":["Rupture","True Grit","StuffTheSpire:Slingshot+1"],"picked":"SKIP","floor":39.0},{"not_picked":["Havoc","StuffTheSpire:Pyroclast","Perfected Strike"],"picked":"SKIP","floor":40.0},{"not_picked":["Second Wind+1","Pommel Strike"],"picked":"Iron Wave+1","floor":41.0},{"not_picked":["Battle Trance","Infernal Blade+1"],"picked":"Cleave","floor":48.0},{"not_picked":["Heavy Blade","Wild Strike","Bloodletting+1"],"picked":"SKIP","floor":51.0},{"not_picked":["Run Through","Dark Embrace"],"picked":"DDmod:UnstoppableAttack","floor":52},{"not_picked":["Shrug It Off+1","DDmod:SpikeMailSkill","DDmod:PokeAttack"],"picked":"SKIP","floor":56},{"not_picked":["Replay:Undeath\u0027s Touch","DDmod:SpikedSkill"],"picked":"Juggernaut","floor":58},{"not_picked":["Clash+1","Cleave"],"picked":"DDmod:UnstoppableAttack","floor":58}],"player_experience":707710,"relics_obtained":[{"floor":8.0,"key":"SteamSale"},{"floor":9.0,"key":"BlankCard"},{"floor":12.0,"key":"infinitespire:FocusingShard"},{"floor":26.0,"key":"Bag of Marbles"},{"floor":28.0,"key":"Vajra"},{"floor":30.0,"key":"BookOfRevelations"},{"floor":31.0,"key":"hubris:TenFootPole"},{"floor":40.0,"key":"hubris:SlimyHat"},{"floor":43.0,"key":"Ancient Tea Set"},{"floor":51.0,"key":"paleoftheancients:SoulOfTheWokeBloke"}],"event_choices":[{"damage_healed":0.0,"max_hp_gain":0.0,"max_hp_loss":0.0,"gold_gain":0.0,"event_name":"Scrap Ooze","player_choice":"Success","floor":2.0,"gold_loss":0.0,"damage_taken":3.0,"relics_obtained":["infinitespire:PuzzleCube"]},{"damage_healed":0.0,"max_hp_gain":0.0,"max_hp_loss":0.0,"gold_gain":175.0,"event_name":"Liars Game","player_choice":"AGREE","floor":4.0,"gold_loss":0.0,"damage_taken":0.0,"cards_obtained":["Doubt"]},{"damage_healed":0.0,"max_hp_gain":0.0,"max_hp_loss":0.0,"gold_gain":0.0,"event_name":"Addict","player_choice":"Obtained Relic","floor":20.0,"gold_loss":85.0,"damage_taken":0.0,"relics_obtained":["infinitespire:CursedDice"]},{"cards_removed":["Strike_R"],"damage_healed":0.0,"max_hp_gain":0.0,"max_hp_loss":0.0,"gold_gain":0.0,"event_name":"Falling","player_choice":"Removed Attack","floor":38.0,"gold_loss":0.0,"damage_taken":0.0},{"damage_healed":0.0,"max_hp_gain":0.0,"max_hp_loss":0.0,"gold_gain":0.0,"event_name":"The Woman in Blue","player_choice":"Bought 0 Potions","floor":47.0,"gold_loss":0.0,"damage_taken":0.0},{"damage_healed":0,"gold_gain":0,"player_choice":"Ignored","damage_taken":0,"max_hp_gain":0,"max_hp_loss":0,"event_name":"WeMeetAgain","floor":53,"gold_loss":0}],"is_beta":false,"boss_relics":[{"not_picked":["Electric Blood","Snecko Eye"],"picked":"MagicMushroom"},{"not_picked":[]},{"not_picked":["aspiration:FutureDiary","StuffTheSpire:RunicConfusion"],"picked":"hubris:TerracottaHorce"},{"not_picked":[]}],"items_purged_floors":[13,19,24,29,36],"is_endless":false,"potions_floor_spawned":[3,5,14,18,23,31,33,37,48,52,56],"ascension_level":5}}