{"host":"gcl3kjho9wmyw479","time":1607676056,"event":{"mods":["Act Like it!","BaseMod","Better Note","Minty Spire (QoL Compilation)","Permanent Neow","Quick Restart","Replay The Spire","Shop Mod","StSLib","SuperFastMode","Wandering Minibosses"],"gold_per_floor":[116,191,116,16,16,16,16,44,44,44,44,44,44,144,144,242,242,260,260,260,260,135,188,188,235,260,42,42,87,87,130,130,235,235,263,293,293,393,393,393,424,454,454,485,135,182,182,218,218,230,230,230,17,56,74],"floor_reached":56,"playtime":2341,"items_purged":["Disarm","Iron Wave","Flex","Clash"],"score":1326,"play_id":"06e10145-23aa-455e-9a3a-681099a85902","local_time":"20201211034056","daily_mods":["Draft","Heirloom","Flight","DeadlyEvents","Elite Swarm"],"is_ascension_mode":true,"campfire_choices":[{"data":"Entrench","floor":6,"key":"SMITH"},{"data":"Entrench","floor":7,"key":"SMITH"},{"data":"Seeing Red","floor":10,"key":"SMITH"},{"data":"Body Slam","floor":11,"key":"SMITH"},{"data":"Shrug It Off","floor":13,"key":"SMITH"},{"data":"Shrug It Off","floor":15,"key":"SMITH"},{"floor":24,"key":"RECALL"},{"data":"Warcry","floor":30,"key":"SMITH"},{"floor":40,"key":"REST"},{"floor":47,"key":"REST"},{"floor":49,"key":"REST"},{"floor":52,"key":"REST"}],"circlet_count":0,"master_deck":["Shrug It Off+1","Replay:Undeath\u0027s Touch+1","Seeing Red+1","Entrench+1","Body Slam+1","Shrug It Off+1","Entrench+1","Warcry+1","Replay:Bootleg Shield Generator+1","Barricade+1","Offering+1","Evolve+1","Thinking Ahead+1"],"relics":["Burning Blood","Golden Egg","ReplayFunnel","Painkiller Herb","Nloth\u0027s Gift","Replay:Bandana","CeramicFish","Toy Ornithopter","PreservedInsect","Anchor","Vajra","Another Sword","Fusion Hammer","NeowsBlessing","Pocketwatch","Pondfish Scales","ReplayTheSpireMod:Lightbulb","MerchantsRug","Pantograph","War Paint","Whetstone"],"acts_visited":["Exordium","TheCity","TheBeyond","TheEnding"],"potions_floor_usage":[29,35,55,55,55],"damage_taken":[{"damage":0,"enemies":"2 Louse","floor":1,"turns":3},{"damage":0,"enemies":"Lagavulin","floor":8,"turns":6},{"damage":58,"enemies":"Fading Forest","floor":16,"turns":11},{"damage":0,"enemies":"Chosen","floor":18,"turns":3},{"damage":0,"enemies":"Gremlin Leader","floor":23,"turns":5},{"damage":0,"enemies":"Book of Stabbing","floor":25,"turns":3},{"damage":0,"enemies":"Slavers","floor":29,"turns":4},{"damage":6,"enemies":"Book of Stabbing","floor":31,"turns":2},{"damage":6,"enemies":"Collector","floor":33,"turns":2},{"damage":6,"enemies":"Orb Walker","floor":35,"turns":2},{"damage":6,"enemies":"3 Darklings","floor":36,"turns":5},{"damage":0,"enemies":"Nemesis","floor":41,"turns":1},{"damage":0,"enemies":"R_Hoarder","floor":42,"turns":2},{"damage":0,"enemies":"Giant Head","floor":44,"turns":1},{"damage":27,"enemies":"R_Hoarder","floor":46,"turns":6},{"damage":6,"enemies":"Nemesis","floor":48,"turns":1},{"damage":6,"enemies":"Replay:Hell Engine","floor":50,"turns":3},{"damage":0,"enemies":"Shield and Spear","floor":54,"turns":2},{"damage":6,"enemies":"The Heart","floor":55,"turns":5}],"seed_played":"-564240700660723369","potions_obtained":[{"floor":18,"key":"EssenceOfSteel"},{"floor":32,"key":"Languid Potion"},{"floor":32,"key":"DistilledChaos"},{"floor":33,"key":"Death Potion"},{"floor":35,"key":"LiquidBronze"},{"floor":42,"key":"Reflective Coating"}],"is_trial":true,"path_per_floor":["M","?","$","$","WH","R","R","E","T","R","R","$","R","WH","R","B",null,"?","WH","?","WH","T","E","T","E","T","T","WH","E","T","E","T","B",null,"?","?","WH","WH","WH","T","E","E","T","E","T","E","T","E","T","B",null,"T","T","E","B",null],"character_chosen":"IRONCLAD","items_purchased":["Evolve","ReplayTheSpireMod:Lightbulb","MerchantsRug","Thinking Ahead","War Paint"],"campfire_rested":4,"item_purchase_floors":[27,45,45,53,53],"current_hp_per_floor":[80,69,69,69,51,51,51,57,57,57,57,57,57,57,57,17,80,80,80,80,80,80,80,80,80,80,80,80,80,80,80,80,80,80,80,80,80,80,80,80,80,80,80,80,80,62,80,80,80,80,80,80,80,80,80],"gold":74,"neow_bonus":"REMOVE_CARD","is_daily":false,"chose_seed":false,"campfire_upgraded":7,"win_rate":0.0,"timestamp":1607676056,"path_taken":["M","?","$","$","WH","R","R","E","T","R","R","$","R","WH","R","BOSS","?","WH","?","WH","T","E","T","E","T","T","WH","E","T","E","T","BOSS","?","?","WH","WH","WH","T","E","E","T","E","T","E","T","E","T","BOSS","T","T","E","BOSS"],"items_purchased_type":["Card","Relic","Relic","Card","Relic"],"build_version":"2020-11-30","purchased_purges":4,"victory":true,"max_hp_per_floor":[80,80,80,80,80,80,80,80,80,80,80,80,80,80,80,80,80,80,80,80,80,80,80,80,80,80,80,80,80,80,80,80,80,80,80,80,80,80,80,80,80,80,80,80,80,80,80,80,80,80,80,80,80,80,80],"card_choices":[{"not_picked":["Pommel Strike","Burning Pact"],"picked":"Shrug It Off","floor":0},{"not_picked":["Sword Boomerang","Shrug It Off"],"picked":"Clash","floor":0},{"not_picked":["Second Wind","Metallicize"],"picked":"Disarm","floor":0},{"not_picked":["Twin Strike","Havoc"],"picked":"Replay:Undeath\u0027s Touch","floor":0},{"not_picked":["True Grit","Anger"],"picked":"Seeing Red","floor":0},{"not_picked":["Havoc","Headbutt"],"picked":"Entrench","floor":0},{"not_picked":["Infernal Blade","ReplayTheSpireMod:LeadingStrike"],"picked":"Iron Wave","floor":0},{"not_picked":["Headbutt","Defy Death"],"picked":"Clash","floor":0},{"not_picked":["Cleave","Thunderclap"],"picked":"Body Slam","floor":0},{"not_picked":["Anger","Heavy Blade"],"picked":"Flex","floor":0},{"not_picked":["ReplayTheSpireMod:LeadingStrike","ReplayTheSpireMod:Strike From Hell"],"picked":"Shrug It Off","floor":0},{"not_picked":["Run Through","Headbutt"],"picked":"True Grit","floor":0},{"not_picked":["Run Through","True Grit"],"picked":"Entrench","floor":0},{"not_picked":["ReplayTheSpireMod:LeadingStrike","ReplayTheSpireMod:Strike From Hell"],"picked":"Fire Breathing","floor":0},{"not_picked":["Sword Boomerang","Armaments"],"picked":"Warcry","floor":0},{"not_picked":["Sentinel","Run Through","Sever Soul"],"picked":"SKIP","floor":1},{"not_picked":["Reaper","Berserk","Hemogenesis"],"picked":"SKIP","floor":8},{"not_picked":["Replay:Undeath\u0027s Touch","Clothesline","Sentinel"],"picked":"SKIP","floor":18},{"not_picked":["PanicButton","ReplayTheSpireMod:Trickstab"],"picked":"Replay:Bootleg Shield Generator","floor":19},{"not_picked":["Berserk","Demonic Infusion"],"picked":"Barricade","floor":23},{"not_picked":["Hemogenesis","Fiend Fire"],"picked":"Offering","floor":25},{"not_picked":["Bludgeon","Brutality","Exhume"],"picked":"SKIP","floor":29},{"not_picked":["Juggernaut","Reaper","Fiend Fire"],"picked":"SKIP","floor":31},{"not_picked":["Fire Breathing","Heavy Blade","Run Through"],"picked":"SKIP","floor":35},{"not_picked":["Headbutt+1","ReplayTheSpireMod:Limb From Limb+1","Wild Strike+1"],"picked":"SKIP","floor":36},{"not_picked":["Demonic Infusion","Barricade","Juggernaut"],"picked":"SKIP","floor":41},{"not_picked":["Double Tap","Bludgeon","Offering"],"picked":"SKIP","floor":42},{"not_picked":["Offering","Fiend Fire","Feed"],"picked":"SKIP","floor":44},{"not_picked":["Juggernaut","Reaper","Limit Break"],"picked":"SKIP","floor":46},{"not_picked":["Berserk","Offering","Demonic Infusion"],"picked":"SKIP","floor":48},{"not_picked":["Juggernaut","Demonic Infusion","Replay:Many Hands"],"picked":"SKIP","floor":54}],"player_experience":397823,"relics_obtained":[{"floor":8,"key":"Golden Egg"},{"floor":9,"key":"ReplayFunnel"},{"floor":23,"key":"CeramicFish"},{"floor":25,"key":"Toy Ornithopter"},{"floor":26,"key":"PreservedInsect"},{"floor":29,"key":"Vajra"},{"floor":31,"key":"Another Sword"},{"floor":41,"key":"Pocketwatch"},{"floor":42,"key":"Magic Flower"},{"floor":44,"key":"Pondfish Scales"},{"floor":46,"key":"Pantograph"},{"floor":48,"key":"Regal Pillow"},{"floor":54,"key":"Whetstone"}],"event_choices":[{"damage_healed":0,"gold_gain":75,"player_choice":"Gather Gold","damage_taken":11,"max_hp_gain":0,"max_hp_loss":0,"event_name":"World of Goop","floor":2,"gold_loss":0},{"damage_healed":0,"gold_gain":0,"player_choice":"Traded Relic","damage_taken":0,"relics_obtained":["Nloth\u0027s Gift"],"max_hp_gain":0,"max_hp_loss":0,"event_name":"N\u0027loth","floor":20,"relics_lost":["Girya"],"gold_loss":0}],"is_beta":false,"boss_relics":[{"not_picked":["Runic Pyramid","Kintsugi"],"picked":"Painkiller Herb"},{"not_picked":["Electric Blood","Sozu"],"picked":"Fusion Hammer"}],"items_purged_floors":[3,4,22,27],"is_endless":false,"potions_floor_spawned":[18,33,35,42,54],"ascension_level":1}}