{"host":"h0xw20cia6ppa69g","time":1607673471,"event":{"mods":["AchievementEnabler","BaseMod","Colored Map","Googly Eyes","Minty Spire (QoL Compilation)","Relic Stats","StSLib","The Awakened One except there are too many feathers","everything is the same but u backflip on backflip"],"gold_per_floor":[15,15,30,50,50,79,79,94,147,159,172,202,213,213,213,312,312,332,332,346,57,57,57,87,109,121,161,192,204,316,328,340,454,466,497,509,534,546,570,613,665,717,782,794,704,716,781,825,837,849,861,873,67,106,106],"floor_reached":56,"playtime":2881,"items_purged":["Strike_B"],"score":1542,"play_id":"6b7841c9-6171-41cf-b62a-f6ba0b7d7cf1","local_time":"20201211015751","is_ascension_mode":true,"campfire_choices":[{"data":"Biased Cognition","floor":7.0,"key":"SMITH"},{"floor":15.0,"key":"REST"},{"data":"Defragment","floor":23.0,"key":"SMITH"},{"data":"Defragment","floor":29.0,"key":"SMITH"},{"data":"Go for the Eyes","floor":32,"key":"SMITH"},{"floor":44,"key":"RECALL"},{"floor":49,"key":"REST"},{"data":"Recycle","floor":52,"key":"SMITH"}],"circlet_count":0,"master_deck":["Defend_B","Defend_B","Defend_B","Defend_B","Dualcast","All For One","Streamline","Core Surge+1","Conserve Battery","Ball Lightning","Biased Cognition+1","Leap+1","Sweeping Beam+1","Heatsinks","Go for the Eyes+1","Loop","Electrodynamics","Defragment+1","Heatsinks","Defragment+1","BootSequence","Force Field+1","Storm+1","Steam","Aggregate","Self Repair","Capacitor+1","Stack+1","Recycle+1","Turbo","Thunder Strike","Stack","Force Field","Biased Cognition","Biased Cognition","Lockon","Transmutation","Leap+1"],"relics":["Cracked Core","Letter Opener","Happy Flower","Blood Vial","Black Star","Nunchaku","Orrery","Bag of Preparation","MawBank","Pocketwatch","Thread and Needle","Juzu Bracelet","Whetstone","WingedGreaves","Bottled Flame","Runic Pyramid","Smiling Mask","Pen Nib","Lizard Tail","CeramicFish","Pear","Torii","Singing Bowl","Gambling Chip","Pantograph","Dead Branch","InkBottle","Lee\u0027s Waffle","War Paint","Incense Burner","Lantern"],"acts_visited":["TheCity","TheBeyond","TheEnding"],"potions_floor_usage":[41,55,55],"damage_taken":[{"damage":5.0,"enemies":"Small Slimes","floor":1.0,"turns":3.0},{"damage":1.0,"enemies":"Jaw Worm","floor":3.0,"turns":4.0},{"damage":0.0,"enemies":"Cultist","floor":4.0,"turns":3.0},{"damage":30.0,"enemies":"Gremlin Nob","floor":6.0,"turns":5.0},{"damage":11.0,"enemies":"Lots of Slimes","floor":8.0,"turns":4.0},{"damage":5.0,"enemies":"Looter","floor":10.0,"turns":3.0},{"damage":6.0,"enemies":"2 Fungi Beasts","floor":11.0,"turns":2.0},{"damage":8.0,"enemies":"3 Sentries","floor":12.0,"turns":4.0},{"damage":1.0,"enemies":"Exordium Wildlife","floor":13.0,"turns":4.0},{"damage":10.0,"enemies":"The Guardian","floor":16.0,"turns":8.0},{"damage":15.0,"enemies":"2 Thieves","floor":18.0,"turns":2.0},{"damage":10.0,"enemies":"Spheric Guardian","floor":20.0,"turns":3.0},{"damage":0.0,"enemies":"Book of Stabbing","floor":24.0,"turns":3.0},{"damage":15.0,"enemies":"Snake Plant","floor":25.0,"turns":3.0},{"damage":0.0,"enemies":"Slavers","floor":27.0,"turns":4.0},{"damage":0.0,"enemies":"Centurion and Healer","floor":28.0,"turns":3.0},{"damage":3.0,"enemies":"Colosseum Slavers","floor":30.0,"turns":3.0},{"damage":1.0,"enemies":"Colosseum Nobs","floor":30.0,"turns":4.0},{"damage":2,"enemies":"Champ","floor":33,"turns":8},{"damage":0,"enemies":"3 Shapes","floor":35,"turns":4},{"damage":0,"enemies":"3 Darklings","floor":37,"turns":2},{"damage":0,"enemies":"Sphere and 2 Shapes","floor":39,"turns":3},{"damage":0,"enemies":"Giant Head","floor":40,"turns":6},{"damage":52,"enemies":"Reptomancer","floor":41,"turns":6},{"damage":0,"enemies":"Giant Head","floor":42,"turns":6},{"damage":21,"enemies":"2 Orb Walkers","floor":47,"turns":3},{"damage":16,"enemies":"Reptomancer","floor":48,"turns":4},{"damage":52,"enemies":"Awakened One","floor":50,"turns":8},{"damage":27,"enemies":"Shield and Spear","floor":54,"turns":4},{"damage":70,"enemies":"The Heart","floor":55,"turns":8}],"seed_played":"3280200040388639749","potions_obtained":[{"floor":3.0,"key":"ColorlessPotion"},{"floor":8.0,"key":"PowerPotion"},{"floor":10.0,"key":"Energy Potion"},{"floor":13.0,"key":"FocusPotion"},{"floor":16.0,"key":"LiquidMemories"},{"floor":18.0,"key":"Weak Potion"},{"floor":25.0,"key":"Block Potion"},{"floor":28.0,"key":"FairyPotion"},{"floor":47,"key":"PowerPotion"}],"is_trial":false,"path_per_floor":["M","?","M","M","?","E","R","M","T","M","M","E","M","?","R","B",null,"M","?","M","$","?","R","E","M","T","E","M","R","?","?","R","B",null,"M","?","M","?","M","E","E","E","T","R","?","?","?","E","R","B",null,"R","$","E","B",null],"character_chosen":"DEFECT","items_purchased":["Orrery","Bag of Preparation","InkBottle","Lockon","Lee\u0027s Waffle","War Paint","Transmutation"],"campfire_rested":2,"item_purchase_floors":[21,21,53,53,53,53,53],"current_hp_per_floor":[70,70,69,69,69,39,39,28,28,23,17,9,10,10,32,24,75,60,60,52,52,52,52,61,55,55,64,73,73,74,74,74,75,75,75,75,75,75,75,75,30,49,49,49,49,49,32,27,53,35,89,89,96,69,33],"gold":106,"neow_bonus":"THREE_RARE_CARDS","is_daily":false,"chose_seed":false,"campfire_upgraded":5,"win_rate":0.0,"timestamp":1607673471,"path_taken":["M","?","M","M","?","E","R","?","T","M","M","E","?","?","R","BOSS","M","?","M","$","?","R","E","M","T","E","M","R","?","?","R","BOSS","M","?","M","?","M","E","E","E","T","R","?","?","?","E","R","BOSS","R","$","E","BOSS"],"items_purchased_type":["Relic","Relic","Relic","Card","Relic","Relic","Card"],"build_version":"2020-11-30","purchased_purges":1,"victory":true,"max_hp_per_floor":[75,75,75,75,75,75,75,75,75,75,75,75,75,75,75,75,75,75,75,75,75,75,75,75,75,75,75,75,75,75,75,75,75,75,75,75,75,75,75,75,75,85,85,85,85,85,87,89,89,89,89,89,96,96,96],"relic_stats":{"Lee\u0027s Waffle":7,"Happy Flower":[36],"Torii":22,"Singing Bowl":4,"counters":[30,127],"CeramicFish":45,"Dead Branch":[13],"Pen Nib":[3],"Bag of Preparation":[36],"Juzu Bracelet":2,"Letter Opener":[177],"Whetstone":["Sweeping Beam","Core Surge"],"War Paint":["Force Field","Leap"],"MawBank":348,"Smiling Mask":25,"Blood Vial":27,"Nunchaku":[7],"Lizard Tail":0,"Gambling Chip":[8],"Pantograph":50,"Black Star":7,"obtain_stats":[{"Lantern":54,"Torii":42,"Singing Bowl":45,"CeramicFish":41,"Bag of Preparation":21,"Juzu Bracelet":27,"Incense Burner":54,"Whetstone":27,"Smiling Mask":40,"Blood Vial":12,"Nunchaku":19,"Lizard Tail":41,"Gambling Chip":47,"Pantograph":48,"WingedGreaves":30,"Cracked Core":0,"InkBottle":53,"Runic Pyramid":34,"Lee\u0027s Waffle":53,"Pear":42,"Happy Flower":9,"Dead Branch":48,"Thread and Needle":26,"Pen Nib":40,"Letter Opener":6,"War Paint":53,"MawBank":24,"Bottled Flame":30,"Orrery":21,"Black Star":17,"Pocketwatch":24},{"Lantern":29,"Torii":25,"Singing Bowl":25,"CeramicFish":24,"Bag of Preparation":12,"Juzu Bracelet":15,"Incense Burner":29,"Whetstone":15,"Smiling Mask":23,"Blood Vial":8,"Nunchaku":11,"Lizard Tail":24,"Gambling Chip":26,"Pantograph":27,"WingedGreaves":18,"Cracked Core":0,"InkBottle":28,"Runic Pyramid":19,"Lee\u0027s Waffle":28,"Pear":25,"Happy Flower":5,"Dead Branch":27,"Thread and Needle":14,"Pen Nib":23,"Letter Opener":4,"War Paint":28,"MawBank":13,"Bottled Flame":18,"Orrery":12,"Black Star":10,"Pocketwatch":13},{"Lantern":119,"Torii":100,"Singing Bowl":100,"CeramicFish":94,"Bag of Preparation":45,"Juzu Bracelet":55,"Incense Burner":119,"Whetstone":55,"Smiling Mask":88,"Blood Vial":28,"Nunchaku":42,"Lizard Tail":94,"Gambling Chip":103,"Pantograph":107,"WingedGreaves":65,"Cracked Core":0,"InkBottle":115,"Runic Pyramid":73,"Lee\u0027s Waffle":115,"Pear":100,"Happy Flower":19,"Dead Branch":107,"Thread and Needle":51,"Pen Nib":88,"Letter Opener":15,"War Paint":115,"MawBank":48,"Bottled Flame":65,"Orrery":45,"Black Star":40,"Pocketwatch":48}],"InkBottle":[5],"Pocketwatch":[26]},"card_choices":[{"not_picked":["Thunder Strike","Machine Learning"],"picked":"All For One","floor":0.0},{"not_picked":["Steam","Reprogram"],"picked":"Streamline","floor":1.0},{"not_picked":["Double Energy","Steam Power"],"picked":"Conserve Battery","floor":3.0},{"not_picked":["Conserve Battery","Turbo"],"picked":"Ball Lightning","floor":4.0},{"not_picked":["Lockon","Steam Power"],"picked":"Biased Cognition","floor":6.0},{"not_picked":["Streamline","Undo"],"picked":"Leap","floor":8.0},{"not_picked":["Recycle","Consume"],"picked":"Sweeping Beam","floor":10.0},{"not_picked":["Steam","Skim"],"picked":"Heatsinks","floor":11.0},{"not_picked":["Streamline","Fusion"],"picked":"Go for the Eyes","floor":12.0},{"not_picked":["Barrage","Ball Lightning"],"picked":"Loop","floor":13.0},{"not_picked":["Meteor Strike","Multi-Cast"],"picked":"Electrodynamics","floor":16.0},{"not_picked":["Conserve Battery","Heatsinks"],"picked":"Defragment","floor":18.0},{"not_picked":["Darkness","Ball Lightning"],"picked":"Heatsinks","floor":20.0},{"not_picked":["Hologram","Streamline"],"picked":"Defragment","floor":21.0},{"not_picked":["Compile Driver+1","Electrodynamics"],"picked":"BootSequence","floor":21.0},{"not_picked":["Leap","Redo"],"picked":"Force Field","floor":21.0},{"not_picked":["Fusion","Undo"],"picked":"Storm+1","floor":21.0},{"not_picked":["Reprogram","Compile Driver"],"picked":"Steam","floor":21.0},{"not_picked":["Cold Snap+1","Hyperbeam"],"picked":"Capacitor","floor":24.0},{"not_picked":["Gash+1","Undo+1"],"picked":"Stack+1","floor":25.0},{"not_picked":["Undo+1","Chaos"],"picked":"Lockon","floor":27.0},{"not_picked":["Go for the Eyes","Steam"],"picked":"Recycle","floor":28.0},{"not_picked":["Redo+1","Sweeping Beam"],"picked":"Turbo","floor":30},{"not_picked":["Fission","Electrodynamics"],"picked":"Thunder Strike","floor":33},{"not_picked":["Reprogram","Aggregate"],"picked":"Stack","floor":35},{"not_picked":["Beam Cell","Reprogram","Conserve Battery"],"picked":"SKIP","floor":37},{"not_picked":["Compile Driver+1","Go for the Eyes+1","Redo"],"picked":"SKIP","floor":39},{"not_picked":["Gash","Rebound","Stack+1"],"picked":"SKIP","floor":40},{"not_picked":["Hello World+1","Cold Snap"],"picked":"Biased Cognition","floor":41},{"not_picked":["Go for the Eyes","Streamline"],"picked":"Biased Cognition","floor":42},{"not_picked":["Rebound+1","Steam","Ball Lightning+1"],"picked":"Singing Bowl","floor":47},{"not_picked":["Rip and Tear","Compile Driver","Doom and Gloom+1"],"picked":"Singing Bowl","floor":48},{"not_picked":["Rip and Tear+1","Sweeping Beam+1"],"picked":"Leap+1","floor":54}],"player_experience":3475682,"relics_obtained":[{"floor":6.0,"key":"Letter Opener"},{"floor":9.0,"key":"Happy Flower"},{"floor":12.0,"key":"Blood Vial"},{"floor":24.0,"key":"MawBank"},{"floor":24.0,"key":"Pocketwatch"},{"floor":26.0,"key":"Thread and Needle"},{"floor":27.0,"key":"Juzu Bracelet"},{"floor":27.0,"key":"Whetstone"},{"floor":30,"key":"WingedGreaves"},{"floor":30,"key":"Bottled Flame"},{"floor":40,"key":"Smiling Mask"},{"floor":40,"key":"Pen Nib"},{"floor":41,"key":"Lizard Tail"},{"floor":41,"key":"CeramicFish"},{"floor":42,"key":"Pear"},{"floor":42,"key":"Torii"},{"floor":47,"key":"Gambling Chip"},{"floor":48,"key":"Pantograph"},{"floor":48,"key":"Dead Branch"},{"floor":54,"key":"Incense Burner"},{"floor":54,"key":"Lantern"}],"event_choices":[{"damage_healed":0.0,"max_hp_gain":0.0,"max_hp_loss":0.0,"gold_gain":0.0,"cards_transformed":["Strike_B"],"event_name":"Living Wall","player_choice":"Change","floor":2.0,"gold_loss":0.0,"damage_taken":0.0,"cards_obtained":["Core Surge"]},{"cards_removed":["Strike_B"],"damage_healed":0.0,"max_hp_gain":0.0,"max_hp_loss":0.0,"gold_gain":0.0,"event_name":"Bonfire Elementals","player_choice":"Offered Basic","floor":5.0,"gold_loss":0.0,"damage_taken":0.0},{"damage_healed":0.0,"max_hp_gain":0.0,"max_hp_loss":0.0,"gold_gain":0.0,"event_name":"Shining Light","player_choice":"Ignored","floor":14.0,"gold_loss":0.0,"damage_taken":0.0},{"damage_healed":0.0,"max_hp_gain":0.0,"max_hp_loss":0.0,"gold_gain":0.0,"event_name":"The Mausoleum","player_choice":"Opened","floor":19.0,"gold_loss":0.0,"damage_taken":0.0,"relics_obtained":["Nunchaku"]},{"damage_healed":0.0,"max_hp_gain":0.0,"max_hp_loss":0.0,"gold_gain":0.0,"cards_transformed":["Strike_B","Zap"],"event_name":"Drug Dealer","player_choice":"Became Test Subject","floor":22.0,"gold_loss":0.0,"damage_taken":0.0,"cards_obtained":["Aggregate","Self Repair"]},{"damage_healed":0.0,"max_hp_gain":0.0,"max_hp_loss":0.0,"gold_gain":0.0,"event_name":"Colosseum","player_choice":"Fight","floor":30.0,"gold_loss":0.0,"damage_taken":0.0},{"damage_healed":0.0,"max_hp_gain":0.0,"max_hp_loss":0.0,"gold_gain":0.0,"event_name":"Colosseum","player_choice":"Fought Nobs","floor":30.0,"gold_loss":0.0,"damage_taken":0.0},{"damage_healed":0,"gold_gain":0,"player_choice":"Upgraded","damage_taken":0,"max_hp_gain":0,"max_hp_loss":0,"event_name":"Upgrade Shrine","floor":31,"gold_loss":0,"cards_upgraded":["Capacitor"]},{"damage_healed":0,"gold_gain":0,"player_choice":"Copied","damage_taken":0,"max_hp_gain":0,"max_hp_loss":0,"event_name":"Duplicator","floor":36,"gold_loss":0,"cards_obtained":["Force Field"]},{"cards_removed":["Lockon"],"damage_healed":0,"gold_gain":0,"player_choice":"Removed Attack","damage_taken":0,"max_hp_gain":0,"max_hp_loss":0,"event_name":"Falling","floor":38,"gold_loss":0},{"damage_healed":0,"gold_gain":0,"player_choice":"Paid Gold","damage_taken":0,"relics_obtained":["Singing Bowl"],"max_hp_gain":0,"max_hp_loss":0,"event_name":"WeMeetAgain","floor":45,"gold_loss":102},{"damage_healed":0,"gold_gain":0,"player_choice":"Ignored","damage_taken":0,"max_hp_gain":0,"max_hp_loss":0,"event_name":"Tomb of Lord Red Mask","floor":46,"gold_loss":0},{"damage_healed":0,"gold_gain":0,"player_choice":"Fight","damage_taken":0,"max_hp_gain":0,"max_hp_loss":0,"event_name":"Mysterious Sphere","floor":47,"gold_loss":0}],"is_beta":false,"boss_relics":[{"not_picked":["Velvet Choker","Fusion Hammer"],"picked":"Black Star"},{"not_picked":["Cursed Key","Busted Crown"],"picked":"Runic Pyramid"}],"items_purged_floors":[53],"is_endless":false,"potions_floor_spawned":[3,8,10,11,13,16,18,24,25,28,37,40,47,54],"ascension_level":1}}