{"host":"f55lpzc7830gmx23","time":1607708020,"event":{"mods":["BaseMod","Better Note","Downfall","Hermit","Minty Spire (QoL Compilation)","StSLib","The Blackbeard","The Cursed","The Necromancer"],"gold_per_floor":[113,131,131,356,368,368,393,393,420,420,454,467,437,457,457,553,553,553,553,553,576,576,576,604,618,618,618,618,618],"floor_reached":27,"playtime":1023,"items_purged":[],"score":347,"play_id":"6690722f-6849-48d7-ade2-5d72989b0d8d","local_time":"20201211183340","is_ascension_mode":true,"campfire_choices":[{"data":"blackbeard:Parrot","floor":6.0,"key":"SMITH"},{"data":"blackbeard:WeaponProficiency","floor":8.0,"key":"SMITH"},{"floor":10.0,"key":"REST"},{"floor":15.0,"key":"REST"},{"data":"blackbeard:TheDrunkenSailor","floor":23.0,"key":"SMITH"}],"circlet_count":0,"master_deck":["blackbeard:BlackbeardStrike","blackbeard:BlackbeardStrike","blackbeard:BlackbeardStrike","blackbeard:BlackbeardStrike","blackbeard:IntimidatingStrike","blackbeard:BlackbeardDefend","blackbeard:BlackbeardDefend","blackbeard:BlackbeardDefend","blackbeard:BlackbeardDefend","blackbeard:Cutlass","blackbeard:BeatUp","blackbeard:BeatUp","blackbeard:Parrot+1","blackbeard:WeaponProficiency+1","blackbeard:TheDrunkenSailor+1","blackbeard:GoldenDefense","blackbeard:AgileStrike","blackbeard:GoldenRain","Pain","blackbeard:Rum"],"relics":["blackbeard:LoadTheCannons","StoneCalendar","Juzu Bracelet","Question Card","Darkstone Periapt","Nunchaku","Tiny Chest","Philosopher\u0027s Stone","WarpedTongs","Orichalcum","Ancient Tea Set","Bag of Preparation"],"acts_visited":["Exordium","TheCity"],"potions_floor_usage":[27],"damage_taken":[{"damage":2.0,"enemies":"Jaw Worm","floor":1.0,"turns":4.0},{"damage":0.0,"enemies":"2 Louse","floor":2.0,"turns":3.0},{"damage":10.0,"enemies":"Small Slimes","floor":5.0,"turns":3.0},{"damage":8.0,"enemies":"Gremlin Nob","floor":7.0,"turns":3.0},{"damage":35.0,"enemies":"Lagavulin","floor":11.0,"turns":5.0},{"damage":0.0,"enemies":"Gremlin Gang","floor":12.0,"turns":1.0},{"damage":0.0,"enemies":"Blue Slaver","floor":14.0,"turns":3.0},{"damage":0.0,"enemies":"Slime Boss","floor":16.0,"turns":6.0},{"damage":0.0,"enemies":"3 Byrds","floor":18.0,"turns":1.0},{"damage":46.0,"enemies":"Book of Stabbing","floor":24.0,"turns":5.0},{"damage":9,"enemies":"Chosen","floor":25,"turns":4},{"damage":2,"enemies":"Gremlin Leader","floor":27,"turns":1}],"seed_played":"-3170890643415359562","potions_obtained":[{"floor":2.0,"key":"Explosive Potion"},{"floor":5.0,"key":"Strength Potion"},{"floor":11.0,"key":"SteroidPotion"},{"floor":13.0,"key":"SkillPotion"},{"floor":13.0,"key":"EssenceOfSteel"},{"floor":14.0,"key":"SmokeBomb"},{"floor":20.0,"key":"EntropicBrew"},{"floor":20.0,"key":"SkillPotion"},{"floor":20.0,"key":"DistilledChaos"},{"floor":25,"key":"Dexterity Potion"}],"is_trial":false,"path_per_floor":["M","M","?","?","M","R","E","R","T","R","E","M","?","M","R","B",null,"M","?","?","T","?","R","E","M","T","E"],"character_chosen":"BLACKBEARD_CLASS","items_purchased":[],"campfire_rested":2,"item_purchase_floors":[],"current_hp_per_floor":[66,66,41,41,31,31,23,23,23,43,8,8,8,8,28,28,68,68,74,74,74,68,68,22,13,13,11,11,11],"gold":618,"neow_bonus":"ONE_RARE_RELIC","is_daily":false,"chose_seed":false,"campfire_upgraded":3,"win_rate":0.0,"timestamp":1607708020,"path_taken":["M","M","?","?","M","R","E","R","T","R","E","M","?","M","R","BOSS","M","?","?","?","?","R","E","M","T","E"],"items_purchased_type":[],"build_version":"2020-11-30","purchased_purges":0,"victory":false,"max_hp_per_floor":[68,68,68,68,68,68,68,68,68,68,68,68,68,68,68,68,68,68,74,74,74,74,74,74,74,74,74,74,74],"card_choices":[{"not_picked":["blackbeard:SwordDance","blackbeard:Fencing"],"picked":"blackbeard:BeatUp","floor":1.0},{"not_picked":["blackbeard:PiratesWill","blackbeard:TacticalRetreat"],"picked":"blackbeard:BeatUp","floor":2.0},{"not_picked":["blackbeard:WiseDefense","blackbeard:ChaoticDefense","blackbeard:BeatUp"],"picked":"blackbeard:Parrot","floor":5.0},{"not_picked":["blackbeard:BeatUp","blackbeard:PirateEarring","blackbeard:GhostInTheRum"],"picked":"blackbeard:WeaponProficiency","floor":7.0},{"not_picked":["blackbeard:WiseDefense","blackbeard:GoldenStrike","blackbeard:Fencing"],"picked":"blackbeard:TheDrunkenSailor","floor":11.0},{"not_picked":["blackbeard:Fencing","blackbeard:PiratesWill","blackbeard:Sharpening"],"picked":"blackbeard:GoldenDefense","floor":12.0},{"not_picked":["blackbeard:VengefulSpirit","blackbeard:DelayedPain","blackbeard:FieryDefense"],"picked":"blackbeard:AgileStrike","floor":14.0},{"not_picked":["blackbeard:PowerHungry","blackbeard:FinalBarrage","blackbeard:HumongousCannonball"],"picked":"blackbeard:GoldenRain","floor":16.0},{"not_picked":["blackbeard:DeadlyArsenal","blackbeard:Fencing","blackbeard:Shrapnel","blackbeard:PiratesWill"],"picked":"SKIP","floor":24.0},{"not_picked":["blackbeard:Shrapnel+1","blackbeard:DangerousBlow","blackbeard:Toast"],"picked":"blackbeard:Rum","floor":25}],"player_experience":385854,"relics_obtained":[{"floor":7.0,"key":"Darkstone Periapt"},{"floor":9.0,"key":"Nunchaku"},{"floor":11.0,"key":"Tiny Chest"},{"floor":21.0,"key":"Orichalcum"},{"floor":24.0,"key":"Ancient Tea Set"},{"floor":26,"key":"Bag of Preparation"}],"event_choices":[{"damage_healed":0.0,"max_hp_gain":0.0,"max_hp_loss":0.0,"gold_gain":0.0,"event_name":"Scrap Ooze","player_choice":"Success","floor":3.0,"gold_loss":0.0,"damage_taken":25.0,"relics_obtained":["Juzu Bracelet"]},{"damage_healed":0.0,"max_hp_gain":0.0,"max_hp_loss":0.0,"gold_gain":225.0,"event_name":"blackbeard:Ssssserpent","player_choice":"YARR","floor":4.0,"gold_loss":0.0,"damage_taken":0.0,"relics_obtained":["Question Card"]},{"damage_healed":0.0,"max_hp_gain":0.0,"max_hp_loss":0.0,"gold_gain":0.0,"event_name":"The Woman in Blue","player_choice":"Bought 2 Potions","floor":13.0,"gold_loss":0.0,"damage_taken":0.0},{"damage_healed":0.0,"max_hp_gain":0.0,"max_hp_loss":0.0,"gold_gain":0.0,"event_name":"Accursed Blacksmith","player_choice":"Rummage","floor":19.0,"gold_loss":0.0,"damage_taken":0.0,"relics_obtained":["WarpedTongs"],"cards_obtained":["Pain"]},{"damage_healed":0.0,"max_hp_gain":0.0,"max_hp_loss":0.0,"gold_gain":0.0,"event_name":"Lab","player_choice":"Got Potions","floor":20.0,"gold_loss":0.0,"damage_taken":0.0},{"damage_healed":0.0,"max_hp_gain":0.0,"max_hp_loss":0.0,"gold_gain":0.0,"event_name":"Knowing Skull","player_choice":"","floor":22.0,"potions_obtained":[],"gold_loss":0.0,"damage_taken":6.0,"cards_obtained":[]}],"is_beta":false,"boss_relics":[{"not_picked":["Fusion Hammer","Cursed Key"],"picked":"Philosopher\u0027s Stone"}],"items_purged_floors":[],"is_endless":false,"potions_floor_spawned":[2,5,11,14,25],"killed_by":"Gremlin Leader","ascension_level":4}}