{"host":"f1miojwxaupu79sp","time":1607677587,"event":{"mods":["BaseMod","Minty Spire (QoL Compilation)","Better Vampires","Shop Mod","StSLib"],"gold_per_floor":[109,109,122,4,22,49,49,69,93,93,93,93,118,193,193,288,288,306,306,8,36,36,65,65,65,65,65,92,92,92,123,123,224,224,243,243,253,253,253,253],"floor_reached":39,"playtime":27760,"items_purged":["Strike_R"],"score":461,"play_id":"00d34987-cf18-4042-b93b-e6b308182c64","local_time":"20201211040627","is_ascension_mode":true,"campfire_choices":[{"data":"Inflame","floor":10,"key":"SMITH"},{"data":"Pummel","floor":12,"key":"SMITH"},{"data":"Demon Form","floor":15,"key":"SMITH"},{"floor":24,"key":"REST"},{"data":"Metallicize","floor":29,"key":"SMITH"},{"data":"Metallicize","floor":32,"key":"SMITH"}],"circlet_count":0,"master_deck":["Defend_R+1","Defend_R+1","Defend_R+1","Defend_R+1","Bash","Anger","Metallicize+1","Inflame+1","Pummel+1","Rage","Impervious","Demon Form+1","Demon Form+1","Metallicize+1","Intimidate+1","Reckless Charge+1","Bite","Bite","Iron Wave","Battle Trance+1","Shrug It Off+1","Ghostly Armor+1"],"relics":["Burning Blood","Happy Flower","Bag of Marbles","Juzu Bracelet","Blood Vial","Calipers","Empty Cage","Matryoshka","DollysMirror","Red Mask","Self Forming Clay","Orichalcum","Nunchaku","Vajra","Question Card","SlaversCollar"],"acts_visited":["Exordium","TheCity","TheBeyond"],"potions_floor_usage":[13,13,21,39],"damage_taken":[{"damage":15,"enemies":"Jaw Worm","floor":1,"turns":6},{"damage":0,"enemies":"2 Louse","floor":3,"turns":3},{"damage":0,"enemies":"Small Slimes","floor":5,"turns":3},{"damage":24,"enemies":"Gremlin Nob","floor":6,"turns":5},{"damage":2,"enemies":"Exordium Wildlife","floor":8,"turns":5},{"damage":6,"enemies":"Lagavulin","floor":13,"turns":6},{"damage":18,"enemies":"Hexaghost","floor":16,"turns":7},{"damage":14,"enemies":"Chosen","floor":18,"turns":7},{"damage":39,"enemies":"Masked Bandits","floor":21,"turns":6},{"damage":57,"enemies":"Slavers","floor":23,"turns":6},{"damage":31,"enemies":"Book of Stabbing","floor":28,"turns":7},{"damage":3,"enemies":"Gremlin Leader","floor":31,"turns":6},{"damage":13,"enemies":"Champ","floor":33,"turns":7},{"damage":6,"enemies":"3 Shapes","floor":35,"turns":7},{"damage":23,"enemies":"3 Darklings","floor":37,"turns":10},{"damage":60,"enemies":"2 Orb Walkers","floor":39,"turns":9}],"seed_played":"-5409414984149465313","potions_obtained":[{"floor":6,"key":"Swift Potion"},{"floor":8,"key":"SkillPotion"},{"floor":16,"key":"EssenceOfSteel"},{"floor":28,"key":"FearPotion"}],"is_trial":false,"path_per_floor":["M","?","M","$","M","E","?","M","T","R","?","R","E","?","R","B",null,"M","?","$","?","?","E","R","?","T","$","E","R","?","E","R","B",null,"M","?","M","?","?"],"character_chosen":"IRONCLAD","items_purchased":["Inflame","Pummel","DollysMirror","Metallicize"],"campfire_rested":1,"item_purchase_floors":[4,4,20,20],"current_hp_per_floor":[71,76,82,82,85,67,67,71,71,71,46,46,48,37,37,27,85,77,77,77,46,74,28,54,54,54,54,39,39,39,48,48,49,77,80,76,65,65,13,13],"gold":253,"neow_bonus":"RANDOM_COMMON_RELIC","is_daily":false,"chose_seed":false,"campfire_upgraded":5,"win_rate":0,"timestamp":1607677587,"path_taken":["M","?","M","$","M","E","?","M","T","R","?","R","E","?","R","BOSS","M","?","$","?","?","E","R","?","T","$","E","R","?","E","R","BOSS","M","?","M","?","?"],"build_version":"2020-11-30","purchased_purges":1,"victory":false,"max_hp_per_floor":[80,85,85,85,85,85,85,85,85,85,85,85,85,85,85,85,85,85,85,85,85,85,88,88,77,77,77,77,77,77,77,77,77,77,80,76,76,76,76,76],"card_choices":[{"not_picked":["Wild Strike","Headbutt"],"picked":"Anger","floor":1},{"not_picked":["Flex","Infernal Blade"],"picked":"Metallicize","floor":3},{"not_picked":["Pommel Strike","Perfected Strike"],"picked":"Rage","floor":5},{"not_picked":["Armaments","Clothesline"],"picked":"Impervious","floor":6},{"not_picked":["Headbutt","Sentinel","Dropkick"],"picked":"SKIP","floor":8},{"not_picked":["Armaments","Body Slam"],"picked":"Demon Form","floor":13},{"not_picked":["Offering","Double Tap"],"picked":"Feed","floor":16},{"not_picked":["Burning Pact","Perfected Strike","Flex"],"picked":"SKIP","floor":18},{"not_picked":["Anger","Rupture"],"picked":"Intimidate+1","floor":21},{"not_picked":["Body Slam","Double Tap"],"picked":"Reckless Charge+1","floor":23},{"not_picked":["Anger","True Grit"],"picked":"Iron Wave","floor":28},{"not_picked":["Havoc","Shrug It Off"],"picked":"Battle Trance+1","floor":31},{"not_picked":["Flame Barrier+1","Hemokinesis","Pommel Strike+1"],"picked":"Shrug It Off+1","floor":35},{"not_picked":["Combust+1","Body Slam+1","Intimidate+1"],"picked":"Ghostly Armor+1","floor":37}],"player_experience":339520,"relics_obtained":[{"floor":6,"key":"Bag of Marbles"},{"floor":9,"key":"Juzu Bracelet"},{"floor":13,"key":"Calipers"},{"floor":21,"key":"Red Mask"},{"floor":23,"key":"Self Forming Clay"},{"floor":26,"key":"Orichalcum"},{"floor":26,"key":"Nunchaku"},{"floor":28,"key":"Vajra"},{"floor":31,"key":"Question Card"}],"event_choices":[{"damage_healed":0,"gold_gain":0,"player_choice":"Donut","damage_taken":0,"max_hp_gain":5,"max_hp_loss":0,"event_name":"Big Fish","floor":2,"gold_loss":0},{"damage_healed":0,"gold_gain":0,"player_choice":"Ignored","damage_taken":0,"max_hp_gain":0,"max_hp_loss":0,"event_name":"Liars Game","floor":7,"gold_loss":0},{"damage_healed":0,"gold_gain":0,"player_choice":"Success","damage_taken":25,"relics_obtained":["Blood Vial"],"max_hp_gain":0,"max_hp_loss":0,"event_name":"Scrap Ooze","floor":11,"gold_loss":0},{"damage_healed":0,"gold_gain":75,"player_choice":"Gather Gold","damage_taken":11,"max_hp_gain":0,"max_hp_loss":0,"event_name":"World of Goop","floor":14,"gold_loss":0},{"damage_healed":0,"gold_gain":0,"player_choice":"Opened","damage_taken":0,"relics_obtained":["Matryoshka"],"max_hp_gain":0,"max_hp_loss":0,"event_name":"The Mausoleum","floor":19,"gold_loss":0},{"damage_healed":0,"gold_gain":0,"player_choice":"Fought Bandits","damage_taken":0,"max_hp_gain":0,"max_hp_loss":0,"event_name":"Masked Bandits","floor":21,"gold_loss":0},{"damage_healed":28,"gold_gain":0,"player_choice":"Heal","damage_taken":0,"max_hp_gain":0,"max_hp_loss":0,"event_name":"The Library","floor":22,"gold_loss":0},{"damage_healed":0,"gold_gain":0,"player_choice":"Became a vampire","damage_taken":0,"max_hp_gain":0,"max_hp_loss":11,"event_name":"Vampires","floor":25,"gold_loss":0,"cards_obtained":["Bite","Bite"]},{"damage_healed":0,"gold_gain":0,"player_choice":"Simplicity","damage_taken":0,"max_hp_gain":0,"max_hp_loss":0,"event_name":"Back to Basics","floor":30,"gold_loss":0,"cards_upgraded":["Defend_R","Defend_R","Defend_R","Defend_R"]},{"damage_healed":0,"gold_gain":0,"player_choice":"Max HP","damage_taken":0,"max_hp_gain":0,"max_hp_loss":4,"event_name":"Winding Halls","floor":36,"gold_loss":0},{"cards_removed":["Feed"],"damage_healed":0,"gold_gain":0,"player_choice":"Removed Attack","damage_taken":0,"max_hp_gain":0,"max_hp_loss":0,"event_name":"Falling","floor":38,"gold_loss":0},{"damage_healed":0,"gold_gain":0,"player_choice":"Fight","damage_taken":0,"max_hp_gain":0,"max_hp_loss":0,"event_name":"Mysterious Sphere","floor":39,"gold_loss":0}],"is_beta":false,"boss_relics":[{"not_picked":["SacredBark","Snecko Eye"],"picked":"Empty Cage"},{"not_picked":["Runic Pyramid","Astrolabe"],"picked":"SlaversCollar"}],"items_purged_floors":[20],"is_endless":false,"potions_floor_spawned":[6,8,16,28],"killed_by":"2 Orb Walkers","ascension_level":1}}