{"host":"ctlqibkg0sskiu65","time":1607685121,"event":{"mods":["2.2 Compatiblity","AchievementEnabler","Aspiration","BaseMod","BetterRewards","Colored Map","Colored Powertips","Conspire","Fiend Mod","Minty Spire (QoL Compilation)","Quick Restart","Shop Mod","StSLib","The Bladedancer","The Cursed","The Hierophant","The Jungle","The Kombatant","The Servant 0.9.4","TheBandit"],"gold_per_floor":[117,39,39,39,51,81,81,81,81,91,126,126,146,163,163,261,261,271,23,39,39,39,74,74,105,105,105,117,17,32,43,43,143,143,155,173,193,193,207,242,261,289,289,289,322,322,334,351,351,351],"floor_reached":51,"playtime":2323,"items_purged":["Strike_G","Strike_G"],"score":1010,"play_id":"e2c27dfe-059c-482a-996f-febc52ca8109","local_time":"20201211051201","is_ascension_mode":true,"campfire_choices":[{"floor":8,"key":"REST"},{"data":"Blade Dance","floor":15,"key":"SMITH"},{"data":"Blade Dance","floor":27,"key":"SMITH"},{"data":"RitualDagger","floor":32,"key":"SMITH"},{"data":"Accuracy","floor":44,"key":"SMITH"},{"data":"Adrenaline","floor":46,"key":"SMITH"},{"data":"Cloak And Dagger","floor":49,"key":"SMITH"}],"circlet_count":0,"master_deck":["Strike_G","Strike_G+1","Strike_G+1","Defend_G","Defend_G","Defend_G","Defend_G","Defend_G","Survivor","Neutralize","Slice","Blade Dance+1","Adrenaline","Endless Agony","Blade Dance+1","Blade Dance+1","Adrenaline","PiercingWail","Footwork","Finesse","Dodge and Roll","RitualDagger+1","Escape Plan","Slice","Slice+1","Escape Plan","Adrenaline+1","Accuracy+1","Accuracy+1","Cloak And Dagger+1","Prepared","Dodge and Roll+1","Cloak And Dagger+1","Deflect+1"],"relics":["Ring of the Snake","aspiration:Nostalgia","Burning Blood","Bird Faced Urn","Du-Vu Doll","Happy Flower","Whetstone","Letter Opener","WristBlade","Shuriken","Centennial Puzzle","InkBottle","Black Star","aspiration:HummingbirdHeart","Bronze Scales","Strawberry","aspiration:Lifesprig","HornCleat","Tingsha","Bag of Preparation"],"acts_visited":["Exordium","TheCity","TheBeyond"],"potions_floor_usage":[11,16,16,23,25,30,50,50],"damage_taken":[{"damage":1,"enemies":"Jaw Worm","floor":1,"turns":5},{"damage":0,"enemies":"2 Louse","floor":5,"turns":3},{"damage":49,"enemies":"3 Sentries","floor":6,"turns":14},{"damage":0,"enemies":"conspire:RoseBush","floor":10,"turns":3},{"damage":23,"enemies":"Gremlin Nob","floor":11,"turns":4},{"damage":0,"enemies":"Large Slime","floor":13,"turns":3},{"damage":0,"enemies":"Blue Slaver","floor":14,"turns":2},{"damage":17,"enemies":"Slime Boss","floor":16,"turns":9},{"damage":0,"enemies":"conspire:FuzzyDice","floor":18,"turns":3},{"damage":0,"enemies":"Chosen","floor":20,"turns":2},{"damage":1,"enemies":"Book of Stabbing","floor":23,"turns":3},{"damage":0,"enemies":"conspire:SneckoGhost","floor":25,"turns":3},{"damage":0,"enemies":"Centurion and Healer","floor":28,"turns":3},{"damage":1,"enemies":"Snecko","floor":30,"turns":3},{"damage":3,"enemies":"Snake Plant","floor":31,"turns":2},{"damage":0,"enemies":"conspire:MysteriousRune","floor":33,"turns":4},{"damage":0,"enemies":"3 Darklings","floor":35,"turns":3},{"damage":0,"enemies":"3 Shapes","floor":36,"turns":2},{"damage":0,"enemies":"Sphere and 2 Shapes","floor":37,"turns":1},{"damage":0,"enemies":"Transient","floor":39,"turns":5},{"damage":0,"enemies":"Nemesis","floor":40,"turns":3},{"damage":2,"enemies":"4 Shapes","floor":41,"turns":3},{"damage":0,"enemies":"Giant Head","floor":42,"turns":3},{"damage":0,"enemies":"Nemesis","floor":45,"turns":3},{"damage":0,"enemies":"Spire Growth","floor":47,"turns":2},{"damage":0,"enemies":"Sphere and 2 Shapes","floor":48,"turns":1},{"damage":46,"enemies":"conspire:OrnateMirror","floor":50,"turns":4}],"seed_played":"-1074496446659816743","potions_obtained":[{"floor":6,"key":"Poison Potion"},{"floor":10,"key":"Swift Potion"},{"floor":11,"key":"CunningPotion"},{"floor":16,"key":"FairyPotion"},{"floor":18,"key":"Poison Potion"},{"floor":20,"key":"CunningPotion"},{"floor":23,"key":"SkillPotion"},{"floor":28,"key":"Weak Potion"},{"floor":31,"key":"SkillPotion"},{"floor":40,"key":"PowerPotion"}],"is_trial":false,"path_per_floor":["M","?","$","?","M","E","?","R","T","M","E","?","M","M","R","B",null,"M","$","M","?","?","E","?","E","T","R","M","$","M","M","R","B",null,"M","M","M","?","M","E","M","E","T","R","E","R","M","M","R","B",null],"character_chosen":"THE_SILENT","items_purchased":["Footwork","Finesse"],"campfire_rested":1,"item_purchase_floors":[19,19],"current_hp_per_floor":[70,70,70,70,70,27,27,48,48,54,37,34,40,46,46,35,70,70,70,70,70,64,70,70,70,70,70,70,70,70,70,70,70,70,70,70,70,70,70,70,70,77,77,77,77,77,77,77,77,41],"gold":351,"neow_bonus":"NOSTALGIA","is_daily":false,"chose_seed":false,"campfire_upgraded":6,"win_rate":0.0,"timestamp":1607685121,"path_taken":["M","?","?","?","M","E","?","R","T","M","E","?","M","?","R","BOSS","M","$","M","?","?","E","?","E","T","R","M","$","M","M","R","BOSS","M","M","M","?","?","E","M","E","T","R","E","R","M","M","R","BOSS"],"items_purchased_type":["Card","Card"],"build_version":"2020-11-30","purchased_purges":2,"victory":true,"max_hp_per_floor":[70,70,70,70,70,70,70,70,70,70,70,70,70,70,70,70,70,70,70,70,70,70,70,70,70,70,70,70,70,70,70,70,70,70,70,70,70,70,70,70,70,77,77,77,77,77,77,77,77,77],"card_choices":[{"not_picked":["Outmaneuver","Underhanded Strike","conspire:DoublingDagger"],"picked":"SKIP","floor":1},{"not_picked":["Footwork","PiercingWail"],"picked":"Slice","floor":5},{"not_picked":["Backstab","conspire:DoublingDagger"],"picked":"Blade Dance","floor":6},{"not_picked":["PiercingWail","Dagger Throw"],"picked":"Adrenaline","floor":10},{"not_picked":["Acrobatics","Storm of Steel"],"picked":"Endless Agony","floor":11},{"not_picked":["Calculated Gamble","Accuracy"],"picked":"Blade Dance","floor":13},{"not_picked":["Sucker Punch","Escape Plan"],"picked":"Blade Dance","floor":14},{"not_picked":["Unload","A Thousand Cuts"],"picked":"Adrenaline","floor":16},{"not_picked":["Dagger Spray","Backflip"],"picked":"PiercingWail","floor":18},{"not_picked":["Underhanded Strike","Poisoned Stab"],"picked":"Dodge and Roll","floor":20},{"not_picked":["conspire:DoublingDagger","Bane+1"],"picked":"Escape Plan","floor":23},{"not_picked":["Bane","Sucker Punch","PiercingWail"],"picked":"SKIP","floor":25},{"not_picked":["Quick Slash","Underhanded Strike"],"picked":"Slice+1","floor":28},{"not_picked":["Dagger Throw+1","Deadly Poison"],"picked":"Escape Plan","floor":30},{"not_picked":["Calculated Gamble","Finisher","Distraction"],"picked":"SKIP","floor":31},{"not_picked":["Malaise","Phantasmal Killer"],"picked":"Adrenaline","floor":33},{"not_picked":["Deadly Poison","Backflip"],"picked":"Accuracy+1","floor":35},{"not_picked":["Outmaneuver+1","PiercingWail+1","Heel Hook"],"picked":"SKIP","floor":36},{"not_picked":["Quick Slash","Expertise+1"],"picked":"Accuracy","floor":37},{"not_picked":["Acrobatics","conspire:PoisonWeapons+1"],"picked":"Cloak And Dagger","floor":39},{"not_picked":["Underhanded Strike+1","Poisoned Stab+1","Flying Knee"],"picked":"SKIP","floor":40},{"not_picked":["Well Laid Plans+1","Reflex"],"picked":"Prepared","floor":41},{"not_picked":["Tactician+1","conspire:PoisonWeapons+1"],"picked":"Dodge and Roll+1","floor":42},{"not_picked":["Tools of the Trade","Underhanded Strike","Crippling Poison+1"],"picked":"SKIP","floor":45},{"not_picked":["Predator","Dodge and Roll+1"],"picked":"Cloak And Dagger+1","floor":47},{"not_picked":["PiercingWail","Blade Dance"],"picked":"Deflect+1","floor":48}],"player_experience":104456,"relics_obtained":[{"floor":6,"key":"Du-Vu Doll"},{"floor":9,"key":"Happy Flower"},{"floor":11,"key":"Whetstone"},{"floor":23,"key":"Shuriken"},{"floor":25,"key":"Centennial Puzzle"},{"floor":26,"key":"InkBottle"},{"floor":40,"key":"aspiration:HummingbirdHeart"},{"floor":40,"key":"Bronze Scales"},{"floor":42,"key":"Strawberry"},{"floor":42,"key":"aspiration:Lifesprig"},{"floor":43,"key":"HornCleat"},{"floor":45,"key":"Tingsha"},{"floor":45,"key":"Bag of Preparation"}],"event_choices":[{"damage_healed":0,"gold_gain":0,"player_choice":"Paid Gold","damage_taken":0,"relics_obtained":["Bird Faced Urn"],"max_hp_gain":0,"max_hp_loss":0,"event_name":"WeMeetAgain","floor":2,"gold_loss":78},{"damage_healed":0,"gold_gain":0,"player_choice":"Ignored","damage_taken":0,"max_hp_gain":0,"max_hp_loss":0,"event_name":"Liars Game","floor":4,"gold_loss":0},{"damage_healed":0,"gold_gain":0,"player_choice":"Grow","damage_taken":0,"max_hp_gain":0,"max_hp_loss":0,"event_name":"Living Wall","floor":7,"gold_loss":0,"cards_upgraded":["Blade Dance"]},{"damage_healed":0,"gold_gain":0,"player_choice":"Success","damage_taken":3,"relics_obtained":["Letter Opener"],"max_hp_gain":0,"max_hp_loss":0,"event_name":"Scrap Ooze","floor":12,"gold_loss":0},{"damage_healed":0,"gold_gain":0,"player_choice":"Joined the Cult","damage_taken":6,"max_hp_gain":0,"max_hp_loss":0,"event_name":"Nest","floor":22,"gold_loss":0,"cards_obtained":["RitualDagger"]},{"damage_healed":0,"gold_gain":0,"player_choice":"Read","damage_taken":0,"max_hp_gain":0,"max_hp_loss":0,"event_name":"The Library","floor":24,"gold_loss":0,"cards_obtained":["Slice"]},{"damage_healed":0,"gold_gain":0,"player_choice":"Ignored","damage_taken":0,"max_hp_gain":0,"max_hp_loss":0,"event_name":"SecretPortal","floor":38,"gold_loss":0}],"is_beta":false,"boss_relics":[{"not_picked":["Ring of the Serpent","Runic Pyramid"],"picked":"WristBlade"},{"not_picked":["aspiration:DefectSkillbook","Snecko Eye"],"picked":"Black Star"}],"items_purged_floors":[19,29],"is_endless":false,"potions_floor_spawned":[6,10,11,16,18,20,23,28,31,35,40,47,48],"ascension_level":1}}