{"host":"q2n6tlickby1elp8","time":1607700375,"event":{"mods":["BaseMod","BetterRewards","Colored Powertips","Marisa£®ÏF”Í°°ƒß¿Ì…≥£©","Minty Spire (QoL Compilation)","Remilia£®¿Ÿ√◊¿Ú—«£©","SOS£®Àπ∞Õ¥Ô÷Æ◊”£©","Shop Mod","SuperFastMode","The Construct","The Disciple","The Servant 0.9.4","Youmu£®ªÍ∆«—˝√Œ£©","[IsaacMod]“‘»ˆº‚À˛"],"gold_per_floor":[113,113,113,113,113,113,126,126,126,126,144,158,169,20,20,164,164,151,182,215,258,270,270,22,22,76,76,116,116,143,63,63,186,236,300,322,8,62,62,62,130,53,53,53,53,106,31,69,69,153],"floor_reached":51,"playtime":2705,"items_purged":["Defend_RM","Defend_RM"],"score":666,"play_id":"b4e4f3c9-50c1-4b23-a17c-384f02a9b3c0","local_time":"20201211232615","is_ascension_mode":false,"campfire_choices":[{"data":"MiserableFate","floor":6,"key":"SMITH"},{"data":"RedMoon","floor":8,"key":"SMITH"},{"data":"ScarletShoot","floor":10,"key":"SMITH"},{"data":"CeilingFear","floor":15,"key":"SMITH"},{"floor":23,"key":"REST"},{"floor":29,"key":"REST"},{"floor":32,"key":"REST"},{"floor":40,"key":"REST"},{"floor":44,"key":"REST"},{"floor":49,"key":"REST"}],"circlet_count":0,"master_deck":["Strike_RM","Strike_RM","Defend_RM","Defend_RM","RedMoon+1","ScarletShoot+1","ForecastOfChange","MiserableFate+1","ForbiddenFruit","UnstableMagic","Ultimatum","StarOfDavid","RedNightlessCastle","BloodHunter","CeilingFear+1","ScarletMeister","Stigmanizer","StarOfDavid","BombardNight","VampireKiss","MastersStateliness+1","EquivalentExchange","BlasphemousPunishment+1","DiffusionOfMisfortune","ScarletDevil+1","DiffusionOfMisfortune+1","ScarletNetherworld","CeilingFear","EndlessAdversity+1","ScarletImprint+1","ChainGang+1","Blind","Maim","Bandage Up","ScarletDevilSign+1","EmergencyRegeneration","ScarletDevil+1","ScarletSymphony+1","StarOfDavid+1","CeilingFear","VampireKiss+1","FitfulNightmare+1"],"relics":["ScarletHat","HushsDoor","SalivaCoin","PreservedInsect","Art of War","Black Star","Sling","Happy Flower","Tiny House","Membership Card","Juzu Bracelet","Orrery","TungstenRod","Bronze Scales"],"acts_visited":["Exordium","TheCity","TheBeyond"],"potions_floor_usage":[13,22,33,33,41,41,46,50,50],"damage_taken":[{"damage":0,"enemies":"2 Louse","floor":1,"turns":3},{"damage":0,"enemies":"Jaw Worm","floor":7,"turns":4},{"damage":0,"enemies":"Cultist","floor":11,"turns":4},{"damage":0,"enemies":"3 Louse","floor":12,"turns":4},{"damage":0,"enemies":"2 Fungi Beasts","floor":13,"turns":4},{"damage":21,"enemies":"Hexaghost","floor":16,"turns":4},{"damage":6,"enemies":"2 Thieves","floor":18,"turns":4},{"damage":15,"enemies":"Shell Parasite","floor":19,"turns":5},{"damage":39,"enemies":"Snake Plant","floor":20,"turns":2},{"damage":26,"enemies":"Cultist and Chosen","floor":21,"turns":8},{"damage":0,"enemies":"Snecko","floor":22,"turns":2},{"damage":12,"enemies":"Shelled Parasite and Fungi","floor":28,"turns":6},{"damage":1,"enemies":"Centurion and Healer","floor":30,"turns":4},{"damage":25,"enemies":"Champ","floor":33,"turns":10},{"damage":45,"enemies":"3 Darklings","floor":35,"turns":6},{"damage":4,"enemies":"Orb Walker","floor":36,"turns":3},{"damage":15,"enemies":"4 Shapes","floor":38,"turns":1},{"damage":42,"enemies":"3 Darklings","floor":41,"turns":6},{"damage":68,"enemies":"Maw","floor":46,"turns":5},{"damage":45,"enemies":"Transient","floor":48,"turns":5},{"damage":98,"enemies":"Donu and Deca","floor":50,"turns":9}],"seed_played":"9196700337031812943","potions_obtained":[{"floor":1,"key":"GamblersBrew"},{"floor":7,"key":"Energy Potion"},{"floor":16,"key":"FearPotion"},{"floor":22,"key":"AttackPotion"},{"floor":28,"key":"SkillPotion"},{"floor":34,"key":"Weak Potion"},{"floor":35,"key":"ColorlessPotion"},{"floor":41,"key":"FearPotion"},{"floor":46,"key":"SteroidPotion"}],"is_trial":false,"path_per_floor":["M","?","?","?","?","R","M","R","T","R","M","M","M","$","R","B",null,"M","M","M","M","M","R","$","?","T","?","M","R","M","$","R","B",null,"M","M","$","M","?","R","M","$","T","R","?","M","$","M","R","B",null],"character_chosen":"REMILIA","items_purchased":["Art of War","Sling","DiffusionOfMisfortune","ScarletNetherworld","Membership Card","Juzu Bracelet","Blind","Orrery","Bronze Scales"],"campfire_rested":6,"item_purchase_floors":[14,24,24,31,37,37,37,42,47],"current_hp_per_floor":[75,75,75,80,80,80,80,80,80,80,80,80,80,80,80,70,80,75,61,26,4,14,38,38,38,38,38,38,62,61,61,80,79,85,42,41,41,26,26,51,21,21,21,46,46,41,41,31,56,10],"gold":153,"neow_bonus":"TRANSFORM_CARD","is_daily":false,"chose_seed":false,"campfire_upgraded":4,"win_rate":0.0,"timestamp":1607700375,"path_taken":["M","?","?","?","?","R","M","R","T","R","M","M","M","$","R","BOSS","M","M","M","M","M","R","$","?","T","?","M","R","?","$","R","BOSS","M","?","$","M","?","R","M","$","T","R","?","M","$","M","R","BOSS"],"items_purchased_type":["Relic","Relic","Card","Card","Relic","Relic","Card","Relic","Relic"],"build_version":"2020-11-30","purchased_purges":2,"victory":true,"max_hp_per_floor":[75,75,75,80,80,80,80,80,80,80,80,80,80,80,80,80,80,80,80,80,80,80,80,80,80,80,80,80,80,80,80,80,80,85,85,85,85,85,85,85,85,85,85,85,85,85,85,85,85,85],"card_choices":[{"not_picked":["EndlessAdversity","UnderTheZenith"],"picked":"MiserableFate","floor":1},{"not_picked":["MillenniumVampire","BloodHunter"],"picked":"UnstableMagic","floor":7},{"not_picked":["BloodyTrap","ScarletSymphony"],"picked":"Ultimatum","floor":11},{"not_picked":["ForbiddenFruit","Stigmanizer"],"picked":"StarOfDavid","floor":12},{"not_picked":["ScarletDevil","BloodHunter"],"picked":"RedNightlessCastle","floor":12},{"not_picked":["MastersStateliness","Bomb"],"picked":"BloodHunter","floor":13},{"not_picked":["RedRainbow","MastersStateliness"],"picked":"CeilingFear","floor":13},{"not_picked":["ForecastOfChange","HellCatastrophe"],"picked":"ScarletMeister","floor":16},{"not_picked":["BloodHunter","NightLord"],"picked":"Stigmanizer","floor":18},{"not_picked":["RedMagic","Septette"],"picked":"StarOfDavid","floor":19},{"not_picked":["NightLord","CharismaGuard"],"picked":"BombardNight","floor":20},{"not_picked":["ScarletImprint","BloodyTrap"],"picked":"VampireKiss","floor":21},{"not_picked":["FitfulNightmare","CharismaGuard"],"picked":"MastersStateliness+1","floor":21},{"not_picked":["CharismaGuard","UnstableMagic+1"],"picked":"EquivalentExchange","floor":22},{"not_picked":["ScarletDevil","ForbiddenFruit"],"picked":"BlasphemousPunishment","floor":22},{"not_picked":["BloodHunter","EndlessAdversity"],"picked":"ScarletDevil+1","floor":28},{"not_picked":["BloodyMagicSquare","BloodHunter"],"picked":"DiffusionOfMisfortune+1","floor":30},{"not_picked":["CurseOfVladTepes","ForecastOfChange"],"picked":"CeilingFear","floor":33},{"not_picked":["UnderTheZenith+1","StarOfDavid"],"picked":"EndlessAdversity+1","floor":34},{"not_picked":["Stigmanizer+1","UnstableMagic+1"],"picked":"ScarletImprint+1","floor":35},{"not_picked":["UnderTheZenith","BloodHunter"],"picked":"ChainGang+1","floor":36},{"not_picked":["ScarletDevil+1","DiffusionOfMisfortune+1"],"picked":"Maim","floor":38},{"not_picked":["Thinking Ahead","BettingIsNotGood"],"picked":"Bandage Up","floor":39},{"not_picked":["BombardNight","DiffusionOfMisfortune+1"],"picked":"ScarletDevilSign+1","floor":41},{"not_picked":["UnstableMagic+1","UnderTheZenith+1"],"picked":"EmergencyRegeneration","floor":42},{"not_picked":["VampireKiss","DiffusionOfMisfortune+1"],"picked":"ScarletDevil+1","floor":42},{"not_picked":["StarOfDavid","BloodyTrap"],"picked":"ScarletSymphony+1","floor":42},{"not_picked":["BombardNight","FavorOfDestiny+1"],"picked":"StarOfDavid+1","floor":42},{"not_picked":["HellCatastrophe","MiserableFate"],"picked":"CeilingFear","floor":42},{"not_picked":["ScarletSymphony","BlasphemousPunishment+1"],"picked":"VampireKiss+1","floor":46},{"not_picked":["UnstableMagic","DiffusionOfMisfortune+1"],"picked":"FitfulNightmare+1","floor":48}],"player_experience":100049,"relics_obtained":[{"floor":9,"key":"PreservedInsect"},{"floor":26,"key":"Happy Flower"},{"floor":43,"key":"TungstenRod"}],"event_choices":[{"damage_healed":0,"gold_gain":0,"player_choice":"Ignored","damage_taken":0,"max_hp_gain":0,"max_hp_loss":0,"event_name":"Shining Light","floor":2,"gold_loss":0},{"damage_healed":0,"gold_gain":0,"player_choice":"Donut","damage_taken":0,"max_hp_gain":5,"max_hp_loss":0,"event_name":"Big Fish","floor":4,"gold_loss":0},{"damage_healed":0,"gold_gain":0,"cards_transformed":["Strike_RM"],"player_choice":"Transformed","damage_taken":0,"max_hp_gain":0,"max_hp_loss":0,"event_name":"Transmorgrifier","floor":5,"gold_loss":0,"cards_obtained":["ForbiddenFruit"]},{"damage_healed":0,"gold_gain":0,"player_choice":"Ignored","damage_taken":0,"max_hp_gain":0,"max_hp_loss":0,"event_name":"Cursed Tome","floor":25,"gold_loss":0},{"damage_healed":0,"gold_gain":0,"player_choice":"Memory 1","damage_taken":0,"max_hp_gain":0,"max_hp_loss":0,"event_name":"SensoryStone","floor":39,"gold_loss":0}],"is_beta":false,"boss_relics":[{"not_picked":["Runic Dome","Sozu"],"picked":"Black Star"},{"not_picked":[]},{"not_picked":["Calling Bell","Fusion Hammer"],"picked":"Tiny House"},{"not_picked":[]}],"items_purged_floors":[24,37],"is_endless":false,"potions_floor_spawned":[1,7,16,22,28,30,35,41,46],"ascension_level":0}}