{"host":"kstmajdnxm8lto3o","time":1607719124,"event":{"mods":["Aspiration","BaseMod","Better Third Choice","BetterRewards","CCEM","Conspire","Downfall","Gremlin Skip","Highlight Path","Hubris","Minty Spire (QoL Compilation)","Replay The Spire","Shop Mod","Spicy Shops","StSLib"],"gold_per_floor":[116,116,129,144,161,171,171,186,186,204,223,234,234,260,260,365,365,385,400,99,99,119,119,119,119],"floor_reached":24,"playtime":2342,"items_purged":["Second Wind"],"score":214,"play_id":"e17b165a-adb9-4a24-b23f-97f584afdefe","local_time":"20201211153844","is_ascension_mode":true,"campfire_choices":[{"data":"Twin Strike","floor":7,"key":"SMITH"},{"floor":15,"key":"REST"},{"data":"Armaments","floor":23,"key":"SMITH"}],"circlet_count":0,"master_deck":["Strike_R","Strike_R","Strike_R","Strike_R","Defend_R","Defend_R+1","Defend_R","Defend_R","Bash","Run Through","Rampage","Twin Strike+1","Flex","Rage","Evolve","Spot Weakness+1","Iron Wave","Armaments+1","Pommel Strike","Fire Breathing","Thunderclap","Wild Strike+1"],"relics":["Burning Blood","Blood Vial","CCEMRelics:CocoNut","ReplayTheSpireMod:Lightbulb","Black Star","Brimstone"],"acts_visited":["Exordium","TheCity"],"potions_floor_usage":[],"damage_taken":[{"damage":9,"enemies":"Jaw Worm","floor":1,"turns":5},{"damage":1,"enemies":"Cultist","floor":3,"turns":4},{"damage":12,"enemies":"Small Slimes","floor":4,"turns":5},{"damage":12,"enemies":"conspire:2 RoseBushes","floor":5,"turns":6},{"damage":7,"enemies":"2 Fungi Beasts","floor":6,"turns":3},{"damage":12,"enemies":"Lots of Slimes","floor":8,"turns":6},{"damage":10,"enemies":"Large Slime","floor":10,"turns":3},{"damage":10,"enemies":"Looter","floor":11,"turns":2},{"damage":27,"enemies":"Gremlin Gang","floor":12,"turns":5},{"damage":19,"enemies":"3 Sentries","floor":14,"turns":7},{"damage":22,"enemies":"The Guardian","floor":16,"turns":9},{"damage":12,"enemies":"conspire:FuzzyDice","floor":18,"turns":4},{"damage":5,"enemies":"Chosen","floor":19,"turns":4},{"damage":44,"enemies":"Shelled Parasite and Fungi","floor":22,"turns":4},{"damage":37,"enemies":"Replay:Snechameleon","floor":24,"turns":3}],"seed_played":"-1933567331634941556","potions_obtained":[{"floor":6,"key":"Strength Potion"},{"floor":11,"key":"Dexterity Potion"},{"floor":14,"key":"Elixir"},{"floor":16,"key":"conspire:TimeTravelPotion"}],"is_trial":false,"path_per_floor":["M","?","M","M","M","M","R","M","T","M","M","M","?","E","R","B",null,"M","M","$","?","M","R","E"],"character_chosen":"IRONCLAD","items_purchased":["Fire Breathing","Brimstone"],"campfire_rested":1,"item_purchase_floors":[20,20],"current_hp_per_floor":[77,77,80,74,70,71,71,67,72,70,68,49,32,21,46,32,85,79,82,82,82,46,46,11,11],"gold":119,"neow_bonus":"RANDOM_COMMON_RELIC","is_daily":false,"chose_seed":false,"campfire_upgraded":2,"win_rate":0.0,"timestamp":1607719124,"path_taken":["M","?","M","M","M","M","R","M","T","M","M","?","?","E","R","BOSS","M","M","$","?","M","R","E"],"items_purchased_type":["Card","Relic"],"build_version":"2020-11-30","purchased_purges":1,"victory":false,"max_hp_per_floor":[80,80,80,80,80,80,80,80,85,85,85,85,85,85,85,85,85,85,85,85,85,85,85,85,85],"card_choices":[{"not_picked":["Clothesline","Bloodletting"],"picked":"Run Through","floor":1},{"not_picked":["Defy Death","hubris:ReadiedAction"],"picked":"Rampage","floor":3},{"not_picked":["True Grit","Entrench"],"picked":"Twin Strike","floor":4},{"not_picked":["Sword Boomerang","Life Link"],"picked":"Flex","floor":5},{"not_picked":["Fiend Fire","Sever Soul","Havoc"],"picked":"SKIP","floor":6},{"not_picked":["hubris:ReadiedAction","Massacre"],"picked":"Rage","floor":8},{"not_picked":["True Grit","Havoc"],"picked":"Evolve","floor":10},{"not_picked":["Warcry","hubris:ReadiedAction","Headbutt"],"picked":"SKIP","floor":11},{"not_picked":["Warcry","conspire:ExplosiveBarrier"],"picked":"Spot Weakness","floor":12},{"not_picked":["Havoc","Brutality"],"picked":"Iron Wave","floor":14},{"not_picked":["Whirlwind","Flex+1"],"picked":"Armaments","floor":18},{"not_picked":["Body Slam","Flex"],"picked":"Pommel Strike","floor":19},{"not_picked":["ReplayTheSpireMod:Corrosion Curse","Replay:Undeath\u0027s Touch"],"picked":"Wild Strike+1","floor":22}],"player_experience":417190,"relics_obtained":[{"floor":9,"key":"CCEMRelics:CocoNut"},{"floor":14,"key":"ReplayTheSpireMod:Lightbulb"}],"event_choices":[{"damage_healed":0,"gold_gain":0,"cards_transformed":["Strike_R"],"player_choice":"Transformed","damage_taken":0,"max_hp_gain":0,"max_hp_loss":0,"event_name":"Transmorgrifier","floor":2,"gold_loss":0,"cards_obtained":["Second Wind"]},{"damage_healed":49,"gold_gain":0,"player_choice":"Upgrade","damage_taken":17,"max_hp_gain":0,"max_hp_loss":85,"event_name":"betterThird:BetterShining","floor":13,"gold_loss":0,"cards_upgraded":["Spot Weakness","Defend_R"]},{"damage_healed":0,"gold_gain":0,"player_choice":"Read","damage_taken":0,"max_hp_gain":0,"max_hp_loss":0,"event_name":"The Library","floor":21,"gold_loss":0,"cards_obtained":["Thunderclap"]}],"is_beta":false,"boss_relics":[{"not_picked":["Replay:Drink Me","aspiration:WatcherSkillbook"],"picked":"Black Star"}],"items_purged_floors":[20],"is_endless":false,"potions_floor_spawned":[6,11,14,16,19,22],"killed_by":"Replay:Snechameleon","ascension_level":1}}