{"host":"un97lkyah1pp4w16","time":1607697148,"event":{"mods":["BaseMod","Colored Map","Colored Powertips","Minty Spire (QoL Compilation)","StSLib","SuperFastMode"],"gold_per_floor":[116,116,130,140,156,156,31,31,31,31,54,66,76,89,89,192,192,206,223,223,19,33,68,68,68,68],"floor_reached":25,"playtime":1012,"items_purged":["Decay","Strike_B"],"score":215,"play_id":"794338f8-f6eb-4f98-ada8-47ed1c09214c","local_time":"20201211223228","is_ascension_mode":false,"campfire_choices":[{"floor":6.0,"key":"REST"},{"floor":15.0,"key":"REST"}],"circlet_count":0,"master_deck":["Strike_B","Strike_B","Defend_B","Defend_B","Defend_B","Defend_B","Zap","Dualcast","Blizzard","Loop","Defragment","Force Field","Coolheaded","Parasite","Streamline","Capacitor","Loop","Buffer","Cold Snap","Beam Cell","Reprogram","Glacier"],"relics":["Snecko Eye","Mummified Hand","Strawberry","Nuclear Battery","Membership Card","WingedGreaves"],"acts_visited":["Exordium","TheCity"],"potions_floor_usage":[],"damage_taken":[{"damage":12.0,"enemies":"Jaw Worm","floor":1.0,"turns":4.0},{"damage":16.0,"enemies":"Cultist","floor":3.0,"turns":5.0},{"damage":2.0,"enemies":"Small Slimes","floor":4.0,"turns":3.0},{"damage":17.0,"enemies":"Looter","floor":5.0,"turns":3.0},{"damage":8.0,"enemies":"Red Slaver","floor":12.0,"turns":5.0},{"damage":8.0,"enemies":"Blue Slaver","floor":13.0,"turns":4.0},{"damage":22.0,"enemies":"Gremlin Gang","floor":14.0,"turns":5.0},{"damage":25.0,"enemies":"Hexaghost","floor":16.0,"turns":13.0},{"damage":19,"enemies":"Chosen","floor":18,"turns":8},{"damage":18,"enemies":"Spheric Guardian","floor":19,"turns":6},{"damage":7,"enemies":"Centurion and Healer","floor":22,"turns":13},{"damage":33,"enemies":"Book of Stabbing","floor":23,"turns":7},{"damage":6,"enemies":"Shelled Parasite and Fungi","floor":25,"turns":1}],"seed_played":"-9128858650296891181","potions_obtained":[{"floor":4.0,"key":"FearPotion"},{"floor":5.0,"key":"Fire Potion"},{"floor":12.0,"key":"FocusPotion"},{"floor":18,"key":"Swift Potion"}],"is_trial":false,"path_per_floor":["M","?","M","M","M","R","$","$","T","?","T","M","M","M","R","B",null,"M","M","?","$","M","E","?","M"],"character_chosen":"DEFECT","items_purchased":["Coolheaded","Membership Card"],"campfire_rested":2,"item_purchase_floors":[7,21],"current_hp_per_floor":[63,63,47,45,28,50,50,50,50,68,75,67,59,37,61,36,82,63,45,45,45,38,5,5,0,0],"gold":68,"neow_bonus":"BOSS_RELIC","is_daily":false,"chose_seed":false,"campfire_upgraded":0,"win_rate":0.0,"timestamp":1607697148,"path_taken":["M","?","M","M","M","R","?","$","T","?","?","?","M","M","R","BOSS","M","M","?","$","?","E","?","?"],"items_purchased_type":["Card","Relic"],"build_version":"2020-11-30","purchased_purges":2,"victory":false,"max_hp_per_floor":[75,75,75,75,75,75,75,75,75,75,82,82,82,82,82,82,82,82,82,82,82,82,82,82,82,82],"card_choices":[{"not_picked":["Compile Driver","Coolheaded"],"picked":"Blizzard","floor":1.0},{"not_picked":["Conserve Battery","Ball Lightning"],"picked":"Loop","floor":3.0},{"not_picked":["Steam","Undo"],"picked":"Defragment","floor":4.0},{"not_picked":["Turbo","Hologram"],"picked":"Force Field","floor":5.0},{"not_picked":["Steam","Beam Cell"],"picked":"Streamline","floor":12.0},{"not_picked":["Leap","Coolheaded"],"picked":"Capacitor","floor":13.0},{"not_picked":["Meteor Strike","White Noise"],"picked":"Loop","floor":14.0},{"not_picked":["Fission","Amplify"],"picked":"Buffer","floor":16.0},{"not_picked":["Rip and Tear","Ball Lightning+1"],"picked":"Cold Snap","floor":18},{"not_picked":["Steam","Rebound"],"picked":"Beam Cell","floor":19},{"not_picked":["Gash","Storm+1"],"picked":"Reprogram","floor":22},{"not_picked":["Consume","White Noise+1"],"picked":"Glacier","floor":23}],"player_experience":81877,"relics_obtained":[{"floor":9.0,"key":"Mummified Hand"},{"floor":11.0,"key":"Strawberry"},{"floor":23,"key":"WingedGreaves"}],"event_choices":[{"damage_healed":0.0,"max_hp_gain":0.0,"max_hp_loss":0.0,"gold_gain":0.0,"event_name":"Wheel of Change","player_choice":"Cursed","floor":2.0,"gold_loss":0.0,"damage_taken":0.0,"cards_obtained":["Decay"]},{"damage_healed":18.0,"max_hp_gain":0.0,"max_hp_loss":0.0,"gold_gain":0.0,"event_name":"Mushrooms","player_choice":"Healed and dodged fight","floor":10.0,"gold_loss":0.0,"damage_taken":0.0,"cards_obtained":["Parasite"]},{"cards_removed":["Strike_B"],"damage_healed":0,"gold_gain":0,"player_choice":"Purged","damage_taken":0,"max_hp_gain":0,"max_hp_loss":0,"event_name":"Purifier","floor":20,"gold_loss":0},{"cards_removed":["Injury"],"damage_healed":0,"gold_gain":0,"player_choice":"Took Card","damage_taken":0,"max_hp_gain":0,"max_hp_loss":0,"event_name":"NoteForYourself","floor":24,"gold_loss":0,"cards_obtained":["Injury"]}],"is_beta":false,"boss_relics":[{"not_picked":["Ectoplasm","Tiny House"],"picked":"Nuclear Battery"}],"items_purged_floors":[7,21],"is_endless":false,"potions_floor_spawned":[4,5,12,13,18,22],"killed_by":"Shelled Parasite and Fungi","ascension_level":0}}