{"host":"8jwif9mna8ud19ho","time":1607663131,"event":{"mods":["BaseMod","Better Vampires","Marisa£¨ìFÓê¡¡Ä§ÀíÉ³£©","Minty Spire (QoL Compilation)","Reimu£¨²©ÀöÁéÃÎ£©","RumiaBox-Â¶Ã×æ«µÄÉñÃØºÐ×Ó","StSLib","¡¾ÒÅÎï¿¨ÅÆ¡¿REMEMod"],"gold_per_floor":[113,133,133,149,166,166,91,118,165,165,165,177,191,206,206,206,206],"floor_reached":16,"playtime":667,"items_purged":["Strike_Lin:ReiMu"],"score":188,"play_id":"b5577232-9abf-4bb8-bd9b-125e3175850a","local_time":"20201211130531","is_ascension_mode":true,"campfire_choices":[{"floor":6.0,"key":"REST"},{"data":"Apotheosis","floor":10.0,"key":"SMITH"},{"data":"Discovery","floor":15.0,"key":"SMITH"}],"circlet_count":0,"master_deck":["AscendersBane","Strike_Lin:ReiMu","Strike_Lin:ReiMu","Defend_Lin:ReiMu","Defend_Lin:ReiMu","Defend_Lin:ReiMu","Defend_Lin:ReiMu","NB:ReiMu","Stagnation:ReiMu","Apotheosis+1","Discovery+1","PhosphorusFlame:ReiMu","RainPray2:ReiMu","KamiRite:ReiMu"],"relics":["FlyPower:ReiMu","REME_ComplimentaryCards","Odd Mushroom","Lantern"],"acts_visited":["Exordium"],"potions_floor_usage":[],"damage_taken":[{"damage":0.0,"enemies":"Jaw Worm","floor":1.0,"turns":5.0},{"damage":22.0,"enemies":"Small Slimes","floor":2.0,"turns":5.0},{"damage":3.0,"enemies":"2 Louse","floor":4.0,"turns":4.0},{"damage":13.0,"enemies":"Exordium Wildlife","floor":5.0,"turns":7.0},{"damage":13.0,"enemies":"The Mushroom Lair","floor":8.0,"turns":5.0},{"damage":0.0,"enemies":"Red Slaver","floor":12.0,"turns":5.0},{"damage":0.0,"enemies":"Lots of Slimes","floor":13.0,"turns":2.0},{"damage":0.0,"enemies":"2 Fungi Beasts","floor":14.0,"turns":1.0},{"damage":14,"enemies":"Hexaghost","floor":16,"turns":7}],"seed_played":"6327149744105556562","potions_obtained":[{"floor":1.0,"key":"Dexterity Potion"},{"floor":5.0,"key":"Explosive Potion"}],"is_trial":false,"path_per_floor":["M","M","?","M","M","R","$","?","T","R","?","M","M","M","R","B"],"character_chosen":"REIMU","items_purchased":[],"campfire_rested":1,"item_purchase_floors":[],"current_hp_per_floor":[54,32,32,29,16,34,34,21,21,21,14,14,14,14,14,0,0],"gold":206,"neow_bonus":"RANDOM_COLORLESS","is_daily":false,"chose_seed":false,"campfire_upgraded":2,"win_rate":0.0,"timestamp":1607663131,"path_taken":["M","M","?","M","M","R","$","?","T","R","?","M","?","M","R","BOSS"],"items_purchased_type":[],"build_version":"2020-11-30","purchased_purges":1,"victory":false,"max_hp_per_floor":[60,60,60,60,60,60,60,60,60,60,60,60,60,60,60,60,60],"card_choices":[{"not_picked":["Mind Blast","REME_FirmDetermination"],"picked":"Discovery","floor":0.0},{"not_picked":["EmergencyTakeOff:ReiMu","InherentArray:ReiMu"],"picked":"PhosphorusFlame:ReiMu","floor":1.0},{"not_picked":["Conquer:ReiMu","SubcavityInstant:ReiMu","SpringWay:ReiMu"],"picked":"SKIP","floor":2.0},{"not_picked":["ForcedLanding:ReiMu","Enchanting:ReiMu"],"picked":"RainPray2:ReiMu","floor":4.0},{"not_picked":["CollectionFlower2:ReiMu","TightArray:ReiMu","Meditation:ReiMu"],"picked":"SKIP","floor":5.0},{"not_picked":["CollectionFlower2:ReiMu","TightArray:ReiMu","Meditation:ReiMu"],"picked":"SKIP","floor":5.0},{"not_picked":["SpringWay:ReiMu","CareerPray:ReiMu"],"picked":"KamiRite:ReiMu","floor":12.0},{"not_picked":["AirStrike:ReiMu","FantasyMoon:ReiMu","Mountainwind:ReiMu"],"picked":"SKIP","floor":13.0},{"not_picked":["DoubleButterfly:ReiMu","NineCharacters:ReiMu","Conquer:ReiMu"],"picked":"SKIP","floor":14.0}],"player_experience":1086496,"relics_obtained":[{"floor":8.0,"key":"Odd Mushroom"},{"floor":9.0,"key":"Lantern"}],"event_choices":[{"damage_healed":0.0,"max_hp_gain":0.0,"max_hp_loss":0.0,"gold_gain":0.0,"event_name":"Liars Game","player_choice":"Ignored","floor":3.0,"gold_loss":0.0,"damage_taken":0.0},{"damage_healed":0.0,"max_hp_gain":0.0,"max_hp_loss":0.0,"gold_gain":0.0,"event_name":"Mushrooms","player_choice":"Fought Mushrooms","floor":8.0,"gold_loss":0.0,"damage_taken":0.0},{"cards_removed":["Strike_Lin:ReiMu"],"damage_healed":0.0,"max_hp_gain":0.0,"max_hp_loss":0.0,"gold_gain":0.0,"event_name":"Golden Wing","player_choice":"Card Removal","floor":11.0,"gold_loss":0.0,"damage_taken":7.0}],"is_beta":false,"boss_relics":[],"items_purged_floors":[7],"is_endless":false,"potions_floor_spawned":[1,5,8],"killed_by":"Hexaghost","ascension_level":20}}