{"host":"6ko66ogg91i6g7xq","time":1607676341,"event":{"mods":["AchievementEnabler","Act Like it!","BaseMod","Colored Map","Colored Powertips","Downfall","Hermit","Minty Spire (QoL Compilation)","Quick Restart","Relic Stats","StSLib","The Jungle","everything is the same but u backflip on backflip"],"gold_per_floor":[117,117,117,117,63,89,103,103,184,214,289,289,289,299,299,299,299],"floor_reached":16,"playtime":737,"items_purged":[],"score":144,"play_id":"642bae1c-ab18-4811-9416-93c09f07ae1f","local_time":"20201211034541","is_ascension_mode":true,"campfire_choices":[{"floor":8,"key":"RECALL"},{"data":"Phantasmal Killer","floor":12,"key":"SMITH"},{"data":"Blade Dance","floor":15,"key":"SMITH"}],"circlet_count":0,"master_deck":["Strike_G","Strike_G","Strike_G","Strike_G","Strike_G","Defend_G","Defend_G","Defend_G","Defend_G","Defend_G","Survivor","Neutralize","Blade Dance+1","Blade Dance+1","Phantasmal Killer+1"],"relics":["Ring of the Snake","NeowsBlessing","Lizard Tail","Turnip","Mummified Hand","Juzu Bracelet"],"acts_visited":["Exordium"],"potions_floor_usage":[10],"damage_taken":[{"damage":0,"enemies":"2 Louse","floor":1,"turns":1},{"damage":0,"enemies":"3 Sentries","floor":6,"turns":1},{"damage":0,"enemies":"Jaw Worm","floor":7,"turns":1},{"damage":13,"enemies":"Gremlin Nob","floor":10,"turns":4},{"damage":0,"enemies":"Small Slimes","floor":14,"turns":3},{"damage":34,"enemies":"The Guardian","floor":16,"turns":14}],"seed_played":"8409292260792529812","potions_obtained":[{"floor":6,"key":"Weak Potion"},{"floor":10,"key":"Ancient Potion"}],"is_trial":false,"path_per_floor":["M","?","?","T","$","E","M","R","T","E","?","R","?","M","R","B"],"character_chosen":"THE_SILENT","items_purchased":["Blade Dance"],"campfire_rested":0,"item_purchase_floors":[5],"current_hp_per_floor":[70,70,70,70,70,70,70,70,70,57,46,46,46,46,46,12,12],"gold":299,"neow_bonus":"THREE_ENEMY_KILL","is_daily":false,"chose_seed":false,"campfire_upgraded":2,"win_rate":0.0,"timestamp":1607676341,"path_taken":["M","?","?","?","$","E","M","R","T","E","?","R","?","M","R","BOSS"],"items_purchased_type":["Card"],"build_version":"2020-11-30","purchased_purges":0,"victory":false,"max_hp_per_floor":[70,70,70,70,70,70,70,70,70,70,70,70,70,70,70,70,70],"relic_stats":{"Lizard Tail":0,"counters":[6,24],"Mummified Hand":[0],"Turnip":[0],"Juzu Bracelet":1,"obtain_stats":[{"Lizard Tail":4,"NeowsBlessing":0,"Mummified Hand":9,"Turnip":6,"Juzu Bracelet":10,"Ring of the Snake":0},{"Lizard Tail":1,"NeowsBlessing":0,"Mummified Hand":3,"Turnip":2,"Juzu Bracelet":4,"Ring of the Snake":0},{"Lizard Tail":1,"NeowsBlessing":0,"Mummified Hand":3,"Turnip":2,"Juzu Bracelet":7,"Ring of the Snake":0}],"Ring of the Snake":[12]},"card_choices":[{"not_picked":["Flying Knee","Caltrops"],"picked":"Blade Dance","floor":1},{"not_picked":["Tools of the Trade","Calculated Gamble","Bane"],"picked":"SKIP","floor":6},{"not_picked":["Underhanded Strike","Quick Slash","Well Laid Plans"],"picked":"SKIP","floor":7},{"not_picked":["Outmaneuver","Poisoned Stab"],"picked":"Phantasmal Killer","floor":10},{"not_picked":["Dagger Throw","Poisoned Stab","Prepared"],"picked":"SKIP","floor":14}],"player_experience":245071,"relics_obtained":[{"floor":4,"key":"Lizard Tail"},{"floor":6,"key":"Turnip"},{"floor":9,"key":"Mummified Hand"},{"floor":10,"key":"Juzu Bracelet"}],"event_choices":[{"damage_healed":0,"gold_gain":0,"player_choice":"Ignored","damage_taken":0,"max_hp_gain":0,"max_hp_loss":0,"event_name":"Shining Light","floor":2,"gold_loss":0},{"damage_healed":0,"gold_gain":0,"player_choice":"Grow","damage_taken":0,"max_hp_gain":0,"max_hp_loss":0,"event_name":"Living Wall","floor":3,"gold_loss":0,"cards_upgraded":["Blade Dance"]},{"damage_healed":0,"gold_gain":75,"player_choice":"Gather Gold","damage_taken":11,"max_hp_gain":0,"max_hp_loss":0,"event_name":"World of Goop","floor":11,"gold_loss":0},{"damage_healed":0,"gold_gain":0,"player_choice":"Ignored","damage_taken":0,"max_hp_gain":0,"max_hp_loss":0,"event_name":"Golden Wing","floor":13,"gold_loss":0}],"is_beta":false,"boss_relics":[],"items_purged_floors":[],"is_endless":false,"potions_floor_spawned":[6,10],"killed_by":"The Guardian","ascension_level":2}}