{"host":"gkh5j5k5w4qf7k7n","time":1607692623,"event":{"mods":["2.2 Compatiblity","AchievementEnabler","BaseMod","Colored Map","Colored Powertips","GifTheSpireLib","Keyboard Shortcuts","Minty Spire (QoL Compilation)","Quick Restart","StSLib","SuperFastMode","The Construct","The Dragon Tamer","TheBandit","¡¼?Úª?ø«¡½REMEMod"],"gold_per_floor":[110,35,35,55,55,55,84,94,121,121,132,32,60,75,75,176,176,101,101,101,101,200,200,200],"floor_reached":23,"playtime":1192,"items_purged":["construct:Strike_Gold","construct:Strike_Gold"],"score":293,"play_id":"2bd96d36-0af6-4bcd-a2d4-19417389ccfd","local_time":"20201211221703","is_ascension_mode":true,"campfire_choices":[{"data":"construct:MetalShell+1","floor":6.0,"key":"SMITH"},{"floor":15,"key":"REST"}],"circlet_count":0,"master_deck":["AscendersBane","construct:Defend_Gold","construct:Defend_Gold","construct:Defend_Gold","construct:AttackMode+1","construct:DefenseMode","Gash","construct:VentSteam","construct:MetalShell+2","construct:Bunker","Necronomicurse"],"relics":["construct:ClockworkPhoenix","construct:Challenge1","REME_ComplimentaryCards","Bag of Preparation","Vajra","Empty Cage","Necronomicon"],"acts_visited":["Exordium","TheCity"],"potions_floor_usage":[16,23],"damage_taken":[{"damage":14.0,"enemies":"Small Slimes","floor":1.0,"turns":5.0},{"damage":3.0,"enemies":"2 Louse","floor":4.0,"turns":5.0},{"damage":32.0,"enemies":"3 Sentries","floor":7.0,"turns":25.0},{"damage":0.0,"enemies":"Jaw Worm","floor":8.0,"turns":7.0},{"damage":8.0,"enemies":"Gremlin Gang","floor":11.0,"turns":10.0},{"damage":3.0,"enemies":"Lagavulin","floor":13.0,"turns":9.0},{"damage":0,"enemies":"Blue Slaver","floor":14,"turns":7},{"damage":15,"enemies":"The Guardian","floor":16,"turns":15},{"damage":8,"enemies":"2 Thieves","floor":18,"turns":5},{"damage":40,"enemies":"Book of Stabbing","floor":23,"turns":11}],"seed_played":"-6099490250019423253","potions_obtained":[{"floor":1.0,"key":"SneckoOil"},{"floor":7.0,"key":"DistilledChaos"},{"floor":11.0,"key":"SteroidPotion"},{"floor":14,"key":"Swift Potion"},{"floor":16,"key":"Weak Potion"}],"is_trial":false,"path_per_floor":["M","$","?","M","?","R","E","M","T","?","M","$","E","M","R","B",null,"M","?","$","?","?","E"],"character_chosen":"THE_CONSTRUCT_MOD","items_purchased":[],"campfire_rested":1,"item_purchase_floors":[],"current_hp_per_floor":[63,63,63,60,45,45,13,13,13,13,5,5,2,2,25,10,60,52,52,52,36,36,0,0],"gold":200,"neow_bonus":"REMOVE_TWO","is_daily":false,"chose_seed":false,"campfire_upgraded":1,"win_rate":0.0,"timestamp":1607692623,"path_taken":["M","$","?","M","?","R","E","M","T","?","?","$","E","?","R","BOSS","M","?","$","?","?","E"],"items_purchased_type":[],"build_version":"2020-11-30","purchased_purges":2,"victory":false,"max_hp_per_floor":[77,77,77,77,77,77,77,77,77,77,77,77,77,77,77,77,77,77,77,77,77,77,77,77],"card_choices":[{"not_picked":["construct:FlammableFog","construct:Tumble"],"picked":"construct:VentSteam","floor":1.0},{"not_picked":["construct:ReactiveShield","construct:SuppressiveFire"],"picked":"construct:MetalShell","floor":4.0},{"not_picked":["construct:Multistage","construct:ShiftGuard","construct:PowerUp"],"picked":"SKIP","floor":7.0},{"not_picked":["construct:SyphonStrike","construct:PointDefense","construct:Chainstrike"],"picked":"SKIP","floor":8.0},{"not_picked":["construct:Backup","construct:SweepLaser","construct:QuickAttack"],"picked":"SKIP","floor":11.0},{"not_picked":["construct:BatteryAcid","construct:Boost","construct:MemoryTap"],"picked":"SKIP","floor":13.0},{"not_picked":["construct:Rollout","construct:ScopeCore","construct:Hazardproof"],"picked":"SKIP","floor":14},{"not_picked":["construct:DarkFlames","construct:GoldenBullet"],"picked":"construct:Bunker","floor":16},{"not_picked":["construct:PhosphorStorm","construct:ScrapCannon","construct:FlameCore+1"],"picked":"SKIP","floor":18}],"player_experience":921956,"relics_obtained":[{"floor":7.0,"key":"Bag of Preparation"},{"floor":13.0,"key":"Vajra"},{"floor":21,"key":"Necronomicon"}],"event_choices":[{"cards_removed":["construct:Defend_Gold"],"damage_healed":0.0,"max_hp_gain":0.0,"max_hp_loss":0.0,"gold_gain":0.0,"event_name":"Living Wall","player_choice":"Forget","floor":3.0,"gold_loss":0.0,"damage_taken":0.0},{"damage_healed":0.0,"max_hp_gain":0.0,"max_hp_loss":0.0,"gold_gain":0.0,"event_name":"Shining Light","player_choice":"Entered Light","floor":5.0,"gold_loss":0.0,"damage_taken":15.0,"cards_upgraded":["construct:AttackMode","construct:MetalShell"]},{"damage_healed":0.0,"max_hp_gain":0.0,"max_hp_loss":0.0,"gold_gain":0.0,"event_name":"Scrap Ooze","player_choice":"Fled","floor":10.0,"gold_loss":0.0,"damage_taken":0.0},{"damage_healed":0,"gold_gain":0,"player_choice":"Ignored","damage_taken":0,"max_hp_gain":0,"max_hp_loss":0,"event_name":"Ghosts","floor":19,"gold_loss":0},{"damage_healed":0,"gold_gain":0,"player_choice":"Obtained Book","damage_taken":16,"max_hp_gain":0,"max_hp_loss":0,"event_name":"Cursed Tome","floor":21,"gold_loss":0},{"damage_healed":0,"gold_gain":99,"player_choice":"Stole From Cult","damage_taken":0,"max_hp_gain":0,"max_hp_loss":0,"event_name":"Nest","floor":22,"gold_loss":0}],"is_beta":false,"boss_relics":[{"not_picked":["Coffee Dripper","REME_LowDesire"],"picked":"Empty Cage"}],"items_purged_floors":[2,12],"is_endless":false,"potions_floor_spawned":[1,7,11,14,16],"killed_by":"Book of Stabbing","ascension_level":10}}