{"host":"qt939hhvrbc28rjp","time":1607697074,"event":{"mods":["BaseMod","Minty Spire (QoL Compilation)","Quick Restart","StSLib","SuperFastMode"],"gold_per_floor":[115,115,125,145,13,44,79,110,163,198,198,228,258,258,258,332,332,345,167,167,202,127,169,196,230,254,289,323,363,388,120,120,201,201,219,11,45,55,64,93,136,167,167,199,234,249,286,330,330,330,330],"floor_reached":52,"playtime":15629,"items_purged":["Pain","Corruption+1"],"score":2783,"play_id":"635fcaf2-12d2-450d-b168-a9d8f668dbeb","local_time":"20201211233114","daily_mods":["SealedDeck","Vintage","Heirloom","Time Dilation","Flight","DeadlyEvents","Elite Swarm"],"is_ascension_mode":true,"campfire_choices":[{"data":"Corruption","floor":11.0,"key":"SMITH"},{"data":"Armaments","floor":15.0,"key":"SMITH"},{"data":"Apotheosis","floor":32.0,"key":"SMITH"},{"floor":49,"key":"DIG"}],"circlet_count":0,"master_deck":["AscendersBane","Pummel+1","Flex+1","Rampage+1","Feel No Pain","Pommel Strike","Disarm","Thunderclap","Warcry","Bandage Up","Reaper","Demon Form","Enlightenment","Reaper","Offering","Double Tap+1","Reaper","Limit Break","Berserk+1","Apotheosis+1","Entrench","Barricade+1","Battle Trance+1","Bloodletting","Offering+1","Exhume+1","Impervious+1"],"relics":["Burning Blood","Incense Burner","Bird Faced Urn","Pantograph","Akabeko","TungstenRod","Ornamental Fan","Gambling Chip","Nunchaku","Red Skull","Oddly Smooth Stone","Toy Ornithopter","WarpedTongs","Coffee Dripper","Bronze Scales","CeramicFish","Matryoshka","Orichalcum","Dream Catcher","Smiling Mask","Boot","Frozen Egg 2","Mercury Hourglass","Mummified Hand","CaptainsWheel","SlaversCollar","Question Card","Membership Card","Shovel","War Paint","Toxic Egg 2","Ginger","HornCleat","Blood Vial","Potion Belt","Molten Egg 2","Regal Pillow","Whetstone","Happy Flower","Turnip","Letter Opener"],"acts_visited":[],"potions_floor_usage":[50,51,51,51,51,51],"damage_taken":[{"damage":0.0,"enemies":"Small Slimes","floor":1.0,"turns":1.0},{"damage":0.0,"enemies":"Cultist","floor":3.0,"turns":3.0},{"damage":0.0,"enemies":"Jaw Worm","floor":4.0,"turns":2.0},{"damage":20.0,"enemies":"Lagavulin","floor":6.0,"turns":5.0},{"damage":22.0,"enemies":"Gremlin Nob","floor":7.0,"turns":4.0},{"damage":12.0,"enemies":"3 Sentries","floor":8.0,"turns":6.0},{"damage":10.0,"enemies":"Lagavulin","floor":10.0,"turns":5.0},{"damage":14.0,"enemies":"Gremlin Nob","floor":12.0,"turns":4.0},{"damage":10.0,"enemies":"Lagavulin","floor":13.0,"turns":5.0},{"damage":14.0,"enemies":"The Guardian","floor":16.0,"turns":7.0},{"damage":20.0,"enemies":"2 Thieves","floor":18.0,"turns":4.0},{"damage":12.0,"enemies":"Book of Stabbing","floor":21.0,"turns":4.0},{"damage":27.0,"enemies":"Slavers","floor":23.0,"turns":2.0},{"damage":13.0,"enemies":"Gremlin Leader","floor":24.0,"turns":4.0},{"damage":12.0,"enemies":"Book of Stabbing","floor":25.0,"turns":3.0},{"damage":20.0,"enemies":"Gremlin Leader","floor":27.0,"turns":4.0},{"damage":5.0,"enemies":"Slavers","floor":28.0,"turns":1.0},{"damage":15.0,"enemies":"Book of Stabbing","floor":29.0,"turns":4.0},{"damage":31.0,"enemies":"Gremlin Leader","floor":30.0,"turns":4.0},{"damage":5.0,"enemies":"Collector","floor":33.0,"turns":4.0},{"damage":6.0,"enemies":"Orb Walker","floor":35.0,"turns":4.0},{"damage":0.0,"enemies":"Mind Bloom Boss Battle","floor":37.0,"turns":2.0},{"damage":13.0,"enemies":"3 Darklings","floor":38.0,"turns":3.0},{"damage":24.0,"enemies":"Nemesis","floor":40.0,"turns":3.0},{"damage":5.0,"enemies":"Reptomancer","floor":41.0,"turns":4.0},{"damage":7.0,"enemies":"Nemesis","floor":42.0,"turns":4.0},{"damage":10.0,"enemies":"Giant Head","floor":44.0,"turns":3.0},{"damage":30.0,"enemies":"Nemesis","floor":45.0,"turns":5.0},{"damage":5.0,"enemies":"Maw","floor":46.0,"turns":4.0},{"damage":47,"enemies":"Reptomancer","floor":47,"turns":4},{"damage":36,"enemies":"Nemesis","floor":48,"turns":5},{"damage":45,"enemies":"Donu and Deca","floor":50,"turns":6},{"damage":41,"enemies":"Time Eater","floor":51,"turns":8}],"seed_played":"4020158875227452884","potions_obtained":[{"floor":1.0,"key":"Weak Potion"},{"floor":6.0,"key":"FearPotion"},{"floor":12.0,"key":"DistilledChaos"},{"floor":16.0,"key":"Energy Potion"},{"floor":29.0,"key":"PowerPotion"},{"floor":44.0,"key":"EntropicBrew"},{"floor":45.0,"key":"ElixirPotion"}],"is_trial":true,"path_per_floor":["M","?","M","M","$","E","E","E","T","E","R","E","E","?","R","B",null,"M","$","?","E","?","E","E","E","T","E","E","E","E","$","R","B",null,"M","$","?","M","?","E","E","E","T","E","E","M","E","E","R","B","B",null],"character_chosen":"IRONCLAD","items_purchased":["Warcry","Bandage Up","Enlightenment","Apotheosis","Entrench","Membership Card"],"campfire_rested":0,"item_purchase_floors":[5,5,19,31,31,36],"current_hp_per_floor":[74,75,75,75,75,61,47,47,47,51,51,51,57,57,57,75,75,75,75,75,75,75,75,75,75,75,66,75,70,75,75,75,75,75,75,75,75,75,75,75,75,75,75,75,63,75,75,75,75,75,75],"gold":330,"neow_bonus":"","is_daily":false,"chose_seed":false,"campfire_upgraded":3,"win_rate":0.0,"timestamp":1607697074,"path_taken":["M","?","M","?","?","E","E","E","T","E","R","E","E","?","R","BOSS","M","?","?","?","?","E","E","E","T","E","E","E","E","$","R","BOSS","M","$","?","M","?","E","E","E","T","E","?","?","E","E","R","BOSS","BOSS"],"items_purchased_type":["Card","Card","Card","Card","Card","Relic"],"build_version":"2020-11-30","purchased_purges":2,"victory":true,"max_hp_per_floor":[75,75,75,75,75,75,75,75,75,75,75,75,75,75,75,75,75,75,75,75,75,75,75,75,75,75,75,75,75,75,75,75,75,75,75,75,75,75,75,75,75,75,75,75,75,75,75,75,75,75,75],"card_choices":[{"not_picked":["Bludgeon","Immolate"],"picked":"Corruption","floor":6.0},{"not_picked":["Brutality","Juggernaut","Berserk"],"picked":"SKIP","floor":7.0},{"not_picked":["Corruption","Fiend Fire","Immolate"],"picked":"SKIP","floor":8.0},{"not_picked":["Corruption","Juggernaut","Immolate"],"picked":"SKIP","floor":10.0},{"not_picked":["Corruption","Fiend Fire","Juggernaut"],"picked":"SKIP","floor":12.0},{"not_picked":["Immolate","Juggernaut"],"picked":"Reaper","floor":13.0},{"not_picked":["Reaper","Brutality"],"picked":"Demon Form","floor":16.0},{"not_picked":["Limit Break","Juggernaut"],"picked":"Offering","floor":21.0},{"not_picked":["Berserk","Immolate"],"picked":"Double Tap","floor":23.0},{"not_picked":["Exhume","Brutality","Feed"],"picked":"SKIP","floor":24.0},{"not_picked":["Demon Form","Brutality"],"picked":"Reaper","floor":25.0},{"not_picked":["Feed","Bludgeon","Double Tap"],"picked":"SKIP","floor":27.0},{"not_picked":["Offering","Brutality+1"],"picked":"Limit Break","floor":28.0},{"not_picked":["Double Tap","Exhume"],"picked":"Berserk+1","floor":29.0},{"not_picked":["Bludgeon","Double Tap","Demon Form+1"],"picked":"SKIP","floor":30.0},{"not_picked":["Fiend Fire","Demon Form+1"],"picked":"Barricade+1","floor":33.0},{"not_picked":["Carnage","Clothesline","Rampage"],"picked":"Battle Trance+1","floor":37.0},{"not_picked":["Barricade+1","Immolate","Corruption+1","Reaper"],"picked":"SKIP","floor":40.0},{"not_picked":["Berserk+1","Fiend Fire","Exhume+1"],"picked":"Offering+1","floor":41.0},{"not_picked":["Offering+1","Feed","Barricade+1","Bludgeon"],"picked":"SKIP","floor":42.0},{"not_picked":["Barricade+1","Immolate+1","Brutality+1","Berserk+1"],"picked":"SKIP","floor":44.0},{"not_picked":["Fiend Fire+1","Demon Form+1","Double Tap+1","Feed+1"],"picked":"SKIP","floor":45.0},{"not_picked":["Corruption+1","Limit Break+1","Demon Form+1"],"picked":"Exhume+1","floor":47},{"not_picked":["Reaper+1","Brutality+1","Berserk+1"],"picked":"Impervious+1","floor":48}],"player_experience":1349627,"relics_obtained":[{"floor":1.0,"key":"Bird Faced Urn"},{"floor":3.0,"key":"Pantograph"},{"floor":4.0,"key":"Akabeko"},{"floor":6.0,"key":"TungstenRod"},{"floor":7.0,"key":"Ornamental Fan"},{"floor":8.0,"key":"Gambling Chip"},{"floor":9.0,"key":"Nunchaku"},{"floor":10.0,"key":"Red Skull"},{"floor":12.0,"key":"Oddly Smooth Stone"},{"floor":13.0,"key":"Toy Ornithopter"},{"floor":18.0,"key":"Bronze Scales"},{"floor":21.0,"key":"CeramicFish"},{"floor":23.0,"key":"Matryoshka"},{"floor":24.0,"key":"Orichalcum"},{"floor":25.0,"key":"Dream Catcher"},{"floor":26.0,"key":"Smiling Mask"},{"floor":26.0,"key":"Boot"},{"floor":27.0,"key":"Frozen Egg 2"},{"floor":28.0,"key":"Mercury Hourglass"},{"floor":29.0,"key":"Mummified Hand"},{"floor":30.0,"key":"CaptainsWheel"},{"floor":35.0,"key":"Question Card"},{"floor":37.0,"key":"Shovel"},{"floor":38.0,"key":"War Paint"},{"floor":40.0,"key":"Toxic Egg 2"},{"floor":41.0,"key":"Ginger"},{"floor":42.0,"key":"HornCleat"},{"floor":43.0,"key":"Blood Vial"},{"floor":43.0,"key":"Potion Belt"},{"floor":44.0,"key":"Molten Egg 2"},{"floor":45.0,"key":"Regal Pillow"},{"floor":46.0,"key":"Whetstone"},{"floor":47,"key":"Happy Flower"},{"floor":48,"key":"Turnip"},{"floor":49,"key":"Letter Opener"}],"event_choices":[{"cards_removed":["Cleave"],"damage_healed":5.0,"max_hp_gain":0.0,"max_hp_loss":0.0,"gold_gain":0.0,"event_name":"Bonfire Elementals","player_choice":"Offered Common","floor":2.0,"gold_loss":0.0,"damage_taken":0.0},{"cards_removed":["Cleave"],"damage_healed":5.0,"max_hp_gain":0.0,"max_hp_loss":0.0,"gold_gain":0.0,"event_name":"Bonfire Elementals","player_choice":"Offered Special","floor":2.0,"gold_loss":0.0,"damage_taken":0.0},{"damage_healed":0.0,"max_hp_gain":0.0,"max_hp_loss":0.0,"gold_gain":0.0,"event_name":"Accursed Blacksmith","player_choice":"Rummage","floor":14.0,"gold_loss":0.0,"damage_taken":0.0,"relics_obtained":["WarpedTongs"],"cards_obtained":["Pain"]},{"damage_healed":0.0,"max_hp_gain":0.0,"max_hp_loss":0.0,"gold_gain":0.0,"event_name":"Duplicator","player_choice":"Copied","floor":20.0,"gold_loss":0.0,"damage_taken":0.0,"cards_obtained":["Reaper"]},{"cards_removed":["Twin Strike"],"damage_healed":0.0,"max_hp_gain":0.0,"max_hp_loss":0.0,"gold_gain":0.0,"event_name":"Beggar","player_choice":"Gave Gold","floor":22.0,"gold_loss":75.0,"damage_taken":0.0},{"damage_healed":0.0,"max_hp_gain":0.0,"max_hp_loss":0.0,"gold_gain":0.0,"event_name":"MindBloom","player_choice":"Fight","floor":37.0,"gold_loss":0.0,"damage_taken":0.0},{"damage_healed":0.0,"max_hp_gain":0.0,"max_hp_loss":0.0,"gold_gain":0.0,"cards_transformed":["Armaments"],"event_name":"Transmorgrifier","player_choice":"Transformed","floor":39.0,"gold_loss":0.0,"damage_taken":0.0,"cards_obtained":["Bloodletting"]}],"is_beta":false,"boss_relics":[{"not_picked":["Mark of Pain","Runic Pyramid"],"picked":"Coffee Dripper"},{"not_picked":["SacredBark","Snecko Eye"],"picked":"SlaversCollar"}],"items_purged_floors":[19,36],"is_endless":false,"potions_floor_spawned":[1,6,12,16,21,29,30,33,40,41,44,45,48],"ascension_level":20}}