{"host":"jpcy2bclvs7juczu","time":1607699835,"event":{"mods":["BaseMod","Bestiary","Block Reminder","Colored Map","Colored Powertips","Curses Come First","Filter the Spire","Minty Spire (QoL Compilation)","Quick Restart","Relic Stats","StSLib","everything is the same but u backflip on backflip","ojb\u0027s Better Paths Mod","ojb\u0027s Info Mod","slay the spire mod where everything is the same but ironclad has a cowboy hat"],"gold_per_floor":[112,127,143,143,153,186,203,203,203,45,77,102,102,118,118,192,192,208,208,220,220,231,231,264,264,264,290,290,309,335,353,353,428,428,447,447,466,86,96,96,126,141,141,151,183,183,193,193,193,193,193,193],"floor_reached":51,"playtime":3964,"items_purged":["Perfected Strike"],"score":1518,"play_id":"b67fca18-7ea1-4e44-a060-41e5be72a9f3","local_time":"20201211101715","is_ascension_mode":true,"campfire_choices":[{"data":"Shockwave","floor":8.0,"key":"SMITH"},{"data":"Flame Barrier","floor":15.0,"key":"SMITH"},{"data":"Immolate","floor":23.0,"key":"SMITH"},{"data":"Armaments","floor":25.0,"key":"SMITH"},{"floor":32.0,"key":"REST"},{"data":"Burning Pact","floor":40.0,"key":"SMITH"},{"floor":49.0,"key":"RECALL"}],"circlet_count":0,"master_deck":["AscendersBane","Strike_R+1","Strike_R+1","Strike_R+1","Strike_R+1","Defend_R+1","Defend_R+1","Defend_R+1","Defend_R+1","Bash","Clothesline","Flame Barrier+1","Feed","Infernal Blade","Shockwave+1","Shrug It Off","Disarm","Ghostly Armor","Immolate+1","Fiend Fire","Armaments+1","Dropkick","Battle Trance","Intimidate+1","Burning Pact+1","Barricade","Flame Barrier+1","Whirlwind+1","Second Wind","Uppercut+1","Parasite","Shrug It Off+1","Flame Barrier","Flame Barrier","Parasite","Feel No Pain+1","Doubt"],"relics":["Cursed Key","FossilizedHelix","Frozen Eye","Blood Vial","Odd Mushroom","Philosopher\u0027s Stone","Nunchaku","Question Card","Red Mask","Black Star","Medical Kit","Pear","Incense Burner","Darkstone Periapt","Lantern"],"acts_visited":["Exordium","TheCity","TheBeyond"],"potions_floor_usage":[],"damage_taken":[{"damage":7.0,"enemies":"Small Slimes","floor":1.0,"turns":3.0},{"damage":0.0,"enemies":"Cultist","floor":2.0,"turns":3.0},{"damage":0.0,"enemies":"2 Louse","floor":3.0,"turns":2.0},{"damage":3.0,"enemies":"Looter","floor":5.0,"turns":3.0},{"damage":24.0,"enemies":"Gremlin Nob","floor":6.0,"turns":4.0},{"damage":0.0,"enemies":"Large Slime","floor":7.0,"turns":5.0},{"damage":6.0,"enemies":"Lagavulin","floor":11.0,"turns":5.0},{"damage":0.0,"enemies":"The Mushroom Lair","floor":12.0,"turns":4.0},{"damage":0.0,"enemies":"3 Louse","floor":14.0,"turns":3.0},{"damage":33.0,"enemies":"Hexaghost","floor":16.0,"turns":11.0},{"damage":2.0,"enemies":"Chosen","floor":18.0,"turns":5.0},{"damage":3.0,"enemies":"2 Thieves","floor":20.0,"turns":4.0},{"damage":11.0,"enemies":"Chosen and Byrds","floor":22.0,"turns":7.0},{"damage":1.0,"enemies":"Book of Stabbing","floor":24.0,"turns":5.0},{"damage":38.0,"enemies":"Gremlin Leader","floor":27.0,"turns":9.0},{"damage":0.0,"enemies":"Snecko","floor":29.0,"turns":5.0},{"damage":0.0,"enemies":"Masked Bandits","floor":30.0,"turns":2.0},{"damage":10.0,"enemies":"3 Cultists","floor":31.0,"turns":5.0},{"damage":36.0,"enemies":"Collector","floor":33.0,"turns":10.0},{"damage":0.0,"enemies":"3 Shapes","floor":35.0,"turns":2.0},{"damage":0.0,"enemies":"Orb Walker","floor":37.0,"turns":4.0},{"damage":7.0,"enemies":"Sphere and 2 Shapes","floor":39.0,"turns":10.0},{"damage":31.0,"enemies":"Nemesis","floor":41.0,"turns":15.0},{"damage":18.0,"enemies":"Spire Growth","floor":42.0,"turns":17.0},{"damage":0.0,"enemies":"Maw","floor":44.0,"turns":11.0},{"damage":28.0,"enemies":"Reptomancer","floor":45.0,"turns":7.0},{"damage":0.0,"enemies":"Writhing Mass","floor":47.0,"turns":12.0},{"damage":29.0,"enemies":"Awakened One","floor":50.0,"turns":60.0},{"damage":104,"enemies":"Time Eater","floor":51,"turns":24}],"seed_played":"-5740573425817235793","potions_obtained":[{"floor":2.0,"key":"BloodPotion"},{"floor":6.0,"key":"SpeedPotion"},{"floor":14.0,"key":"Weak Potion"},{"floor":29.0,"key":"PowerPotion"},{"floor":30.0,"key":"Ancient Potion"},{"floor":42.0,"key":"EntropicBrew"},{"floor":44.0,"key":"AttackPotion"},{"floor":47.0,"key":"Weak Potion"}],"is_trial":false,"path_per_floor":["M","M","M","?","M","E","M","R","T","$","E","?","?","M","R","B",null,"M","?","M","?","M","R","E","R","T","E","?","M","?","M","R","B",null,"M","?","M","$","M","R","E","M","T","M","E","?","M","?","R","B","B"],"character_chosen":"IRONCLAD","items_purchased":["Frozen Eye","Medical Kit","Second Wind","Block Potion"],"campfire_rested":1,"item_purchase_floors":[10,38,38,38],"current_hp_per_floor":[61,61,61,61,58,34,37,37,37,37,31,36,36,57,57,26,70,70,70,72,72,66,66,67,67,67,31,25,27,29,21,48,14,71,73,73,78,78,76,76,57,41,41,43,17,17,25,118,118,93,0,0],"gold":193,"neow_bonus":"BOSS_RELIC","is_daily":false,"chose_seed":false,"campfire_upgraded":5,"win_rate":0.0,"timestamp":1607699835,"path_taken":["M","M","M","?","?","E","M","R","T","$","E","?","?","M","R","BOSS","M","?","M","?","M","R","E","R","T","E","?","?","?","M","R","BOSS","M","?","?","$","M","R","E","M","T","M","E","?","?","?","R","BOSS","BOSS"],"items_purchased_type":["Relic","Relic","Card","Potion"],"build_version":"2020-11-30","purchased_purges":1,"victory":false,"max_hp_per_floor":[75,75,75,75,75,75,78,78,78,78,78,81,81,84,84,84,84,84,84,87,87,90,90,90,90,90,90,90,90,90,90,90,90,90,90,90,93,93,96,96,106,106,106,106,106,106,112,118,118,122,122,122],"relic_stats":{"Blood Vial":42,"Darkstone Periapt":12,"Nunchaku":[24],"counters":[29,257],"Black Star":2,"Cursed Key":1,"Question Card":12,"Medical Kit":[29],"obtain_stats":[{"Darkstone Periapt":45,"Lantern":45,"Pear":41,"Incense Burner":41,"Odd Mushroom":12,"Cursed Key":0,"Question Card":27,"Medical Kit":38,"Burning Blood":0,"Blood Vial":11,"Frozen Eye":10,"Nunchaku":24,"Philosopher\u0027s Stone":17,"Red Mask":30,"Black Star":34,"FossilizedHelix":6},{"Darkstone Periapt":26,"Lantern":26,"Pear":23,"Incense Burner":23,"Odd Mushroom":8,"Cursed Key":0,"Question Card":15,"Medical Kit":21,"Burning Blood":0,"Blood Vial":7,"Frozen Eye":6,"Nunchaku":14,"Philosopher\u0027s Stone":10,"Red Mask":17,"Black Star":19,"FossilizedHelix":5},{"Darkstone Periapt":161,"Lantern":161,"Pear":126,"Incense Burner":126,"Odd Mushroom":29,"Cursed Key":0,"Question Card":73,"Medical Kit":101,"Burning Blood":0,"Blood Vial":25,"Frozen Eye":20,"Nunchaku":64,"Philosopher\u0027s Stone":43,"Red Mask":80,"Black Star":95,"FossilizedHelix":15}]},"card_choices":[{"not_picked":["Anger","True Grit"],"picked":"Clothesline","floor":1.0},{"not_picked":["Warcry","Clothesline"],"picked":"Perfected Strike","floor":2.0},{"not_picked":["Sever Soul","Havoc"],"picked":"Flame Barrier","floor":3.0},{"not_picked":["Sever Soul","Twin Strike"],"picked":"Feed","floor":5.0},{"not_picked":["Flex","Juggernaut"],"picked":"Infernal Blade","floor":6.0},{"not_picked":["Shrug It Off","Thunderclap"],"picked":"Shockwave","floor":7.0},{"not_picked":["Dark Embrace","Perfected Strike"],"picked":"Shrug It Off","floor":11.0},{"not_picked":["Pommel Strike","Thunderclap"],"picked":"Disarm","floor":12.0},{"not_picked":["Clash","Wild Strike"],"picked":"Ghostly Armor","floor":14.0},{"not_picked":["Impervious","Limit Break"],"picked":"Immolate","floor":16.0},{"not_picked":["Rampage","Iron Wave+1","Pommel Strike"],"picked":"SKIP","floor":18.0},{"not_picked":["Anger","Clash"],"picked":"Fiend Fire","floor":20.0},{"not_picked":["Dropkick","Perfected Strike"],"picked":"Armaments","floor":22.0},{"not_picked":["Armaments","Metallicize"],"picked":"Dropkick","floor":24.0},{"not_picked":["Heavy Blade","Immolate","Body Slam"],"picked":"SKIP","floor":27.0},{"not_picked":["Twin Strike","Dual Wield+1","Clothesline"],"picked":"Battle Trance","floor":29.0},{"not_picked":["Perfected Strike+1","Pummel","Limit Break"],"picked":"Intimidate+1","floor":30.0},{"not_picked":["Heavy Blade","Hemokinesis","Disarm"],"picked":"Burning Pact","floor":31.0},{"not_picked":["Fiend Fire","Feed","Corruption"],"picked":"Barricade","floor":33.0},{"not_picked":["Twin Strike+1","Flex","Wild Strike","Flame Barrier+1"],"picked":"SKIP","floor":35.0},{"not_picked":["Twin Strike+1","Flex","Wild Strike"],"picked":"Flame Barrier+1","floor":35.0},{"not_picked":["Clash","Perfected Strike","Heavy Blade"],"picked":"Whirlwind+1","floor":37.0},{"not_picked":["Twin Strike+1","Warcry","Dark Embrace","Headbutt+1"],"picked":"SKIP","floor":39.0},{"not_picked":["Rampage+1","Twin Strike","Heavy Blade","Clothesline"],"picked":"SKIP","floor":41.0},{"not_picked":["Battle Trance","Rage","Warcry"],"picked":"Uppercut+1","floor":42.0},{"not_picked":["Flame Barrier","Warcry","Wild Strike"],"picked":"Shrug It Off+1","floor":44.0},{"not_picked":["Rampage+1","Sword Boomerang","Reckless Charge"],"picked":"Flame Barrier","floor":45.0},{"not_picked":["Bludgeon","True Grit","Havoc"],"picked":"Feel No Pain+1","floor":47.0}],"player_experience":1479116,"relics_obtained":[{"floor":6.0,"key":"FossilizedHelix"},{"floor":11.0,"key":"Blood Vial"},{"floor":12.0,"key":"Odd Mushroom"},{"floor":24.0,"key":"Nunchaku"},{"floor":27.0,"key":"Question Card"},{"floor":30.0,"key":"Red Mask"},{"floor":41.0,"key":"Pear"},{"floor":41.0,"key":"Incense Burner"},{"floor":45.0,"key":"Darkstone Periapt"},{"floor":45.0,"key":"Lantern"}],"event_choices":[{"cards_removed":["Strike_R"],"damage_healed":0.0,"max_hp_gain":0.0,"max_hp_loss":0.0,"gold_gain":0.0,"event_name":"Purifier","player_choice":"Purged","floor":4.0,"gold_loss":0.0,"damage_taken":0.0},{"damage_healed":0.0,"max_hp_gain":0.0,"max_hp_loss":0.0,"gold_gain":0.0,"event_name":"Mushrooms","player_choice":"Fought Mushrooms","floor":12.0,"gold_loss":0.0,"damage_taken":0.0},{"damage_healed":0.0,"max_hp_gain":0.0,"max_hp_loss":0.0,"gold_gain":0.0,"event_name":"Liars Game","player_choice":"Ignored","floor":13.0,"gold_loss":0.0,"damage_taken":0.0},{"damage_healed":0.0,"max_hp_gain":0.0,"max_hp_loss":0.0,"gold_gain":0.0,"event_name":"Back to Basics","player_choice":"Simplicity","floor":19.0,"gold_loss":0.0,"damage_taken":0.0,"cards_upgraded":["Strike_R","Strike_R","Strike_R","Strike_R","Defend_R","Defend_R","Defend_R","Defend_R"]},{"damage_healed":0.0,"max_hp_gain":0.0,"max_hp_loss":0.0,"gold_gain":0.0,"event_name":"Ghosts","player_choice":"Ignored","floor":21.0,"gold_loss":0.0,"damage_taken":0.0},{"damage_healed":0.0,"max_hp_gain":0.0,"max_hp_loss":0.0,"gold_gain":0.0,"event_name":"Knowing Skull","player_choice":"","floor":28.0,"potions_obtained":[],"gold_loss":0.0,"damage_taken":6.0,"cards_obtained":[]},{"damage_healed":0.0,"max_hp_gain":0.0,"max_hp_loss":0.0,"gold_gain":0.0,"event_name":"Masked Bandits","player_choice":"Fought Bandits","floor":30.0,"gold_loss":0.0,"damage_taken":0.0},{"damage_healed":0.0,"max_hp_gain":0.0,"max_hp_loss":0.0,"gold_gain":0.0,"event_name":"SecretPortal","player_choice":"Ignored","floor":36.0,"gold_loss":0.0,"damage_taken":0.0},{"damage_healed":0.0,"max_hp_gain":0.0,"max_hp_loss":0.0,"gold_gain":0.0,"event_name":"Match and Keep!","player_choice":"1 cards matched","floor":46.0,"gold_loss":0.0,"damage_taken":0.0,"cards_obtained":["Flame Barrier"]},{"damage_healed":87.0,"max_hp_gain":0.0,"max_hp_loss":0.0,"gold_gain":0.0,"event_name":"MindBloom","player_choice":"Heal","floor":48.0,"gold_loss":0.0,"damage_taken":0.0,"cards_obtained":["Doubt"]}],"is_beta":false,"boss_relics":[{"not_picked":["Sozu","Runic Cube"],"picked":"Philosopher\u0027s Stone"},{"not_picked":["Velvet Choker","SlaversCollar"],"picked":"Black Star"}],"items_purged_floors":[38],"is_endless":false,"potions_floor_spawned":[2,6,12,14,27,29,30,31,42,44,47],"killed_by":"Time Eater","ascension_level":20}}