{"host":"9544bpadt41uu5ar","time":1607682904,"event":{"mods":["Act Like it!","Aspiration","BaseMod","Conspire","Gensokyo","Hallownest","Highlight Path","KinomotoSakuraMod(木之本樱)","KomeijiMod","Luminous","Marisa（F雨　魔理沙）","Minty Spire (QoL Compilation)","Reimu（博丽灵梦）","Remilia（蕾米莉亚）","Replay The Spire","RumiaBox-露米娅的神秘盒子","StSLib","The Bug Knight","The Gatherer","The Servant 0.9.4","Youmu（魂魄妖梦）","Yuyuko","【东方二次创作】八云紫mod","【遗物卡牌】REMEMod"],"gold_per_floor":[173,29,29,41,53,53,84,84,164,24,37,37,52,52,52,52,52],"floor_reached":16,"playtime":2824,"items_purged":["Strike_Remiria"],"score":100,"play_id":"3aa52ef3-6102-4877-b40c-182efc4bc68e","local_time":"20201211183504","is_ascension_mode":false,"campfire_choices":[{"data":"Absorbed","floor":6,"key":"SMITH"},{"data":"PartStrengthen","floor":8,"key":"SMITH"},{"floor":15,"key":"RECALL"}],"circlet_count":0,"master_deck":["Strike_Remiria","Strike_Remiria","Strike_Remiria","Defend_Remirira","Defend_Remirira","Defend_Remirira","Defend_Remirira","Absorbed+1","Scratch","Cripple","Tepes","FateMeister","PartStrengthen+1","CurseofVladTepes","TricksterDevil","FateCollect"],"relics":["ThirstyCrossSpe","REME_ComplimentaryCards","AddBug","SecretRecord"],"acts_visited":["Gensokyo:Gensokyo"],"potions_floor_usage":[],"damage_taken":[{"damage":2,"enemies":"Gensokyo:Gryphon","floor":1,"turns":3},{"damage":0,"enemies":"Gensokyo:Python","floor":4,"turns":3},{"damage":0,"enemies":"Gensokyo:2_Kodama","floor":5,"turns":3},{"damage":33,"enemies":"Gensokyo:Aya","floor":7,"turns":6},{"damage":2,"enemies":"Gensokyo:VengefulSpirit","floor":11,"turns":3},{"damage":9,"enemies":"Gensokyo:3_Kodama","floor":13,"turns":4},{"damage":44,"enemies":"Gensokyo:Reimu","floor":16,"turns":5}],"seed_played":"-8868456009256024978","potions_obtained":[{"floor":4,"key":"ZuzhouPotion:ReiMu"}],"is_trial":false,"path_per_floor":["M","$","T","M","M","R","E","R","T","?","M","?","M","?","R","B"],"character_chosen":"RemiriaScarlet","items_purchased":["Tepes"],"campfire_rested":0,"item_purchase_floors":[2],"current_hp_per_floor":[108,108,108,108,108,108,75,75,75,75,73,73,64,64,64,20,20],"gold":52,"neow_bonus":"TEN_PERCENT_HP_BONUS","is_daily":false,"chose_seed":false,"campfire_upgraded":2,"win_rate":0.0,"timestamp":1607682904,"path_taken":["M","$","?","M","M","R","E","R","T","?","M","?","?","?","R","BOSS"],"items_purchased_type":["Card"],"build_version":"2020-11-30","purchased_purges":1,"victory":false,"max_hp_per_floor":[110,110,110,110,110,110,110,110,110,110,110,110,110,110,110,110,110],"card_choices":[{"not_picked":["Feint","TrickFate"],"picked":"Cripple","floor":1},{"not_picked":["DoubleEdge","ThirstForBlood"],"picked":"FateMeister","floor":4},{"not_picked":["RocketKickup","ServantFlier"],"picked":"PartStrengthen","floor":5},{"not_picked":["StigmaNizer","Tearing"],"picked":"CurseofVladTepes","floor":7},{"not_picked":["FastHealing","ThirstForBlood"],"picked":"TricksterDevil","floor":11},{"not_picked":["DemonsDinnerFork_Remiria","BloodySuit"],"picked":"FateCollect","floor":13}],"player_experience":51683,"relics_obtained":[{"floor":1,"key":"AddBug"},{"floor":3,"key":"ChaoDraw"},{"floor":7,"key":"MealTicket"}],"event_choices":[],"is_beta":false,"boss_relics":[],"items_purged_floors":[2],"is_endless":false,"potions_floor_spawned":[4],"killed_by":"Gensokyo:Reimu","ascension_level":0}}