{"host":"ceopyqoizwrgii5g","time":1607705403,"event":{"mods":["Act Like it!","Aspiration","BaseMod","BetterRewards","CapriCore","Conspire","Dota2Spire","GungeonMod","Hallownest","Hermit","Infinite Spire","Luminous","Marisa（霧雨　魔理沙）","Minty Spire (QoL Compilation)","Permanent Neow","Quick Restart","Replay The Spire","RumiaBox-露米?的神秘盒子","Shop Mod","Spicy Shops","StSLib","SuperFastMode","TheWitcher","Transform Curses","WarShipGirlsR/??少女R mod","【?方二次?作】八云紫mod","【功能Mod】混沌之?修复?丁"],"gold_per_floor":[115,115,129,143,143,143,178,192,215,215,235,262,232,242,242,342,342,360,432,432,392,192,192,222,301,301,301,319,331,344,344,344],"floor_reached":31,"playtime":832,"items_purged":["MachineGunSpark"],"score":363,"play_id":"25564200-40f0-4e67-8f01-b0338475c456","local_time":"20201212005003","is_ascension_mode":true,"campfire_choices":[{"data":"MachineGunSpark","floor":6,"key":"SMITH"},{"floor":15,"key":"REST"},{"floor":23,"key":"REST"},{"data":"UltimateShortwave","floor":27,"key":"SMITH"}],"circlet_count":0,"master_deck":["Strike_MRS","Strike_MRS","Strike_MRS","Strike_MRS","Defend_MRS","Defend_MRS+1","Defend_MRS+1","Defend_MRS","MasterSpark","UpSweep+1","PowerUp","MachineGunSpark+1","MilkyWay","OortCloud","OortCloud","PropBag+1","GalacticHalo","MysteriousBeam","WitchOfGreed","LuminesStrike","BlazeAway","MilkyWay","WitchOfGreed","UltimateShortwave+1","AlicesGift","SporeBomb","FairyDestructionRay+1","OortCloud","ChargingUp","MilkyWay+1"],"relics":["MiniHakkero","MerchantsRug","AddBug","SecretRecord","SecretRecord","SecretRecord","SecretRecord","SecretRecord","SecretRecord","SecretRecord","SecretRecord"],"acts_visited":["Exordium","TheCity","TheCity"],"potions_floor_usage":[16,16,24],"damage_taken":[{"damage":0,"enemies":"Cultist","floor":1,"turns":3},{"damage":0,"enemies":"2 Louse","floor":3,"turns":2},{"damage":0,"enemies":"Jaw Worm","floor":4,"turns":5},{"damage":8,"enemies":"3 Sentries","floor":7,"turns":7},{"damage":21,"enemies":"Gremlin Gang","floor":8,"turns":6},{"damage":0,"enemies":"Blue Slaver","floor":11,"turns":2},{"damage":15,"enemies":"Lagavulin","floor":12,"turns":4},{"damage":5,"enemies":"3 Louse","floor":14,"turns":4},{"damage":10,"enemies":"Hexaghost","floor":16,"turns":4},{"damage":26,"enemies":"2 Thieves","floor":18,"turns":4},{"damage":12,"enemies":"Chosen","floor":19,"turns":4},{"damage":16,"enemies":"Book of Stabbing","floor":24,"turns":5},{"damage":0,"enemies":"conspire:HollyBat","floor":25,"turns":7},{"damage":42,"enemies":"DemoMod:Red_and_blue_shotgun_kin","floor":28,"turns":2},{"damage":0,"enemies":"DemoMod:4_Bullet_Kins_with_one_veteran","floor":29,"turns":1},{"damage":15,"enemies":"DemoMod:Red_and_blue_shotgun_kin_with_gunsinger","floor":30,"turns":3},{"damage":13,"enemies":"DemoMod:2_Mousers","floor":31,"turns":1}],"seed_played":"9177045738463416984","potions_obtained":[{"floor":1,"key":"SteroidPotion"},{"floor":3,"key":"BottledSpark"},{"floor":4,"key":"Dota2Spire:Clarity"},{"floor":18,"key":"infinitespire:BlackPotion"},{"floor":24,"key":"Energy Potion"},{"floor":25,"key":"BottledSpark"},{"floor":30,"key":"Adrenaline Potion"}],"is_trial":false,"path_per_floor":["M","?","M","M","?","R","E","M","T","?","M","E","?","M","R","B",null,"M","M","AVR","?","$","R","E","M","T","R","M","M","M","M"],"character_chosen":"MARISA","items_purchased":["DemoMod:GnawedKey","MerchantsRug","PowerUp","MachineGunSpark","MilkyWay","OortCloud","War Paint","SporeBomb"],"campfire_rested":2,"item_purchase_floors":[0,0,0,0,0,0,22,22],"current_hp_per_floor":[68,68,68,68,68,68,60,39,39,44,44,29,29,24,48,38,70,44,32,32,32,32,56,40,40,70,70,28,28,13,0,0],"gold":344,"neow_bonus":"","is_daily":false,"chose_seed":false,"campfire_upgraded":2,"win_rate":0.0,"timestamp":1607705403,"path_taken":["M","?","M","M","?","R","E","?","T","?","M","E","?","M","R","BOSS","M","?","AVR","?","$","R","E","?","T","R","M","M","M","M"],"items_purchased_type":["Relic","Relic","Card","Card","Card","Card","Relic","Card"],"build_version":"2020-11-30","purchased_purges":1,"victory":false,"max_hp_per_floor":[75,75,75,75,75,75,75,75,75,80,80,80,80,80,80,80,80,80,80,80,80,80,80,80,80,80,80,80,80,80,80,80],"card_choices":[{"not_picked":["Acceleration","LuminesStrike"],"picked":"PropBag","floor":1},{"not_picked":["PulseMagic","GravityBeat"],"picked":"GalacticHalo","floor":3},{"not_picked":["PulseMagic","EnergyRecoil","ShootingEcho"],"picked":"SKIP","floor":4},{"not_picked":["BlazingStar","MagicChant"],"picked":"MysteriousBeam","floor":7},{"not_picked":["PulseMagic","DC","ShootingEcho"],"picked":"SKIP","floor":8},{"not_picked":["ShootTheMoon","DoubleSpark"],"picked":"WitchOfGreed","floor":11},{"not_picked":["OneTimeOff","SprinkleStarSeal"],"picked":"LuminesStrike","floor":12},{"not_picked":[],"picked":"BlazeAway","floor":13},{"not_picked":[],"picked":"MilkyWay","floor":13},{"not_picked":["GrandCross","6A"],"picked":"WitchOfGreed","floor":14},{"not_picked":["MillisecondPulsars","CasketOfStar"],"picked":"UltimateShortwave","floor":16},{"not_picked":["DeepEcoloBomb","GravityBeat"],"picked":"AlicesGift","floor":18},{"not_picked":["GravityBeat","IllusionStar","ShootTheMoon"],"picked":"SKIP","floor":19},{"not_picked":["IllusionStar+1","StarlightTyphoon"],"picked":"FairyDestructionRay+1","floor":24},{"not_picked":["LuminesStrike","GalacticHalo"],"picked":"OortCloud","floor":25},{"not_picked":["OneTimeOff","MagicAbsorber+1","PulseMagic+1"],"picked":"SKIP","floor":28},{"not_picked":["ManaConvection","BlazingStar"],"picked":"ChargingUp","floor":29},{"not_picked":["GravityBeat+1","Acceleration+1"],"picked":"MilkyWay+1","floor":30}],"player_experience":178628,"relics_obtained":[{"floor":1,"key":"AddBug"},{"floor":7,"key":"Onion Ring"},{"floor":8,"key":"SecretRecord"},{"floor":9,"key":"aspiration:Lifesprig"},{"floor":11,"key":"SecretRecord"},{"floor":12,"key":"Dota2Spire:MagicBottle"},{"floor":14,"key":"SecretRecord"},{"floor":18,"key":"SecretRecord"},{"floor":24,"key":"SecretRecord"},{"floor":24,"key":"aspiration:TomeofQuesting"},{"floor":25,"key":"SecretRecord"},{"floor":30,"key":"SecretRecord"}],"event_choices":[{"damage_healed":0,"gold_gain":0,"player_choice":"Grow","damage_taken":0,"max_hp_gain":0,"max_hp_loss":0,"event_name":"Living Wall","floor":2,"gold_loss":0,"cards_upgraded":["PropBag"]},{"damage_healed":0,"gold_gain":0,"player_choice":"Bought 0 Potions","damage_taken":0,"max_hp_gain":0,"max_hp_loss":0,"event_name":"The Woman in Blue","floor":5,"gold_loss":0},{"damage_healed":0,"gold_gain":0,"player_choice":"Donut","damage_taken":0,"max_hp_gain":5,"max_hp_loss":0,"event_name":"Big Fish","floor":10,"gold_loss":0},{"damage_healed":0,"gold_gain":0,"player_choice":"Upgrade","damage_taken":0,"max_hp_gain":0,"max_hp_loss":0,"event_name":"Designer","floor":21,"gold_loss":40,"cards_upgraded":["UpSweep"]}],"is_beta":false,"boss_relics":[{"not_picked":["Kintsugi","conspire:SpecialSausage"],"picked":"Honey Jar"}],"items_purged_floors":[20],"is_endless":false,"potions_floor_spawned":[1,3,4,18,24,30],"killed_by":"DemoMod:2_Mousers","ascension_level":7}}