{"host":"dz1qwalix8eproj8","time":1607702468,"event":{"mods":["AchievementEnabler","BaseMod","Block Reminder","Minty Spire (QoL Compilation)","Relic Stats","StSLib","SuperFastMode"],"gold_per_floor":[119,119,119,143,164,164,204,204,230,246,279,28,28,49,49,175,175,188,204,220,220,238,238,238],"floor_reached":23,"playtime":1623,"items_purged":[],"score":274,"play_id":"20199de1-9673-4cd8-944b-f1318d717ec5","local_time":"20201211170108","is_ascension_mode":true,"campfire_choices":[{"data":"All Out Attack","floor":6.0,"key":"SMITH"},{"floor":8.0,"key":"REST"},{"floor":15.0,"key":"DIG"}],"circlet_count":0,"master_deck":["Strike_G","Strike_G","Strike_G","Defend_G","Defend_G","Defend_G","Defend_G","Defend_G","Survivor","Neutralize+1","All Out Attack+1","Dagger Throw","Slice","Quick Slash","Heel Hook","Phantasmal Killer","Prepared","Predator","A Thousand Cuts","CurseOfTheBell","Blade Dance+1","Blur+1","Flying Knee+1","Backflip"],"relics":["Ring of the Snake","Golden Idol","Pen Nib","Toy Ornithopter","Shovel","Eternal Feather","FossilizedHelix","Calling Bell","Ancient Tea Set","The Courier","TungstenRod"],"acts_visited":["Exordium","TheCity"],"potions_floor_usage":[19,20,20],"damage_taken":[{"damage":2.0,"enemies":"Jaw Worm","floor":1.0,"turns":6.0},{"damage":0.0,"enemies":"Small Slimes","floor":4.0,"turns":3.0},{"damage":0.0,"enemies":"Cultist","floor":5.0,"turns":3.0},{"damage":22.0,"enemies":"Gremlin Nob","floor":7.0,"turns":5.0},{"damage":3.0,"enemies":"Exordium Wildlife","floor":10.0,"turns":5.0},{"damage":25.0,"enemies":"Lagavulin","floor":11.0,"turns":4.0},{"damage":10.0,"enemies":"Gremlin Gang","floor":14.0,"turns":3.0},{"damage":15.0,"enemies":"The Guardian","floor":16.0,"turns":9.0},{"damage":0.0,"enemies":"3 Byrds","floor":18.0,"turns":6.0},{"damage":18,"enemies":"Shell Parasite","floor":19,"turns":5},{"damage":13,"enemies":"Cultist and Chosen","floor":20,"turns":7},{"damage":32,"enemies":"Snake Plant","floor":22,"turns":6},{"damage":27,"enemies":"Slavers","floor":23,"turns":4}],"seed_played":"-5385693217002089889","potions_obtained":[{"floor":1.0,"key":"SneckoOil"},{"floor":5.0,"key":"Block Potion"},{"floor":11.0,"key":"CultistPotion"},{"floor":16.0,"key":"SpeedPotion"},{"floor":19,"key":"DistilledChaos"}],"is_trial":false,"path_per_floor":["M","?","?","M","M","R","E","R","T","M","E","$","?","M","R","B",null,"M","M","M","?","M","E"],"character_chosen":"THE_SILENT","items_purchased":["Eternal Feather"],"campfire_rested":1,"item_purchase_floors":[12],"current_hp_per_floor":[61,61,61,61,61,61,39,58,58,55,30,30,30,20,29,19,54,54,41,38,59,27,0,0],"gold":238,"neow_bonus":"UPGRADE_CARD","is_daily":false,"chose_seed":false,"campfire_upgraded":1,"win_rate":0.0,"timestamp":1607702468,"path_taken":["M","?","?","M","?","R","E","R","T","M","E","$","?","M","R","BOSS","M","?","M","?","M","E"],"items_purchased_type":["Relic"],"build_version":"2020-11-30","purchased_purges":0,"victory":false,"max_hp_per_floor":[70,65,65,65,65,65,65,65,65,65,65,65,65,65,65,65,65,65,65,65,65,65,65,65],"relic_stats":{"Shovel":1,"counters":[13,66],"Golden Idol":69,"Eternal Feather":9,"Pen Nib":[11],"obtain_stats":[{"Calling Bell":17,"Shovel":11,"Golden Idol":2,"Eternal Feather":12,"Pen Nib":7,"The Courier":17,"Ancient Tea Set":17,"Toy Ornithopter":9,"FossilizedHelix":15,"TungstenRod":17,"Ring of the Snake":0},{"Calling Bell":8,"Shovel":6,"Golden Idol":1,"Eternal Feather":6,"Pen Nib":4,"The Courier":8,"Ancient Tea Set":8,"Toy Ornithopter":4,"FossilizedHelix":7,"TungstenRod":8,"Ring of the Snake":0},{"Calling Bell":38,"Shovel":26,"Golden Idol":6,"Eternal Feather":26,"Pen Nib":17,"The Courier":38,"Ancient Tea Set":38,"Toy Ornithopter":17,"FossilizedHelix":29,"TungstenRod":38,"Ring of the Snake":0}],"Toy Ornithopter":20,"TungstenRod":32,"Ring of the Snake":[26]},"card_choices":[{"not_picked":["Sucker Punch","Escape Plan"],"picked":"All Out Attack","floor":1.0},{"not_picked":["Backflip","Crippling Poison"],"picked":"Dagger Throw","floor":4.0},{"not_picked":["Underhanded Strike","Dagger Throw"],"picked":"Slice","floor":5.0},{"not_picked":["Acrobatics","Catalyst"],"picked":"Quick Slash","floor":7.0},{"not_picked":["Caltrops","Outmaneuver"],"picked":"Heel Hook","floor":10.0},{"not_picked":["Predator","Slice"],"picked":"Phantasmal Killer","floor":11.0},{"not_picked":["Crippling Poison","Acrobatics"],"picked":"Predator","floor":14.0},{"not_picked":["Night Terror","Phantasmal Killer"],"picked":"A Thousand Cuts","floor":16.0},{"not_picked":["Acrobatics","Deflect"],"picked":"Blade Dance+1","floor":18.0},{"not_picked":["Outmaneuver","Endless Agony+1"],"picked":"Blur+1","floor":19},{"not_picked":["Finisher+1","Quick Slash"],"picked":"Flying Knee+1","floor":20},{"not_picked":["Expertise","Blade Dance"],"picked":"Backflip","floor":22}],"player_experience":564949,"relics_obtained":[{"floor":7.0,"key":"Pen Nib"},{"floor":9.0,"key":"Toy Ornithopter"},{"floor":11.0,"key":"Shovel"},{"floor":15.0,"key":"FossilizedHelix"},{"floor":17.0,"key":"Ancient Tea Set"},{"floor":17.0,"key":"The Courier"},{"floor":17.0,"key":"TungstenRod"}],"event_choices":[{"damage_healed":0.0,"max_hp_gain":0.0,"max_hp_loss":5.0,"gold_gain":0.0,"event_name":"Golden Idol","player_choice":"Lose Max HP","floor":2.0,"gold_loss":0.0,"damage_taken":0.0,"relics_obtained":["Golden Idol"]},{"cards_removed":["Strike_G"],"damage_healed":0.0,"max_hp_gain":0.0,"max_hp_loss":0.0,"gold_gain":0.0,"event_name":"Bonfire Elementals","player_choice":"Offered Basic","floor":3.0,"gold_loss":0.0,"damage_taken":0.0},{"damage_healed":0.0,"max_hp_gain":0.0,"max_hp_loss":0.0,"gold_gain":0.0,"cards_transformed":["Strike_G"],"event_name":"Transmorgrifier","player_choice":"Transformed","floor":13.0,"gold_loss":0.0,"damage_taken":0.0,"cards_obtained":["Prepared"]},{"damage_healed":21,"gold_gain":0,"player_choice":"Heal","damage_taken":0,"max_hp_gain":0,"max_hp_loss":0,"event_name":"The Library","floor":21,"gold_loss":0}],"is_beta":false,"boss_relics":[{"not_picked":["Pandora\u0027s Box","Astrolabe"],"picked":"Calling Bell"}],"items_purged_floors":[],"is_endless":false,"potions_floor_spawned":[1,5,11,16,19],"killed_by":"Slavers","ascension_level":7}}