{"host":"7gewg82ormp6yt4e","time":1607690681,"event":{"mods":["BaseMod","Block Reminder","Colored Map","Colored Powertips","DeckTracker","Highlight Path","Minty Spire (QoL Compilation)","Relic Stats","StSLib"],"gold_per_floor":[110,90,105,80,80,112,122,136,136,161,161,177,195,209,209,209,209],"floor_reached":16,"playtime":742,"items_purged":[],"score":278,"play_id":"295a5c67-5456-4946-9ce5-03c2e67eeeb0","local_time":"20201211214441","is_ascension_mode":true,"campfire_choices":[{"data":"Well Laid Plans","floor":11,"key":"SMITH"},{"data":"Blade Dance","floor":15,"key":"SMITH"}],"circlet_count":0,"master_deck":["AscendersBane","Strike_G","Strike_G","Strike_G","Strike_G","Strike_G","Defend_G","Defend_G","Defend_G","Defend_G","Defend_G","Survivor","Neutralize","Crippling Poison","Well Laid Plans+1","Blade Dance+1","Skewer","Die Die Die","Blade Dance","Footwork","PiercingWail","PiercingWail"],"relics":["Ring of the Snake","NeowsBlessing","Centennial Puzzle","Vajra","Bottled Tornado"],"acts_visited":["Exordium"],"potions_floor_usage":[10,10,13,16],"damage_taken":[{"damage":0,"enemies":"Cultist","floor":1,"turns":1},{"damage":0,"enemies":"2 Louse","floor":3,"turns":1},{"damage":0,"enemies":"3 Sentries","floor":6,"turns":1},{"damage":7,"enemies":"Small Slimes","floor":7,"turns":3},{"damage":9,"enemies":"2 Fungi Beasts","floor":8,"turns":4},{"damage":1,"enemies":"Lagavulin","floor":10,"turns":7},{"damage":1,"enemies":"Looter","floor":12,"turns":3},{"damage":4,"enemies":"3 Louse","floor":13,"turns":3},{"damage":1,"enemies":"Blue Slaver","floor":14,"turns":4},{"damage":41,"enemies":"Slime Boss","floor":16,"turns":11}],"seed_played":"7096952882765709088","potions_obtained":[{"floor":2,"key":"Energy Potion"},{"floor":3,"key":"Dexterity Potion"},{"floor":10,"key":"DistilledChaos"},{"floor":14,"key":"GamblersBrew"}],"is_trial":false,"path_per_floor":["M","?","M","$","$","E","M","M","T","E","R","M","M","M","R","B"],"character_chosen":"THE_SILENT","items_purchased":["Blade Dance"],"campfire_rested":0,"item_purchase_floors":[4],"current_hp_per_floor":[59,59,59,59,59,59,52,43,43,42,42,41,37,36,36,0,0],"gold":209,"neow_bonus":"THREE_ENEMY_KILL","is_daily":false,"chose_seed":false,"campfire_upgraded":2,"win_rate":0.0,"timestamp":1607690681,"path_taken":["M","?","M","?","$","E","M","?","T","E","R","M","M","M","R","BOSS"],"items_purchased_type":["Card"],"build_version":"2020-11-30","purchased_purges":0,"victory":false,"max_hp_per_floor":[66,66,66,66,66,66,66,66,66,66,66,66,66,66,66,66,66],"relic_stats":{"Centennial Puzzle":[21],"counters":[10,38],"obtain_stats":[{"Centennial Puzzle":6,"NeowsBlessing":0,"Vajra":9,"Bottled Tornado":10,"Ring of the Snake":0},{"Centennial Puzzle":3,"NeowsBlessing":0,"Vajra":5,"Bottled Tornado":6,"Ring of the Snake":0},{"Centennial Puzzle":3,"NeowsBlessing":0,"Vajra":10,"Bottled Tornado":17,"Ring of the Snake":0}],"Ring of the Snake":[20]},"card_choices":[{"not_picked":["Cloak And Dagger","Slice"],"picked":"Crippling Poison","floor":1},{"not_picked":["Concentrate","Acrobatics"],"picked":"Well Laid Plans","floor":3},{"not_picked":["Doppelganger","Acrobatics"],"picked":"Skewer","floor":6},{"not_picked":["Bane","Masterful Stab","Slice"],"picked":"SKIP","floor":7},{"not_picked":["Quick Slash","Dodge and Roll"],"picked":"Die Die Die","floor":8},{"not_picked":["Underhanded Strike","Leg Sweep"],"picked":"Blade Dance","floor":10},{"not_picked":["Distraction","Underhanded Strike"],"picked":"Footwork","floor":12},{"not_picked":["Slice","Poisoned Stab"],"picked":"PiercingWail","floor":13},{"not_picked":["Deadly Poison","Heel Hook"],"picked":"PiercingWail","floor":14}],"player_experience":2310071,"relics_obtained":[{"floor":6,"key":"Centennial Puzzle"},{"floor":9,"key":"Vajra"},{"floor":10,"key":"Bottled Tornado"}],"event_choices":[{"damage_healed":0,"gold_gain":0,"player_choice":"Bought 1 Potion","damage_taken":0,"max_hp_gain":0,"max_hp_loss":0,"event_name":"The Woman in Blue","floor":2,"gold_loss":0}],"is_beta":false,"boss_relics":[],"items_purged_floors":[],"is_endless":false,"potions_floor_spawned":[3,10,14],"killed_by":"Slime Boss","ascension_level":20}}