{"host":"apvnte8t1esriuig","time":1607721121,"event":{"mods":["2.2 Compatiblity","AchievementEnabler","BaseMod","Infinite Spire","Minty Spire (QoL Compilation)","Rare Cards Sparkle","StSLib"],"gold_per_floor":[144,144,186,246,303,417,429,71,95,479,554,635,635,79,79,367,517,571,571,16,16,58,133,229,229,229,304,397,32,32,32,32,320,320,374,674,707,11,11,92,92,191,191,272,272,356,437,530,530,830,830,882,313,313,313,341,427,427,500,500,537,620,692,760,595,595,880,889,934,407,416,416,466,537,636,714,741,820,845,944,1016,1090,1090,1351,1351,1383,1383,1392,1392,1438,1438,1516,70,147,227,279,338,418,514,523,774,774,826,95,138,173,191,270,99,168,222,317,359,411,411,435,435,716,716,743,743,621,621,621,728,815,856,856,856,935,1028,1068,866,866,1158,1167,1196,1196,1196,1072,1113,1191,1272,1294,1294,1370,1434,1375,1383,1283,1283,1437,1437,1437,1374,1451,1697],"floor_reached":158,"playtime":6424,"items_purged":["Go for the Eyes","Sweeping Beam","Mind Blast","Sweeping Beam","Cold Snap","Cold Snap"],"score":5656,"play_id":"e580f176-a3d0-4a61-9fec-7174103e3ae3","local_time":"20201211221201","daily_mods":["Draft","Vintage","Colorless Cards","Heirloom","Time Dilation","Flight","DeadlyEvents","Elite Swarm","Midas"],"is_ascension_mode":true,"campfire_choices":[{"floor":13.0,"key":"REST"},{"data":"Jack Of All Trades","floor":15.0,"key":"PURGE"},{"floor":25.0,"key":"REST"},{"floor":30.0,"key":"REST"},{"data":"1","floor":32.0,"key":"LIFT"},{"data":"2","floor":49,"key":"LIFT"},{"data":"Coolheaded+1","floor":66,"key":"PURGE"},{"data":"3","floor":83,"key":"LIFT"},{"data":"Writhe","floor":91,"key":"PURGE"},{"floor":100,"key":"REST"},{"floor":115,"key":"REST"},{"floor":117,"key":"REST"},{"data":"Cold Snap+1","floor":134,"key":"PURGE"},{"data":"Scrawl+1","floor":151,"key":"PURGE"},{"data":"Cold Snap+1","floor":154,"key":"PURGE"}],"circlet_count":53,"master_deck":["Demon Form","Echo Form","DevaForm+1","Static Discharge+1","Static Discharge","Conserve Battery+1","Defragment","Mayhem","Electrodynamics","Defragment","Magnetism","infinitespire:Punishment","Panache","Self Repair+1","infinitespire:DeathsTouch","Buffer","infinitespire:Punishment","Defragment+1","Mayhem+1","Creative AI+1","infinitespire:NeuralNetwork+1","infinitespire:Punishment","Buffer+1","Buffer+1","infinitespire:UltimateForm+1","Creative AI+1","Loop+1","infinitespire:Punishment+1","infinitespire:Punishment+1","infinitespire:Neurotoxin+1","DevaForm+1","Defragment+1","Defragment+1","CurseOfTheBell","DevaForm+1","After Image+1"],"relics":["Cracked Core","Girya","Lantern","MawBank","DataDisk","Peace Pipe","infinitespire:Eraser","Runic Capacitor","Ancient Tea Set","Anchor","Old Coin","Toy Ornithopter","White Beast Statue","infinitespire:Blanks Blanky","MealTicket","Medical Kit","Tiny House","The Courier","Vajra","infinitespire:SolderingIron","Akabeko","Strange Spoon","Oddly Smooth Stone","TungstenRod","infinitespire:Lucky Rock","Pear","Blood Vial","Darkstone Periapt","infinitespire:CursedDice","Bird Faced Urn","Emotion Chip","Bronze Scales","Black Star","Orichalcum","Gambling Chip","infinitespire:CheckeredPen","Omamori","StoneCalendar","Bottled Lightning","Whetstone","Torii","Mango","Blue Candle","Frozen Egg 2","infinitespire:Magic Flask","infinitespire:Bottled Soul","Potion Belt","Matryoshka","Kunai","Bottled Flame","infinitespire:FocusingShard","Ginger","Thread and Needle","Bag of Preparation","Philosopher\u0027s Stone","infinitespire:Joker Card","Tiny Chest","Eternal Feather","Symbiotic Virus","Calipers","infinitespire:Freezer","Boot","infinitespire:BottledMercury","Mercury Hourglass","Centennial Puzzle","Happy Flower","CeramicFish","Pantograph","FossilizedHelix","CaptainsWheel","Smiling Mask","Letter Opener","Gremlin Horn","infinitespire:PuzzleCube","War Paint","Question Card","Strawberry","Pen Nib","TheAbacus","Dream Catcher","Incense Burner","infinitespire:Beetle Shell","Art of War","infinitespire:Midas Blood","Prayer Wheel","PreservedInsect","Meat on the Bone","Singing Bowl","Mummified Hand","HornCleat","infinitespire:EmpoweringShard","Sundial","Shuriken","infinitespire:WardingShard","Du-Vu Doll","Bottled Tornado","Toxic Egg 2","Inserter","Pocketwatch","Orrery","Molten Egg 2","Ice Cream","InkBottle","Lee\u0027s Waffle","Turnip","Lizard Tail","infinitespire:Golems Mask","Incense Burner","Cables","infinitespire:ShieldingShard","Circlet","Bag of Marbles","infinitespire:Satchel","Ornamental Fan","Dead Branch","Nunchaku","Unceasing Top","DollysMirror","OrangePellets","SlaversCollar","Sling","PrismaticShard","DollysMirror","Calling Bell","Membership Card","HandDrill","PrismaticShard","Fusion Hammer","Chemical X"],"acts_visited":["Exordium","TheCity","TheBeyond","Exordium","TheCity","TheBeyond","Exordium","TheCity","TheBeyond","TheEnding"],"potions_floor_usage":[86,97,149],"damage_taken":[{"damage":0.0,"enemies":"2 Louse","floor":1.0,"turns":2.0},{"damage":0.0,"enemies":"Small Slimes","floor":3.0,"turns":2.0},{"damage":0.0,"enemies":"Cultist","floor":4.0,"turns":3.0},{"damage":9.0,"enemies":"Large Slime","floor":5.0,"turns":3.0},{"damage":0.0,"enemies":"Lagavulin","floor":6.0,"turns":5.0},{"damage":4.0,"enemies":"Gremlin Nob","floor":10.0,"turns":5.0},{"damage":6.0,"enemies":"Lagavulin","floor":11.0,"turns":5.0},{"damage":2.0,"enemies":"3 Sentries","floor":12.0,"turns":6.0},{"damage":36.0,"enemies":"Hexaghost","floor":16.0,"turns":6.0},{"damage":15.0,"enemies":"Spheric Guardian","floor":18.0,"turns":5.0},{"damage":4.0,"enemies":"Chosen","floor":22.0,"turns":5.0},{"damage":14.0,"enemies":"Gremlin Leader","floor":23.0,"turns":6.0},{"damage":36.0,"enemies":"Slavers","floor":24.0,"turns":5.0},{"damage":17.0,"enemies":"Nightmare","floor":27.0,"turns":7.0},{"damage":26.0,"enemies":"Book of Stabbing","floor":28.0,"turns":4.0},{"damage":5.0,"enemies":"Champ","floor":33.0,"turns":7.0},{"damage":5.0,"enemies":"Orb Walker","floor":35.0,"turns":4.0},{"damage":0.0,"enemies":"infinitespire:Three Voidlings","floor":36.0,"turns":3.0},{"damage":20.0,"enemies":"Nightmare_Alpha","floor":36.0,"turns":8.0},{"damage":0,"enemies":"3 Darklings","floor":37,"turns":4},{"damage":0,"enemies":"Giant Head","floor":40,"turns":6},{"damage":10,"enemies":"Nemesis","floor":42,"turns":5},{"damage":37,"enemies":"Nightmare","floor":44,"turns":6},{"damage":9,"enemies":"Giant Head","floor":46,"turns":6},{"damage":45,"enemies":"Reptomancer","floor":47,"turns":5},{"damage":0,"enemies":"Giant Head","floor":48,"turns":7},{"damage":31,"enemies":"Time Eater","floor":50,"turns":6},{"damage":0,"enemies":"2 Louse","floor":52,"turns":1},{"damage":0,"enemies":"Small Slimes","floor":56,"turns":1},{"damage":0,"enemies":"3 Sentries","floor":57,"turns":3},{"damage":0,"enemies":"Lagavulin","floor":59,"turns":2},{"damage":0,"enemies":"infinitespire:Voidling","floor":61,"turns":1},{"damage":0,"enemies":"3 Sentries","floor":62,"turns":2},{"damage":0,"enemies":"Gremlin Nob","floor":63,"turns":1},{"damage":51,"enemies":"Nightmare","floor":64,"turns":6},{"damage":0,"enemies":"Slime Boss","floor":67,"turns":4},{"damage":0,"enemies":"2 Thieves","floor":69,"turns":2},{"damage":0,"enemies":"Slavers","floor":74,"turns":3},{"damage":15,"enemies":"Gremlin Leader","floor":75,"turns":3},{"damage":0,"enemies":"Slavers","floor":76,"turns":3},{"damage":46,"enemies":"Nightmare_Alpha","floor":78,"turns":6},{"damage":0,"enemies":"Book of Stabbing","floor":80,"turns":1},{"damage":0,"enemies":"Slavers","floor":81,"turns":2},{"damage":0,"enemies":"Gremlin Leader","floor":82,"turns":2},{"damage":0,"enemies":"Collector","floor":84,"turns":3},{"damage":0,"enemies":"3 Shapes","floor":86,"turns":2},{"damage":0,"enemies":"Giant Head","floor":92,"turns":4},{"damage":0,"enemies":"Nemesis","floor":95,"turns":1},{"damage":0,"enemies":"Orb Walker","floor":96,"turns":1},{"damage":0,"enemies":"Reptomancer","floor":97,"turns":3},{"damage":0,"enemies":"Nightmare","floor":98,"turns":3},{"damage":0,"enemies":"Nemesis","floor":99,"turns":1},{"damage":0,"enemies":"Time Eater","floor":101,"turns":5},{"damage":0,"enemies":"Jaw Worm","floor":103,"turns":1},{"damage":0,"enemies":"2 Louse","floor":105,"turns":1},{"damage":0,"enemies":"Cultist","floor":106,"turns":1},{"damage":0,"enemies":"Lagavulin","floor":108,"turns":1},{"damage":18,"enemies":"Nightmare_Alpha","floor":110,"turns":4},{"damage":0,"enemies":"Lagavulin","floor":112,"turns":1},{"damage":0,"enemies":"Lots of Slimes","floor":113,"turns":1},{"damage":0,"enemies":"Large Slime","floor":114,"turns":1},{"damage":0,"enemies":"The Guardian","floor":118,"turns":1},{"damage":0,"enemies":"Chosen","floor":120,"turns":1},{"damage":0,"enemies":"Slavers","floor":125,"turns":1},{"damage":0,"enemies":"Book of Stabbing","floor":126,"turns":1},{"damage":0,"enemies":"2 Thieves","floor":127,"turns":1},{"damage":0,"enemies":"Gremlin Leader","floor":130,"turns":1},{"damage":0,"enemies":"Book of Stabbing","floor":131,"turns":1},{"damage":0,"enemies":"Cultist and Chosen","floor":132,"turns":1},{"damage":0,"enemies":"Champ","floor":135,"turns":1},{"damage":0,"enemies":"3 Shapes","floor":137,"turns":1},{"damage":0,"enemies":"Orb Walker","floor":141,"turns":1},{"damage":0,"enemies":"Nightmare_Alpha","floor":142,"turns":3},{"damage":0,"enemies":"Giant Head","floor":143,"turns":3},{"damage":0,"enemies":"Maw","floor":144,"turns":1},{"damage":0,"enemies":"Reptomancer","floor":146,"turns":1},{"damage":0,"enemies":"Nemesis","floor":147,"turns":1},{"damage":0,"enemies":"Transient","floor":149,"turns":4},{"damage":0,"enemies":"infinitespire:LordOfFortification","floor":152,"turns":12},{"damage":0,"enemies":"Shield and Spear","floor":156,"turns":1},{"damage":0,"enemies":"The Heart","floor":157,"turns":5}],"seed_played":"6369598835575331867","potions_obtained":[{"floor":1.0,"key":"Ancient Potion"},{"floor":4.0,"key":"FocusPotion"},{"floor":11.0,"key":"LiquidBronze"},{"floor":18.0,"key":"SkillPotion"},{"floor":28.0,"key":"PowerPotion"},{"floor":52,"key":"Strength Potion"},{"floor":56,"key":"Strength Potion"},{"floor":57,"key":"PowerPotion"},{"floor":74,"key":"LiquidMemories"},{"floor":86,"key":"Fruit Juice"},{"floor":92,"key":"SneckoOil"},{"floor":97,"key":"Fruit Juice"},{"floor":101,"key":"SpeedPotion"},{"floor":103,"key":"DistilledChaos"},{"floor":106,"key":"PowerPotion"},{"floor":118,"key":"PowerPotion"},{"floor":146,"key":"EntropicBrew"},{"floor":149,"key":"Fruit Juice"}],"is_trial":true,"path_per_floor":["M","?","M","M","M","E","?","$","T","E","E","E","R","$","R","B",null,"M","AVR","$","?","M","E","E","R","T","NM","E","$","R","?","R","B",null,"M","?","M","$","AVR","E","?","E","T","NM","$","E","E","E","R","B",null,"M","$","?","?","M","E","T","E","T","M","E","E","NM","$","R","B",null,"M","$","AVR","?","?","E","E","E","T","NM","T","E","E","E","R","B",null,"M","AVR","?","?","T","R","E","$","T","E","M","E","NM","E","R","B",null,"M","$","M","M","AVR","E","$","NM","T","E","M","M","R","T","R","B",null,"M","?","$","?","AVR","E","E","M","T","T","E","E","M","$","R","B",null,"M","?","T","$","M","NM","E","M","T","E","E","$","M","$","R","B",null,"R","$","E","B",null],"character_chosen":"DEFECT","items_purchased":["Runic Capacitor","Ancient Tea Set","Defragment","Regal Pillow","MealTicket","Medical Kit","Defragment","infinitespire:SolderingIron","Akabeko","Strange Spoon","Oddly Smooth Stone","Emotion Chip","Bronze Scales","Omamori","StoneCalendar","Bottled Lightning","Whetstone","Tiny Chest","Eternal Feather","Symbiotic Virus","Defragment+1","War Paint","Strawberry","Pen Nib","TheAbacus","Dream Catcher","Lee\u0027s Waffle","Turnip","Lizard Tail","infinitespire:Golems Mask","Incense Burner","Cables","infinitespire:ShieldingShard","infinitespire:Satchel","Ornamental Fan","Dead Branch","Nunchaku","OrangePellets","Sling","DollysMirror","Defragment+1","Defragment+1","Membership Card","HandDrill","PrismaticShard","EntropicBrew","Chemical X"],"campfire_rested":6,"item_purchase_floors":[8,8,8,14,14,14,14,20,20,20,20,29,29,38,38,38,38,53,53,53,53,65,70,70,70,70,93,93,93,93,93,93,93,104,104,104,104,109,122,133,133,133,140,148,150,150,155],"current_hp_per_floor":[75,68,68,68,59,59,59,59,59,55,49,47,69,69,69,33,80,65,65,80,80,76,72,36,78,78,63,39,54,90,90,90,90,90,85,84,90,90,90,104,104,104,104,71,86,104,83,104,104,93,104,104,104,104,104,104,104,104,104,104,104,104,104,72,87,102,104,104,104,111,111,111,111,111,108,111,111,109,109,113,115,117,117,119,119,124,134,140,140,140,140,142,149,149,151,151,158,160,162,162,164,164,164,164,164,164,164,166,166,162,162,172,172,172,174,174,176,178,178,178,178,178,178,178,178,180,180,180,180,182,184,184,184,184,186,192,192,192,192,192,192,194,194,194,194,196,198,198,203,203,203,203,203,203,203,205,205],"gold":1697,"neow_bonus":"","is_daily":false,"chose_seed":false,"campfire_upgraded":0,"win_rate":0.0,"timestamp":1607721121,"path_taken":["M","?","M","M","M","E","?","$","T","E","?","E","R","$","R","BOSS","M","AVR","$","?","M","E","E","R","T","NM","E","$","R","?","R","BOSS","M","?","M","$","AVR","E","?","E","T","NM","$","?","E","E","R","BOSS","M","$","?","?","?","E","?","E","T","M","E","?","NM","$","R","BOSS","M","$","AVR","?","?","E","E","E","T","NM","?","E","E","?","R","BOSS","M","AVR","?","?","?","R","E","$","T","E","?","E","NM","?","R","BOSS","M","$","M","M","AVR","E","$","NM","T","E","M","?","R","?","R","BOSS","M","?","$","?","AVR","E","?","M","T","?","?","E","?","$","R","BOSS","M","?","?","$","M","NM","E","M","T","E","?","?","M","$","R","BOSS","R","$","E","BOSS"],"items_purchased_type":["Relic","Relic","Card","Relic","Relic","Relic","Card","Relic","Relic","Relic","Relic","Relic","Relic","Relic","Relic","Relic","Relic","Relic","Relic","Relic","Card","Relic","Relic","Relic","Relic","Relic","Relic","Relic","Relic","Relic","Relic","Relic","Relic","Relic","Relic","Relic","Relic","Relic","Relic","Relic","Card","Card","Relic","Relic","Relic","Potion","Relic"],"build_version":"2020-11-30","purchased_purges":6,"victory":true,"max_hp_per_floor":[75,75,75,75,75,75,75,75,75,75,75,75,75,75,75,75,80,80,80,80,80,80,90,90,90,90,90,90,90,90,90,90,90,90,90,90,90,90,90,104,104,104,104,104,104,104,104,104,104,104,104,104,104,104,104,104,104,104,104,104,104,104,104,104,104,104,104,104,104,111,111,111,111,111,111,111,111,113,113,113,115,117,117,119,119,124,134,140,140,140,140,142,149,149,151,151,158,160,162,162,164,164,164,164,164,164,164,166,166,170,170,172,172,172,174,174,176,178,178,178,178,178,178,178,178,180,180,180,180,182,184,184,184,184,186,192,192,192,192,192,192,194,194,194,194,196,198,198,203,203,203,203,203,203,203,205,205],"card_choices":[{"not_picked":["Compile Driver","Stack"],"picked":"Go for the Eyes","floor":0.0},{"not_picked":["Rebound","Forethought"],"picked":"Discovery","floor":0.0},{"not_picked":["Stack","Trip"],"picked":"Mind Blast","floor":0.0},{"not_picked":["Reinforced Body","Leap"],"picked":"Cold Snap","floor":0.0},{"not_picked":["Ball Lightning","Rebound"],"picked":"Cold Snap","floor":0.0},{"not_picked":["Gash","Compile Driver"],"picked":"Static Discharge","floor":0.0},{"not_picked":["Streamline","Gash"],"picked":"Sweeping Beam","floor":0.0},{"not_picked":["Leap","Compile Driver"],"picked":"Sweeping Beam","floor":0.0},{"not_picked":["Sunder","Redo"],"picked":"Cold Snap","floor":0.0},{"not_picked":["Sunder","Hologram"],"picked":"Static Discharge","floor":0.0},{"not_picked":["Steam","Leap"],"picked":"Coolheaded","floor":0.0},{"not_picked":["Chaos","Rebound"],"picked":"Cold Snap","floor":0.0},{"not_picked":["Steam","Scrape"],"picked":"Conserve Battery","floor":0.0},{"not_picked":["Chaos","Panacea"],"picked":"Jack Of All Trades","floor":0.0},{"not_picked":["Compile Driver","Barrage"],"picked":"Cold Snap","floor":0.0},{"not_picked":["Machine Learning","Rainbow","Chrysalis"],"picked":"SKIP","floor":6.0},{"not_picked":["Thinking Ahead","Chrysalis","Fission"],"picked":"SKIP","floor":10.0},{"not_picked":["The Bomb","Reboot"],"picked":"Mayhem","floor":11.0},{"not_picked":["Master of Strategy","Biased Cognition"],"picked":"Electrodynamics","floor":12.0},{"not_picked":["Thunder Strike","The Bomb","Reboot"],"picked":"SKIP","floor":23.0},{"not_picked":["Chrysalis","Thunder Strike"],"picked":"Magnetism","floor":24.0},{"not_picked":["infinitespire:NeuralNetwork","infinitespire:Oblivion"],"picked":"infinitespire:Punishment","floor":27.0},{"not_picked":["Amplify","Echo Form"],"picked":"Panache","floor":27.0},{"not_picked":["Sadistic Nature","Apotheosis","Meteor Strike"],"picked":"SKIP","floor":28.0},{"not_picked":["Sweeping Beam+1","Turbo+1"],"picked":"Self Repair+1","floor":36},{"not_picked":["Echo Form","Fission"],"picked":"Buffer","floor":40},{"not_picked":["infinitespire:FinalStrike","infinitespire:Gouge"],"picked":"infinitespire:Punishment","floor":41},{"not_picked":["Hyperbeam","Amplify","Transmutation"],"picked":"SKIP","floor":42},{"not_picked":["Machine Learning+1","Core Surge","Thunder Strike"],"picked":"SKIP","floor":44},{"not_picked":["Metamorphosis","Chrysalis","Meteor Strike"],"picked":"SKIP","floor":46},{"not_picked":["Core Surge","Secret Weapon","Master of Strategy"],"picked":"SKIP","floor":47},{"not_picked":["Secret Weapon","Reboot","Transmutation"],"picked":"SKIP","floor":48},{"not_picked":["Fission","Amplify"],"picked":"Mayhem+1","floor":57},{"not_picked":["Machine Learning+1","Master of Strategy","Transmutation"],"picked":"SKIP","floor":59},{"not_picked":["Hyperbeam","Fission"],"picked":"Creative AI+1","floor":62},{"not_picked":["Meteor Strike","Hyperbeam","HandOfGreed"],"picked":"SKIP","floor":63},{"not_picked":["Apotheosis","Machine Learning+1","Secret Weapon"],"picked":"SKIP","floor":64},{"not_picked":["Echo Form+1","Meteor Strike"],"picked":"Seek","floor":67},{"not_picked":["infinitespire:SevenWalls","infinitespire:FutureSight"],"picked":"infinitespire:NeuralNetwork","floor":68},{"not_picked":["Master of Strategy","Amplify","Multi-Cast"],"picked":"Buffer+1","floor":74},{"not_picked":["Core Surge","HandOfGreed","Rainbow"],"picked":"Buffer+1","floor":75},{"not_picked":["Multi-Cast","Master of Strategy","Hyperbeam","Apotheosis"],"picked":"SKIP","floor":76},{"not_picked":["infinitespire:Gouge","infinitespire:Oblivion"],"picked":"infinitespire:UltimateForm","floor":78},{"not_picked":["Buffer+1","Electrodynamics+1","Machine Learning+1","All For One"],"picked":"Singing Bowl","floor":78},{"not_picked":["Metamorphosis","Electrodynamics+1","Violence"],"picked":"Creative AI+1","floor":80},{"not_picked":["Magnetism+1","Electrodynamics+1","Panache+1","Transmutation"],"picked":"Singing Bowl","floor":81},{"not_picked":["Echo Form+1","Apotheosis+1","Thunder Strike","Meteor Strike"],"picked":"Singing Bowl","floor":82},{"not_picked":["Secret Weapon+1","Secret Technique+1","Rainbow+1","Sadistic Nature+1"],"picked":"Singing Bowl","floor":84},{"not_picked":["Beam Cell","Steam+1","Leap+1","Forethought+1"],"picked":"Singing Bowl","floor":87},{"not_picked":["Tempest+1","Barrage","Go for the Eyes+1","Bandage Up+1"],"picked":"Singing Bowl","floor":87},{"not_picked":["Compile Driver","Redo+1","Go for the Eyes+1","Stack+1"],"picked":"Singing Bowl","floor":87},{"not_picked":["Steam+1","Sweeping Beam","Streamline","Swift Strike"],"picked":"Singing Bowl","floor":87},{"not_picked":["Stack+1","Amplify+1","Turbo+1","Gash"],"picked":"Singing Bowl","floor":87},{"not_picked":["Biased Cognition+1","Sadistic Nature+1","Reboot+1","Magnetism+1"],"picked":"Singing Bowl","floor":92},{"not_picked":["Secret Weapon+1","Fission+1","Master of Strategy+1","Electrodynamics+1"],"picked":"Singing Bowl","floor":95},{"not_picked":["Master of Strategy+1","Biased Cognition+1","Hyperbeam+1","Machine Learning+1"],"picked":"Singing Bowl","floor":97},{"not_picked":["Amplify+1","Apotheosis+1","Hyperbeam+1","Panache+1"],"picked":"Singing Bowl","floor":98},{"not_picked":["Mayhem+1","The Bomb+1","Apotheosis+1","Metamorphosis+1"],"picked":"Singing Bowl","floor":99},{"not_picked":["Genetic Algorithm+1","Turbo+1","Chill+1"],"picked":"Loop+1","floor":100},{"not_picked":["Thinking Ahead+1","Multi-Cast+1","Buffer+1","Creative AI+1"],"picked":"Singing Bowl","floor":101},{"not_picked":["All For One+1","Buffer+1","Secret Weapon+1","Electrodynamics+1"],"picked":"Singing Bowl","floor":108},{"not_picked":["infinitespire:DeathsTouch","infinitespire:Fortify","infinitespire:Gouge"],"picked":"Singing Bowl","floor":110},{"not_picked":["Multi-Cast+1","Rainbow+1","Reboot+1","Sadistic Nature+1"],"picked":"Singing Bowl","floor":110},{"not_picked":["Hyperbeam+1","Core Surge+1","Creative AI+1","The Bomb+1"],"picked":"Singing Bowl","floor":112},{"not_picked":["Chaos+1","Force Field+1","Recycle+1","Dark Shackles+1"],"picked":"Singing Bowl","floor":115},{"not_picked":["PanicButton+1","Enlightenment+1","Cold Snap+1","Skim+1"],"picked":"Singing Bowl","floor":117},{"not_picked":["All For One+1","Machine Learning+1","Meteor Strike+1","Echo Form+1"],"picked":"Singing Bowl","floor":118},{"not_picked":["Exhume+1","Electrodynamics+1","Venomology+1"],"picked":"infinitespire:Neurotoxin+1","floor":125},{"not_picked":["Grand Finale+1","Storm of Steel+1","Bludgeon+1","Judgement+1"],"picked":"Singing Bowl","floor":126},{"not_picked":["SpiritShield+1","Panache+1","Reaper+1","Doppelganger+1"],"picked":"Singing Bowl","floor":130},{"not_picked":["Grand Finale+1","Impervious+1","Master of Strategy+1","Transmutation+1"],"picked":"Singing Bowl","floor":131},{"not_picked":["A Thousand Cuts+1","Berserk+1","Secret Technique+1","Fiend Fire+1"],"picked":"Singing Bowl","floor":135},{"not_picked":["Berserk+1","Immolate+1","Buffer+1","Vault+1"],"picked":"Singing Bowl","floor":142},{"not_picked":["Metamorphosis+1","Core Surge+1","LessonLearned+1"],"picked":"Scrawl+1","floor":143},{"not_picked":["Phantasmal Killer+1","Mayhem+1","Reaper+1","Blasphemy+1"],"picked":"Singing Bowl","floor":146},{"not_picked":["Corpse Explosion+1","Panache+1","Night Terror+1","Fiend Fire+1"],"picked":"Singing Bowl","floor":147},{"not_picked":["Berserk+1","Multi-Cast+1","Doppelganger+1"],"picked":"DevaForm+1","floor":152},{"not_picked":["Secret Weapon+1","Brutality+1","Wraith Form v2+1","Double Tap+1"],"picked":"Singing Bowl","floor":156},{"not_picked":["Burst+1","Limit Break+1","Omniscience+1"],"picked":"After Image+1","floor":157}],"player_experience":295773,"relics_obtained":[{"floor":1.0,"key":"Lantern"},{"floor":3.0,"key":"MawBank"},{"floor":4.0,"key":"DataDisk"},{"floor":5.0,"key":"Peace Pipe"},{"floor":6.0,"key":"infinitespire:Eraser"},{"floor":9.0,"key":"Anchor"},{"floor":10.0,"key":"Old Coin"},{"floor":11.0,"key":"Toy Ornithopter"},{"floor":12.0,"key":"White Beast Statue"},{"floor":18.0,"key":"The Courier"},{"floor":22.0,"key":"infinitespire:Lucky Rock"},{"floor":23.0,"key":"Pear"},{"floor":24.0,"key":"Blood Vial"},{"floor":26.0,"key":"Darkstone Periapt"},{"floor":27.0,"key":"infinitespire:CursedDice"},{"floor":28.0,"key":"Bird Faced Urn"},{"floor":35.0,"key":"Orichalcum"},{"floor":36,"key":"Gambling Chip"},{"floor":37,"key":"infinitespire:CheckeredPen"},{"floor":40,"key":"Mango"},{"floor":40,"key":"Blue Candle"},{"floor":42,"key":"Frozen Egg 2"},{"floor":42,"key":"infinitespire:Magic Flask"},{"floor":43,"key":"infinitespire:Bottled Soul"},{"floor":44,"key":"Potion Belt"},{"floor":44,"key":"Matryoshka"},{"floor":46,"key":"Kunai"},{"floor":46,"key":"Bottled Flame"},{"floor":47,"key":"infinitespire:FocusingShard"},{"floor":47,"key":"Ginger"},{"floor":48,"key":"Thread and Needle"},{"floor":48,"key":"Bag of Preparation"},{"floor":52,"key":"infinitespire:Joker Card"},{"floor":56,"key":"Calipers"},{"floor":57,"key":"infinitespire:Freezer"},{"floor":57,"key":"Boot"},{"floor":58,"key":"infinitespire:BottledMercury"},{"floor":58,"key":"Mercury Hourglass"},{"floor":59,"key":"Centennial Puzzle"},{"floor":59,"key":"Happy Flower"},{"floor":60,"key":"CeramicFish"},{"floor":61,"key":"Pantograph"},{"floor":62,"key":"FossilizedHelix"},{"floor":62,"key":"CaptainsWheel"},{"floor":63,"key":"Smiling Mask"},{"floor":63,"key":"Letter Opener"},{"floor":64,"key":"Gremlin Horn"},{"floor":64,"key":"infinitespire:PuzzleCube"},{"floor":69,"key":"Question Card"},{"floor":74,"key":"infinitespire:Beetle Shell"},{"floor":74,"key":"Art of War"},{"floor":75,"key":"infinitespire:Midas Blood"},{"floor":75,"key":"Prayer Wheel"},{"floor":76,"key":"PreservedInsect"},{"floor":76,"key":"Meat on the Bone"},{"floor":77,"key":"Singing Bowl"},{"floor":78,"key":"Mummified Hand"},{"floor":78,"key":"HornCleat"},{"floor":79,"key":"infinitespire:EmpoweringShard"},{"floor":80,"key":"Sundial"},{"floor":80,"key":"Shuriken"},{"floor":81,"key":"infinitespire:WardingShard"},{"floor":81,"key":"Du-Vu Doll"},{"floor":82,"key":"Bottled Tornado"},{"floor":82,"key":"Toxic Egg 2"},{"floor":86,"key":"Pocketwatch"},{"floor":90,"key":"Molten Egg 2"},{"floor":92,"key":"Ice Cream"},{"floor":92,"key":"InkBottle"},{"floor":94,"key":"Circlet"},{"floor":95,"key":"Circlet"},{"floor":95,"key":"Circlet"},{"floor":96,"key":"Circlet"},{"floor":97,"key":"Circlet"},{"floor":97,"key":"Circlet"},{"floor":98,"key":"Circlet"},{"floor":98,"key":"Circlet"},{"floor":99,"key":"Circlet"},{"floor":99,"key":"Circlet"},{"floor":103,"key":"Bag of Marbles"},{"floor":105,"key":"Unceasing Top"},{"floor":106,"key":"Circlet"},{"floor":108,"key":"Circlet"},{"floor":108,"key":"Circlet"},{"floor":110,"key":"Circlet"},{"floor":110,"key":"Circlet"},{"floor":111,"key":"Circlet"},{"floor":112,"key":"Circlet"},{"floor":112,"key":"Circlet"},{"floor":113,"key":"Circlet"},{"floor":114,"key":"Circlet"},{"floor":116,"key":"Circlet"},{"floor":120,"key":"Circlet"},{"floor":125,"key":"Circlet"},{"floor":125,"key":"Circlet"},{"floor":126,"key":"Circlet"},{"floor":126,"key":"Circlet"},{"floor":127,"key":"Circlet"},{"floor":128,"key":"Circlet"},{"floor":129,"key":"Circlet"},{"floor":130,"key":"Circlet"},{"floor":130,"key":"Circlet"},{"floor":131,"key":"Circlet"},{"floor":131,"key":"Circlet"},{"floor":132,"key":"Circlet"},{"floor":136,"key":"Circlet"},{"floor":136,"key":"Circlet"},{"floor":136,"key":"Circlet"},{"floor":137,"key":"Circlet"},{"floor":139,"key":"Circlet"},{"floor":141,"key":"Circlet"},{"floor":142,"key":"Circlet"},{"floor":142,"key":"Circlet"},{"floor":143,"key":"Circlet"},{"floor":143,"key":"Circlet"},{"floor":144,"key":"Circlet"},{"floor":145,"key":"Circlet"},{"floor":146,"key":"Circlet"},{"floor":146,"key":"Circlet"},{"floor":147,"key":"Circlet"},{"floor":147,"key":"Circlet"},{"floor":149,"key":"Circlet"},{"floor":156,"key":"Circlet"},{"floor":156,"key":"Circlet"}],"event_choices":[{"cards_removed":["Wraith Form v2"],"damage_healed":0.0,"max_hp_gain":0.0,"max_hp_loss":0.0,"gold_gain":0.0,"event_name":"Golden Wing","player_choice":"Card Removal","floor":2.0,"gold_loss":0.0,"damage_taken":7.0},{"damage_healed":0.0,"max_hp_gain":0.0,"max_hp_loss":0.0,"gold_gain":0.0,"event_name":"Accursed Blacksmith","player_choice":"Forge","floor":7.0,"gold_loss":0.0,"damage_taken":0.0,"cards_upgraded":["DevaForm"]},{"damage_healed":0.0,"max_hp_gain":0.0,"max_hp_loss":0.0,"gold_gain":0.0,"event_name":"Addict","player_choice":"Stole Relic","floor":21.0,"gold_loss":0.0,"damage_taken":0.0,"relics_obtained":["TungstenRod"],"cards_obtained":["Shame"]},{"cards_removed":["Shame"],"damage_healed":0.0,"max_hp_gain":0.0,"max_hp_loss":0.0,"gold_gain":0.0,"event_name":"Back to Basics","player_choice":"Elegance","floor":31.0,"gold_loss":0.0,"damage_taken":0.0},{"cards_removed":["Discovery"],"damage_healed":0,"gold_gain":0,"player_choice":"Elegance","damage_taken":0,"max_hp_gain":0,"max_hp_loss":0,"event_name":"Back to Basics","floor":36,"gold_loss":0},{"damage_healed":0,"gold_gain":0,"player_choice":"Ignored","damage_taken":0,"max_hp_gain":0,"max_hp_loss":0,"event_name":"Vampires","floor":72,"gold_loss":0},{"damage_healed":0,"gold_gain":100,"player_choice":"Bet on Murderer","damage_taken":0,"max_hp_gain":0,"max_hp_loss":0,"event_name":"The Joust","floor":73,"gold_loss":50},{"damage_healed":34,"gold_gain":0,"player_choice":"Writhe","damage_taken":0,"max_hp_gain":0,"max_hp_loss":0,"event_name":"Winding Halls","floor":88,"gold_loss":0,"cards_obtained":["Writhe"]},{"cards_removed":["Seek"],"damage_healed":0,"gold_gain":0,"player_choice":"Removed Skill","damage_taken":0,"max_hp_gain":0,"max_hp_loss":0,"event_name":"Falling","floor":89,"gold_loss":0},{"damage_healed":0,"gold_gain":0,"player_choice":"Ignored","damage_taken":0,"max_hp_gain":0,"max_hp_loss":0,"event_name":"Vampires","floor":121,"gold_loss":0},{"damage_healed":0,"gold_gain":0,"player_choice":"Ignored","damage_taken":0,"max_hp_gain":0,"max_hp_loss":0,"event_name":"Beggar","floor":123,"gold_loss":0},{"cards_removed":["Cold Snap"],"damage_healed":0,"gold_gain":0,"player_choice":"Removed Attack","damage_taken":0,"max_hp_gain":0,"max_hp_loss":0,"event_name":"Falling","floor":138,"gold_loss":0}],"is_beta":false,"boss_relics":[{"not_picked":["Ectoplasm","Astrolabe"],"picked":"Tiny House"},{"not_picked":["Velvet Choker","infinitespire:Cupcake"],"picked":"Black Star"},{"not_picked":["Busted Crown","Sozu"],"picked":"Philosopher\u0027s Stone"},{"not_picked":["Runic Dome","infinitespire:Cupcake","Busted Crown"]},{"not_picked":["Coffee Dripper","Sozu"],"picked":"Inserter"},{"not_picked":["Runic Pyramid","Nuclear Battery","FrozenCore"]},{"not_picked":["FrozenCore","Runic Pyramid"],"picked":"SlaversCollar"},{"not_picked":["Velvet Choker","Snecko Eye"],"picked":"Calling Bell"},{"not_picked":["Nuclear Battery","Sozu"],"picked":"Fusion Hammer"}],"items_purged_floors":[14,65,70,71,104,109],"is_endless":true,"potions_floor_spawned":[1,4,11,16,18,22,23,24,28,33,35,36,36,37,40,42,46,47,48,50,52,56,57,59,61,62,63,67,69,74,75,76,80,81,82,84,86,92,95,96,97,99,101,103,105,106,108,112,113,114,118,120,125,126,127,130,131,132,135,137,141,143,144,146,147,149,152,156,157],"ascension_level":1}}