{"host":"kw4o7b3ro2ktmmbe","time":1607654686,"event":{"mods":["BaseMod","Minty Spire (QoL Compilation)","StSLib","Treasure Hunter","Yuri Mod"],"gold_per_floor":[217,1,1,18,37,65,65,94,94,128,78,108,122,122,122,218,218,233,244,244,259,273,273,273],"floor_reached":23,"playtime":2052,"items_purged":[],"score":222,"play_id":"145593f1-0081-4060-a4a6-6106e61a3c0e","local_time":"20201211154446","is_ascension_mode":true,"campfire_choices":[{"data":"yuri:BookGreen","floor":7.0,"key":"SMITH"},{"data":"yuri:Virus","floor":15.0,"key":"SMITH"}],"circlet_count":0,"master_deck":["yuri:yuriStrike","yuri:yuriStrike","yuri:yuriStrike","yuri:yuriStrike","yuri:yuriStrike","yuri:yuriDefend","yuri:yuriDefend","yuri:yuriDefend","yuri:yuriDefend","yuri:yuriDefend","yuri:Oolong","yuri:yuriStab","yuri:BookGreen+1","yuri:ChibiInvasion","TH:TreasureMap","yuri:BookPurple","TH:ElvenBoots","yuri:BookPurple","TH:TreasureMap","TH:CopperCoins","yuri:yuriStab","yuri:Virus+1","yuri:WickedSlash","TH:BikiniMail","yuri:MagneticKnives","yuri:ChibiInvasion","yuri:GlitchedStrike+1","yuri:BookGreen+1","yuri:ArmBrace","yuri:DisableStrike"],"relics":["yuri:yuriKnife","Vajra","Strawberry","Smiling Mask","Kunai","Art of War","Potion Belt","Velvet Choker"],"acts_visited":["Exordium","TheCity"],"potions_floor_usage":[23],"damage_taken":[{"damage":0.0,"enemies":"2 Louse","floor":1.0,"turns":3.0},{"damage":2.0,"enemies":"Cultist","floor":4.0,"turns":3.0},{"damage":0.0,"enemies":"Small Slimes","floor":5.0,"turns":3.0},{"damage":25.0,"enemies":"Lagavulin","floor":6.0,"turns":7.0},{"damage":18.0,"enemies":"3 Sentries","floor":8.0,"turns":6.0},{"damage":26.0,"enemies":"Lagavulin","floor":10.0,"turns":8.0},{"damage":6.0,"enemies":"Blue Slaver","floor":13.0,"turns":4.0},{"damage":33.0,"enemies":"Slime Boss","floor":16.0,"turns":6.0},{"damage":3.0,"enemies":"3 Byrds","floor":18.0,"turns":4.0},{"damage":15.0,"enemies":"Shell Parasite","floor":19.0,"turns":5.0},{"damage":38.0,"enemies":"Sentry and Sphere","floor":21.0,"turns":7.0},{"damage":19.0,"enemies":"Snake Plant","floor":22.0,"turns":4.0},{"damage":27,"enemies":"Slavers","floor":23,"turns":2}],"seed_played":"-2034785502015067368","potions_obtained":[{"floor":1.0,"key":"Fire Potion"},{"floor":4.0,"key":"Energy Potion"},{"floor":5.0,"key":"Regen Potion"},{"floor":21.0,"key":"Swift Potion"}],"is_trial":false,"path_per_floor":["M","$","?","M","M","E","R","E","T","E","?","?","M","?","R","B",null,"M","M","?","M","M","E"],"character_chosen":"YURI","items_purchased":["yuri:BookGreen","Strawberry"],"campfire_rested":0,"item_purchase_floors":[2,2],"current_hp_per_floor":[80,87,87,85,87,62,62,63,63,41,41,41,39,39,39,10,87,84,72,72,38,23,0,0],"gold":273,"neow_bonus":"RANDOM_COMMON_RELIC","is_daily":false,"chose_seed":false,"campfire_upgraded":2,"win_rate":0.0,"timestamp":1607654686,"path_taken":["M","$","?","M","M","E","R","E","T","E","?","?","M","?","R","BOSS","M","?","?","?","M","E"],"items_purchased_type":["Card","Relic"],"build_version":"2020-11-30","purchased_purges":0,"victory":false,"max_hp_per_floor":[80,87,87,87,87,87,87,87,87,87,87,87,87,87,87,87,87,87,87,87,87,87,87,87],"card_choices":[{"not_picked":["yuri:Stare","yuri:GlitchedStrike"],"picked":"yuri:ReloadGame","floor":1.0},{"not_picked":["yuri:RepairCode","yuri:GlitchedStrike","yuri:CalmingAura"],"picked":"SKIP","floor":4.0},{"not_picked":["yuri:DebugCard","yuri:CalmingAura"],"picked":"yuri:ChibiInvasion","floor":5.0},{"not_picked":["TH:ArmorSpikes"],"picked":"TH:TreasureMap","floor":6.0},{"not_picked":["yuri:GlitchedStrike","yuri:ReloadGame"],"picked":"yuri:BookPurple","floor":6.0},{"not_picked":["TH:BikiniMail"],"picked":"TH:ElvenBoots","floor":8.0},{"not_picked":["yuri:GlitchedStrike","yuri:DragonForm"],"picked":"yuri:BookPurple","floor":8.0},{"not_picked":["TH:ArmorSpikes"],"picked":"TH:TreasureMap","floor":9.0},{"not_picked":["TH:Mimic"],"picked":"TH:CopperCoins","floor":10.0},{"not_picked":["yuri:DebugCard","yuri:MPose","yuri:Stare"],"picked":"SKIP","floor":10.0},{"not_picked":["yuri:CalmingAura","yuri:MultiDip","yuri:DebugCard"],"picked":"SKIP","floor":13.0},{"not_picked":["TH:Mimic"],"picked":"TH:BikiniMail","floor":16.0},{"not_picked":["yuri:RemoveSafetyChecks","yuri:DuplicateCode"],"picked":"yuri:MagneticKnives","floor":16.0},{"not_picked":["yuri:BrokenCode","yuri:Stare"],"picked":"yuri:ChibiInvasion","floor":18.0},{"not_picked":["yuri:Skip+1","yuri:Spin"],"picked":"yuri:GlitchedStrike+1","floor":19.0},{"not_picked":["yuri:Stare","yuri:yuriQuickStrike"],"picked":"yuri:ArmBrace","floor":21.0},{"not_picked":["yuri:Stare+1","yuri:UntestedCode+1"],"picked":"yuri:DisableStrike","floor":22.0}],"player_experience":1733269,"relics_obtained":[{"floor":6.0,"key":"Smiling Mask"},{"floor":8.0,"key":"Kunai"},{"floor":9.0,"key":"Art of War"},{"floor":10.0,"key":"Potion Belt"}],"event_choices":[{"damage_healed":0.0,"max_hp_gain":0.0,"max_hp_loss":0.0,"gold_gain":0.0,"event_name":"Liars Game","player_choice":"Ignored","floor":3.0,"gold_loss":0.0,"damage_taken":0.0},{"cards_removed":["yuri:ReloadGame"],"damage_healed":0.0,"max_hp_gain":0.0,"max_hp_loss":0.0,"gold_gain":0.0,"event_name":"The Cleric","player_choice":"Card Removal","floor":11.0,"gold_loss":50.0,"damage_taken":0.0},{"damage_healed":0.0,"max_hp_gain":0.0,"max_hp_loss":0.0,"gold_gain":30.0,"event_name":"Dead Adventurer","player_choice":"Searched \u00272\u0027 times","floor":12.0,"gold_loss":0.0,"damage_taken":0.0},{"damage_healed":0.0,"max_hp_gain":0.0,"max_hp_loss":0.0,"gold_gain":0.0,"event_name":"Match and Keep!","player_choice":"3 cards matched","floor":14.0,"gold_loss":0.0,"damage_taken":0.0,"cards_obtained":["yuri:yuriStab","yuri:Virus","yuri:WickedSlash"]},{"damage_healed":0.0,"max_hp_gain":0.0,"max_hp_loss":0.0,"gold_gain":0.0,"event_name":"Duplicator","player_choice":"Copied","floor":20.0,"gold_loss":0.0,"damage_taken":0.0,"cards_obtained":["yuri:BookGreen"]}],"is_beta":false,"boss_relics":[{"not_picked":["Astrolabe","Pandora\u0027s Box"],"picked":"Velvet Choker"}],"items_purged_floors":[],"is_endless":false,"potions_floor_spawned":[1,4,5,21],"killed_by":"Slavers","ascension_level":1}}