{"host":"mykjnfgvckiyjptv","time":1607685768,"event":{"mods":["2.2 Compatiblity","Act Like it!","Aspiration","BaseMod","Better Altar","Better Third Choice","BetterRewards","Card Forge","Custom Start","Dio Mod","Energized Spire","GifTheSpireLib","Gold Saver","Halation","Hermit","Hubris","Hyrulean Relics","Jedi Mod","Minty Spire (QoL Compilation)","Pale of the Ancients","Practice Mode","Replay The Spire","Shade Mod","Small Relic Pack","Spicy Shops","Spikes Relics","StSLib","Stuff the Spire","vexMod"],"gold_per_floor":[111,111,126,126,146,146,50,69,93,128,128,4,4,4,4,4,4,4,4,4,4,0,0,0,0,0,0,0,0,0,0],"floor_reached":30,"playtime":1895,"items_purged":[],"score":268,"play_id":"25ae172b-bfe8-4fa5-83b9-b82aaa2ac5d9","local_time":"20201211052248","is_ascension_mode":false,"campfire_choices":[{"data":"Bash","floor":6.0,"key":"SMITH"},{"data":"Sword Boomerang","floor":11.0,"key":"SMITH"},{"data":"hubris:EnhanceAbility","floor":13.0,"key":"SMITH"},{"data":"Inflame","floor":15.0,"key":"SMITH"},{"data":"Reaper","floor":27.0,"key":"SMITH"}],"circlet_count":0,"master_deck":["Strike_R","Strike_R","Strike_R","Strike_R","Strike_R","Defend_R","Defend_R","Defend_R","Defend_R","Bash+1","Clash+1","Clash+1","Iron Wave+1","ReplayTheSpireMod:Private Reserves+1","Sword Boomerang+1","Double Tap+1","hubris:EnhanceAbility+1","Inflame+1","Barricade+1","Fire Breathing+1","Heavy Blade+1","Hemogenesis+1","ReplayTheSpireMod:Limb From Limb+1","Reaper+1"],"relics":["Burning Blood","Hammer of Thor","Seething Fire","Anvil of the Gods","aspiration:BabyByrd","Iron Hammer","StuffTheSpire:OldFever","Sundial","jedi:ominousloannote","Membership Card","hubris:64BitClover","relicPack:KazumaCape","vexMod:PlasmaPancake","Oddly Smooth Stone","hubris:ChampionShield","ReplayTheSpireMod:Ninjato"],"acts_visited":["Exordium","TheCity"],"potions_floor_usage":[30],"damage_taken":[{"damage":5.0,"enemies":"Jaw Worm","floor":1.0,"turns":5.0},{"damage":5.0,"enemies":"Cultist","floor":3.0,"turns":4.0},{"damage":2.0,"enemies":"Small Slimes","floor":5.0,"turns":2.0},{"damage":0.0,"enemies":"2 Fungi Beasts","floor":8.0,"turns":2.0},{"damage":3.0,"enemies":"Gremlin Nob","floor":10.0,"turns":3.0},{"damage":12.0,"enemies":"Blue Slaver","floor":14.0,"turns":2.0},{"damage":5.0,"enemies":"Fading Forest","floor":16.0,"turns":11.0},{"damage":28.0,"enemies":"Shell Parasite","floor":18.0,"turns":3.0},{"damage":15.0,"enemies":"2 Thieves","floor":22.0,"turns":3.0},{"damage":7.0,"enemies":"Slavers","floor":23.0,"turns":4.0},{"damage":0.0,"enemies":"Chosen and Byrds","floor":24.0,"turns":5.0},{"damage":15.0,"enemies":"Centurion and Healer","floor":25.0,"turns":6.0},{"damage":89.0,"enemies":"Gremlin Leader","floor":29.0,"turns":7.0},{"damage":12,"enemies":"Snake Plant","floor":30,"turns":1}],"seed_played":"-429816364090053025","potions_obtained":[{"floor":8.0,"key":"Adrenaline Potion"},{"floor":10.0,"key":"AttackPotion"},{"floor":16.0,"key":"Flashbang"},{"floor":24.0,"key":"SkillPotion"},{"floor":25.0,"key":"Block Potion"}],"is_trial":false,"path_per_floor":["M","?","M","T","M","R","$","M","T","E","R","$","R","M","R","B",null,"M","?","?","$","M","E","M","M","T","R","?","E","M"],"character_chosen":"IRONCLAD","items_purchased":["ReplayTheSpireMod:Private Reserves","jedi:ominousloannote","Membership Card","hubris:64BitClover","Double Tap","hubris:EnhanceAbility","Inflame","vexMod:PlasmaPancake"],"campfire_rested":0,"item_purchase_floors":[7,12,12,12,12,12,12,21],"current_hp_per_floor":[88,88,88,88,88,88,88,88,88,88,88,88,88,82,82,88,88,66,66,66,72,63,62,68,59,59,59,59,8,0,0],"gold":0,"neow_bonus":"TEN_PERCENT_HP_BONUS","is_daily":false,"chose_seed":false,"campfire_upgraded":5,"win_rate":0.0,"timestamp":1607685768,"path_taken":["M","?","M","?","M","R","$","?","T","E","R","$","R","?","R","BOSS","M","?","?","?","?","E","M","?","T","R","?","E","M"],"items_purchased_type":["Card","Relic","Relic","Relic","Card","Card","Card","Relic"],"build_version":"2020-11-30","purchased_purges":0,"victory":false,"max_hp_per_floor":[88,88,88,88,88,88,88,88,88,88,88,88,88,88,88,88,88,88,88,88,94,94,94,94,94,94,94,94,94,94,94],"card_choices":[{"not_picked":["Havoc","jedi:fear"],"picked":"Clash","floor":1.0},{"not_picked":["Heavy Blade","Defy Death"],"picked":"Clash","floor":3.0},{"not_picked":["Hemokinesis","Cleave"],"picked":"Iron Wave","floor":5.0},{"not_picked":["Searing Blow","Rupture"],"picked":"Sword Boomerang","floor":8.0},{"not_picked":["Armaments","hubris:ReadiedAction","Twin Strike"],"picked":"SKIP","floor":10.0},{"not_picked":["Spot Weakness","Body Slam","Immolate"],"picked":"SKIP","floor":14.0},{"not_picked":["Juggernaut","Feed"],"picked":"Barricade","floor":16.0},{"not_picked":["Flex","Clothesline"],"picked":"Fire Breathing","floor":18.0},{"not_picked":["ReplayTheSpireMod:Strike From Hell","jedi:fear+1"],"picked":"Heavy Blade","floor":22.0},{"not_picked":["Twin Strike","Perfected Strike+1"],"picked":"Hemogenesis","floor":23.0},{"not_picked":["jedi:fear+1","Armaments"],"picked":"ReplayTheSpireMod:Limb From Limb","floor":24.0},{"not_picked":["Blood for Blood","Clothesline+1"],"picked":"Reaper","floor":25.0},{"not_picked":["Body Slam+1","Twin Strike","Reckless Charge"],"picked":"SKIP","floor":29.0}],"player_experience":428271,"relics_obtained":[{"floor":4.0,"key":"Iron Hammer"},{"floor":9.0,"key":"StuffTheSpire:OldFever"},{"floor":10.0,"key":"Sundial"},{"floor":23.0,"key":"Oddly Smooth Stone"},{"floor":26.0,"key":"hubris:ChampionShield"},{"floor":29.0,"key":"ReplayTheSpireMod:Ninjato"}],"event_choices":[{"damage_healed":0.0,"max_hp_gain":0.0,"max_hp_loss":0.0,"gold_gain":0.0,"event_name":"Wheel of Change","player_choice":"Cursed","floor":28.0,"gold_loss":0.0,"damage_taken":0.0,"cards_obtained":["Decay"]}],"is_beta":false,"boss_relics":[{"not_picked":["Replay:Grab Bag","hubris:GrandSneckoEye"],"picked":"relicPack:KazumaCape"}],"items_purged_floors":[],"is_endless":false,"potions_floor_spawned":[8,10,16,24,25],"killed_by":"Snake Plant","ascension_level":0}}