{"host":"70hw88lpn0qjvurq","time":1607692831,"event":{"mods":["Aspiration","BaseMod","BetterRewards","Colored Map","Colored Powertips","Conspire","Hermit","Hubris","Infinite Spire","Minty Spire (QoL Compilation)","Replay The Spire","Shop Mod","Spicy Shops","StSLib","The Jungle"],"gold_per_floor":[119,194,209,219,394,425,425,425,425,457,457,457,457,457],"floor_reached":13,"playtime":196,"items_purged":[],"score":141,"play_id":"cc756894-052b-4f04-bd70-e90c44b00226","local_time":"20201211072031","is_ascension_mode":false,"campfire_choices":[],"circlet_count":0,"master_deck":["conspire:GhostlyStrike","conspire:GhostlyStrike","conspire:GhostlyStrike","conspire:GhostlyStrike","conspire:GhostlyDefend","conspire:GhostlyDefend","conspire:GhostlyDefend","conspire:GhostlyDefend","hermit:Snapshot","hermit:Covet","hermit:Grudge","hermit:BigShot","hermit:Headshot","Doubt","hermit:Roughhouse","hermit:Magnum"],"relics":["hermit:Momento","NeowsBlessing","hubris:AstralHammer","Torii","Garlic"],"acts_visited":["Exordium"],"potions_floor_usage":[],"damage_taken":[{"damage":0,"enemies":"Jaw Worm","floor":1,"turns":1},{"damage":0,"enemies":"Small Slimes","floor":3,"turns":1},{"damage":0,"enemies":"conspire:RoseBush","floor":4,"turns":1},{"damage":26,"enemies":"Lagavulin","floor":6,"turns":5},{"damage":22,"enemies":"Gremlin Nob","floor":10,"turns":5},{"damage":16,"enemies":"Lagavulin","floor":13,"turns":2}],"seed_played":"1928258827311359910","potions_obtained":[{"floor":3,"key":"hermit:Tonic"},{"floor":10,"key":"GamblersBrew"}],"is_trial":false,"path_per_floor":["M","?","M","M","?","E","PTL","PTL","?","E","T","?","E"],"character_chosen":"HERMIT","items_purchased":[],"campfire_rested":0,"item_purchase_floors":[],"current_hp_per_floor":[75,64,64,64,64,38,38,38,38,16,16,16,0,0],"gold":457,"neow_bonus":"THREE_ENEMY_KILL","is_daily":false,"chose_seed":false,"campfire_upgraded":0,"win_rate":0.0,"timestamp":1607692831,"path_taken":["M","?","M","M","?","E","PTL","PTL","?","E","T","?","E"],"items_purchased_type":[],"build_version":"2020-11-30","purchased_purges":0,"victory":false,"max_hp_per_floor":[75,75,75,75,75,75,75,75,75,75,75,75,75,75],"card_choices":[{"not_picked":["hermit:BigShot","hermit:Cheat"],"picked":"hermit:Grudge","floor":1},{"not_picked":["hermit:Midnight","hermit:Scavenge"],"picked":"hermit:BigShot","floor":3},{"not_picked":["hermit:SprayPray","hermit:Enervate"],"picked":"hermit:Headshot","floor":4},{"not_picked":["hermit:Cheat","hermit:Roulette"],"picked":"hermit:Roughhouse","floor":6},{"not_picked":["hermit:BodyArmor","hermit:GhostlyPresence"],"picked":"hermit:Magnum","floor":10}],"player_experience":171834,"relics_obtained":[{"floor":6,"key":"hubris:AstralHammer"},{"floor":10,"key":"Torii"},{"floor":11,"key":"Garlic"}],"event_choices":[{"damage_healed":0,"gold_gain":75,"player_choice":"Gather Gold","damage_taken":11,"max_hp_gain":0,"max_hp_loss":0,"event_name":"World of Goop","floor":2,"gold_loss":0},{"damage_healed":0,"gold_gain":175,"player_choice":"AGREE","damage_taken":0,"max_hp_gain":0,"max_hp_loss":0,"event_name":"Liars Game","floor":5,"gold_loss":0,"cards_obtained":["Doubt"]},{"damage_healed":0,"gold_gain":0,"player_choice":"Agree","damage_taken":0,"max_hp_gain":0,"max_hp_loss":0,"event_name":"conspire:LoneGhost","floor":9,"gold_loss":0}],"is_beta":false,"boss_relics":[],"items_purged_floors":[],"is_endless":false,"potions_floor_spawned":[3,10],"killed_by":"Lagavulin","ascension_level":0}}