{"host":"gkh5j5k5w4qf7k7n","time":1607689725,"event":{"mods":["2.2 Compatiblity","AchievementEnabler","BaseMod","Colored Map","Colored Powertips","GifTheSpireLib","Keyboard Shortcuts","Minty Spire (QoL Compilation)","Quick Restart","StSLib","SuperFastMode","The Construct","The Dragon Tamer","TheBandit","¡¼?Úª?ø«¡½REMEMod"],"gold_per_floor":[110,126,201,201,201,201,217,217,217,233,233,233,250,268,268,363,363,381,400,418,418,418],"floor_reached":21,"playtime":846,"items_purged":[],"score":260,"play_id":"0e24ac88-a46d-44d1-8c84-c702956132be","local_time":"20201211212845","is_ascension_mode":true,"campfire_choices":[{"data":"construct:HammerDown","floor":6.0,"key":"SMITH"},{"floor":8.0,"key":"REST"},{"data":"construct:HammerDown+1","floor":15.0,"key":"SMITH"}],"circlet_count":0,"master_deck":["AscendersBane","construct:Strike_Gold","construct:Strike_Gold","construct:Strike_Gold","construct:Strike_Gold","construct:Defend_Gold","construct:Defend_Gold","construct:Defend_Gold","construct:Defend_Gold","construct:Defend_Gold","construct:AttackMode","construct:DefenseMode","Master of Strategy","construct:HammerDown+2","construct:VentSteam","construct:Analyze","Decay","construct:MetalShell","construct:SuppressiveFire","construct:BatteryAcid+1","construct:CripplingShot+1"],"relics":["construct:ClockworkPhoenix","construct:Challenge1","REME_ComplimentaryCards","Orichalcum","Singing Bowl","construct:WeddingRing"],"acts_visited":["Exordium","TheCity"],"potions_floor_usage":[16,20],"damage_taken":[{"damage":0.0,"enemies":"2 Louse","floor":1.0,"turns":4.0},{"damage":20.0,"enemies":"Small Slimes","floor":2.0,"turns":4.0},{"damage":12.0,"enemies":"Jaw Worm","floor":7.0,"turns":6.0},{"damage":9.0,"enemies":"Looter","floor":10.0,"turns":3.0},{"damage":5.0,"enemies":"3 Louse","floor":13.0,"turns":6.0},{"damage":11.0,"enemies":"Red Slaver","floor":14.0,"turns":4.0},{"damage":19,"enemies":"The Guardian","floor":16,"turns":6},{"damage":15,"enemies":"Chosen","floor":18,"turns":4},{"damage":5,"enemies":"Spheric Guardian","floor":19,"turns":3},{"damage":19,"enemies":"Snecko","floor":20,"turns":5},{"damage":34,"enemies":"Cultist and Chosen","floor":21,"turns":6}],"seed_played":"-6953700134013368130","potions_obtained":[{"floor":1.0,"key":"SteroidPotion"},{"floor":14.0,"key":"Energy Potion"},{"floor":19,"key":"Explosive Potion"},{"floor":20,"key":"BlessingOfTheForge"}],"is_trial":false,"path_per_floor":["M","M","?","?","?","R","M","R","T","M","?","?","M","M","R","B",null,"M","M","M","M"],"character_chosen":"THE_CONSTRUCT_MOD","items_purchased":[],"campfire_rested":1,"item_purchase_floors":[],"current_hp_per_floor":[77,57,46,39,39,39,27,52,52,43,43,43,38,27,27,10,68,53,48,31,0,0],"gold":418,"neow_bonus":"ONE_RANDOM_RARE_CARD","is_daily":false,"chose_seed":false,"campfire_upgraded":2,"win_rate":0.0,"timestamp":1607689725,"path_taken":["M","M","?","?","?","R","M","R","T","?","?","?","?","M","R","BOSS","M","M","M","M"],"items_purchased_type":[],"build_version":"2020-11-30","purchased_purges":0,"victory":false,"max_hp_per_floor":[85,85,85,85,85,85,85,85,85,85,85,85,85,85,85,87,87,87,87,89,89,89],"card_choices":[{"not_picked":["construct:Rollout","construct:SaveState","construct:Agitation"],"picked":"SKIP","floor":1.0},{"not_picked":["construct:CreateCores","construct:Versatility"],"picked":"construct:VentSteam","floor":2.0},{"not_picked":["construct:ModeShift","construct:VentSteam"],"picked":"construct:Analyze","floor":7.0},{"not_picked":["construct:ShieldBurst","construct:Boost","construct:FocusedBeam"],"picked":"SKIP","floor":10.0},{"not_picked":["construct:Versatility","construct:OilSpill"],"picked":"construct:MetalShell","floor":13.0},{"not_picked":["construct:ModeShift","construct:ClusterMines"],"picked":"construct:SuppressiveFire","floor":14.0},{"not_picked":["construct:GatlingGun","construct:Bunker","construct:MemoryTap"],"picked":"Singing Bowl","floor":16},{"not_picked":["construct:Disrupt+1","construct:ClusterMines"],"picked":"construct:BatteryAcid+1","floor":18},{"not_picked":["construct:Accumulate+1","construct:Backfire+1"],"picked":"construct:CripplingShot+1","floor":19},{"not_picked":["construct:Versatility+1","construct:Zapper+1","construct:Accumulate+1"],"picked":"Singing Bowl","floor":20}],"player_experience":919755,"relics_obtained":[{"floor":9.0,"key":"Orichalcum"}],"event_choices":[{"damage_healed":0.0,"max_hp_gain":0.0,"max_hp_loss":0.0,"gold_gain":75.0,"event_name":"World of Goop","player_choice":"Gather Gold","floor":3.0,"gold_loss":0.0,"damage_taken":11.0},{"cards_removed":["construct:Strike_Gold"],"damage_healed":0.0,"max_hp_gain":0.0,"max_hp_loss":0.0,"gold_gain":0.0,"event_name":"Golden Wing","player_choice":"Card Removal","floor":4.0,"gold_loss":0.0,"damage_taken":7.0},{"damage_healed":0.0,"max_hp_gain":0.0,"max_hp_loss":0.0,"gold_gain":0.0,"event_name":"Liars Game","player_choice":"Ignored","floor":5.0,"gold_loss":0.0,"damage_taken":0.0},{"damage_healed":0.0,"max_hp_gain":0.0,"max_hp_loss":0.0,"gold_gain":0.0,"event_name":"Dead Adventurer","player_choice":"Searched \u00271\u0027 times","floor":11.0,"gold_loss":0.0,"damage_taken":0.0,"relics_obtained":["Singing Bowl"]},{"damage_healed":0.0,"max_hp_gain":0.0,"max_hp_loss":0.0,"gold_gain":0.0,"event_name":"Wheel of Change","player_choice":"Cursed","floor":12.0,"gold_loss":0.0,"damage_taken":0.0,"cards_obtained":["Decay"]}],"is_beta":false,"boss_relics":[{"not_picked":["SacredBark","Empty Cage"],"picked":"construct:WeddingRing"}],"items_purged_floors":[],"is_endless":false,"potions_floor_spawned":[1,14,19,20],"killed_by":"Cultist and Chosen","ascension_level":10}}