{"host":"d8hh7rr4yzitjeuj","time":1607719104,"event":{"mods":["2.2 Compatiblity","AchievementEnabler","BaseMod","CapriCore","Colored Map","Colored Powertips","Highlight Path","Keyboard Shortcuts","Minty Spire (QoL Compilation)","Permanent Neow","Quick Restart","StSLib","SuperFastMode"],"gold_per_floor":[114,128,147,147,167,167,182,147,200,227,227,237,255,267,267,341,341,356,86,103,28,28,63,63,80,80,92,92,123,173,205,205,282,282,293,318,218,218,218,218,246,246,246,259,270,280,280,294,294,294,294,294,294,17,52,52,52],"floor_reached":56,"playtime":2730,"items_purged":["Strike_B","Defend_B","Defend_B"],"score":1878,"play_id":"31b87a2c-dfe4-4e8d-9b59-0aaf92de1374","local_time":"20201212053824","is_ascension_mode":true,"campfire_choices":[{"data":"Zap","floor":6.0,"key":"SMITH"},{"data":"Consume","floor":15.0,"key":"SMITH"},{"data":"Apotheosis","floor":32.0,"key":"SMITH"},{"floor":40.0,"key":"REST"},{"data":"Seek","floor":42.0,"key":"SMITH"},{"floor":49.0,"key":"RECALL"},{"floor":53.0,"key":"REST"}],"circlet_count":0,"master_deck":["AscendersBane","Defend_B","Defend_B","Zap+1","Dualcast","Rebound","FTL","Consume+1","Coolheaded","Undo","Coolheaded","Turbo","Coolheaded","Electrodynamics","Redo","Apotheosis+1","Chaos","Ball Lightning+1","Seek+1","White Noise","Seek","Compile Driver","Finesse","Hologram"],"relics":["Inserter","Omamori","Cables","Blood Vial","Sozu","Ancient Tea Set","Happy Flower","Singing Bowl","Bottled Tornado","Empty Cage","CaptainsWheel","DataDisk","Bag of Preparation","Bottled Lightning"],"acts_visited":["Exordium","TheCity","TheBeyond","TheEnding"],"potions_floor_usage":[],"damage_taken":[{"damage":1.0,"enemies":"Cultist","floor":1.0,"turns":3.0},{"damage":11.0,"enemies":"2 Louse","floor":2.0,"turns":2.0},{"damage":7.0,"enemies":"Jaw Worm","floor":3.0,"turns":3.0},{"damage":17.0,"enemies":"3 Louse","floor":5.0,"turns":4.0},{"damage":7.0,"enemies":"Blue Slaver","floor":7.0,"turns":5.0},{"damage":4.0,"enemies":"Lagavulin","floor":10.0,"turns":9.0},{"damage":1.0,"enemies":"2 Fungi Beasts","floor":12.0,"turns":6.0},{"damage":8.0,"enemies":"Large Slime","floor":13.0,"turns":6.0},{"damage":13.0,"enemies":"Blue Slaver","floor":14.0,"turns":3.0},{"damage":22.0,"enemies":"Slime Boss","floor":16.0,"turns":13.0},{"damage":1.0,"enemies":"Chosen","floor":18.0,"turns":4.0},{"damage":3.0,"enemies":"Shell Parasite","floor":20.0,"turns":6.0},{"damage":5.0,"enemies":"Gremlin Leader","floor":23.0,"turns":11.0},{"damage":0.0,"enemies":"Snake Plant","floor":25.0,"turns":6.0},{"damage":7.0,"enemies":"3 Cultists","floor":27.0,"turns":5.0},{"damage":24.0,"enemies":"Slavers","floor":29.0,"turns":4.0},{"damage":0.0,"enemies":"Gremlin Leader","floor":31.0,"turns":6.0},{"damage":26.0,"enemies":"Automaton","floor":33.0,"turns":10.0},{"damage":27.0,"enemies":"3 Darklings","floor":35.0,"turns":3.0},{"damage":0.0,"enemies":"Mind Bloom Boss Battle","floor":36.0,"turns":8.0},{"damage":21.0,"enemies":"Reptomancer","floor":41.0,"turns":5.0},{"damage":0.0,"enemies":"3 Shapes","floor":44.0,"turns":2.0},{"damage":0.0,"enemies":"Maw","floor":45.0,"turns":8.0},{"damage":0.0,"enemies":"Jaw Worm Horde","floor":46.0,"turns":2.0},{"damage":1.0,"enemies":"Spire Growth","floor":48.0,"turns":6.0},{"damage":6.0,"enemies":"Awakened One","floor":50.0,"turns":13.0},{"damage":18.0,"enemies":"Time Eater","floor":51.0,"turns":13.0},{"damage":40.0,"enemies":"Shield and Spear","floor":55.0,"turns":5.0},{"damage":46,"enemies":"The Heart","floor":56,"turns":3}],"seed_played":"7443777850721734021","potions_obtained":[{"floor":2.0,"key":"LiquidBronze"},{"floor":4.0,"key":"Dexterity Potion"},{"floor":10.0,"key":"Regen Potion"},{"floor":12.0,"key":"SneckoOil"},{"floor":16.0,"key":"PotionOfCapacity"}],"is_trial":false,"path_per_floor":["M","M","M","?","M","R","M","?","T","E","T","M","M","M","R","B",null,"M","$","M","?","?","E","?","M","T","M","?","E","?","E","R","B",null,"M","?","$","?","?","R","E","R","T","M","M","M","T","M","R","B","B",null,"R","$","E","B"],"character_chosen":"DEFECT","items_purchased":["Apotheosis","Finesse","Hologram"],"campfire_rested":2,"item_purchase_floors":[19,54,54],"current_hp_per_floor":[63,52,45,45,28,28,21,38,38,34,34,50,44,33,33,13,57,58,58,57,57,57,54,54,56,56,51,51,29,29,33,33,9,57,32,36,36,36,36,58,41,41,41,45,47,51,51,52,52,48,32,69,81,81,43,0,0],"gold":52,"neow_bonus":"BOSS_RELIC","is_daily":false,"chose_seed":false,"campfire_upgraded":4,"win_rate":0.0,"timestamp":1607719104,"path_taken":["M","?","M","?","M","R","?","?","T","E","?","M","M","M","R","BOSS","M","$","M","?","?","E","?","M","T","M","?","E","?","E","R","BOSS","M","?","$","?","?","R","E","R","T","M","M","M","?","M","R","BOSS","BOSS","R","$","E","BOSS"],"items_purchased_type":["Card","Card","Card"],"build_version":"2020-11-30","purchased_purges":3,"victory":false,"max_hp_per_floor":[71,71,71,71,71,71,71,71,71,71,71,71,71,71,71,71,71,71,71,71,71,71,71,71,71,71,71,71,71,71,73,73,73,73,73,75,75,75,75,75,77,77,77,79,79,81,81,81,81,81,81,81,81,81,83,83,83],"card_choices":[{"not_picked":["Redo","Leap"],"picked":"Rebound","floor":1.0},{"not_picked":["Multi-Cast","Hologram"],"picked":"FTL","floor":2.0},{"not_picked":["Barrage","Conserve Battery"],"picked":"Consume","floor":3.0},{"not_picked":["Beam Cell","Aggregate"],"picked":"Coolheaded","floor":5.0},{"not_picked":["Sweeping Beam","Hello World"],"picked":"Undo","floor":7.0},{"not_picked":["Streamline","Hello World","Scrape"],"picked":"SKIP","floor":10.0},{"not_picked":["Force Field","Streamline"],"picked":"Coolheaded","floor":12.0},{"not_picked":["Fission","Conserve Battery"],"picked":"Turbo","floor":13.0},{"not_picked":["Heatsinks","Steam"],"picked":"Coolheaded","floor":14.0},{"not_picked":["All For One","Rainbow"],"picked":"Electrodynamics","floor":16.0},{"not_picked":["Rip and Tear","Reinforced Body"],"picked":"Redo","floor":18.0},{"not_picked":["Turbo+1","Leap","Barrage"],"picked":"SKIP","floor":20.0},{"not_picked":["Redo","Sweeping Beam","FTL+1"],"picked":"SKIP","floor":23.0},{"not_picked":["Redo","Sweeping Beam","FTL+1"],"picked":"SKIP","floor":23.0},{"not_picked":["FTL","Gash","Reinforced Body"],"picked":"SKIP","floor":25.0},{"not_picked":["BootSequence","Streamline","Stack"],"picked":"SKIP","floor":27.0},{"not_picked":["Scrape","Chill"],"picked":"Ball Lightning+1","floor":29.0},{"not_picked":["Electrodynamics","Barrage","Darkness"],"picked":"Singing Bowl","floor":31.0},{"not_picked":["Core Surge","Echo Form"],"picked":"Seek","floor":33.0},{"not_picked":["Barrage","Beam Cell"],"picked":"White Noise","floor":35.0},{"not_picked":["Cold Snap","Barrage","Redo"],"picked":"Singing Bowl","floor":36.0},{"not_picked":["Meteor Strike","Ball Lightning","FTL"],"picked":"Singing Bowl","floor":41.0},{"not_picked":["Redo","Conserve Battery","Undo"],"picked":"Singing Bowl","floor":44.0},{"not_picked":["Ball Lightning","Rebound"],"picked":"Seek","floor":45.0},{"not_picked":["Redo","Turbo","Rebound"],"picked":"Singing Bowl","floor":46.0},{"not_picked":["Glacier","Stack+1"],"picked":"Compile Driver","floor":48.0},{"not_picked":["Streamline+1","Rebound","Turbo"],"picked":"Singing Bowl","floor":55.0}],"player_experience":1322723,"relics_obtained":[{"floor":9.0,"key":"Omamori"},{"floor":10.0,"key":"Cables"},{"floor":11.0,"key":"Blood Vial"},{"floor":23.0,"key":"Ancient Tea Set"},{"floor":26.0,"key":"Happy Flower"},{"floor":29.0,"key":"Singing Bowl"},{"floor":31.0,"key":"Bottled Tornado"},{"floor":36.0,"key":"CaptainsWheel"},{"floor":41.0,"key":"DataDisk"},{"floor":47.0,"key":"Bag of Preparation"},{"floor":55.0,"key":"Bottled Lightning"}],"event_choices":[{"damage_healed":0.0,"max_hp_gain":0.0,"max_hp_loss":0.0,"gold_gain":0.0,"event_name":"Lab","player_choice":"Got Potions","floor":4.0,"gold_loss":0.0,"damage_taken":0.0},{"damage_healed":17.0,"max_hp_gain":0.0,"max_hp_loss":0.0,"gold_gain":0.0,"event_name":"The Cleric","player_choice":"Healed","floor":8.0,"gold_loss":35.0,"damage_taken":0.0},{"cards_removed":["Strike_B"],"damage_healed":0.0,"max_hp_gain":0.0,"max_hp_loss":0.0,"gold_gain":0.0,"event_name":"Beggar","player_choice":"Gave Gold","floor":21.0,"gold_loss":75.0,"damage_taken":0.0},{"damage_healed":0.0,"max_hp_gain":0.0,"max_hp_loss":0.0,"gold_gain":0.0,"event_name":"Cursed Tome","player_choice":"Ignored","floor":22.0,"gold_loss":0.0,"damage_taken":0.0},{"damage_healed":0.0,"max_hp_gain":0.0,"max_hp_loss":0.0,"gold_gain":0.0,"event_name":"The Library","player_choice":"Read","floor":28.0,"gold_loss":0.0,"damage_taken":0.0,"cards_obtained":["Chaos"]},{"damage_healed":0.0,"max_hp_gain":0.0,"max_hp_loss":0.0,"gold_gain":50.0,"event_name":"Nest","player_choice":"Stole From Cult","floor":30.0,"gold_loss":0.0,"damage_taken":0.0},{"damage_healed":0.0,"max_hp_gain":0.0,"max_hp_loss":0.0,"gold_gain":0.0,"event_name":"MindBloom","player_choice":"Fight","floor":36.0,"gold_loss":0.0,"damage_taken":0.0},{"damage_healed":0.0,"max_hp_gain":0.0,"max_hp_loss":0.0,"gold_gain":0.0,"event_name":"The Moai Head","player_choice":"Ignored","floor":38.0,"gold_loss":0.0,"damage_taken":0.0},{"damage_healed":0.0,"max_hp_gain":0.0,"max_hp_loss":0.0,"gold_gain":0.0,"event_name":"Tomb of Lord Red Mask","player_choice":"Ignored","floor":39.0,"gold_loss":0.0,"damage_taken":0.0}],"is_beta":false,"boss_relics":[{"not_picked":["Tiny House","Runic Dome"],"picked":"Sozu"},{"not_picked":["Busted Crown","Black Star"],"picked":"Empty Cage"}],"items_purged_floors":[19,37,54],"is_endless":false,"potions_floor_spawned":[2,10,12,16,18,23,29,33,35,41,44,48],"killed_by":"The Heart","ascension_level":20}}