{"host":"wfuprrvhjp4xs686","time":1607669079,"event":{"mods":["BaseMod","Better Match","Better Skull","Better Third Choice","Minty Spire (QoL Compilation)","Quick Restart","Replay The Spire","Spicy Shops","StSLib","Uncapped","Unceasing Turn Reminder"],"gold_per_floor":[116,116,41,59,74,106,106,136,159,159,159],"floor_reached":10,"playtime":1095,"items_purged":["ReplayTheSpireMod:Corrosion Curse"],"score":152,"play_id":"e5209be6-7995-4d7c-8e1b-44fe589f3f87","local_time":"20201211014439","daily_mods":["SealedDeck","DeadlyEvents","Elite Swarm","Uncertain Future"],"is_ascension_mode":true,"campfire_choices":[{"data":"Limit Break","floor":7,"key":"SMITH"}],"circlet_count":0,"master_deck":["AscendersBane","Wild Strike","Power Through","ReplayTheSpireMod:Stacked","Whirlwind","Defy Death","Second Wind","Inflame","Feel No Pain","Feel No Pain","Limit Break+1","Limit Break"],"relics":["Burning Blood","Replay:Mystery Machine","Omamori"],"acts_visited":["Exordium"],"potions_floor_usage":[6],"damage_taken":[{"damage":0,"enemies":"Jaw Worm","floor":1,"turns":4},{"damage":0,"enemies":"2 Louse","floor":4,"turns":4},{"damage":4,"enemies":"Small Slimes","floor":5,"turns":5},{"damage":7,"enemies":"3 Sentries","floor":6,"turns":10},{"damage":14,"enemies":"Lagavulin","floor":8,"turns":8},{"damage":67,"enemies":"Gremlin Nob","floor":10,"turns":5}],"seed_played":"1828471630529662264","potions_obtained":[{"floor":4,"key":"AttackPotion"},{"floor":5,"key":"Death Potion"}],"is_trial":true,"path_per_floor":["M","?","$","M","M","E","R","E","T","E"],"character_chosen":"IRONCLAD","items_purchased":[],"campfire_rested":0,"item_purchase_floors":[],"current_hp_per_floor":[74,74,74,75,75,74,74,66,66,0,0],"gold":159,"neow_bonus":"","is_daily":false,"chose_seed":false,"campfire_upgraded":1,"win_rate":0.0,"timestamp":1607669079,"path_taken":["M","?","$","M","M","E","R","E","T","E"],"items_purchased_type":[],"build_version":"2020-11-30","purchased_purges":1,"victory":false,"max_hp_per_floor":[75,75,75,75,75,75,75,75,75,75,75],"card_choices":[{"not_picked":["Heavy Blade","Combust","Twin Strike"],"picked":"SKIP","floor":1},{"not_picked":["Clothesline","Blood for Blood","Bloodletting"],"picked":"SKIP","floor":4},{"not_picked":["Double Tap","Havoc","Body Slam"],"picked":"SKIP","floor":5},{"not_picked":["Exhume","Berserk"],"picked":"Limit Break","floor":6},{"not_picked":["Feed","Berserk"],"picked":"Limit Break","floor":8}],"player_experience":2284811,"relics_obtained":[{"floor":6,"key":"Replay:Mystery Machine"},{"floor":9,"key":"Omamori"}],"event_choices":[{"damage_healed":0,"gold_gain":0,"player_choice":"Ignored","damage_taken":116,"max_hp_gain":0,"max_hp_loss":0,"event_name":"betterThird:BetterSerpent","floor":2,"gold_loss":0}],"is_beta":false,"boss_relics":[],"items_purged_floors":[3],"is_endless":true,"potions_floor_spawned":[4,5],"killed_by":"Gremlin Nob","ascension_level":20}}