{"host":"2nw7vjz0sy04etg3","time":1607696991,"event":{"mods":["BaseMod","DeckTracker","Minty Spire (QoL Compilation)","Quick Restart"],"gold_per_floor":[115,115,115,134,59,59,85,100,100,129,146,156,185,185,185,259,259,275,275,306,319,319,319,354,364,391,391,401,401,418,151,151,228,228,246,265,281,293,344,344,344],"floor_reached":40,"playtime":1390,"items_purged":["Defend_B","Defend_B"],"score":840,"play_id":"cf7211ac-b82f-49f4-84fd-9b1e5b6e5312","local_time":"20201211232951","is_ascension_mode":true,"campfire_choices":[{"data":"Darkness","floor":6,"key":"SMITH"},{"data":"Dualcast","floor":15,"key":"SMITH"},{"data":"Fusion","floor":23,"key":"SMITH"},{"data":"Coolheaded","floor":27,"key":"SMITH"},{"floor":29,"key":"REST"},{"data":"Defragment","floor":32,"key":"SMITH"}],"circlet_count":0,"master_deck":["AscendersBane","Strike_B","Strike_B","Defend_B","Defend_B","Zap","Dualcast+1","Rebound","Darkness+1","Fusion+1","Electrodynamics","Conserve Battery","Glacier","Self Repair","BootSequence","Rainbow","Coolheaded+1","Skim","Reinforced Body","Cold Snap","Echo Form","Defragment+1","FTL","Multi-Cast","Lockon","Storm"],"relics":["Cracked Core","NeowsBlessing","Question Card","Pear","DataDisk","Dream Catcher","Busted Crown","Red Mask","Mummified Hand","Coffee Dripper","CaptainsWheel"],"acts_visited":["Exordium","TheCity","TheBeyond"],"potions_floor_usage":[10,11,20,24,39,40],"damage_taken":[{"damage":0,"enemies":"Small Slimes","floor":1,"turns":1},{"damage":0,"enemies":"2 Louse","floor":4,"turns":1},{"damage":0,"enemies":"Gremlin Nob","floor":7,"turns":1},{"damage":1,"enemies":"Cultist","floor":8,"turns":3},{"damage":6,"enemies":"Lagavulin","floor":10,"turns":5},{"damage":0,"enemies":"2 Fungi Beasts","floor":11,"turns":2},{"damage":3,"enemies":"Looter","floor":12,"turns":4},{"damage":8,"enemies":"3 Sentries","floor":13,"turns":4},{"damage":49,"enemies":"Hexaghost","floor":16,"turns":11},{"damage":0,"enemies":"Spheric Guardian","floor":18,"turns":3},{"damage":0,"enemies":"Masked Bandits","floor":20,"turns":2},{"damage":3,"enemies":"3 Byrds","floor":21,"turns":4},{"damage":58,"enemies":"Gremlin Leader","floor":24,"turns":12},{"damage":18,"enemies":"Snake Plant","floor":25,"turns":3},{"damage":35,"enemies":"Sentry and Sphere","floor":28,"turns":6},{"damage":4,"enemies":"Shelled Parasite and Fungi","floor":30,"turns":6},{"damage":23,"enemies":"Champ","floor":33,"turns":11},{"damage":0,"enemies":"Orb Walker","floor":35,"turns":3},{"damage":2,"enemies":"3 Shapes","floor":36,"turns":3},{"damage":0,"enemies":"Maw","floor":37,"turns":3},{"damage":24,"enemies":"Transient","floor":38,"turns":5},{"damage":48,"enemies":"2 Orb Walkers","floor":39,"turns":5},{"damage":0,"enemies":"Reptomancer","floor":40,"turns":1}],"seed_played":"-2519446629871873959","potions_obtained":[{"floor":1,"key":"AttackPotion"},{"floor":4,"key":"Strength Potion"},{"floor":11,"key":"Fruit Juice"},{"floor":16,"key":"Dexterity Potion"},{"floor":21,"key":"Swift Potion"},{"floor":24,"key":"FairyPotion"},{"floor":30,"key":"EssenceOfDarkness"},{"floor":39,"key":"ColorlessPotion"}],"is_trial":false,"path_per_floor":["M","?","?","M","$","R","E","M","T","E","M","M","E","?","R","B",null,"M","?","?","M","?","R","E","M","T","R","M","R","M","$","R","B",null,"M","M","M","M","?","E"],"character_chosen":"DEFECT","items_purchased":["Defragment","FTL"],"campfire_rested":1,"item_purchase_floors":[31,31],"current_hp_per_floor":[64,64,64,64,64,64,64,63,73,67,72,76,68,73,73,31,76,83,83,83,87,87,87,36,25,25,25,34,61,64,64,64,48,80,80,85,91,74,33,33,33],"gold":344,"neow_bonus":"THREE_ENEMY_KILL","is_daily":false,"chose_seed":false,"campfire_upgraded":5,"win_rate":0.0,"timestamp":1607696991,"path_taken":["M","?","?","M","$","R","E","M","T","E","M","?","E","?","R","BOSS","M","?","?","M","?","R","E","M","T","R","M","R","M","$","R","BOSS","M","M","M","M","?","E"],"items_purchased_type":["Card","Card"],"build_version":"2020-11-30","purchased_purges":2,"victory":false,"max_hp_per_floor":[71,71,71,71,71,71,71,71,81,81,86,86,86,91,91,91,91,91,91,91,91,91,91,91,91,91,91,91,91,91,91,91,91,91,91,91,91,91,91,91,91],"card_choices":[{"not_picked":["Auto Shields","Aggregate"],"picked":"Rebound","floor":1},{"not_picked":["Sunder","Barrage"],"picked":"Fusion","floor":4},{"not_picked":["Self Repair","Compile Driver"],"picked":"Electrodynamics","floor":7},{"not_picked":["Static Discharge","Tempest","Heatsinks"],"picked":"Conserve Battery","floor":8},{"not_picked":["Doom and Gloom","Steam Power","Conserve Battery"],"picked":"Glacier","floor":10},{"not_picked":["Auto Shields","Beam Cell","Barrage"],"picked":"Self Repair","floor":11},{"not_picked":["Streamline","Cold Snap","Rebound"],"picked":"BootSequence","floor":12},{"not_picked":["Hyperbeam","Genetic Algorithm","Storm","Beam Cell"],"picked":"SKIP","floor":13},{"not_picked":["Thunder Strike","Creative AI","All For One"],"picked":"Rainbow","floor":16},{"not_picked":["Genetic Algorithm","Leap+1"],"picked":"SKIP","floor":18},{"not_picked":["Skim"],"picked":"Coolheaded","floor":20},{"not_picked":["Leap","Barrage"],"picked":"SKIP","floor":21},{"not_picked":["Doom and Gloom"],"picked":"Skim","floor":24},{"not_picked":["Reinforced Body","Ball Lightning"],"picked":"SKIP","floor":25},{"not_picked":["Ball Lightning"],"picked":"Reinforced Body","floor":25},{"not_picked":["Lockon"],"picked":"Cold Snap","floor":28},{"not_picked":["Streamline"],"picked":"Echo Form","floor":29},{"not_picked":["Cold Snap","Steam Power"],"picked":"SKIP","floor":30},{"not_picked":["Machine Learning"],"picked":"Multi-Cast","floor":33},{"not_picked":["Sweeping Beam+1","Gash"],"picked":"SKIP","floor":35},{"not_picked":["Go for the Eyes"],"picked":"Lockon","floor":36},{"not_picked":["Steam","Darkness"],"picked":"SKIP","floor":37},{"not_picked":["Ball Lightning"],"picked":"Storm","floor":38}],"player_experience":222241,"relics_obtained":[{"floor":7,"key":"Question Card"},{"floor":9,"key":"Pear"},{"floor":10,"key":"DataDisk"},{"floor":13,"key":"Dream Catcher"},{"floor":20,"key":"Red Mask"},{"floor":24,"key":"Mummified Hand"},{"floor":39,"key":"CaptainsWheel"}],"event_choices":[{"damage_healed":0,"gold_gain":0,"cards_transformed":["Strike_B"],"player_choice":"Change","damage_taken":0,"max_hp_gain":0,"max_hp_loss":0,"event_name":"Living Wall","floor":2,"gold_loss":0,"cards_obtained":["Darkness"]},{"cards_removed":["Strike_B"],"damage_healed":0,"gold_gain":0,"player_choice":"Offered Basic","damage_taken":0,"max_hp_gain":0,"max_hp_loss":0,"event_name":"Bonfire Elementals","floor":3,"gold_loss":0},{"damage_healed":0,"gold_gain":0,"player_choice":"Donut","damage_taken":0,"max_hp_gain":5,"max_hp_loss":0,"event_name":"Big Fish","floor":14,"gold_loss":0},{"damage_healed":0,"gold_gain":0,"player_choice":"Ignored","damage_taken":0,"max_hp_gain":0,"max_hp_loss":0,"event_name":"Vampires","floor":19,"gold_loss":0},{"damage_healed":0,"gold_gain":0,"player_choice":"Fought Bandits","damage_taken":0,"max_hp_gain":0,"max_hp_loss":0,"event_name":"Masked Bandits","floor":20,"gold_loss":0},{"damage_healed":0,"gold_gain":0,"player_choice":"Ignored","damage_taken":0,"max_hp_gain":0,"max_hp_loss":0,"event_name":"The Mausoleum","floor":22,"gold_loss":0},{"damage_healed":0,"gold_gain":0,"player_choice":"Fight","damage_taken":0,"max_hp_gain":0,"max_hp_loss":0,"event_name":"Mysterious Sphere","floor":39,"gold_loss":0}],"is_beta":false,"boss_relics":[{"not_picked":["Fusion Hammer","Runic Pyramid"],"picked":"Busted Crown"},{"not_picked":["Snecko Eye","Black Star"],"picked":"Coffee Dripper"}],"items_purged_floors":[5,31],"is_endless":false,"potions_floor_spawned":[1,4,7,11,16,18,21,24,30,33,35,38,39],"killed_by":"Reptomancer","ascension_level":16}}