{"host":"2461dio7vetlq1z3","time":1607683225,"event":{"mods":["AchievementEnabler","BaseMod","Hermit","Lobotomy","Minty Spire (QoL Compilation)","Relic Stats","StSLib","Waifu the Spire"],"gold_per_floor":[109,184,195,206,176,210,210,242,242,242,256,256,289,289,289,365,365,347,347,196,121,121,149,149,182,182,216,242,242,4,35,35,106,106,123,40,60,60,76,107,107,133,133,143,143,143],"floor_reached":45,"playtime":3530,"items_purged":["Strike_G","Strike_G"],"score":946,"play_id":"7d101316-bc75-4095-95e2-432fe9144bba","local_time":"20201211114025","is_ascension_mode":true,"campfire_choices":[{"data":"Tools of the Trade","floor":7,"key":"SMITH"},{"data":"Neutralize","floor":12,"key":"SMITH"},{"data":"After Image","floor":15,"key":"SMITH"},{"data":"Burst","floor":24,"key":"SMITH"},{"floor":29,"key":"REST"},{"data":"Accuracy","floor":32,"key":"SMITH"},{"data":"Strike_G","floor":41,"key":"PURGE"}],"circlet_count":0,"master_deck":["AscendersBane","Strike_G","Defend_G","Defend_G","Defend_G","Defend_G","Defend_G","Survivor","Neutralize+1","Tools of the Trade+1","Blade Dance","Deadly Poison","Backstab","Quick Slash","Dodge and Roll","After Image+1","PiercingWail","Burst+1","Blade Dance","Accuracy+1","Footwork","Bouncing Flask","Backflip","Escape Plan","PiercingWail","After Image","Noxious Fumes","Noxious Fumes","Backflip","Madness","Madness","Well Laid Plans","Catalyst"],"relics":["Ring of the Snake","Ornamental Fan","Paper Crane","Sundial","Singing Bowl","Philosopher\u0027s Stone","Nilry\u0027s Codex","Dream Catcher","Mercury Hourglass","Peace Pipe","Mango","Red Mask","Lantern","Busted Crown","Ninja Scroll","Potion Belt"],"acts_visited":["Exordium","TheCity","TheBeyond"],"potions_floor_usage":[6,8,16,23,25,27,37],"damage_taken":[{"damage":3,"enemies":"2 Louse","floor":1,"turns":4},{"damage":1,"enemies":"Small Slimes","floor":3,"turns":4},{"damage":1,"enemies":"Cultist","floor":4,"turns":4},{"damage":6,"enemies":"Looter","floor":5,"turns":4},{"damage":31,"enemies":"Gremlin Nob","floor":6,"turns":4},{"damage":19,"enemies":"3 Sentries","floor":8,"turns":10},{"damage":1,"enemies":"2 Fungi Beasts","floor":11,"turns":3},{"damage":6,"enemies":"Lagavulin","floor":13,"turns":9},{"damage":3,"enemies":"Hexaghost","floor":16,"turns":15},{"damage":5,"enemies":"2 Thieves","floor":18,"turns":4},{"damage":4,"enemies":"Slavers","floor":23,"turns":9},{"damage":7,"enemies":"Book of Stabbing","floor":25,"turns":6},{"damage":28,"enemies":"Slavers","floor":27,"turns":6},{"damage":9,"enemies":"Masked Bandits","floor":28,"turns":6},{"damage":0,"enemies":"Book of Stabbing","floor":31,"turns":6},{"damage":10,"enemies":"Collector","floor":33,"turns":10},{"damage":0,"enemies":"3 Shapes","floor":35,"turns":6},{"damage":18,"enemies":"3 Darklings","floor":37,"turns":6},{"damage":3,"enemies":"Sphere and 2 Shapes","floor":39,"turns":5},{"damage":2,"enemies":"Nemesis","floor":40,"turns":9},{"damage":17,"enemies":"Jaw Worm Horde","floor":44,"turns":5},{"damage":31,"enemies":"Reptomancer","floor":45,"turns":5}],"seed_played":"-1191571030788749312","potions_obtained":[{"floor":1,"key":"Fire Potion"},{"floor":6,"key":"Regen Potion"},{"floor":8,"key":"SneckoOil"},{"floor":11,"key":"DistilledChaos"},{"floor":18,"key":"Poison Potion"},{"floor":25,"key":"Ancient Potion"},{"floor":27,"key":"AttackPotion"},{"floor":33,"key":"SteroidPotion"},{"floor":37,"key":"SteroidPotion"},{"floor":44,"key":"Dexterity Potion"}],"is_trial":false,"path_per_floor":["M","?","M","M","M","E","R","E","T","?","M","R","E","?","R","B",null,"M","?","$","?","?","E","R","E","T","E","?","R","$","E","R","B",null,"M","$","M","?","M","E","R","T","T","M","E"],"character_chosen":"THE_SILENT","items_purchased":["Footwork","After Image","Noxious Fumes","Backflip"],"campfire_rested":1,"item_purchase_floors":[20,30,36,36],"current_hp_per_floor":[60,49,48,47,41,10,10,6,6,29,28,28,22,70,70,67,69,64,64,64,64,48,44,44,37,37,23,16,41,41,41,41,33,74,76,76,60,48,45,43,43,43,43,28,0,0],"gold":143,"neow_bonus":"ONE_RANDOM_RARE_CARD","is_daily":false,"chose_seed":false,"campfire_upgraded":5,"win_rate":0.0,"timestamp":1607683225,"path_taken":["M","?","M","M","M","E","R","E","T","?","M","R","E","?","R","BOSS","M","?","$","?","?","E","R","E","T","E","?","R","$","E","R","BOSS","M","$","M","?","M","E","R","?","T","?","E"],"items_purchased_type":["Card","Card","Card","Card"],"build_version":"2020-11-30","purchased_purges":2,"victory":false,"max_hp_per_floor":[70,70,70,70,70,70,70,70,70,70,70,70,70,70,70,70,70,70,70,70,70,70,70,70,70,70,84,86,86,86,86,86,88,88,90,90,92,92,92,92,92,92,92,94,94,94],"relic_stats":{"Peace Pipe":2,"Dream Catcher":1,"Busted Crown":10,"Singing Bowl":10,"counters":[22,140],"Ornamental Fan":[276],"Sundial":[14],"obtain_stats":[{"Potion Belt":42,"Lantern":31,"Singing Bowl":13,"Nilry\u0027s Codex":22,"Mango":27,"Paper Crane":8,"Mercury Hourglass":25,"Peace Pipe":26,"Dream Catcher":23,"Busted Crown":34,"Ornamental Fan":6,"Sundial":9,"Ninja Scroll":40,"Philosopher\u0027s Stone":17,"Red Mask":28,"Ring of the Snake":0},{"Potion Belt":20,"Lantern":15,"Singing Bowl":8,"Nilry\u0027s Codex":10,"Mango":13,"Paper Crane":6,"Mercury Hourglass":12,"Peace Pipe":12,"Dream Catcher":11,"Busted Crown":16,"Ornamental Fan":5,"Sundial":6,"Ninja Scroll":20,"Philosopher\u0027s Stone":9,"Red Mask":14,"Ring of the Snake":0},{"Potion Belt":130,"Lantern":94,"Singing Bowl":42,"Nilry\u0027s Codex":61,"Mango":82,"Paper Crane":30,"Mercury Hourglass":76,"Peace Pipe":76,"Dream Catcher":70,"Busted Crown":104,"Ornamental Fan":20,"Sundial":30,"Ninja Scroll":130,"Philosopher\u0027s Stone":57,"Red Mask":88,"Ring of the Snake":0}],"Ring of the Snake":[44],"Mercury Hourglass":[313]},"card_choices":[{"not_picked":["Distraction","Sucker Punch"],"picked":"Blade Dance","floor":1},{"not_picked":["Bane","Prepared"],"picked":"Deadly Poison","floor":3},{"not_picked":["Phantasmal Killer","Dagger Spray"],"picked":"Tactician","floor":4},{"not_picked":["Outmaneuver","Predator"],"picked":"Backstab","floor":5},{"not_picked":["Dodge and Roll","Flying Knee"],"picked":"Quick Slash","floor":6},{"not_picked":["Outmaneuver","Setup"],"picked":"Dodge and Roll","floor":8},{"not_picked":["Quick Slash","Bane"],"picked":"After Image","floor":11},{"not_picked":["Dodge and Roll","Dagger Throw"],"picked":"PiercingWail","floor":13},{"not_picked":["Malaise","Unload"],"picked":"Burst","floor":16},{"not_picked":["Outmaneuver","Dagger Throw+1"],"picked":"Blade Dance","floor":18},{"not_picked":["Prepared","Underhanded Strike"],"picked":"Bouncing Flask","floor":23},{"not_picked":["Caltrops","Predator"],"picked":"Backflip","floor":25},{"not_picked":["Heel Hook","Eviscerate"],"picked":"Escape Plan","floor":27},{"not_picked":["Acrobatics","Terror","Deadly Poison"],"picked":"Singing Bowl","floor":28},{"not_picked":["Bane","Flechettes"],"picked":"PiercingWail","floor":29},{"not_picked":["Riddle With Holes","Cloak And Dagger"],"picked":"Noxious Fumes","floor":31},{"not_picked":["Unload","Doppelganger","Wraith Form v2"],"picked":"Singing Bowl","floor":33},{"not_picked":["Slice+1"],"picked":"Singing Bowl","floor":35},{"not_picked":["Dodge and Roll"],"picked":"Singing Bowl","floor":37},{"not_picked":[],"picked":"Well Laid Plans","floor":39},{"not_picked":[],"picked":"Catalyst","floor":40},{"not_picked":["Dodge and Roll"],"picked":"Singing Bowl","floor":44}],"player_experience":613141,"relics_obtained":[{"floor":6,"key":"Ornamental Fan"},{"floor":8,"key":"Paper Crane"},{"floor":9,"key":"Sundial"},{"floor":13,"key":"Singing Bowl"},{"floor":22,"key":"Nilry\u0027s Codex"},{"floor":23,"key":"Dream Catcher"},{"floor":25,"key":"Mercury Hourglass"},{"floor":26,"key":"Peace Pipe"},{"floor":27,"key":"Mango"},{"floor":28,"key":"Red Mask"},{"floor":31,"key":"Lantern"},{"floor":40,"key":"Ninja Scroll"},{"floor":42,"key":"Potion Belt"}],"event_choices":[{"damage_healed":0,"gold_gain":75,"player_choice":"Gather Gold","damage_taken":11,"max_hp_gain":0,"max_hp_loss":0,"event_name":"World of Goop","floor":2,"gold_loss":0},{"damage_healed":23,"gold_gain":0,"player_choice":"Banana","damage_taken":0,"max_hp_gain":0,"max_hp_loss":0,"event_name":"Big Fish","floor":10,"gold_loss":0},{"cards_removed":["Tactician"],"damage_healed":48,"gold_gain":0,"player_choice":"Offered Uncommon","damage_taken":0,"max_hp_gain":0,"max_hp_loss":0,"event_name":"Bonfire Elementals","floor":14,"gold_loss":0},{"damage_healed":0,"gold_gain":0,"player_choice":"Read","damage_taken":0,"max_hp_gain":0,"max_hp_loss":0,"event_name":"The Library","floor":19,"gold_loss":0,"cards_obtained":["Accuracy"]},{"cards_removed":["Strike_G"],"damage_healed":0,"gold_gain":0,"player_choice":"Gave Gold","damage_taken":0,"max_hp_gain":0,"max_hp_loss":0,"event_name":"Beggar","floor":21,"gold_loss":75},{"damage_healed":0,"gold_gain":0,"player_choice":"Obtained Book","damage_taken":16,"max_hp_gain":0,"max_hp_loss":0,"event_name":"Cursed Tome","floor":22,"gold_loss":0},{"damage_healed":0,"gold_gain":0,"player_choice":"Fought Bandits","damage_taken":0,"max_hp_gain":0,"max_hp_loss":0,"event_name":"Masked Bandits","floor":28,"gold_loss":0},{"damage_healed":0,"gold_gain":0,"player_choice":"Embrace Madness","damage_taken":12,"max_hp_gain":0,"max_hp_loss":0,"event_name":"Winding Halls","floor":38,"gold_loss":0,"cards_obtained":["Madness","Madness"]}],"is_beta":false,"boss_relics":[{"not_picked":["Ring of the Serpent","Calling Bell"],"picked":"Philosopher\u0027s Stone"},{"not_picked":["Pandora\u0027s Box","Fusion Hammer"],"picked":"Busted Crown"}],"items_purged_floors":[20,30],"is_endless":false,"potions_floor_spawned":[1,6,8,11,18,25,27,33,37,44],"killed_by":"Reptomancer","ascension_level":13}}