{"host":"2pgz2fctomabfk86","time":1607710309,"event":{"mods":["AchievementEnabler","BaseMod","Colored Map","DeckTracker","Minty Spire (QoL Compilation)","StSLib","SuperFastMode"],"gold_per_floor":[19,19,29,46,46,46,79,26,26,26,26,40,75,94,94,193,193,211,211,211,234,247,247,12,50,74,74,74],"floor_reached":27,"playtime":837,"items_purged":["Strike_B"],"score":538,"play_id":"bd82d452-8997-43ae-be78-dfc231b8e17a","local_time":"20201212031149","is_ascension_mode":true,"campfire_choices":[{"data":"Hyperbeam","floor":6.0,"key":"SMITH"},{"data":"Gash","floor":11,"key":"SMITH"},{"data":"Rebound","floor":15,"key":"SMITH"},{"data":"Skim","floor":23,"key":"SMITH"}],"circlet_count":0,"master_deck":["AscendersBane","Defend_B","Defend_B","Defend_B","Zap","Dualcast","Hyperbeam+1","Self Repair","Go for the Eyes","FTL","Genetic Algorithm","Sunder","Gash+1","Double Energy","Leap","Rebound+1","All For One","Skim+1","Recycle+1","Gash","Conserve Battery","Hologram"],"relics":["Cracked Core","Golden Idol","Pear","Symbiotic Virus","Lizard Tail","SlaversCollar","Orrery","Juzu Bracelet","Vajra"],"acts_visited":["Exordium","TheCity"],"potions_floor_usage":[13,14],"damage_taken":[{"damage":7.0,"enemies":"Jaw Worm","floor":1.0,"turns":2.0},{"damage":0.0,"enemies":"2 Louse","floor":3.0,"turns":1.0},{"damage":0.0,"enemies":"Small Slimes","floor":4.0,"turns":2.0},{"damage":34.0,"enemies":"3 Sentries","floor":7.0,"turns":5.0},{"damage":11,"enemies":"Looter","floor":12,"turns":3},{"damage":20,"enemies":"Lagavulin","floor":13,"turns":5},{"damage":38,"enemies":"Gremlin Gang","floor":14,"turns":4},{"damage":0,"enemies":"Slime Boss","floor":16,"turns":6},{"damage":44,"enemies":"3 Byrds","floor":18,"turns":3},{"damage":34,"enemies":"Shell Parasite","floor":21,"turns":6},{"damage":50,"enemies":"Snake Plant","floor":22,"turns":5},{"damage":39,"enemies":"Book of Stabbing","floor":25,"turns":6},{"damage":11,"enemies":"Cultist and Chosen","floor":27,"turns":4}],"seed_played":"1736785775557122962","potions_obtained":[{"floor":1.0,"key":"SneckoOil"},{"floor":13,"key":"Fruit Juice"},{"floor":16,"key":"SteroidPotion"}],"is_trial":false,"path_per_floor":["M","?","M","M","?","R","E","$","T","?","R","M","E","M","R","B",null,"M","?","?","M","M","R","$","E","T","M"],"character_chosen":"DEFECT","items_purchased":["Gash","Orrery"],"campfire_rested":0,"item_purchase_floors":[8,24],"current_hp_per_floor":[64,64,64,71,47,47,30,30,30,30,30,26,6,50,50,57,79,42,42,42,15,42,42,42,10,10,0,0],"gold":74,"neow_bonus":"TRANSFORM_TWO_CARDS","is_daily":false,"chose_seed":false,"campfire_upgraded":4,"win_rate":0.0,"timestamp":1607710309,"path_taken":["M","?","M","M","?","R","E","$","T","?","R","M","E","M","R","BOSS","M","?","?","M","M","R","$","E","T","M"],"items_purchased_type":["Card","Relic"],"build_version":"2020-11-30","purchased_purges":1,"victory":false,"max_hp_per_floor":[71,71,71,71,71,71,81,81,81,81,81,81,81,86,86,86,86,86,86,86,86,86,86,86,86,86,86,86],"card_choices":[{"not_picked":["Lockon","Defragment"],"picked":"Go for the Eyes","floor":1.0},{"not_picked":["Redo","Steam"],"picked":"FTL","floor":3.0},{"not_picked":["Compile Driver","Redo"],"picked":"Genetic Algorithm","floor":4.0},{"not_picked":["White Noise","Fission"],"picked":"Sunder","floor":7.0},{"not_picked":["Leap","Tempest"],"picked":"Double Energy","floor":12},{"not_picked":["Static Discharge","Rainbow"],"picked":"Leap","floor":13},{"not_picked":["BootSequence","Go for the Eyes"],"picked":"Rebound","floor":14},{"not_picked":["Rainbow","Buffer"],"picked":"All For One","floor":16},{"not_picked":["Rip and Tear","Stack"],"picked":"Skim","floor":18},{"not_picked":["Static Discharge","Gash"],"picked":"Recycle+1","floor":21},{"not_picked":["Redo","Go for the Eyes","Barrage"],"picked":"SKIP","floor":22},{"not_picked":["Beam Cell","Sunder"],"picked":"Gash","floor":24},{"not_picked":["White Noise","Recycle"],"picked":"Conserve Battery","floor":24},{"not_picked":["Glacier","Chill"],"picked":"Hologram","floor":25}],"player_experience":913607,"relics_obtained":[{"floor":7.0,"key":"Pear"},{"floor":9.0,"key":"Symbiotic Virus"},{"floor":13,"key":"Lizard Tail"},{"floor":25,"key":"Juzu Bracelet"},{"floor":26,"key":"Vajra"}],"event_choices":[{"cards_removed":["Strike_B"],"damage_healed":0.0,"max_hp_gain":0.0,"max_hp_loss":0.0,"gold_gain":0.0,"event_name":"Living Wall","player_choice":"Forget","floor":2.0,"gold_loss":0.0,"damage_taken":0.0},{"damage_healed":0.0,"max_hp_gain":0.0,"max_hp_loss":0.0,"gold_gain":0.0,"event_name":"Golden Idol","player_choice":"Take Damage","floor":5.0,"gold_loss":0.0,"damage_taken":24.0,"relics_obtained":["Golden Idol"]},{"damage_healed":0,"gold_gain":0,"player_choice":"Searched \u00270\u0027 times","damage_taken":0,"max_hp_gain":0,"max_hp_loss":0,"event_name":"Dead Adventurer","floor":10,"gold_loss":0},{"damage_healed":0,"gold_gain":0,"player_choice":"Ignored","damage_taken":0,"max_hp_gain":0,"max_hp_loss":0,"event_name":"Ghosts","floor":19,"gold_loss":0},{"cards_removed":["Strike_B"],"damage_healed":0,"gold_gain":0,"player_choice":"Elegance","damage_taken":0,"max_hp_gain":0,"max_hp_loss":0,"event_name":"Back to Basics","floor":20,"gold_loss":0}],"is_beta":false,"boss_relics":[{"not_picked":["FrozenCore","Calling Bell"],"picked":"SlaversCollar"}],"items_purged_floors":[24],"is_endless":false,"potions_floor_spawned":[1,13,16],"killed_by":"Cultist and Chosen","ascension_level":17}}