{"host":"hfvpa4llnnjpeawn","time":1607655657,"event":{"mods":["2.2 Compatiblity","Act Like it!","BaseMod","Better Skull","Better Third Choice","BetterRewards","CapriCore","Conspire","Downfall","Elementarium","GungeonMod","Hermit","Hubris","Infinite Spire","Koishi","Lobotomy","Mad Scientist","Minty Spire (QoL Compilation)","Replay The Spire","Shade Mod","Somnambulant","StSLib","The Bladedancer","The Factory","The Jungle","Waifu the Spire"],"gold_per_floor":[372,426,601,601,12,51,51,79,79,105,105,139,139,139,167,12,12,12,12],"floor_reached":18,"playtime":900,"items_purged":[],"score":118,"play_id":"083e76fe-ecdd-423c-8116-cb96128ca0f1","local_time":"20201210220057","is_ascension_mode":false,"campfire_choices":[{"data":"expansioncontent:Corrupt","floor":7,"key":"SMITH"},{"floor":11,"key":"REST"},{"floor":17,"key":"REST"}],"circlet_count":0,"master_deck":["Strike_B","Strike_B","Strike_B","Strike_B","Defend_B","Defend_B","Defend_B","Defend_B","Zap","Dualcast","Koishi:HauntingSlash","hubris:MerchantsHand","Capacitor","Doubt","expansioncontent:Corrupt+1","Coolheaded","Seek","Turbo","Storm","ReplaySolidLightProjector","Panic Button","hubris:PowerSurge","Darkness"],"relics":["Cracked Core","Golden Idol","hubris:BallOfYels","Raider\u0027s Mask","Bag of Marbles","Regal Pillow","Mummified Hand"],"acts_visited":["Exordium"],"potions_floor_usage":[6,6,12],"damage_taken":[{"damage":2,"enemies":"conspire:RoseBush","floor":1,"turns":3},{"damage":22,"enemies":"Replay:BlueRogue","floor":6,"turns":4},{"damage":3,"enemies":"2 Louse","floor":8,"turns":1},{"damage":3,"enemies":"Small Slimes","floor":10,"turns":2},{"damage":33,"enemies":"Gremlin Nob","floor":12,"turns":5},{"damage":11,"enemies":"Looter","floor":15,"turns":3},{"damage":61,"enemies":"Hexaghost","floor":18,"turns":11}],"seed_played":"8098076760538098353","potions_obtained":[{"floor":1,"key":"Block Potion"},{"floor":8,"key":"Milkshake"},{"floor":10,"key":"hexamod:EctoCoolerPotion"}],"is_trial":false,"path_per_floor":["M","?","?","?","$","E","R","M","T","M","R","E","PTL","PTL","M","$","R","B"],"character_chosen":"DEFECT","items_purchased":["hubris:BallOfYels","Raider\u0027s Mask","expansioncontent:Corrupt","Coolheaded","Swift Potion","hubris:PowerSurge","Darkness"],"campfire_rested":2,"item_purchase_floors":[5,5,5,5,5,16,16],"current_hp_per_floor":[73,73,73,55,55,35,35,32,32,29,66,33,33,33,23,23,60,0,0],"gold":12,"neow_bonus":"TWO_FIFTY_GOLD","is_daily":false,"chose_seed":false,"campfire_upgraded":1,"win_rate":0.0,"timestamp":1607655657,"path_taken":["M","?","?","?","$","E","R","M","T","M","R","E","PTL","PTL","M","$","R","BOSS"],"items_purchased_type":["Relic","Relic","Card","Card","Potion","Card","Card"],"build_version":"2020-11-30","purchased_purges":0,"victory":false,"max_hp_per_floor":[75,75,75,75,75,75,75,75,75,75,75,75,75,75,75,75,75,75,75],"card_choices":[{"not_picked":["Steam","Compile Driver"],"picked":"Capacitor","floor":1},{"not_picked":["Cold Snap","Hello World"],"picked":"Seek","floor":6},{"not_picked":["Gash","Hologram"],"picked":"Turbo","floor":8},{"not_picked":["Cold Snap","Barrage"],"picked":"Storm","floor":10},{"not_picked":["Hello World","Leap"],"picked":"ReplaySolidLightProjector","floor":12},{"not_picked":["Sunder","Auto Shields"],"picked":"Panic Button","floor":15}],"player_experience":162583,"relics_obtained":[{"floor":6,"key":"Bag of Marbles"},{"floor":9,"key":"Regal Pillow"},{"floor":12,"key":"Mummified Hand"}],"event_choices":[{"damage_healed":0,"gold_gain":54,"player_choice":"Gained Gold","damage_taken":0,"max_hp_gain":0,"max_hp_loss":0,"event_name":"Golden Wing","floor":2,"gold_loss":0},{"damage_healed":0,"gold_gain":175,"player_choice":"AGREE","damage_taken":426,"max_hp_gain":0,"max_hp_loss":0,"event_name":"betterThird:BetterSerpent","floor":3,"gold_loss":0},{"damage_healed":0,"gold_gain":0,"player_choice":"Take Damage","damage_taken":18,"relics_obtained":["Golden Idol"],"max_hp_gain":0,"max_hp_loss":0,"event_name":"Golden Idol","floor":4,"gold_loss":0}],"is_beta":false,"boss_relics":[],"items_purged_floors":[],"is_endless":false,"potions_floor_spawned":[1,8,10],"killed_by":"Hexaghost","ascension_level":0}}