{"host":"i0avyit1s6jb1siw","time":1607718494,"event":{"mods":["BaseMod","DeckTracker","Dota2Spire","Highlight Path","Minty Spire (QoL Compilation)","Quick Restart","Replay The Spire","StSLib","SuperFastMode"],"gold_per_floor":[111,36,36,36,50,79,79,112,112,142,155,155,55,74,74,148,148,165,90,100,114,114,147,147,181,256,285,285,314,326,201,201,278,278,290,123,139,139,191,191,520,533,559,409,409,440,454,484,484,484,484,484,484,309,343,343],"floor_reached":57,"playtime":1794,"items_purged":["Defend_P","Strike_P","Strike_P","SpiritShield+1","WheelKick+1"],"score":4293,"play_id":"33c4321a-ec7c-44a6-b86f-e46180613beb","local_time":"20201211212814","is_ascension_mode":true,"campfire_choices":[{"data":"Eruption","floor":7.0,"key":"SMITH"},{"floor":12.0,"key":"REST"},{"data":"Adaptation","floor":15.0,"key":"SMITH"},{"data":"Adaptation","floor":24.0,"key":"SMITH"},{"data":"Pot Of Greed","floor":32,"key":"SMITH"},{"data":"MentalFortress","floor":40,"key":"SMITH"},{"floor":45,"key":"RECALL"},{"data":"Scrawl","floor":49,"key":"SMITH"},{"floor":53,"key":"REST"}],"circlet_count":0,"master_deck":["AscendersBane","Eruption+1","Adaptation+1","MentalFortress+1","Adaptation+1","Pot Of Greed+1","FearNoEvil","InnerPeace","CrushJoints+1","Crescendo","Scrawl+1"],"relics":["HolyWater","NeowsBlessing","FaceOfCleric","Singing Bowl","HornCleat","Frozen Egg 2","Grinning Jar","Astrolabe","Thread and Needle","Dream Catcher","ReplayTheSpireMod:Ninjato","Dota2Spire:UrnOfShadows","Replay:Rubber Ducky","Replay:Grab Bag","Philosopher\u0027s Stone","Dota2Spire:Bloodstone","Empty Cage","TheAbacus","Dota2Spire:Satanic","Old Coin","Shuriken","Replay:Towering Pillar of Hats","Centennial Puzzle"],"acts_visited":["Exordium","TheCity","TheBeyond","TheEnding"],"potions_floor_usage":[33,56],"damage_taken":[{"damage":0.0,"enemies":"2 Louse","floor":1.0,"turns":1.0},{"damage":0.0,"enemies":"Cultist","floor":5.0,"turns":1.0},{"damage":0.0,"enemies":"Replay:BlueRogue","floor":6.0,"turns":1.0},{"damage":38.0,"enemies":"Lagavulin","floor":8.0,"turns":7.0},{"damage":17.0,"enemies":"Gremlin Nob","floor":10.0,"turns":4.0},{"damage":2.0,"enemies":"Jaw Worm","floor":11.0,"turns":3.0},{"damage":2.0,"enemies":"Exordium Wildlife","floor":14.0,"turns":3.0},{"damage":35.0,"enemies":"Fading Forest","floor":16.0,"turns":13.0},{"damage":1.0,"enemies":"Shell Parasite","floor":18.0,"turns":3.0},{"damage":0.0,"enemies":"Spheric Guardian","floor":20.0,"turns":3.0},{"damage":2.0,"enemies":"Snake Plant","floor":21.0,"turns":3.0},{"damage":0.0,"enemies":"Book of Stabbing","floor":23.0,"turns":4.0},{"damage":0.0,"enemies":"Replay:Snechameleon","floor":25.0,"turns":6.0},{"damage":0.0,"enemies":"Book of Stabbing","floor":27.0,"turns":3.0},{"damage":30,"enemies":"Slavers","floor":29,"turns":3},{"damage":0,"enemies":"Chosen and Byrds","floor":30,"turns":4},{"damage":0,"enemies":"Pondfish","floor":33,"turns":2},{"damage":0,"enemies":"Orb Walker","floor":35,"turns":1},{"damage":0,"enemies":"3 Shapes","floor":37,"turns":2},{"damage":5,"enemies":"2 Orb Walkers","floor":39,"turns":2},{"damage":32,"enemies":"R_Hoarder","floor":41,"turns":8},{"damage":0,"enemies":"Maw","floor":42,"turns":1},{"damage":0,"enemies":"Nemesis","floor":46,"turns":1},{"damage":0,"enemies":"3 Darklings","floor":47,"turns":1},{"damage":0,"enemies":"R_Hoarder","floor":48,"turns":5},{"damage":0,"enemies":"Awakened One","floor":50,"turns":2},{"damage":0,"enemies":"Time Eater","floor":51,"turns":3},{"damage":0,"enemies":"Shield and Spear","floor":55,"turns":1},{"damage":0,"enemies":"The Heart","floor":56,"turns":4}],"seed_played":"-4885086983295167700","potions_obtained":[{"floor":5.0,"key":"Ancient Potion"},{"floor":6.0,"key":"Dexterity Potion"},{"floor":11.0,"key":"Strength Potion"},{"floor":16.0,"key":"Block Potion"},{"floor":18.0,"key":"SteroidPotion"},{"floor":27.0,"key":"DuplicationPotion"},{"floor":30,"key":"BottledMiracle"},{"floor":33,"key":"Energy Potion"},{"floor":47,"key":"Swift Potion"}],"is_trial":false,"path_per_floor":["M","$","?","?","M","E","R","E","T","E","M","R","$","M","R","B",null,"M","?","M","M","$","E","R","E","T","E","?","E","M","$","R","B",null,"M","$","M","?","?","R","E","M","T","$","R","E","M","E","R","B","B",null,"R","$","E","B",null],"character_chosen":"WATCHER","items_purchased":["TheAbacus"],"campfire_rested":2,"item_purchase_floors":[36],"current_hp_per_floor":[61,61,61,61,62,63,63,26,26,10,9,30,30,31,31,7,61,61,61,64,65,65,68,68,71,71,74,74,47,50,50,50,51,89,92,92,95,97,95,95,66,69,69,69,69,72,75,78,78,79,80,118,132,132,135,136],"gold":343,"neow_bonus":"THREE_ENEMY_KILL","is_daily":false,"chose_seed":false,"campfire_upgraded":6,"win_rate":0.0,"timestamp":1607718494,"path_taken":["M","$","?","?","M","E","R","E","T","E","?","R","$","M","R","BOSS","M","?","M","M","$","E","R","E","T","E","?","E","M","?","R","BOSS","M","?","M","?","?","R","E","M","T","$","R","E","M","E","R","BOSS","BOSS","R","$","E","BOSS"],"items_purchased_type":["Relic"],"build_version":"2020-11-30","purchased_purges":5,"victory":true,"max_hp_per_floor":[68,68,68,68,69,70,70,71,71,72,73,73,73,76,76,79,79,80,80,83,86,86,89,89,92,92,95,95,98,101,101,101,102,102,105,105,108,110,113,113,116,119,119,119,119,122,125,128,128,129,130,130,132,132,135,136],"card_choices":[{"not_picked":["ClearTheMind","Fasting2","EmptyBody"],"picked":"SKIP","floor":1.0},{"not_picked":["ForeignInfluence","WaveOfTheHand"],"picked":"Adaptation","floor":5.0},{"not_picked":["JustLucky","Wireheading"],"picked":"MentalFortress","floor":6.0},{"not_picked":["Replay:Hum","Sanctity"],"picked":"Adaptation","floor":8.0},{"not_picked":["ReachHeaven","Consecrate"],"picked":"FearNoEvil","floor":10.0},{"not_picked":["Replay:AtTheReady","Weave"],"picked":"InnerPeace","floor":11.0},{"not_picked":["PathToVictory","FlyingSleeves","LikeWater+1"],"picked":"Singing Bowl","floor":14.0},{"not_picked":["Ragnarok","Establishment+1","Alpha"],"picked":"Singing Bowl","floor":16.0},{"not_picked":["FollowUp","Replay:DivineShield+1"],"picked":"Crescendo","floor":18.0},{"not_picked":["Prostrate","Replay:AtTheReady","Worship"],"picked":"Singing Bowl","floor":20.0},{"not_picked":["Evaluate+1","FollowUp","Perseverance+1"],"picked":"Singing Bowl","floor":21.0},{"not_picked":["ReachHeaven","CrushJoints","ThirdEye"],"picked":"Singing Bowl","floor":23.0},{"not_picked":["Pray","Replay:AtTheReady","Evaluate"],"picked":"Singing Bowl","floor":25.0},{"not_picked":["Conclude","LikeWater+1","EmptyFist"],"picked":"Singing Bowl","floor":27.0},{"not_picked":["WheelKick","Scrawl","Collect"],"picked":"Singing Bowl","floor":29},{"not_picked":["Replay:BluntJabs","WreathOfFlame","EmptyBody"],"picked":"Singing Bowl","floor":30},{"not_picked":["DeusExMachina","Replay:AllIn"],"picked":"Scrawl","floor":33},{"not_picked":["Consecrate+1","DeceiveReality","PathToVictory"],"picked":"Singing Bowl","floor":35},{"not_picked":["WaveOfTheHand","Vengeance","FlurryOfBlows+1"],"picked":"Singing Bowl","floor":37},{"not_picked":["Sadistic Nature+1","The Bomb","Survey Options"],"picked":"Singing Bowl","floor":38},{"not_picked":["Replay:ManipulateFuture","SignatureMove","Nirvana+1"],"picked":"Singing Bowl","floor":39},{"not_picked":["EmptyBody","Replay:DivineShield+1","JustLucky"],"picked":"Singing Bowl","floor":41},{"not_picked":["Replay:Vibes","PathToVictory+1","CrushJoints"],"picked":"Singing Bowl","floor":42},{"not_picked":["EmptyBody","WreathOfFlame","EmptyFist"],"picked":"Singing Bowl","floor":46},{"not_picked":["Wish","Consecrate","BowlingBash+1"],"picked":"Singing Bowl","floor":47},{"not_picked":["Replay:Anticipation","ClearTheMind","JustLucky"],"picked":"Singing Bowl","floor":48},{"not_picked":["FlurryOfBlows","Tantrum","Wireheading+1"],"picked":"Singing Bowl","floor":53},{"not_picked":["Protect","SashWhip","Replay:ManipulateFuture"],"picked":"Singing Bowl","floor":55}],"player_experience":2066965,"relics_obtained":[{"floor":6.0,"key":"Singing Bowl"},{"floor":8.0,"key":"HornCleat"},{"floor":9.0,"key":"Frozen Egg 2"},{"floor":10.0,"key":"Grinning Jar"},{"floor":23.0,"key":"Thread and Needle"},{"floor":25.0,"key":"Dream Catcher"},{"floor":26.0,"key":"ReplayTheSpireMod:Ninjato"},{"floor":27.0,"key":"Dota2Spire:UrnOfShadows"},{"floor":29,"key":"Replay:Rubber Ducky"},{"floor":39,"key":"Dota2Spire:Satanic"},{"floor":41,"key":"Old Coin"},{"floor":46,"key":"Shuriken"},{"floor":48,"key":"Replay:Towering Pillar of Hats"},{"floor":55,"key":"Centennial Puzzle"}],"event_choices":[{"damage_healed":0.0,"max_hp_gain":0.0,"max_hp_loss":0.0,"gold_gain":0.0,"event_name":"Liars Game","player_choice":"Ignored","floor":3.0,"gold_loss":0.0,"damage_taken":0.0},{"damage_healed":0.0,"max_hp_gain":0.0,"max_hp_loss":0.0,"gold_gain":0.0,"event_name":"FaceTrader","player_choice":"Trade","floor":4.0,"gold_loss":0.0,"damage_taken":0.0,"relics_obtained":["FaceOfCleric"]},{"cards_removed":["Defend_P"],"damage_healed":0.0,"max_hp_gain":0.0,"max_hp_loss":0.0,"gold_gain":0.0,"event_name":"Beggar","player_choice":"Gave Gold","floor":19.0,"gold_loss":75.0,"damage_taken":0.0},{"cards_removed":["Defend_P"],"damage_healed":0.0,"max_hp_gain":0.0,"max_hp_loss":0.0,"gold_gain":0.0,"event_name":"Back to Basics","player_choice":"Elegance","floor":28.0,"gold_loss":0.0,"damage_taken":0.0},{"damage_healed":0,"gold_gain":0,"player_choice":"Memory 1","damage_taken":0,"max_hp_gain":0,"max_hp_loss":0,"event_name":"SensoryStone","floor":38,"gold_loss":0},{"damage_healed":0,"gold_gain":0,"player_choice":"Fight","damage_taken":0,"max_hp_gain":0,"max_hp_loss":0,"event_name":"Mysterious Sphere","floor":39,"gold_loss":0}],"is_beta":false,"boss_relics":[{"not_picked":["ChewingGum","Kintsugi"],"picked":"Astrolabe"},{"not_picked":["Snecko Heart","Replay:Ancient Bell"],"picked":"Replay:Grab Bag"},{"not_picked":["Coffee Dripper","Runic Dome"],"picked":"Philosopher\u0027s Stone"},{"not_picked":["Velvet Choker","Painkiller Herb"],"picked":"Dota2Spire:Bloodstone"},{"not_picked":["Ring of Chaos","Snecko Eye"],"picked":"HolyWater"},{"not_picked":["SlaversCollar","Runic Pyramid"],"picked":"Empty Cage"}],"items_purged_floors":[2,13,31,44,54],"is_endless":false,"potions_floor_spawned":[5,6,11,16,18,21,27,30,33,37,39,47,48,55],"ascension_level":20}}