{"host":"yiit85oc4oi3nqs8","time":1607726494,"event":{"mods":["AchievementEnabler","BaseMod","Better Third Choice","Block Reminder","DeckTracker","Highlight Path","Keyboard Shortcuts","Minty Spire (QoL Compilation)","MonsterHotkey","Quick Restart","Random Character Button","Relic Stats","StSLib"],"gold_per_floor":[109,120,131,131,131,131,131,131,150,150,150,150,150,167,129,54,68,68,68,93,93,93,195,195,210,230,230,241,251,251,251,261,261,261,261,261,261,261,594,594,594,509,519,532,532,532,532,634,634,648,667,587,177,189,189,189,223,273,183,183,183,183,183,202,214,214,214,314,314,339,339,339,339,339,239,30,63,63],"floor_reached":79,"playtime":6299,"items_purged":["Strike_B","Rip and Tear+1","Sweeping Beam+1","Self Repair+1"],"score":1755,"play_id":"137d4fb4-f166-430e-91a4-c133e8dfee79","local_time":"20201212074134","is_ascension_mode":true,"campfire_choices":[{"data":"Creative AI","floor":7.0,"key":"SMITH"},{"data":"Dualcast","floor":8.0,"key":"SMITH"},{"data":"Gash","floor":10.0,"key":"SMITH"},{"data":"Glacier","floor":11.0,"key":"SMITH"},{"floor":18.0,"key":"REST"},{"data":"Defragment","floor":19.0,"key":"SMITH"},{"floor":21.0,"key":"REST"},{"data":"Chill","floor":22.0,"key":"SMITH"},{"data":"Self Repair","floor":30.0,"key":"SMITH"},{"data":"Glacier","floor":31.0,"key":"SMITH"},{"data":"Consume","floor":33.0,"key":"SMITH"},{"data":"Hologram","floor":34.0,"key":"SMITH"},{"floor":37.0,"key":"REST"},{"data":"Zap","floor":38.0,"key":"SMITH"},{"data":"All For One","floor":40.0,"key":"SMITH"},{"data":"Rebound","floor":41.0,"key":"SMITH"},{"data":"Rip and Tear","floor":45.0,"key":"SMITH"},{"floor":46.0,"key":"RECALL"},{"data":"Sweeping Beam","floor":47.0,"key":"SMITH"},{"floor":60,"key":"REST"},{"floor":69,"key":"REST"},{"floor":71,"key":"REST"},{"floor":74,"key":"REST"}],"circlet_count":0,"master_deck":["Defend_B+1","Zap+1","Dualcast+1","Glacier+1","Rebound+1","Gash+1","Hologram+1","Defragment+1","Glacier+1","Chill+1","All For One+1","Beam Cell+1","Hologram+1","Blizzard+1","Coolheaded+1","Consume+1","Capacitor+1","Go for the Eyes+1"],"relics":["Cracked Core","Prayer Wheel","War Paint","Matryoshka","Inserter","Meat on the Bone","Potion Belt","Blood Vial","Sundial","Old Coin","The Courier","Empty Cage","Bottled Tornado","Bottled Lightning","Art of War","Ginger","Pocketwatch","HornCleat","CaptainsWheel","Membership Card","Pantograph"],"acts_visited":["Exordium","TheCity","TheBeyond","TheEnding"],"potions_floor_usage":[54,78,78,78],"damage_taken":[{"damage":15.0,"enemies":"2 Louse","floor":1.0,"turns":4.0},{"damage":9.0,"enemies":"Jaw Worm","floor":2.0,"turns":5.0},{"damage":0.0,"enemies":"Cultist","floor":3.0,"turns":3.0},{"damage":6.0,"enemies":"2 Fungi Beasts","floor":9.0,"turns":2.0},{"damage":0.0,"enemies":"Large Slime","floor":14.0,"turns":4.0},{"damage":11.0,"enemies":"Exordium Thugs","floor":17.0,"turns":8.0},{"damage":17.0,"enemies":"3 Sentries","floor":20.0,"turns":10.0},{"damage":7.0,"enemies":"Hexaghost","floor":23.0,"turns":14.0},{"damage":0.0,"enemies":"Chosen","floor":25.0,"turns":8.0},{"damage":9.0,"enemies":"Shell Parasite","floor":26.0,"turns":6.0},{"damage":10.0,"enemies":"Shelled Parasite and Fungi","floor":28.0,"turns":8.0},{"damage":22.0,"enemies":"Snake Plant","floor":29.0,"turns":4.0},{"damage":24.0,"enemies":"Chosen and Byrds","floor":32.0,"turns":9.0},{"damage":33.0,"enemies":"Slavers","floor":39.0,"turns":10.0},{"damage":0.0,"enemies":"Sentry and Sphere","floor":43.0,"turns":6.0},{"damage":6.0,"enemies":"Snake Plant","floor":44.0,"turns":4.0},{"damage":45.0,"enemies":"Automaton","floor":48.0,"turns":11.0},{"damage":2.0,"enemies":"Orb Walker","floor":50.0,"turns":5.0},{"damage":7.0,"enemies":"3 Shapes","floor":51.0,"turns":6.0},{"damage":0,"enemies":"Writhing Mass","floor":54,"turns":7},{"damage":7,"enemies":"Giant Head","floor":57,"turns":11},{"damage":11,"enemies":"Mind Bloom Boss Battle","floor":58,"turns":10},{"damage":2,"enemies":"Spire Growth","floor":64,"turns":6},{"damage":0,"enemies":"3 Darklings","floor":65,"turns":5},{"damage":5,"enemies":"Nemesis","floor":70,"turns":7},{"damage":3,"enemies":"Awakened One","floor":72,"turns":13},{"damage":54,"enemies":"Shield and Spear","floor":77,"turns":12},{"damage":40,"enemies":"The Heart","floor":78,"turns":13}],"seed_played":"-2276916791269686715","potions_obtained":[{"floor":17.0,"key":"FairyPotion"},{"floor":20.0,"key":"Dexterity Potion"},{"floor":26.0,"key":"FearPotion"},{"floor":43.0,"key":"CultistPotion"},{"floor":48.0,"key":"FocusPotion"},{"floor":54,"key":"Strength Potion"},{"floor":65,"key":"EntropicBrew"},{"floor":70,"key":"PowerPotion"}],"is_trial":false,"path_per_floor":["M","M","M","?","?","T","R","R","M","R","R","T","T","M","$","$","M","R","R","E","R","R","B",null,"M","M","?","M","M","R","R","M","R","R","T","T","R","R","E","R","R","?","M","M","R","R","R","B",null,"M","M","$","$","M","$","$","E","?","?","R","R","T","T","M","M","?","?","?","R","E","R","B",null,"R","$","$","E","B",null],"character_chosen":"DEFECT","items_purchased":["Defragment","Bottled Tornado","Bottled Lightning","Membership Card","Swift Potion"],"campfire_rested":7,"item_purchase_floors":[15,53,53,76,76],"current_hp_per_floor":[35,26,26,26,19,19,19,19,13,13,13,13,13,13,13,13,2,24,24,7,29,29,22,62,62,60,60,57,35,35,35,21,21,21,21,21,43,43,34,34,34,34,58,54,54,54,54,33,65,75,75,75,75,75,75,75,75,74,74,75,75,75,75,75,75,75,75,75,75,75,75,75,75,75,75,75,33,32],"gold":63,"neow_bonus":"TRANSFORM_TWO_CARDS","is_daily":false,"chose_seed":false,"campfire_upgraded":15,"win_rate":0.0,"timestamp":1607726494,"path_taken":["M","M","M","?","?","?","R","R","M","R","R","T","T","M","$","$","M","R","R","E","R","R","BOSS","M","M","?","M","M","R","R","M","R","R","T","T","R","R","E","R","R","?","?","M","R","R","R","BOSS","M","M","$","$","M","$","$","E","?","?","R","R","T","T","M","?","?","?","?","R","E","R","BOSS","R","$","$","E","BOSS"],"items_purchased_type":["Card","Relic","Relic","Relic","Potion"],"build_version":"2020-11-30","purchased_purges":4,"victory":true,"max_hp_per_floor":[75,75,75,75,75,75,75,75,75,75,75,75,75,75,75,75,75,75,75,75,75,75,75,75,75,75,75,75,75,75,75,75,75,75,75,75,75,75,75,75,75,75,75,75,75,75,75,75,75,75,75,75,75,75,75,75,75,75,75,75,75,75,75,75,75,75,75,75,75,75,75,75,75,75,75,75,75,75],"relic_stats":{"Blood Vial":12,"Inserter":[78],"counters":[28,211],"Sundial":[22],"Pantograph":25,"Prayer Wheel":15,"Art of War":[9],"Ginger":[2],"War Paint":["Defend_B","Hologram"],"obtain_stats":[{"Potion Belt":35,"Inserter":24,"The Courier":42,"Ginger":58,"War Paint":12,"Bottled Tornado":53,"Empty Cage":49,"Old Coin":39,"Blood Vial":36,"CaptainsWheel":70,"Matryoshka":20,"HornCleat":63,"Sundial":36,"Pantograph":77,"Prayer Wheel":6,"Art of War":57,"Bottled Lightning":53,"Membership Card":76,"Cracked Core":0,"Meat on the Bone":35,"Pocketwatch":62},{"Potion Belt":13,"Inserter":8,"The Courier":14,"Ginger":22,"War Paint":4,"Bottled Tornado":19,"Empty Cage":17,"Old Coin":14,"Blood Vial":13,"CaptainsWheel":25,"Matryoshka":7,"HornCleat":22,"Sundial":13,"Pantograph":27,"Prayer Wheel":3,"Art of War":21,"Bottled Lightning":19,"Membership Card":26,"Cracked Core":0,"Meat on the Bone":13,"Pocketwatch":22},{"Potion Belt":85,"Inserter":50,"The Courier":95,"Ginger":155,"War Paint":14,"Bottled Tornado":127,"Empty Cage":116,"Old Coin":95,"Blood Vial":85,"CaptainsWheel":173,"Matryoshka":36,"HornCleat":155,"Sundial":85,"Pantograph":198,"Prayer Wheel":12,"Art of War":145,"Bottled Lightning":127,"Membership Card":186,"Cracked Core":0,"Meat on the Bone":85,"Pocketwatch":155}],"Meat on the Bone":60,"Pocketwatch":[48]},"card_choices":[{"not_picked":["Barrage","Ball Lightning"],"picked":"Rebound","floor":1.0},{"not_picked":["Turbo","Go for the Eyes","Leap"],"picked":"SKIP","floor":2.0},{"not_picked":["Ball Lightning","Electrodynamics"],"picked":"Rip and Tear","floor":3.0},{"not_picked":["Redo","Compile Driver"],"picked":"Gash","floor":9.0},{"not_picked":["Auto Shields","Darkness"],"picked":"Hologram","floor":9.0},{"not_picked":["Redo","Doom and Gloom","Leap"],"picked":"SKIP","floor":14.0},{"not_picked":["Ball Lightning","Rebound","Streamline"],"picked":"SKIP","floor":14.0},{"not_picked":["Reprogram","Genetic Algorithm"],"picked":"Sweeping Beam","floor":17.0},{"not_picked":["Storm","Static Discharge"],"picked":"Glacier","floor":17.0},{"not_picked":["Go for the Eyes","Echo Form"],"picked":"Chill","floor":20.0},{"not_picked":["Meteor Strike","Reboot"],"picked":"All For One","floor":23.0},{"not_picked":["Redo","Conserve Battery"],"picked":"Beam Cell+1","floor":25.0},{"not_picked":["Compile Driver","Barrage"],"picked":"Self Repair","floor":25.0},{"not_picked":["Sweeping Beam","Ball Lightning"],"picked":"Hologram","floor":26.0},{"not_picked":["White Noise","Gash"],"picked":"Blizzard+1","floor":26.0},{"not_picked":["Cold Snap","Ball Lightning"],"picked":"Coolheaded+1","floor":28.0},{"not_picked":["Compile Driver","Stack","Streamline"],"picked":"SKIP","floor":28.0},{"not_picked":["Capacitor+1","Steam","Leap"],"picked":"SKIP","floor":29.0},{"not_picked":["Turbo+1","Auto Shields","Recycle+1"],"picked":"SKIP","floor":29.0},{"not_picked":["Go for the Eyes","Barrage"],"picked":"Consume","floor":32.0},{"not_picked":["Compile Driver","Auto Shields","Beam Cell"],"picked":"SKIP","floor":32.0},{"not_picked":["FTL+1","Rainbow","Creative AI"],"picked":"SKIP","floor":39.0},{"not_picked":["Compile Driver+1","Chaos","Sunder+1"],"picked":"SKIP","floor":43.0},{"not_picked":["Lockon","Sweeping Beam","Turbo"],"picked":"SKIP","floor":43.0},{"not_picked":["Doom and Gloom","Redo","Recycle"],"picked":"SKIP","floor":44.0},{"not_picked":["Streamline","Coolheaded","Beam Cell+1"],"picked":"SKIP","floor":44.0},{"not_picked":["Beam Cell","Barrage"],"picked":"Capacitor+1","floor":50.0},{"not_picked":["Barrage+1","Reprogram+1","Sweeping Beam+1"],"picked":"SKIP","floor":50.0},{"not_picked":["Rip and Tear+1","Chill+1"],"picked":"Go for the Eyes+1","floor":51.0},{"not_picked":["Compile Driver","Hologram","Streamline"],"picked":"SKIP","floor":51.0},{"not_picked":["Static Discharge","Ball Lightning+1","Barrage+1"],"picked":"SKIP","floor":54},{"not_picked":["Hologram+1","Electrodynamics","Steam"],"picked":"SKIP","floor":54},{"not_picked":["Skim+1","Electrodynamics","Chaos"],"picked":"SKIP","floor":57},{"not_picked":["Scrape+1","Hello World","Coolheaded+1"],"picked":"SKIP","floor":64},{"not_picked":["Consume","Steam","Barrage+1"],"picked":"SKIP","floor":64},{"not_picked":["Conserve Battery+1","Compile Driver","Steam"],"picked":"SKIP","floor":65},{"not_picked":["Coolheaded+1","Steam","Ball Lightning"],"picked":"SKIP","floor":65},{"not_picked":["Coolheaded","Go for the Eyes+1","Compile Driver+1"],"picked":"SKIP","floor":70},{"not_picked":["Force Field+1","Auto Shields+1","Stack+1"],"picked":"SKIP","floor":77}],"player_experience":368293,"relics_obtained":[{"floor":6.0,"key":"Prayer Wheel"},{"floor":12.0,"key":"War Paint"},{"floor":20.0,"key":"Matryoshka"},{"floor":35.0,"key":"Meat on the Bone"},{"floor":35.0,"key":"Potion Belt"},{"floor":36.0,"key":"Blood Vial"},{"floor":36.0,"key":"Sundial"},{"floor":39.0,"key":"Old Coin"},{"floor":57,"key":"Art of War"},{"floor":58,"key":"Ginger"},{"floor":62,"key":"Pocketwatch"},{"floor":63,"key":"HornCleat"},{"floor":70,"key":"CaptainsWheel"},{"floor":77,"key":"Pantograph"}],"event_choices":[{"damage_healed":0.0,"max_hp_gain":0.0,"max_hp_loss":0.0,"gold_gain":0.0,"event_name":"betterThird:BetterScrap","player_choice":"LEAVE","floor":4.0,"gold_loss":0.0,"damage_taken":0.0,"cards_obtained":["Study"]},{"cards_removed":["Strike_B"],"damage_healed":0.0,"max_hp_gain":0.0,"max_hp_loss":0.0,"gold_gain":0.0,"event_name":"Golden Wing","player_choice":"Card Removal","floor":5.0,"gold_loss":0.0,"damage_taken":7.0},{"cards_removed":["Strike_B"],"damage_healed":0.0,"max_hp_gain":0.0,"max_hp_loss":0.0,"gold_gain":0.0,"event_name":"betterThird:BetterWriting","player_choice":"Elegance","floor":27.0,"gold_loss":0.0,"damage_taken":0.0},{"damage_healed":0.0,"max_hp_gain":0.0,"max_hp_loss":0.0,"gold_gain":0.0,"event_name":"Addict","player_choice":"Obtained Relic","floor":42.0,"gold_loss":85.0,"damage_taken":0.0,"relics_obtained":["The Courier"]},{"damage_healed":0,"gold_gain":0,"player_choice":"Fight","damage_taken":0,"max_hp_gain":0,"max_hp_loss":0,"event_name":"MindBloom","floor":58,"gold_loss":0},{"cards_removed":["Creative AI"],"damage_healed":0,"gold_gain":0,"player_choice":"Removal","damage_taken":0,"max_hp_gain":0,"max_hp_loss":0,"event_name":"Designer","floor":59,"gold_loss":90},{"damage_healed":0,"gold_gain":0,"player_choice":"Ignored","damage_taken":0,"max_hp_gain":0,"max_hp_loss":0,"event_name":"Mysterious Sphere","floor":67,"gold_loss":0},{"damage_healed":0,"gold_gain":100,"player_choice":"Pray","damage_taken":0,"max_hp_gain":0,"max_hp_loss":0,"event_name":"Golden Shrine","floor":68,"gold_loss":0}],"is_beta":false,"boss_relics":[{"not_picked":["Tiny House","Fusion Hammer"],"picked":"Inserter"},{"not_picked":["Coffee Dripper","Black Star"],"picked":"Empty Cage"}],"items_purged_floors":[16,52,75,76],"is_endless":false,"potions_floor_spawned":[17,20,26,29,43,48,54,65,70],"ascension_level":9}}