{"host":"jgyoyy5iuhtvyvtg","time":1607682990,"event":{"mods":["2.2 Compatiblity","BaseMod","Challenge The Spire","Colored Map","Conspire","Downfall","Hermit","Highlight Path","Infinite Spire","Lobotomy","LobotomyExtend","Minty Spire (QoL Compilation)","Quick Restart","Replay The Spire","Spikes Relics","StSLib","The Construct","The Disciple","The Jungle","Yuri Mod"],"gold_per_floor":[111,123,135,149,163,163,183,209,209,223,173,173,22,42,42,142,142,153,167,181,181,66,96,115,115,139,152,163,173,173,189,203,215,241,258,286,286,286,286,301,313,330,348,376,376,479,479,490,490,505,522,532,532,532,532,557,557,573,573,587,450,450,547,547,567,567,585,595,595,629,640,640,640,659,674,685,685,106,106,206,206,206,1,34,134],"floor_reached":56,"playtime":3988,"items_purged":["BigBird","Replay:Hysterical Blindness","Funeral"],"score":1732,"play_id":"47484f0d-5bc2-4128-815f-aaf53c995539","local_time":"20201211023630","is_ascension_mode":false,"campfire_choices":[{"data":"Bash","floor":6,"key":"SMITH"},{"data":"Berserk","floor":15,"key":"SMITH"},{"data":"Perfected Strike","floor":25,"key":"SMITH"},{"data":"Feed","floor":8,"key":"SMITH"},{"data":"Feel No Pain","floor":15,"key":"SMITH"},{"data":"infinitespire:Execution","floor":25,"key":"SMITH"},{"data":"Brutality","floor":29,"key":"SMITH"},{"data":"Berserk","floor":32,"key":"SMITH"},{"data":"Shockwave","floor":42,"key":"SMITH"},{"data":"Rupture","floor":49,"key":"SMITH"},{"data":"Shockwave","floor":52,"key":"SMITH"}],"circlet_count":0,"master_deck":["Strike_R+1","Strike_R+1","Strike_R","Strike_R","Strike_R","Defend_R+1","Bash+1","OSAHOGD","Woodsman","UniverseFragment","Wild Strike","Brutality+1","Pain","Berserk+1","CENSORED","Feed+1","Cleave","Fire Breathing","Fire Breathing","Perfected Strike+1","ReplayTheSpireMod:Strike From Hell+1","ReplayTheSpireMod:Muscle Training+1","Twin Strike","Twin Strike","Twin Strike","Twin Strike","Twin Strike","Perfected Strike","Feel No Pain+1","Perfected Strike+1","Shockwave+1","Perfected Strike","infinitespire:Execution+1","Combust+1","Berserk+1","Offering","Life Link","expansioncontent:CaCaw","Evolve+1","Pommel Strike","Blood for Blood+1","Twin Strike","Combust","Wild Strike","RedShoes","Rupture+1","Shockwave+1","expansioncontent:DefensiveStance","Fire Breathing","Offering","Perfected Strike+1","BodiesMountain"],"relics":["Black Blood","CogitoBucket","RabbitCall","LuminousBracelet","conspire:GiftBox","infinitespire:Eraser","WarpedTongs","infinitespire:Lucky Rock","Empty Cage","SkinProphecy","Lamp_r","Blue Doll","Mango","War Paint","AspirationHeart","AtMidnight","Question Card","MagicBullet_r","LetterFromLob","MealTicket","infinitespire:PuzzleCube","Chameleon Ring","Simple Rune","Lee\u0027s Waffle","Replay:Rubber Ducky","Matryoshka","Nunchaku","SolemnVow_r","Replay:Fungal Core","Shuriken","Guardian:PocketSentry","conspire:Flyswatter","BranchBurnRelic","BackwardClock","Black Star","PreservedInsect","Molten Egg 2","Counterbalance"],"acts_visited":["Exordium","TheCity","Exordium","TheBeyond","TheEnding"],"potions_floor_usage":[8,19,23,10,50,55],"damage_taken":[{"damage":3.0,"enemies":"Small Slimes","floor":1.0,"turns":4.0},{"damage":5.0,"enemies":"Cultist","floor":2.0,"turns":4.0},{"damage":7.0,"enemies":"2 Louse","floor":3.0,"turns":3.0},{"damage":0,"enemies":"2 Fungi Beasts","floor":4,"turns":4},{"damage":20,"enemies":"Lots of Slimes","floor":5,"turns":5},{"damage":27,"enemies":"Large Slime","floor":7,"turns":6},{"damage":24,"enemies":"Lagavulin","floor":8,"turns":5},{"damage":22,"enemies":"Exordium Thugs","floor":10,"turns":5},{"damage":34,"enemies":"Lots of Slimes","floor":14,"turns":5},{"damage":39,"enemies":"Fading Forest","floor":16,"turns":11},{"damage":52,"enemies":"Shell Parasite","floor":18,"turns":5},{"damage":68,"enemies":"Chosen","floor":19,"turns":7},{"damage":26,"enemies":"Snecko","floor":20,"turns":4},{"damage":45,"enemies":"Book of Stabbing","floor":23,"turns":4},{"damage":31,"enemies":"Centurion and Healer","floor":24,"turns":6},{"damage":114,"enemies":"Chosen and Byrds","floor":27,"turns":10},{"damage":23,"enemies":"Cultist and Chosen","floor":28,"turns":5},{"damage":40,"enemies":"Snecko","floor":29,"turns":7},{"damage":0,"enemies":"Small Slimes","floor":1,"turns":1},{"damage":0,"enemies":"Jaw Worm","floor":2,"turns":1},{"damage":1,"enemies":"2 Louse","floor":3,"turns":2},{"damage":2,"enemies":"conspire:MimicChest","floor":4,"turns":2},{"damage":11,"enemies":"2 Fungi Beasts","floor":5,"turns":3},{"damage":1,"enemies":"Gremlin Nob","floor":6,"turns":2},{"damage":37,"enemies":"Red Slaver","floor":10,"turns":2},{"damage":2,"enemies":"Blue Slaver","floor":11,"turns":1},{"damage":2,"enemies":"Exordium Thugs","floor":12,"turns":2},{"damage":19,"enemies":"3 Louse","floor":13,"turns":4},{"damage":40,"enemies":"3 Sentries","floor":14,"turns":5},{"damage":132,"enemies":"Hexaghost","floor":16,"turns":6},{"damage":49,"enemies":"Shell Parasite","floor":18,"turns":5},{"damage":54,"enemies":"theJungle:MUSHROOMGANG","floor":20,"turns":5},{"damage":24,"enemies":"theJungle:SlimyTreeVines","floor":21,"turns":5},{"damage":17,"enemies":"theJungle:2_Snecko_Cultists","floor":22,"turns":3},{"damage":54,"enemies":"theJungle:JungleHuntersEncounter","floor":28,"turns":6},{"damage":1,"enemies":"theJungle:Lyon","floor":30,"turns":2},{"damage":110,"enemies":"theJungle:TotemBoss","floor":33,"turns":6},{"damage":20,"enemies":"3 Darklings","floor":35,"turns":3},{"damage":52,"enemies":"3 Shapes","floor":37,"turns":5},{"damage":47,"enemies":"Transient","floor":38,"turns":6},{"damage":120,"enemies":"Nightmare","floor":40,"turns":9},{"damage":36,"enemies":"4 Shapes","floor":41,"turns":3},{"damage":8,"enemies":"Writhing Mass","floor":44,"turns":2},{"damage":23,"enemies":"Transient","floor":45,"turns":5},{"damage":17,"enemies":"Jaw Worm Horde","floor":46,"turns":2},{"damage":266,"enemies":"Replay:Hell Engine","floor":50,"turns":7},{"damage":42,"enemies":"Shield and Spear","floor":54,"turns":5},{"damage":89,"enemies":"The Heart","floor":55,"turns":6}],"seed_played":"2233069313433792517","potions_obtained":[{"floor":2.0,"key":"Fire Potion"},{"floor":4,"key":"HeartOfIron"},{"floor":8,"key":"ColorlessPotion"},{"floor":16,"key":"Fire Potion"},{"floor":19,"key":"AttackPotion"},{"floor":20,"key":"CultistPotion"},{"floor":29,"key":"Elixir"},{"floor":12,"key":"Toxic Potion"}],"is_trial":false,"path_per_floor":["M","M","M","M","M","R","M","E","T","M","?","?","$","M","R","B",null,"M","M","M","?","$","E","M","R","T","M","M","M","AVR","M","M","M","M","?","M","E","?","R","T","M","M","M","M","E","R","B",null,"M","?","M","M","M","AVR","E","R","T","T","M","R","M","?","R","B",null,"M","?","M","M","?","NM","M","R","T","M","M","M","?","$","R","B",null,"R","$","E","B",null],"character_chosen":"IRONCLAD","items_purchased":["infinitespire:Lucky Rock","Fire Breathing","Shockwave","Dead Branch","expansioncontent:DefensiveStance","Fire Breathing","PreservedInsect","SpeedPotion"],"campfire_rested":0,"item_purchase_floors":[13,22,48,48,48,48,53,53],"current_hp_per_floor":[80,80,80,80,80,80,92,82,82,79,79,79,79,95,95,95,95,90,77,71,71,71,82,115,115,115,143,145,151,151,157,159,164,166,171,173,173,173,173,161,167,183,189,195,195,182,201,207,207,209,215,221,228,228,228,228,228,234,234,236,236,236,242,242,244,244,250,252,252,258,264,264,264,266,268,274,274,274,274,282,282,282,282,288,289],"gold":134,"neow_bonus":"","is_daily":false,"chose_seed":false,"campfire_upgraded":11,"win_rate":0.0,"timestamp":1607682990,"path_taken":["M","M","M","M","M","R","M","E","T","M","?","?","$","M","R","BOSS","M","M","?","?","$","E","M","R","T","?","M","M","AVR","M","M","M","M","?","M","E","?","R","T","M","M","M","?","E","R","BOSS","M","?","M","M","M","AVR","E","R","T","?","?","R","?","?","R","BOSS","M","?","M","M","?","NM","M","R","T","M","M","M","?","$","R","BOSS","R","$","E","BOSS"],"items_purchased_type":["Relic","Card","Card","Relic","Card","Card","Relic","Potion"],"build_version":"2020-11-30","purchased_purges":3,"victory":true,"max_hp_per_floor":[80,80,80,80,80,80,95,95,95,95,95,95,95,95,95,95,95,95,101,103,103,103,119,125,125,125,143,145,151,151,157,159,164,166,171,173,173,173,173,175,177,183,189,195,195,201,201,207,207,209,215,221,228,228,228,228,228,234,234,236,236,236,242,242,244,244,250,252,252,258,264,264,264,266,268,274,274,274,274,282,282,282,282,288,290],"card_choices":[{"not_picked":["OSAHOGD","HappyTeddy","PunishingBird"],"picked":"Singing Bowl","floor":1.0},{"not_picked":["Wellcheers","PunishingBird"],"picked":"OSAHOGD","floor":1.0},{"not_picked":["ReplayReversal","Headbutt","True Grit"],"picked":"SKIP","floor":1.0},{"not_picked":["CherryBlossoms","Bloodbath"],"picked":"Woodsman","floor":2.0},{"not_picked":["Hemogenesis","Combust","Iron Wave"],"picked":"SKIP","floor":2.0},{"not_picked":["MHz","FairyFestival"],"picked":"UniverseFragment","floor":3.0},{"not_picked":["Armaments","Clothesline","Heavy Blade"],"picked":"SKIP","floor":3.0},{"not_picked":["SingingMachine","ShyLook","Bloodbath"],"picked":"Singing Bowl","floor":4},{"not_picked":["conspire:ExplosiveBarrier","Life Link"],"picked":"Wild Strike","floor":4},{"not_picked":["VoidDream","FairyFestival"],"picked":"CrumblingArmor","floor":5},{"not_picked":["Clash","Havoc","Body Slam"],"picked":"SKIP","floor":5},{"not_picked":["SpiderBud","OldLady","LaLuna"],"picked":"Singing Bowl","floor":7},{"not_picked":["Rampage","Clash","Armaments"],"picked":"SKIP","floor":7},{"not_picked":["Wellcheers","Variant","Scarecrow"],"picked":"Singing Bowl","floor":8},{"not_picked":["Double Tap","Corruption"],"picked":"Brutality","floor":8},{"not_picked":["infinitespire:OneForAll","Thunderclap","Flex"],"picked":"SKIP","floor":8},{"not_picked":["MHz","QueenBee","Bloodbath"],"picked":"Singing Bowl","floor":10},{"not_picked":["infinitespire:OneForAll","Flex","Anger"],"picked":"SKIP","floor":10},{"not_picked":["FairyFestival","CherryBlossoms","DreamingCurrent"],"picked":"Singing Bowl","floor":14},{"not_picked":["Clothesline","Flame Barrier"],"picked":"Berserk","floor":14},{"not_picked":["BlackArmy","MHz","PunishingBird"],"picked":"Singing Bowl","floor":16},{"not_picked":["Bloodbath","BeautyBeast"],"picked":"CENSORED","floor":16},{"not_picked":["Fiend Fire","Demonic Infusion"],"picked":"Feed","floor":16},{"not_picked":["Murderer","WhiteNight","BeautyBeast"],"picked":"Singing Bowl","floor":18},{"not_picked":["WallGazer","PunishingBird"],"picked":"BigBird","floor":18},{"not_picked":["Entrench","conspire:Charge"],"picked":"Cleave","floor":18},{"not_picked":["Wellcheers","PunishingBird","ShyLook"],"picked":"Singing Bowl","floor":19},{"not_picked":["Heavy Blade","Replay:Undeath\u0027s Touch","Spot Weakness"],"picked":"SKIP","floor":19},{"not_picked":["SpiderBud","OldLady","FairyFestival"],"picked":"Singing Bowl","floor":20},{"not_picked":["Flex+1","conspire:Charge","Armaments"],"picked":"SKIP","floor":20},{"not_picked":["Scorched","HeroicMonk","NakedNest"],"picked":"Singing Bowl","floor":23},{"not_picked":["Shrug It Off","Clothesline","ReplayTheSpireMod:Strike From Hell"],"picked":"SKIP","floor":23},{"not_picked":["Laetitia","OldLady","Scarecrow"],"picked":"Singing Bowl","floor":24},{"not_picked":["Armaments+1","Iron Wave"],"picked":"Perfected Strike","floor":24},{"not_picked":["MHz","Funeral","DreamingCurrent"],"picked":"Singing Bowl","floor":27},{"not_picked":["True Grit+1","Reckless Charge"],"picked":"ReplayTheSpireMod:Strike From Hell+1","floor":27},{"not_picked":["Scarecrow","Wellcheers"],"picked":"MeltingLove","floor":28},{"not_picked":["Hemokinesis","Clash","Abandon"],"picked":"SKIP","floor":28},{"not_picked":["CherryBlossoms","Mercenary","OldLady"],"picked":"Singing Bowl","floor":29},{"not_picked":["Sword Boomerang","Absolvement"],"picked":"ReplayTheSpireMod:Muscle Training+1","floor":29},{"not_picked":["HeroicMonk","MeatLantern","FairyFestival"],"picked":"Singing Bowl","floor":1},{"not_picked":["Flame Barrier","ReplayTheSpireMod:Strike From Hell","Sword Boomerang","Cleave"],"picked":"SKIP","floor":1},{"not_picked":["Wellcheers","BeautyBeast","FieryBird"],"picked":"Singing Bowl","floor":2},{"not_picked":["Iron Wave","Run Through","Sword Boomerang"],"picked":"Twin Strike","floor":2},{"not_picked":["BeautyBeast","ShyLook","SpiderBud"],"picked":"Singing Bowl","floor":3},{"not_picked":["Heavy Blade","ReplayTheSpireMod:Limb From Limb","conspire:Charge"],"picked":"Twin Strike","floor":3},{"not_picked":["ShyLook","MeatLantern","Freischutz"],"picked":"Singing Bowl","floor":4},{"not_picked":["Impervious","Heavy Blade","Flame Barrier"],"picked":"Twin Strike","floor":4},{"not_picked":["MeatLantern","OldLady","SingingMachine"],"picked":"Singing Bowl","floor":5},{"not_picked":["Anger","infinitespire:OneForAll","Havoc","Warcry"],"picked":"SKIP","floor":5},{"not_picked":["Wellcheers","SpiderBud","HappyTeddy"],"picked":"Singing Bowl","floor":6},{"not_picked":["Replay:Undeath\u0027s Touch","ReplayTheSpireMod:Strike From Hell","Clothesline"],"picked":"Twin Strike","floor":6},{"not_picked":["Wellcheers","MeatLantern","CherryBlossoms"],"picked":"Singing Bowl","floor":10},{"not_picked":["Clash","ReplayTheSpireMod:Corrosion Curse","Run Through"],"picked":"Twin Strike","floor":10},{"not_picked":["Murderer","LittleHelper","ShyLook"],"picked":"Singing Bowl","floor":11},{"not_picked":["Absolvement","Combust","Reaper"],"picked":"Perfected Strike","floor":11},{"not_picked":["FairyFestival","Porccubus","Alriune"],"picked":"Singing Bowl","floor":12},{"not_picked":["Havoc","Heavy Blade","Shockwave","Clash"],"picked":"SKIP","floor":12},{"not_picked":["GreedKing","QueenOfHatred","NothingThere"],"picked":"Singing Bowl","floor":13},{"not_picked":["True Grit","Pommel Strike","Spot Weakness"],"picked":"Feel No Pain","floor":13},{"not_picked":["BigBird","SpiderBud","MHz"],"picked":"Singing Bowl","floor":14},{"not_picked":["infinitespire:OneForAll","Shrug It Off","Sever Soul","Warcry"],"picked":"SKIP","floor":14},{"not_picked":["GalaxyChild","SpiderBud","MeatLantern"],"picked":"Singing Bowl","floor":16},{"not_picked":["Scorched","BeautyBeast","MeatLantern"],"picked":"Singing Bowl","floor":18},{"not_picked":["Twin Strike","Armaments","Absolvement"],"picked":"Perfected Strike+1","floor":18},{"not_picked":["GreedKing","Scarecrow","ShyLook"],"picked":"Singing Bowl","floor":20},{"not_picked":["Clash+1","Dual Wield","Pommel Strike+1"],"picked":"Shockwave","floor":20},{"not_picked":["Scorched","Bloodbath","WhitesApple"],"picked":"Singing Bowl","floor":21},{"not_picked":["Flex","Ghostly Armor","Body Slam"],"picked":"Perfected Strike","floor":21},{"not_picked":["SingingMachine","Murderer","CherryBlossoms"],"picked":"Singing Bowl","floor":22},{"not_picked":["Hemogenesis","Armaments+1","Body Slam","Replay:Undeath\u0027s Touch"],"picked":"SKIP","floor":22},{"not_picked":["NothingThere","PunishingBird","Mercenary"],"picked":"Singing Bowl","floor":28},{"not_picked":["Flex+1","Wild Strike","Twin Strike"],"picked":"Combust+1","floor":28},{"not_picked":["Bloodbath","DreamingCurrent"],"picked":"Funeral","floor":30},{"not_picked":["Headbutt","Replay:Undeath\u0027s Touch","Shockwave+1"],"picked":"Berserk","floor":30},{"not_picked":["CherryBlossoms","BigBird","SingingMachine"],"picked":"Singing Bowl","floor":33},{"not_picked":["Demonic Infusion","Eclipse","Exhume"],"picked":"Offering","floor":33},{"not_picked":["MeatLantern","NakedNest","WhitesApple"],"picked":"Singing Bowl","floor":35},{"not_picked":["Searing Blow","Iron Wave+1","Twin Strike"],"picked":"Life Link","floor":35},{"not_picked":["expansioncontent:DefensiveMode","Violence","expansioncontent:ManipulateTime"],"picked":"expansioncontent:CaCaw","floor":36},{"not_picked":["WhitesApple","DreamingCurrent","OldLady"],"picked":"Singing Bowl","floor":37},{"not_picked":["Heavy Blade","Anger","Havoc"],"picked":"Evolve+1","floor":37},{"not_picked":["LittlePrince","Bloodbath","LittleHelper"],"picked":"Singing Bowl","floor":38},{"not_picked":["Immolate","Carnage+1","Rampage+1"],"picked":"Pommel Strike","floor":38},{"not_picked":["HeroicMonk","DespairKnight","Porccubus"],"picked":"Singing Bowl","floor":40},{"not_picked":["Headbutt","Massacre+1","Warcry"],"picked":"Blood for Blood+1","floor":40},{"not_picked":["Scarecrow","LongBird","PunishingBird"],"picked":"Singing Bowl","floor":41},{"not_picked":["Defy Death+1","Hemogenesis","Spot Weakness+1"],"picked":"Twin Strike","floor":41},{"not_picked":["Porccubus","LaLuna","Freischutz"],"picked":"Singing Bowl","floor":44},{"not_picked":["Blood for Blood","Absolvement+1","Dropkick"],"picked":"Combust","floor":44},{"not_picked":["WhiteNight","LittleHelper","BlackArmy"],"picked":"Singing Bowl","floor":45},{"not_picked":["Clothesline","Run Through+1","Blood for Blood"],"picked":"Wild Strike","floor":45},{"not_picked":["DespairKnight","BlackSwan","Alriune"],"picked":"Singing Bowl","floor":46},{"not_picked":["NothingThere","Freischutz"],"picked":"RedShoes","floor":46},{"not_picked":["Run Through","Whirlwind","Replay:Many Hands"],"picked":"Rupture","floor":46},{"not_picked":["PunishingBird","BigBadWolf","WhiteNight"],"picked":"Singing Bowl","floor":50},{"not_picked":["Demon Form","Brutality","Barricade"],"picked":"Offering","floor":50},{"not_picked":["BlueStar","NothingThere","LittleHelper"],"picked":"Singing Bowl","floor":54},{"not_picked":["Headbutt+1","Defy Death","Warcry"],"picked":"Perfected Strike+1","floor":54},{"not_picked":["SnowQueen","Funeral"],"picked":"BodiesMountain","floor":55}],"player_experience":3067211,"relics_obtained":[{"floor":1.0,"key":"LetterFromLob"},{"floor":8,"key":"conspire:GiftBox"},{"floor":9,"key":"infinitespire:Eraser"},{"floor":23,"key":"Mango"},{"floor":26,"key":"War Paint"},{"floor":27,"key":"AtMidnight"},{"floor":1,"key":"LetterFromLob"},{"floor":4,"key":"MealTicket"},{"floor":6,"key":"infinitespire:PuzzleCube"},{"floor":9,"key":"Chameleon Ring"},{"floor":14,"key":"Simple Rune"},{"floor":26,"key":"Replay:Rubber Ducky"},{"floor":27,"key":"Matryoshka"},{"floor":40,"key":"Shuriken"},{"floor":43,"key":"Guardian:PocketSentry"},{"floor":43,"key":"conspire:Flyswatter"},{"floor":54,"key":"Molten Egg 2"},{"floor":54,"key":"Counterbalance"}],"event_choices":[{"cards_removed":["Defend_R"],"damage_healed":0,"gold_gain":0,"player_choice":"Card Removal","damage_taken":0,"max_hp_gain":0,"max_hp_loss":0,"event_name":"The Cleric","floor":11,"gold_loss":50},{"damage_healed":0,"gold_gain":0,"player_choice":"Rummage","damage_taken":0,"relics_obtained":["WarpedTongs"],"max_hp_gain":0,"max_hp_loss":0,"event_name":"Accursed Blacksmith","floor":12,"gold_loss":0,"cards_obtained":["Pain"]},{"damage_healed":0,"gold_gain":0,"player_choice":"Ignored","damage_taken":0,"max_hp_gain":0,"max_hp_loss":0,"event_name":"NoteForYourself","floor":7,"gold_loss":0},{"damage_healed":0,"gold_gain":0,"player_choice":"Leave","damage_taken":0,"max_hp_gain":0,"max_hp_loss":0,"event_name":"conspire:Investor","floor":19,"gold_loss":0},{"damage_healed":0,"gold_gain":0,"player_choice":"Paid Gold","damage_taken":0,"relics_obtained":["Nunchaku"],"max_hp_gain":0,"max_hp_loss":0,"event_name":"WeMeetAgain","floor":31,"gold_loss":137},{"damage_healed":0,"gold_gain":0,"player_choice":"Memory 1","damage_taken":0,"max_hp_gain":0,"max_hp_loss":0,"event_name":"SensoryStone","floor":36,"gold_loss":0},{"damage_healed":0,"gold_gain":0,"player_choice":"Ignored","damage_taken":0,"max_hp_gain":0,"max_hp_loss":0,"event_name":"SecretPortal","floor":47,"gold_loss":0}],"is_beta":false,"boss_relics":[{"not_picked":["construct:ClawGrip","Replay:Fungal Core"],"picked":"Empty Cage"},{"not_picked":["conspire:SpecialSausage","Runic Dome"],"picked":"Black Blood"},{"not_picked":["Sozu","Painkiller Herb"],"picked":"Replay:Fungal Core"},{"not_picked":["Sandwich","Replay:Bronze Core"],"picked":"Black Star"}],"items_purged_floors":[22,30,48],"is_endless":true,"potions_floor_spawned":[2,4,8,16,19,20,29,1,3,6,12,14,20,22,28,33,37,41],"ascension_level":0}}