{"host":"zwrmg2ecdhqeybgn","time":1607660244,"event":{"mods":["2.2 Compatiblity","Act Like it!","BaseMod","BetterRewards","Hubris","Infinite Spire","Minty Spire (QoL Compilation)","Replay The Spire","Spikes Relics","StSLib"],"gold_per_floor":[116,116,127,127,127,127,147,181,253,269,284,284,311,331,331,430,430,444,456,6,6,6,6,41,41,64,74,84,84,101,128,128,224,224,242,90,108,122,122,157,157,157,203,235,235,254,254,254,254,353,353,361,361,361,361,367,367,367,367,367,395,404,451,451,487,487,555,555,561,561,561,486,486,486,436,462,489,496,524,531,538,542,542,640,640,655,659,659,634,560,578,574,574,598,598,610,610,598,593,593,691,691,710,517,531,531,531,553,563,563,614,628,628,644,669,684,684,790,790,795,732,744,760,844,859,859,869,869,869,892,925,938,938,898,999,999,1011,1011,1035,1064,1064,1064,1064,1084,1084,1135,1059,1059,831,820,820,935,935,935,647,676,677,677],"floor_reached":157,"playtime":7405,"items_purged":["ReplayTheSpireMod:Muscle Training+1","Strike_R","Defend_R","Strike_R","Defend_R","Defend_R","Cleave+1"],"score":3949,"play_id":"50cce3cb-c1cd-4a9b-abff-1c83c9d0a70f","local_time":"20201210231724","is_ascension_mode":false,"campfire_choices":[{"data":"infinitespire:Punishment","floor":6.0,"key":"SMITH"},{"floor":12.0,"key":"REST"},{"data":"Havoc","floor":15.0,"key":"SMITH"},{"data":"Limit Break","floor":25.0,"key":"SMITH"},{"data":"Spot Weakness","floor":29.0,"key":"SMITH"},{"floor":32.0,"key":"DIG"},{"data":"True Grit","floor":42.0,"key":"SMITH"},{"floor":47.0,"key":"REST"},{"floor":49.0,"key":"REST"},{"data":"Eclipse","floor":57.0,"key":"SMITH"},{"data":"True Grit","floor":59.0,"key":"SMITH"},{"data":"Strike_R","floor":66.0,"key":"PURGE"},{"data":"Fiend Fire","floor":74.0,"key":"SMITH"},{"data":"infinitespire:Collect","floor":83.0,"key":"SMITH"},{"data":"Eclipse","floor":95.0,"key":"SMITH"},{"data":"Feel No Pain","floor":95.0,"key":"SMITH"},{"data":"Burning Pact","floor":97.0,"key":"SMITH"},{"data":"Disarm","floor":97.0,"key":"SMITH"},{"data":"ReplayTheSpireMod:Strike From Hell","floor":100.0,"key":"SMITH"},{"data":"Impervious","floor":100.0,"key":"SMITH"},{"data":"Cleave","floor":113.0,"key":"SMITH"},{"data":"Bash","floor":113.0,"key":"SMITH"},{"data":"Defend_R+2","floor":117.0,"key":"SMITH"},{"data":"Defend_R+3","floor":117.0,"key":"SMITH"},{"data":"Corruption","floor":126.0,"key":"SMITH"},{"data":"Exhume","floor":126.0,"key":"SMITH"},{"data":"Strike_R+1","floor":129.0,"key":"SMITH"},{"data":"Strike_R+2","floor":129.0,"key":"SMITH"},{"data":"Strike_R+3","floor":142.0,"key":"SMITH"},{"data":"Strike_R+4","floor":142.0,"key":"SMITH"},{"floor":148.0,"key":"REST"},{"floor":151.0,"key":"DIG"},{"floor":154.0,"key":"DIG"}],"circlet_count":0,"master_deck":["Strike_R+1","Defend_R+1","Bash+1","Impervious+1","ReplayTheSpireMod:Strike From Hell+1","infinitespire:Punishment+1","Havoc+1","Spot Weakness+1","Disarm+1","Thunderclap+1","Limit Break+1","Uppercut+1","Pummel+1","True Grit+1","ReplayTheSpireMod:Strike From Hell+1","True Grit+1","Burning Pact+1","True Grit+1","Heavy Blade+1","Eclipse+1","Fiend Fire+1","infinitespire:Collect+1","Reaper+1","Absolvement+1","Eclipse+1","Feel No Pain+1","Feel No Pain+1","Exhume+1","Corruption+1","infinitespire:DeathsTouch+1","Exhume+1","Burning Pact+1"],"relics":["Burning Blood","Orichalcum","RoseTintedShades","hubris:Reverence","Mark of Pain","Charon\u0027s Ashes","Strange Spoon","Black Blood","ExplosiveVial","SpikesRelics:DaevaFist","King of Hearts","Torii","infinitespire:Joker Card","Snecko Eye","Orrery","infinitespire:BottledMercury","Cauldron","Nunchaku","Onion Ring","Empty Cage","hubris:Towel","Golden Idol","Replay:Rubber Ducky","Centennial Puzzle","Omamori","TungstenRod","infinitespire:Bottled Soul","hubris:ScarierMask","Enchiridion","ReplayTheSpireMod:Lightbulb","Replay:Baseball","ZombieTooth","Calling Bell","infinitespire:FocusingShard","ReplayTheSpireMod:Spearhead","Replay:Arrowhead","Shuriken","Bronze Scales","Busted Crown","Membership Card","Simple Rune","hubris:TenFootPole","infinitespire:Beetle Shell","Philosopher\u0027s Stone","Happy Flower","Replay:Bandana","Golden Egg","Gremlin Food","hubris:HerbalPaste","Tiny Chest","Eternal Feather","infinitespire:WardingShard","infinitespire:EmpoweringShard","Dead Branch","Bag of Marbles","Shovel","Potion Belt","CosmicIsotope","ShockBauble","Snack Pack","RollingBoulder"],"acts_visited":["Exordium","TheCity","TheBeyond","Exordium","TheCity","TheBeyond","Exordium","TheCity","TheBeyond","TheEnding"],"potions_floor_usage":[157,157,157],"damage_taken":[{"damage":5.0,"enemies":"Jaw Worm","floor":1.0,"turns":5.0},{"damage":0.0,"enemies":"2 Louse","floor":3.0,"turns":3.0},{"damage":0.0,"enemies":"Small Slimes","floor":7.0,"turns":1.0},{"damage":27.0,"enemies":"Gremlin Nob","floor":8.0,"turns":4.0},{"damage":0.0,"enemies":"Blue Slaver","floor":10.0,"turns":1.0},{"damage":5.0,"enemies":"Exordium Wildlife","floor":11.0,"turns":4.0},{"damage":12.0,"enemies":"3 Sentries","floor":13.0,"turns":8.0},{"damage":8.0,"enemies":"Looter","floor":14.0,"turns":3.0},{"damage":5.0,"enemies":"Fading Forest","floor":16.0,"turns":11.0},{"damage":3.0,"enemies":"Shell Parasite","floor":18.0,"turns":3.0},{"damage":4.0,"enemies":"Chosen","floor":19.0,"turns":4.0},{"damage":8.0,"enemies":"Book of Stabbing","floor":24.0,"turns":3.0},{"damage":3.0,"enemies":"3 Cultists","floor":27.0,"turns":4.0},{"damage":6.0,"enemies":"Cultist and Chosen","floor":28.0,"turns":5.0},{"damage":10.0,"enemies":"Snake Plant","floor":30.0,"turns":3.0},{"damage":20.0,"enemies":"Nightmare","floor":31.0,"turns":8.0},{"damage":14.0,"enemies":"hubris:MusketHawk","floor":33.0,"turns":6.0},{"damage":14.0,"enemies":"3 Shapes","floor":35.0,"turns":4.0},{"damage":2.0,"enemies":"3 Darklings","floor":37.0,"turns":4.0},{"damage":17.0,"enemies":"Transient","floor":38.0,"turns":5.0},{"damage":30.0,"enemies":"Nemesis","floor":40.0,"turns":7.0},{"damage":56.0,"enemies":"Nightmare","floor":44.0,"turns":11.0},{"damage":0.0,"enemies":"Sphere and 2 Shapes","floor":46.0,"turns":4.0},{"damage":35.0,"enemies":"Donu and Deca","floor":50.0,"turns":6.0},{"damage":0.0,"enemies":"Jaw Worm","floor":52.0,"turns":1.0},{"damage":15.0,"enemies":"2 Louse","floor":56.0,"turns":2.0},{"damage":0.0,"enemies":"Lagavulin","floor":61.0,"turns":3.0},{"damage":0.0,"enemies":"Small Slimes","floor":62.0,"turns":2.0},{"damage":19.0,"enemies":"Gremlin Nob","floor":65.0,"turns":3.0},{"damage":0.0,"enemies":"Fading Forest","floor":67.0,"turns":10.0},{"damage":0.0,"enemies":"Spheric Guardian","floor":69.0,"turns":3.0},{"damage":0.0,"enemies":"Replay:Snechameleon","floor":76.0,"turns":3.0},{"damage":0.0,"enemies":"3 Byrds","floor":78.0,"turns":2.0},{"damage":7.0,"enemies":"Slavers","floor":79.0,"turns":2.0},{"damage":0.0,"enemies":"Snecko","floor":80.0,"turns":2.0},{"damage":0.0,"enemies":"3 Cultists","floor":81.0,"turns":2.0},{"damage":15.0,"enemies":"Snake Plant","floor":82.0,"turns":2.0},{"damage":39.0,"enemies":"hubris:MusketHawk","floor":84.0,"turns":4.0},{"damage":13.0,"enemies":"Orb Walker","floor":86.0,"turns":2.0},{"damage":0.0,"enemies":"3 Darklings","floor":87.0,"turns":1.0},{"damage":0.0,"enemies":"Transient","floor":89.0,"turns":5.0},{"damage":9.0,"enemies":"R_Hoarder","floor":91.0,"turns":3.0},{"damage":3.0,"enemies":"Maw","floor":92.0,"turns":6.0},{"damage":0.0,"enemies":"Sphere and 2 Shapes","floor":96.0,"turns":2.0},{"damage":14.0,"enemies":"Writhing Mass","floor":98.0,"turns":3.0},{"damage":0.0,"enemies":"Transient","floor":99.0,"turns":4.0},{"damage":0.0,"enemies":"hubris:GrandSnecko","floor":101.0,"turns":3.0},{"damage":0.0,"enemies":"2 Louse","floor":103.0,"turns":1.0},{"damage":0.0,"enemies":"Cultist","floor":105.0,"turns":2.0},{"damage":0.0,"enemies":"Gremlin Nob","floor":108.0,"turns":2.0},{"damage":0.0,"enemies":"Small Slimes","floor":109.0,"turns":2.0},{"damage":0.0,"enemies":"2 Fungi Beasts","floor":112.0,"turns":1.0},{"damage":0.0,"enemies":"Looter","floor":114.0,"turns":1.0},{"damage":0.0,"enemies":"3 Sentries","floor":115.0,"turns":3.0},{"damage":0.0,"enemies":"3 Louse","floor":116.0,"turns":1.0},{"damage":0.0,"enemies":"Slime Boss","floor":118.0,"turns":4.0},{"damage":0.0,"enemies":"Chosen","floor":120.0,"turns":2.0},{"damage":0.0,"enemies":"Spheric Guardian","floor":122.0,"turns":2.0},{"damage":0.0,"enemies":"Centurion and Healer","floor":123.0,"turns":1.0},{"damage":1.0,"enemies":"Gremlin Leader","floor":125.0,"turns":2.0},{"damage":7.0,"enemies":"Shelled Parasite and Fungi","floor":127.0,"turns":2.0},{"damage":5.0,"enemies":"Nightmare_Alpha","floor":130.0,"turns":7.0},{"damage":0.0,"enemies":"Snecko","floor":131.0,"turns":2.0},{"damage":0.0,"enemies":"Snake Plant","floor":132.0,"turns":1.0},{"damage":0.0,"enemies":"Pondfish","floor":135.0,"turns":5.0},{"damage":7.0,"enemies":"3 Shapes","floor":137.0,"turns":2.0},{"damage":0.0,"enemies":"3 Darklings","floor":139.0,"turns":2.0},{"damage":34.0,"enemies":"Writhing Mass","floor":140.0,"turns":3.0},{"damage":13.0,"enemies":"Spire Growth","floor":144.0,"turns":3.0},{"damage":0.0,"enemies":"2 Orb Walkers","floor":146.0,"turns":2.0},{"damage":1.0,"enemies":"Transient","floor":150.0,"turns":5.0},{"damage":0.0,"enemies":"Donu and Deca","floor":152.0,"turns":1.0},{"damage":0.0,"enemies":"Shield and Spear","floor":156.0,"turns":2.0},{"damage":81,"enemies":"The Heart","floor":157,"turns":3}],"seed_played":"-8782805860374544883","potions_obtained":[{"floor":8.0,"key":"Ancient Potion"},{"floor":10.0,"key":"Explosive Potion"},{"floor":14.0,"key":"ElixirPotion"},{"floor":24.0,"key":"Languid Potion"},{"floor":27.0,"key":"Strength Potion"},{"floor":35.0,"key":"Block Potion"},{"floor":38.0,"key":"SteroidPotion"},{"floor":41.0,"key":"AttackPotion"},{"floor":41.0,"key":"LiquidMemories"},{"floor":41.0,"key":"BlessingOfTheForge"},{"floor":61.0,"key":"DistilledChaos"},{"floor":65.0,"key":"AttackPotion"},{"floor":67.0,"key":"FearPotion"},{"floor":76.0,"key":"PowerPotion"},{"floor":84.0,"key":"Ancient Potion"},{"floor":89.0,"key":"BloodPotion"},{"floor":101.0,"key":"SteroidPotion"},{"floor":105.0,"key":"Adrenaline Potion"},{"floor":124.0,"key":"infinitespire:BlackPotion"},{"floor":127.0,"key":"Dexterity Potion"},{"floor":131.0,"key":"SneckoOil"},{"floor":152.0,"key":"Energy Potion"}],"is_trial":false,"path_per_floor":["M","$","M","?","?","R","M","E","T","M","M","R","E","M","R","B",null,"M","M","$","?","?","AVR","E","R","T","M","M","R","M","NM","R","B",null,"M","$","M","M","?","E","AVR","R","T","NM","?","M","R","?","R","B",null,"M","?","$","?","M","R","?","R","T","E","M","T","AVR","E","R","B",null,"M","?","?","$","?","R","?","E","T","M","E","M","M","M","R","B",null,"M","M","?","M","$","E","M","?","T","R","M","R","M","M","R","B",null,"M","$","M","?","?","E","M","?","T","M","R","M","E","M","R","B",null,"M","$","M","M","?","E","R","M","T","R","NM","M","M","AVR","R","B",null,"M","?","M","M","$","R","T","M","T","?","$","R","$","M","R","B",null,"R","$","E","B"],"character_chosen":"IRONCLAD","items_purchased":["Charon\u0027s Ashes","Strange Spoon","Orrery","Feel No Pain","Membership Card","Tiny Chest","Eternal Feather","Bag of Marbles","Shovel","Snack Pack","Burning Pact","BlessingOfTheForge","CultistPotion","Cursed Concoction"],"campfire_rested":4,"item_purchase_floors":[20,20,36,90,104,141,141,147,149,155,155,155,155,155],"current_hp_per_floor":[80,80,80,80,60,60,66,45,45,51,52,76,70,68,68,79,80,80,80,80,80,80,80,80,80,80,80,80,80,80,78,78,80,80,80,80,80,80,80,68,68,68,68,30,20,38,62,62,80,63,80,80,80,80,60,63,63,63,63,63,80,80,80,80,79,79,80,80,80,68,68,68,68,68,68,80,80,80,80,80,80,80,80,59,80,80,80,80,80,80,80,80,80,80,80,80,80,80,80,80,80,80,80,80,80,65,65,80,80,80,80,80,80,80,80,80,80,80,80,80,80,80,80,71,80,80,80,80,80,80,80,80,80,80,80,80,80,80,80,66,40,58,58,80,80,80,80,80,80,80,80,80,80,80,80,80,0,0],"gold":677,"neow_bonus":"ONE_RANDOM_RARE_CARD","is_daily":false,"chose_seed":false,"campfire_upgraded":25,"win_rate":0.0,"timestamp":1607660244,"path_taken":["M","$","M","?","?","R","M","E","T","M","M","R","E","M","R","BOSS","M","M","$","?","?","AVR","E","R","T","M","M","R","M","NM","R","BOSS","M","$","M","M","?","E","AVR","R","T","NM","?","?","R","?","R","BOSS","M","?","$","?","M","R","?","R","T","E","M","?","AVR","E","R","BOSS","M","?","?","$","?","R","?","E","T","M","E","M","M","M","R","BOSS","M","?","?","M","?","E","M","?","T","R","M","R","M","M","R","BOSS","M","$","M","?","?","E","?","?","T","M","R","M","E","M","R","BOSS","M","$","M","M","?","E","R","M","T","R","NM","M","M","AVR","R","BOSS","M","?","?","M","?","R","?","M","T","?","$","R","?","M","R","BOSS","R","$","E","BOSS"],"items_purchased_type":["Relic","Relic","Relic","Card","Relic","Relic","Relic","Relic","Relic","Relic","Card","Potion","Potion","Potion"],"build_version":"2020-11-30","purchased_purges":7,"victory":false,"max_hp_per_floor":[80,80,80,80,80,80,80,80,80,80,80,80,80,80,80,80,80,80,80,80,80,80,80,80,80,80,80,80,80,80,80,80,80,80,80,80,80,80,80,80,80,80,80,80,80,80,80,80,80,80,80,80,80,80,80,80,80,80,80,80,80,80,80,80,80,80,80,80,80,80,80,80,80,80,80,80,80,80,80,80,80,80,80,80,80,80,80,80,80,80,80,80,80,80,80,80,80,80,80,80,80,80,80,80,80,80,80,80,80,80,80,80,80,80,80,80,80,80,80,80,80,80,80,80,80,80,80,80,80,80,80,80,80,80,80,80,80,80,80,80,80,80,80,80,80,80,80,80,80,80,80,80,80,80,80,80,80,80],"card_choices":[{"not_picked":["hubris:ReadiedAction","hubris:SharpeningStone","Perfected Strike"],"picked":"SKIP","floor":1.0},{"not_picked":["Defy Death","ReplayTheSpireMod:LeadingStrike"],"picked":"ReplayTheSpireMod:Strike From Hell","floor":3.0},{"not_picked":["infinitespire:TheBestDefense","ReplayTheSpireMod:Haul"],"picked":"infinitespire:Punishment","floor":5.0},{"not_picked":["Sword Boomerang","Body Slam"],"picked":"Cleave","floor":7.0},{"not_picked":["Reckless Charge","hubris:ReadiedAction"],"picked":"Havoc","floor":8.0},{"not_picked":["Anger","Warcry"],"picked":"Spot Weakness","floor":10.0},{"not_picked":["Fire Breathing","Bloodletting"],"picked":"Disarm","floor":11.0},{"not_picked":["ReplayReversal","Warcry"],"picked":"Thunderclap","floor":13.0},{"not_picked":["Heavy Blade","Battle Trance","Anger"],"picked":"SKIP","floor":14.0},{"not_picked":["Offering","Immolate"],"picked":"Limit Break","floor":16.0},{"not_picked":["Invigoration","Armaments","Rage"],"picked":"SKIP","floor":18.0},{"not_picked":["Pommel Strike","Dual Wield"],"picked":"Uppercut+1","floor":19.0},{"not_picked":["Anger","ReplayTheSpireMod:Limb From Limb+1","Abandon"],"picked":"SKIP","floor":24.0},{"not_picked":["Pommel Strike","Body Slam","Combust"],"picked":"SKIP","floor":27.0},{"not_picked":["Hemokinesis","hubris:ReadiedAction"],"picked":"ReplayTheSpireMod:Muscle Training+1","floor":28.0},{"not_picked":["Wild Strike","Clothesline","Armaments"],"picked":"SKIP","floor":30.0},{"not_picked":["Double Tap","Armaments","Warcry"],"picked":"SKIP","floor":31.0},{"not_picked":["Cleave","ReplayTheSpireMod:Limb From Limb","Run Through"],"picked":"SKIP","floor":35.0},{"not_picked":["Carnage+1","Iron Wave"],"picked":"Pummel+1","floor":36.0},{"not_picked":["Havoc","Armaments"],"picked":"True Grit","floor":36.0},{"not_picked":["Cleave","ReplayTheSpireMod:LeadingStrike"],"picked":"ReplayTheSpireMod:Strike From Hell+1","floor":36.0},{"not_picked":["Cleave+1","Run Through","Flex"],"picked":"SKIP","floor":37.0},{"not_picked":["Evolve+1","Hemogenesis","Run Through+1"],"picked":"SKIP","floor":38.0},{"not_picked":["Spot Weakness","Pommel Strike"],"picked":"Burning Pact","floor":40.0},{"not_picked":["Run Through+1","Flame Barrier"],"picked":"True Grit","floor":44.0},{"not_picked":["Wild Strike+1","hubris:ReadiedAction+1"],"picked":"Heavy Blade+1","floor":46.0},{"not_picked":["Corruption","Brutality"],"picked":"Eclipse","floor":50.0},{"not_picked":["Clash","Dual Wield","Sword Boomerang"],"picked":"SKIP","floor":52.0},{"not_picked":["Pummel","Twin Strike","Blood for Blood"],"picked":"SKIP","floor":56.0},{"not_picked":["Offering","Cleave","Sword Boomerang"],"picked":"SKIP","floor":61.0},{"not_picked":["Warcry","Cleave","Headbutt"],"picked":"SKIP","floor":62.0},{"not_picked":["Twin Strike","Shockwave","Shrug It Off"],"picked":"SKIP","floor":65.0},{"not_picked":["Demonic Infusion","Berserk"],"picked":"Fiend Fire","floor":67.0},{"not_picked":["infinitespire:Fortify","ReplayTheSpireMod:??????????????????????"],"picked":"infinitespire:Collect","floor":67.0},{"not_picked":["Run Through","Havoc+1","Warcry"],"picked":"SKIP","floor":69.0},{"not_picked":["True Grit","Defy Death+1","Flame Barrier"],"picked":"SKIP","floor":76.0},{"not_picked":["ReplayTheSpireMod:Corrosion Curse","Clothesline+1"],"picked":"Reaper","floor":78.0},{"not_picked":["Whirlwind","Heavy Blade","Hemogenesis"],"picked":"SKIP","floor":79.0},{"not_picked":["Whirlwind","Heavy Blade","Hemogenesis"],"picked":"SKIP","floor":79.0},{"not_picked":["Spot Weakness","Pommel Strike","Havoc+1"],"picked":"SKIP","floor":80.0},{"not_picked":["Havoc","Inflame"],"picked":"Absolvement+1","floor":81.0},{"not_picked":["Replay:Undeath\u0027s Touch","Second Wind","Shrug It Off"],"picked":"SKIP","floor":82.0},{"not_picked":["Bludgeon","Offering"],"picked":"Eclipse","floor":84.0},{"not_picked":["Body Slam","Iron Wave","Massacre+1"],"picked":"SKIP","floor":86.0},{"not_picked":["Power Through","Headbutt+1","Dual Wield+1"],"picked":"SKIP","floor":87.0},{"not_picked":["Fire Breathing","Burning Pact+1","Flex"],"picked":"SKIP","floor":89.0},{"not_picked":["Cleave","Defy Death+1"],"picked":"Feel No Pain+1","floor":91.0},{"not_picked":["Flex","Bloodletting+1","Wild Strike+1"],"picked":"SKIP","floor":92.0},{"not_picked":["Warcry+1","Defy Death+1"],"picked":"Exhume","floor":96.0},{"not_picked":["Warcry+1","Ghostly Armor+1","Run Through+1"],"picked":"SKIP","floor":98.0},{"not_picked":["Havoc+1","Searing Blow","Warcry"],"picked":"SKIP","floor":99.0},{"not_picked":["Feed","Bludgeon"],"picked":"Corruption","floor":101.0},{"not_picked":["Life Link"],"picked":"SKIP","floor":103.0},{"not_picked":["Run Through"],"picked":"SKIP","floor":105.0},{"not_picked":["ReplayTheSpireMod:Strike From Hell"],"picked":"SKIP","floor":108.0},{"not_picked":["Clothesline"],"picked":"SKIP","floor":109.0},{"not_picked":["Clothesline"],"picked":"SKIP","floor":109.0},{"not_picked":["Carnage"],"picked":"SKIP","floor":112.0},{"not_picked":["Sever Soul"],"picked":"SKIP","floor":114.0},{"not_picked":["Dropkick"],"picked":"SKIP","floor":115.0},{"not_picked":["ReplayTheSpireMod:Strike From Hell"],"picked":"SKIP","floor":116.0},{"not_picked":["ReplayReversal+1"],"picked":"SKIP","floor":120.0},{"not_picked":["Iron Wave+1"],"picked":"SKIP","floor":122.0},{"not_picked":["ReplayTheSpireMod:Strike From Hell"],"picked":"SKIP","floor":123.0},{"not_picked":["Ghostly Armor"],"picked":"SKIP","floor":125.0},{"not_picked":["Flex+1"],"picked":"SKIP","floor":127.0},{"not_picked":["ReplayTheSpireMod:Haul","infinitespire:FinalStrike"],"picked":"infinitespire:DeathsTouch","floor":130.0},{"not_picked":["Cleave"],"picked":"SKIP","floor":130.0},{"not_picked":["Rampage"],"picked":"SKIP","floor":131.0},{"not_picked":["Combust+1"],"picked":"SKIP","floor":132.0},{"not_picked":["infinitespire:OneForAll"],"picked":"SKIP","floor":137.0},{"not_picked":["Clothesline+1"],"picked":"SKIP","floor":139.0},{"not_picked":["Twin Strike"],"picked":"SKIP","floor":140.0},{"not_picked":["Sentinel"],"picked":"SKIP","floor":144.0},{"not_picked":["Shrug It Off+1"],"picked":"SKIP","floor":150.0},{"not_picked":[],"picked":"Exhume","floor":152.0},{"not_picked":["ReplayTheSpireMod:Limb From Limb"],"picked":"SKIP","floor":156.0}],"player_experience":492950,"relics_obtained":[{"floor":8.0,"key":"Orichalcum"},{"floor":9.0,"key":"RoseTintedShades"},{"floor":13.0,"key":"hubris:Reverence"},{"floor":24.0,"key":"SpikesRelics:DaevaFist"},{"floor":26.0,"key":"King of Hearts"},{"floor":31.0,"key":"Torii"},{"floor":32.0,"key":"infinitespire:Joker Card"},{"floor":40.0,"key":"infinitespire:BottledMercury"},{"floor":43.0,"key":"Nunchaku"},{"floor":44.0,"key":"Onion Ring"},{"floor":60.0,"key":"Replay:Rubber Ducky"},{"floor":61.0,"key":"Centennial Puzzle"},{"floor":63.0,"key":"Omamori"},{"floor":65.0,"key":"infinitespire:Bottled Soul"},{"floor":70.0,"key":"Enchiridion"},{"floor":76.0,"key":"ReplayTheSpireMod:Lightbulb"},{"floor":77.0,"key":"Replay:Baseball"},{"floor":79.0,"key":"ZombieTooth"},{"floor":85.0,"key":"infinitespire:FocusingShard"},{"floor":85.0,"key":"ReplayTheSpireMod:Spearhead"},{"floor":85.0,"key":"Replay:Arrowhead"},{"floor":91.0,"key":"Shuriken"},{"floor":94.0,"key":"Bronze Scales"},{"floor":108.0,"key":"Simple Rune"},{"floor":111.0,"key":"hubris:TenFootPole"},{"floor":115.0,"key":"infinitespire:Beetle Shell"},{"floor":124.0,"key":"Happy Flower"},{"floor":125.0,"key":"Replay:Bandana"},{"floor":128.0,"key":"Golden Egg"},{"floor":130.0,"key":"Gremlin Food"},{"floor":143.0,"key":"infinitespire:WardingShard"},{"floor":145.0,"key":"infinitespire:EmpoweringShard"},{"floor":146.0,"key":"Dead Branch"},{"floor":151.0,"key":"Potion Belt"},{"floor":154.0,"key":"ShockBauble"},{"floor":156.0,"key":"RollingBoulder"}],"event_choices":[{"damage_healed":0.0,"max_hp_gain":0.0,"max_hp_loss":0.0,"gold_gain":0.0,"event_name":"Winding Halls","player_choice":"Embrace Madness","floor":45.0,"gold_loss":0.0,"damage_taken":10.0,"cards_obtained":["Madness","Madness"]},{"damage_healed":0.0,"max_hp_gain":0.0,"max_hp_loss":0.0,"gold_gain":0.0,"event_name":"Mysterious Sphere","player_choice":"Ignored","floor":48.0,"gold_loss":0.0,"damage_taken":0.0},{"damage_healed":0.0,"max_hp_gain":0.0,"max_hp_loss":0.0,"gold_gain":0.0,"event_name":"Golden Idol","player_choice":"Take Damage","floor":55.0,"gold_loss":0.0,"damage_taken":20.0,"relics_obtained":["Golden Idol"]},{"damage_healed":0.0,"max_hp_gain":0.0,"max_hp_loss":0.0,"gold_gain":0.0,"event_name":"Living Wall","player_choice":"Grow","floor":58.0,"gold_loss":0.0,"damage_taken":0.0,"cards_upgraded":["True Grit"]},{"damage_healed":0.0,"max_hp_gain":0.0,"max_hp_loss":0.0,"gold_gain":0.0,"event_name":"Cursed Tome","player_choice":"Obtained Book","floor":70.0,"gold_loss":0.0,"damage_taken":16.0},{"damage_healed":0.0,"max_hp_gain":0.0,"max_hp_loss":0.0,"gold_gain":0.0,"event_name":"Vampires","player_choice":"Ignored","floor":71.0,"gold_loss":0.0,"damage_taken":0.0},{"damage_healed":0.0,"max_hp_gain":0.0,"max_hp_loss":0.0,"gold_gain":0.0,"event_name":"The Joust","player_choice":"Bet on Murderer","floor":75.0,"gold_loss":50.0,"damage_taken":0.0},{"cards_removed":["Strike_R"],"damage_healed":0.0,"max_hp_gain":0.0,"max_hp_loss":0.0,"gold_gain":0.0,"event_name":"Purifier","player_choice":"Purged","floor":88.0,"gold_loss":0.0,"damage_taken":0.0},{"damage_healed":0.0,"max_hp_gain":0.0,"max_hp_loss":0.0,"gold_gain":0.0,"event_name":"Shining Light","player_choice":"Entered Light","floor":106.0,"gold_loss":0.0,"damage_taken":16.0,"cards_upgraded":["Defend_R","Reaper"]},{"damage_healed":0.0,"max_hp_gain":0.0,"max_hp_loss":0.0,"gold_gain":0.0,"event_name":"The Woman in Blue","player_choice":"Bought 0 Potions","floor":107.0,"gold_loss":0.0,"damage_taken":0.0},{"damage_healed":0.0,"max_hp_gain":0.0,"max_hp_loss":0.0,"gold_gain":0.0,"event_name":"Living Wall","player_choice":"Grow","floor":110.0,"gold_loss":0.0,"damage_taken":0.0,"cards_upgraded":["Thunderclap"]},{"damage_healed":0.0,"max_hp_gain":0.0,"max_hp_loss":0.0,"gold_gain":0.0,"event_name":"Designer","player_choice":"Upgrade","floor":134.0,"gold_loss":40.0,"damage_taken":0.0,"cards_upgraded":["infinitespire:DeathsTouch"]},{"damage_healed":0.0,"max_hp_gain":0.0,"max_hp_loss":0.0,"gold_gain":0.0,"event_name":"SecretPortal","player_choice":"Ignored","floor":138.0,"gold_loss":0.0,"damage_taken":0.0},{"damage_healed":0.0,"max_hp_gain":0.0,"max_hp_loss":0.0,"gold_gain":0.0,"event_name":"Mysterious Sphere","player_choice":"Fight","floor":146.0,"gold_loss":0.0,"damage_taken":0.0}],"is_beta":false,"boss_relics":[{"not_picked":["Coffee Dripper","Fusion Hammer"],"picked":"Mark of Pain"},{"not_picked":["hubris:CrackedHourglass","Runic Dome"],"picked":"Snecko Eye"},{"not_picked":["hubris:TerracottaHorce","Replay:Drink Me"],"picked":"Empty Cage"},{"not_picked":["Kintsugi","HailfireSword"],"picked":"hubris:ScarierMask"},{"not_picked":["Replay:Ancient Bell","hubris:Backtick"],"picked":"Calling Bell"},{"not_picked":["Honey Jar","Abe\u0027s Treasure"],"picked":"Busted Crown"},{"not_picked":["Abe\u0027s Treasure","HailfireSword"],"picked":"Philosopher\u0027s Stone"},{"not_picked":["Velvet Choker","ReplayTheSpireMod:DimensionalGlitch","Replay:Drink Me"]},{"not_picked":["hubris:VirtuousBlindfold","Replay:Grab Bag"],"picked":"CosmicIsotope"}],"items_purged_floors":[41,64,72,104,121,133,149],"is_endless":true,"potions_floor_spawned":[8,10,14,24,27,35,38,61,65,67,76,79,81,84,89,91,98,99,101,105,115,118,122,127,131,132,135,144,150,152],"killed_by":"The Heart","ascension_level":0}}