{"host":"mcdusr64esz012l0","time":1607688549,"event":{"mods":["BaseMod","Minty Spire (QoL Compilation)","Relic Stats"],"gold_per_floor":[114,134,149,149,35,35,79,79,79,79,117,37,60,60,60,149,149,188,188,203,242,257,325,2,2,2,2,21,86,20,44,44,138,138,183,40,40,12,36,36,74,93,93,93,93,0,0,0,0,0],"floor_reached":51,"playtime":3065,"items_purged":["Strike_P","Strike_P"],"score":1384,"play_id":"0f6e5972-85b9-4f77-aec2-090f22def1c7","local_time":"20201211070909","is_ascension_mode":true,"campfire_choices":[{"data":"Consecrate","floor":6,"key":"SMITH"},{"data":"Wireheading","floor":8,"key":"SMITH"},{"data":"JustLucky","floor":10,"key":"SMITH"},{"data":"FlurryOfBlows","floor":15,"key":"SMITH"},{"data":"TalkToTheHand","floor":27,"key":"SMITH"},{"data":"Wish","floor":32,"key":"SMITH"},{"data":"MentalFortress","floor":40,"key":"SMITH"},{"data":"EmptyMind","floor":45,"key":"SMITH"},{"data":"DevaForm","floor":49,"key":"SMITH"}],"circlet_count":0,"master_deck":["AscendersBane","Strike_P","Strike_P","Defend_P","Defend_P","Defend_P","Defend_P","Eruption","Vigilance","Consecrate+1","JustLucky+1","Wireheading+1","EmptyMind+1","ThirdEye","Tantrum","FlurryOfBlows+1","Wish+1","FearNoEvil","DeceiveReality","DevaForm+1","TalkToTheHand+1","Ghostly","Ghostly","Ghostly","Weave","MentalFortress+1","Ghostly","JustLucky","Consecrate+1","Parasite"],"relics":["Coffee Dripper","Golden Idol","InkBottle","Eternal Feather","Turnip","Runic Pyramid","Dead Branch","Membership Card","Toy Ornithopter","Mercury Hourglass","Unceasing Top","Philosopher\u0027s Stone","Meat on the Bone","Bottled Tornado","Mango","Red Mask","Shuriken"],"acts_visited":["Exordium","TheCity","TheBeyond"],"potions_floor_usage":[16,22,23,23,33,33,50],"damage_taken":[{"damage":1,"enemies":"Small Slimes","floor":1,"turns":5},{"damage":3,"enemies":"2 Louse","floor":2,"turns":2},{"damage":2,"enemies":"Cultist","floor":3,"turns":3},{"damage":20,"enemies":"3 Sentries","floor":7,"turns":8},{"damage":16,"enemies":"Gremlin Nob","floor":11,"turns":3},{"damage":10,"enemies":"Exordium Thugs","floor":13,"turns":5},{"damage":4,"enemies":"Slime Boss","floor":16,"turns":5},{"damage":0,"enemies":"3 Byrds","floor":18,"turns":4},{"damage":0,"enemies":"Chosen","floor":20,"turns":2},{"damage":2,"enemies":"Centurion and Healer","floor":21,"turns":4},{"damage":21,"enemies":"Shelled Parasite and Fungi","floor":22,"turns":4},{"damage":29,"enemies":"Slavers","floor":23,"turns":4},{"damage":0,"enemies":"3 Cultists","floor":28,"turns":4},{"damage":0,"enemies":"Gremlin Leader","floor":29,"turns":4},{"damage":3,"enemies":"Snake Plant","floor":31,"turns":4},{"damage":10,"enemies":"Automaton","floor":33,"turns":5},{"damage":14,"enemies":"3 Darklings","floor":35,"turns":5},{"damage":0,"enemies":"3 Shapes","floor":39,"turns":4},{"damage":0,"enemies":"Giant Head","floor":41,"turns":6},{"damage":9,"enemies":"Writhing Mass","floor":42,"turns":4},{"damage":40,"enemies":"Awakened One","floor":50,"turns":9}],"seed_played":"9093254827427367960","potions_obtained":[{"floor":1,"key":"Energy Potion"},{"floor":13,"key":"GamblersBrew"},{"floor":18,"key":"PowerPotion"},{"floor":19,"key":"PowerPotion"},{"floor":22,"key":"Dexterity Potion"},{"floor":23,"key":"DistilledChaos"},{"floor":33,"key":"FairyPotion"},{"floor":35,"key":"Dexterity Potion"}],"is_trial":false,"path_per_floor":["M","M","M","?","$","R","E","R","T","R","E","$","M","?","R","B",null,"M","?","M","M","M","E","$","?","T","R","M","E","$","M","R","B",null,"M","$","?","$","M","R","E","M","T","?","R","?","T","?","R","B",null],"character_chosen":"WATCHER","items_purchased":["Wireheading","Tantrum","Membership Card","TalkToTheHand","Toy Ornithopter","MentalFortress","Strength Potion","Meat on the Bone","JustLucky"],"campfire_rested":0,"item_purchase_floors":[5,12,24,24,24,30,30,36,38],"current_hp_per_floor":[60,57,55,55,55,55,35,35,35,41,25,25,15,35,44,40,57,57,57,57,55,34,5,5,5,5,17,17,17,17,14,29,21,29,15,15,15,15,27,31,31,22,36,36,43,43,43,43,43,19],"gold":0,"neow_bonus":"BOSS_RELIC","is_daily":false,"chose_seed":false,"campfire_upgraded":9,"win_rate":0.0,"timestamp":1607688549,"path_taken":["M","M","M","?","$","R","E","R","T","R","E","$","M","?","R","BOSS","M","?","M","?","M","E","$","?","T","R","M","E","$","M","R","BOSS","M","$","?","$","M","R","E","?","T","?","R","?","?","?","R","BOSS"],"items_purchased_type":["Card","Card","Relic","Card","Relic","Card","Potion","Relic","Card"],"build_version":"2020-11-30","purchased_purges":2,"victory":true,"max_hp_per_floor":[68,68,68,62,62,62,62,62,62,62,62,62,62,62,62,62,62,62,62,62,62,62,62,62,31,31,31,31,31,31,31,31,31,31,31,31,31,31,31,31,31,31,45,43,43,43,43,43,43,43],"relic_stats":{"counters":[21,92],"Golden Idol":136,"Shuriken":[9],"Dead Branch":[66],"Eternal Feather":53,"Turnip":[6],"obtain_stats":[{"Golden Idol":4,"Dead Branch":23,"Eternal Feather":9,"Mango":43,"Bottled Tornado":41,"Mercury Hourglass":26,"Shuriken":47,"Philosopher\u0027s Stone":34,"Turnip":11,"Coffee Dripper":0,"Red Mask":46,"Membership Card":24,"PureWater":0,"InkBottle":7,"Toy Ornithopter":24,"Unceasing Top":29,"Runic Pyramid":17,"Meat on the Bone":36},{"Golden Idol":3,"Dead Branch":12,"Eternal Feather":4,"Mango":20,"Bottled Tornado":19,"Mercury Hourglass":12,"Shuriken":20,"Philosopher\u0027s Stone":16,"Turnip":5,"Coffee Dripper":0,"Red Mask":20,"Membership Card":12,"PureWater":0,"InkBottle":4,"Toy Ornithopter":12,"Unceasing Top":14,"Runic Pyramid":7,"Meat on the Bone":17},{"Golden Idol":10,"Dead Branch":49,"Eternal Feather":18,"Mango":83,"Bottled Tornado":79,"Mercury Hourglass":49,"Shuriken":83,"Philosopher\u0027s Stone":65,"Turnip":21,"Coffee Dripper":0,"Red Mask":83,"Membership Card":49,"PureWater":0,"InkBottle":18,"Toy Ornithopter":49,"Unceasing Top":56,"Runic Pyramid":31,"Meat on the Bone":70}],"InkBottle":[41],"Toy Ornithopter":6,"Unceasing Top":[0],"Mercury Hourglass":[210],"Meat on the Bone":24},"card_choices":[{"not_picked":["EmptyMind","Fasting2","PathToVictory"],"picked":"SKIP","floor":1},{"not_picked":["SashWhip","Prostrate"],"picked":"Consecrate","floor":2},{"not_picked":["SashWhip","Consecrate"],"picked":"JustLucky","floor":3},{"not_picked":["InnerPeace","BowlingBash"],"picked":"EmptyMind","floor":7},{"not_picked":["EmptyBody","FlurryOfBlows"],"picked":"ThirdEye","floor":11},{"not_picked":["Tantrum","Crescendo"],"picked":"FlurryOfBlows","floor":13},{"not_picked":["Blasphemy","DevaForm"],"picked":"Wish","floor":16},{"not_picked":["BowlingBash","FollowUp","Consecrate"],"picked":"SKIP","floor":18},{"not_picked":["Prostrate","Consecrate"],"picked":"FearNoEvil","floor":20},{"not_picked":["FlurryOfBlows","CutThroughFate","FlyingSleeves"],"picked":"SKIP","floor":21},{"not_picked":["Meditate","Evaluate"],"picked":"DeceiveReality","floor":22},{"not_picked":["BowlingBash","FollowUp+1"],"picked":"DevaForm","floor":23},{"not_picked":["Crescendo","FlurryOfBlows","Sanctity"],"picked":"SKIP","floor":28},{"not_picked":["WaveOfTheHand","Prostrate"],"picked":"Weave","floor":29},{"not_picked":["CarveReality","Alpha","EmptyFist"],"picked":"SKIP","floor":31},{"not_picked":["Adaptation","Swivel","FlurryOfBlows"],"picked":"SKIP","floor":35},{"not_picked":["PathToVictory","WaveOfTheHand","FollowUp+1"],"picked":"SKIP","floor":39},{"not_picked":["Protect","SpiritShield"],"picked":"Consecrate+1","floor":41},{"not_picked":["Swivel","CutThroughFate+1","EmptyFist+1"],"picked":"SKIP","floor":42}],"player_experience":979762,"relics_obtained":[{"floor":7,"key":"InkBottle"},{"floor":9,"key":"Eternal Feather"},{"floor":11,"key":"Turnip"},{"floor":23,"key":"Dead Branch"},{"floor":26,"key":"Mercury Hourglass"},{"floor":29,"key":"Unceasing Top"},{"floor":41,"key":"Bottled Tornado"},{"floor":43,"key":"Mango"},{"floor":47,"key":"Shuriken"}],"event_choices":[{"damage_healed":0,"gold_gain":0,"player_choice":"Lose Max HP","damage_taken":0,"relics_obtained":["Golden Idol"],"max_hp_gain":0,"max_hp_loss":6,"event_name":"Golden Idol","floor":4,"gold_loss":0},{"damage_healed":20,"gold_gain":0,"player_choice":"Banana","damage_taken":0,"max_hp_gain":0,"max_hp_loss":0,"event_name":"Big Fish","floor":14,"gold_loss":0},{"damage_healed":0,"gold_gain":0,"player_choice":"Got Potions","damage_taken":0,"max_hp_gain":0,"max_hp_loss":0,"event_name":"Lab","floor":19,"gold_loss":0},{"damage_healed":0,"gold_gain":0,"player_choice":"Became a Ghost","damage_taken":0,"max_hp_gain":0,"max_hp_loss":31,"event_name":"Ghosts","floor":25,"gold_loss":0,"cards_obtained":["Ghostly","Ghostly","Ghostly"]},{"damage_healed":0,"gold_gain":0,"player_choice":"Copied","damage_taken":0,"max_hp_gain":0,"max_hp_loss":0,"event_name":"Duplicator","floor":37,"gold_loss":0,"cards_obtained":["Ghostly"]},{"damage_healed":0,"gold_gain":0,"player_choice":"Max HP","damage_taken":0,"max_hp_gain":0,"max_hp_loss":2,"event_name":"Winding Halls","floor":44,"gold_loss":0},{"damage_healed":0,"gold_gain":0,"player_choice":"Paid","damage_taken":0,"relics_obtained":["Red Mask"],"max_hp_gain":0,"max_hp_loss":0,"event_name":"Tomb of Lord Red Mask","floor":46,"gold_loss":93},{"damage_healed":0,"gold_gain":0,"player_choice":"Ignored","damage_taken":0,"max_hp_gain":0,"max_hp_loss":0,"event_name":"Mysterious Sphere","floor":48,"gold_loss":0}],"is_beta":false,"boss_relics":[{"not_picked":["VioletLotus","Astrolabe"],"picked":"Runic Pyramid"},{"not_picked":["SlaversCollar","SacredBark"],"picked":"Philosopher\u0027s Stone"}],"items_purged_floors":[5,24],"is_endless":false,"potions_floor_spawned":[1,13,18,22,23,33,35,39,41],"ascension_level":17}}