{"host":"fhq3k2nq5elnbks3","time":1607717164,"event":{"mods":["2.2 Compatiblity","AchievementEnabler","Act Like it!","AlwaysNeverKeys","Aspiration","Astrologer","Bard","Bartender","BaseMod","Better Altar","Better Skull","Better Vampires","Better-Laid Plans","CCEM","CapriCore","Card Filter","CatGirl Mod","Chen","Colored Powertips","Displayed Cursed Tome","Ekko","Eldritch Tears","Emptier Cage","Fiend Mod","Fireblade Mod","Friendly Minions","FutureSeer","GifTheSpireLib","Gremlin Skip","Hallownest","Hermit","HololiveMod","Hunter ??","Koishi","Mad Scientist","Minty Spire (QoL Compilation)","Onozuka Komachi Mod","Permanent Neow","Potionbrewer","Prisma Mod","Quick Restart","READ ME - Guardian Mod","Reimu??????","Relic Filter","Robot Space Explorer","Shop Mod","Somnambulant","Spikes Relics","StSLib","SuperFastMode","The Animator","The Bug Knight","The Gatherer","The Hierophant","The Immortal","The Necromancer","The Runesmith","The Trickster","The Valiant","The Wild Card","TheBandit","TheFirefly","Transform Curses","Uncapped","Unknown Chances","Virulent Crown","Yohane!","Yuri Mod","Yuyuko","thorton","vexMod"],"gold_per_floor":[215,290,300,300,315,315,350,367,392,392,406,430,157,167,167,167,167],"floor_reached":16,"playtime":1733,"items_purged":["Pain"],"score":102,"play_id":"345ca82f-5e39-42ff-a356-df2ff10d71fb","local_time":"20201211140604","is_ascension_mode":false,"campfire_choices":[{"data":"Komachi:FlowRiver","floor":6,"key":"SMITH"},{"data":"Komachi:Bound","floor":10,"key":"SMITH"},{"data":"Komachi:FellowTraveler","floor":15,"key":"SMITH"}],"circlet_count":0,"master_deck":["Komachi:Strike","Komachi:Strike","Komachi:Strike","Komachi:Strike","Komachi:Defend","Komachi:Defend","Komachi:Defend","Komachi:Defend","Komachi:Bound+1","Komachi:ReaperScythe","Komachi:FlowRiver+1","Komachi:SpiritBlade+1","Komachi:FellowTraveler+1"],"relics":["Komachi:Relic:FerryingBoat","WarpedTongs","Bag of Preparation","MerchantsRug","potionbrewer:Torch"],"acts_visited":["Exordium"],"potions_floor_usage":[12],"damage_taken":[{"damage":0,"enemies":"Jaw Worm","floor":1,"turns":7},{"damage":14,"enemies":"Cultist","floor":3,"turns":6},{"damage":1,"enemies":"2 Louse","floor":5,"turns":3},{"damage":30,"enemies":"3 Sentries","floor":7,"turns":11},{"damage":2,"enemies":"2 Fungi Beasts","floor":8,"turns":4},{"damage":3,"enemies":"Looter","floor":11,"turns":3},{"damage":0,"enemies":"Red Slaver","floor":14,"turns":6},{"damage":21,"enemies":"The Guardian","floor":16,"turns":9}],"seed_played":"-7542925803905363003","potions_obtained":[{"floor":5,"key":"potionbrewer:BlacksmithPotion"},{"floor":7,"key":"potionbrewer:CleansingPotion"},{"floor":8,"key":"Weak Potion"}],"is_trial":false,"path_per_floor":["M","?","M","?","M","R","E","M","T","R","M","T","$","M","R","B"],"character_chosen":"KOMACHI_CLASS","items_purchased":["MerchantsRug","potionbrewer:Torch"],"campfire_rested":0,"item_purchase_floors":[13,13],"current_hp_per_floor":[75,64,50,50,49,49,19,17,17,17,14,21,21,21,21,0,0],"gold":167,"neow_bonus":"HUNDRED_GOLD","is_daily":false,"chose_seed":false,"campfire_upgraded":3,"win_rate":0.0,"timestamp":1607717164,"path_taken":["M","?","M","?","M","R","E","?","T","R","M","?","$","M","R","BOSS"],"items_purchased_type":["Relic","Relic"],"build_version":"2020-11-30","purchased_purges":1,"victory":false,"max_hp_per_floor":[75,75,75,75,75,75,75,75,75,75,75,82,82,82,82,82,82],"card_choices":[{"not_picked":["Komachi:FullSwing","Komachi:VengefulSpirit"],"picked":"Komachi:FlowRiver","floor":1},{"not_picked":["Komachi:EaseRest","Komachi:PowerSharing","Komachi:EndlessWay"],"picked":"SKIP","floor":3},{"not_picked":["Komachi:GhostlyChain","Komachi:GhostlyBarrier","Komachi:SinnerSpirit"],"picked":"SKIP","floor":5},{"not_picked":["Komachi:SinnerSpirit","Komachi:Shortcut","Komachi:Memento"],"picked":"SKIP","floor":7},{"not_picked":["Komachi:Shortcut","Komachi:GreedySpirit","Komachi:HungrySpirit"],"picked":"SKIP","floor":8},{"not_picked":["Komachi:TasteDeath","Komachi:FullSwing"],"picked":"Komachi:SpiritBlade","floor":11},{"not_picked":["Komachi:WanderingSpirits","Komachi:FlowRiver"],"picked":"Komachi:FellowTraveler","floor":14}],"player_experience":491188,"relics_obtained":[{"floor":7,"key":"Bag of Preparation"},{"floor":9,"key":"Regal Pillow"},{"floor":12,"key":"Strawberry"}],"event_choices":[{"damage_healed":0,"gold_gain":75,"player_choice":"Gather Gold","damage_taken":11,"max_hp_gain":0,"max_hp_loss":0,"event_name":"World of Goop","floor":2,"gold_loss":0},{"damage_healed":0,"gold_gain":0,"player_choice":"Rummage","damage_taken":0,"relics_obtained":["WarpedTongs"],"max_hp_gain":0,"max_hp_loss":0,"event_name":"Accursed Blacksmith","floor":4,"gold_loss":0,"cards_obtained":["Pain"]}],"is_beta":false,"boss_relics":[],"items_purged_floors":[13],"is_endless":false,"potions_floor_spawned":[5,7,8],"killed_by":"The Guardian","ascension_level":0}}