{"host":"tst5pjz7m60hr0pr","time":1607662328,"event":{"mods":["AchievementEnabler","Act Like it!","Aspiration","Bard","BaseMod","Beaked The Cultist","Better Altar","Better Match","Better Note","Better Sensory Stone","Better Skull","Better Third Choice","BetterRewards","CCEM","Clawfect","Colored Map","Conspire","Downfall","GifTheSpireLib","Googly Eyes","Halation","Hallownest","Hermit","Highlight Path","Hubris","Hunter ??","Infinite Spire","Jedi Mod","Marisa????????","Mimic Mod","Minty Spire (QoL Compilation)","Permanent Neow","Replay The Spire","Shade Mod","Shop Mod","Spicy Shops","StSLib","Stuff the Spire","The Administrix","The Blackbeard","The Bug Knight","The Cursed","The Disciple","The IronCluck","The Jungle","The Mystic","The Necromancer","The Problem Sleuth","The Runesmith","The Servant 0.9.4","The Spell Scribe","Unceasing Turn Reminder","everything is the same but u backflip on backflip","slay the spire mod where everything is the same but ironclad has a cowboy hat"],"gold_per_floor":[111,111,129,24,38,38,38,38,38,1,24,43,71,91,108,122,122,225,225,238,238,249,249,259,259,259],"floor_reached":25,"playtime":1997,"items_purged":[],"score":205,"play_id":"4d45722d-77f0-4e55-a19e-5c3600e21044","local_time":"20201210225208","is_ascension_mode":false,"campfire_choices":[{"data":"Shade:AnimateDead","floor":8,"key":"SMITH"},{"data":"Shade:AuraOfUnlife","floor":17,"key":"SMITH"}],"circlet_count":0,"master_deck":["Shade:Strike_Shade","Shade:Strike_Shade","Shade:Strike_Shade","Shade:Strike_Shade","Shade:Defend_Shade","Shade:Defend_Shade","Shade:Defend_Shade","Shade:Defend_Shade","Shade:AnimateDead+1","Shade:CarefulCut","Shade:StitchTogether","Shade:AncientSpear","Shade:CommandSoldier","Shade:DarkOfNight","Shade:LyeBath","Shade:FuneraryJewels","Shade:FreshBones","Shade:Bonestorm","Shade:CoffinDance","Shade:AuraOfUnlife+1","Shade:Coordination","Shade:SkeletonArmy","Shade:FuneraryArmor","Shade:FleshToFlesh+1"],"relics":["Shade:YorickSkull","aspiration:Nostalgia","TheCursedMod:BlackMagic101","StuffTheSpire:Barrel","HollowMod:StagPassRelic","Boot","conspire:TopHat","hubris:RunicObelisk","CCEMRelics:GrapeVine"],"acts_visited":["Exordium","TheCity"],"potions_floor_usage":[18,24],"damage_taken":[{"damage":0,"enemies":"Jaw Worm","floor":1,"turns":4},{"damage":0,"enemies":"Cultist","floor":3,"turns":4},{"damage":0,"enemies":"Small Slimes","floor":5,"turns":2},{"damage":14,"enemies":"Gremlin Gang","floor":12,"turns":4},{"damage":4,"enemies":"Lagavulin","floor":13,"turns":4},{"damage":6,"enemies":"Looter","floor":14,"turns":3},{"damage":0,"enemies":"3 Louse","floor":15,"turns":2},{"damage":2,"enemies":"Large Slime","floor":16,"turns":4},{"damage":16,"enemies":"Slime Boss","floor":18,"turns":4},{"damage":6,"enemies":"Chosen","floor":20,"turns":4},{"damage":14,"enemies":"3 Byrds","floor":22,"turns":4},{"damage":9,"enemies":"Centurion and Healer","floor":24,"turns":5},{"damage":49,"enemies":"Slavers","floor":25,"turns":3}],"seed_played":"4146328960475852531","potions_obtained":[{"floor":1,"key":"hexamod:EctoCoolerPotion"},{"floor":12,"key":"PowerPotion"},{"floor":13,"key":"SpeedPotion"},{"floor":20,"key":"AttackPotion"}],"is_trial":false,"path_per_floor":["M","?","M","$","M","PTL","PTL","R","T","$","T","M","E","M","M","M","R","B",null,"M","?","M","?","M","E"],"character_chosen":"SHADE","items_purchased":["StuffTheSpire:Barrel","Shade:CommandSoldier","Shade:LyeBath"],"campfire_rested":0,"item_purchase_floors":[4,4,10],"current_hp_per_floor":[65,65,65,65,65,65,65,65,65,65,65,59,63,65,65,63,63,54,65,65,65,51,51,42,0,0],"gold":259,"neow_bonus":"NOSTALGIA","is_daily":false,"chose_seed":false,"campfire_upgraded":2,"win_rate":0.0,"timestamp":1607662328,"path_taken":["M","?","?","?","M","PTL","PTL","R","?","?","T","?","E","M","M","M","R","BOSS","M","?","M","?","M","E"],"items_purchased_type":["Relic","Card","Card"],"build_version":"2020-11-30","purchased_purges":0,"victory":false,"max_hp_per_floor":[65,65,65,65,65,65,65,65,65,65,65,65,65,65,65,65,65,65,65,65,65,65,65,65,65,65],"card_choices":[{"not_picked":["Shade:AblativeArmor","Shade:BoneShards"],"picked":"Shade:StitchTogether","floor":1},{"not_picked":["Shade:FleshLikeOak","Shade:Premonition"],"picked":"Shade:AncientSpear","floor":3},{"not_picked":["Shade:Trample","Shade:Carnophage"],"picked":"Shade:DarkOfNight","floor":5},{"not_picked":["Shade:Tombstone","Shade:FeralStrike"],"picked":"Shade:FuneraryJewels","floor":12},{"not_picked":["Shade:LastGasp","Shade:FuneraryArmor"],"picked":"Shade:FreshBones","floor":13},{"not_picked":["Shade:GreyBargain","Shade:Carnophage"],"picked":"Shade:Bonestorm","floor":14},{"not_picked":["Shade:SpontaneousRitual","Shade:SkeletonHug"],"picked":"Shade:CoffinDance","floor":15},{"not_picked":["Shade:CoffinDance","Shade:SkeletonHug"],"picked":"Shade:AuraOfUnlife","floor":16},{"not_picked":["Shade:OminousRitual","Shade:LoseControl"],"picked":"Shade:Coordination","floor":18},{"not_picked":["Shade:DangerousRitual+1","Shade:CoffinDance"],"picked":"Shade:SkeletonArmy","floor":20},{"not_picked":["Shade:Premonition","Shade:FeralStrike"],"picked":"Shade:FuneraryArmor","floor":22},{"not_picked":["Shade:StitchTogether+1","Shade:GreyBargain+1"],"picked":"Shade:FleshToFlesh+1","floor":24}],"player_experience":248599,"relics_obtained":[{"floor":9,"key":"HollowMod:StagPassRelic"},{"floor":11,"key":"Boot"},{"floor":13,"key":"conspire:TopHat"}],"event_choices":[{"damage_healed":0,"gold_gain":0,"player_choice":"Full Heal","damage_taken":0,"max_hp_gain":0,"max_hp_loss":0,"event_name":"Wheel of Change","floor":2,"gold_loss":0},{"damage_healed":0,"gold_gain":0,"player_choice":"Gave Potion","damage_taken":0,"relics_obtained":["CCEMRelics:GrapeVine"],"max_hp_gain":0,"max_hp_loss":0,"event_name":"WeMeetAgain","floor":21,"gold_loss":0},{"damage_healed":0,"gold_gain":0,"player_choice":"Ignored","damage_taken":0,"max_hp_gain":0,"max_hp_loss":0,"event_name":"betterNote:BetterNote","floor":23,"gold_loss":0,"cards_obtained":["hermit:Strike_Hermit"]}],"is_beta":false,"boss_relics":[{"not_picked":["Runic Pyramid","aspiration:RunicSpoon"],"picked":"hubris:RunicObelisk"}],"items_purged_floors":[],"is_endless":false,"potions_floor_spawned":[1,12,13,15,20],"killed_by":"Slavers","ascension_level":0}}