{"host":"0o4jkshs65tojivq","time":1607660955,"event":{"mods":["AchievementEnabler","BaseMod","Filter the Spire","Minty Spire (QoL Compilation)","Quick Restart","Random Character Button","Relic Stats","Slay the Relics Exporter","StSLib"],"gold_per_floor":[14,289,46,46,46,66,77,106,129,141,141,151,166,166,166],"floor_reached":14,"playtime":330,"items_purged":["Regret"],"score":179,"play_id":"7bf35b9c-1c83-400a-9f45-0bc0b3df8072","local_time":"20201210202915","is_ascension_mode":true,"campfire_choices":[{"data":"Beam Cell","floor":11,"key":"SMITH"}],"circlet_count":0,"master_deck":["AscendersBane","Strike_B","Strike_B+1","Strike_B+1","Strike_B","Defend_B","Defend_B","Defend_B","Ball Lightning","Ball Lightning","Cold Snap","Scrape","Beam Cell+1","Cold Snap"],"relics":["Cracked Core","DataDisk","Strawberry","Whetstone"],"acts_visited":["Exordium"],"potions_floor_usage":[10],"damage_taken":[{"damage":16,"enemies":"2 Louse","floor":1,"turns":4},{"damage":6,"enemies":"Cultist","floor":6,"turns":3},{"damage":0,"enemies":"Small Slimes","floor":7,"turns":2},{"damage":5,"enemies":"Gremlin Nob","floor":8,"turns":3},{"damage":12,"enemies":"Gremlin Gang","floor":10,"turns":2},{"damage":8,"enemies":"Blue Slaver","floor":12,"turns":2},{"damage":9,"enemies":"Large Slime","floor":13,"turns":2},{"damage":20,"enemies":"3 Sentries","floor":14,"turns":2}],"seed_played":"3014641716583522004","potions_obtained":[{"floor":1,"key":"EssenceOfDarkness"},{"floor":7,"key":"Dexterity Potion"},{"floor":10,"key":"BlessingOfTheForge"}],"is_trial":false,"path_per_floor":["M","?","$","?","?","M","M","E","T","M","R","M","M","E"],"character_chosen":"DEFECT","items_purchased":["DataDisk"],"campfire_rested":0,"item_purchase_floors":[3],"current_hp_per_floor":[48,48,48,48,48,42,42,44,44,32,32,24,15,0,0],"gold":166,"neow_bonus":"REMOVE_TWO","is_daily":false,"chose_seed":false,"campfire_upgraded":1,"win_rate":0.0,"timestamp":1607660955,"path_taken":["M","?","?","?","?","M","M","E","T","?","R","M","M","E"],"items_purchased_type":["Relic"],"build_version":"2020-11-30","purchased_purges":1,"victory":false,"max_hp_per_floor":[71,71,71,71,71,71,71,78,78,78,78,78,78,78,78],"relic_stats":{"counters":[8,20],"Whetstone":["Strike_B","Strike_B"],"obtain_stats":[{"DataDisk":3,"Strawberry":8,"Whetstone":9,"Cracked Core":0},{"DataDisk":1,"Strawberry":4,"Whetstone":4,"Cracked Core":0},{"DataDisk":4,"Strawberry":12,"Whetstone":12,"Cracked Core":0}]},"card_choices":[{"not_picked":["Chill","Streamline"],"picked":"Ball Lightning","floor":1},{"not_picked":["Gash","Hologram"],"picked":"Cold Snap","floor":6},{"not_picked":["Fusion","Gash"],"picked":"Scrape","floor":7},{"not_picked":["Genetic Algorithm","Conserve Battery","Redo"],"picked":"SKIP","floor":8},{"not_picked":["Rip and Tear","Auto Shields"],"picked":"Beam Cell","floor":10},{"not_picked":["Turbo","White Noise"],"picked":"Cold Snap","floor":12},{"not_picked":["Steam Power","Steam","Turbo"],"picked":"SKIP","floor":13}],"player_experience":1067501,"relics_obtained":[{"floor":8,"key":"Strawberry"},{"floor":9,"key":"Whetstone"}],"event_choices":[{"damage_healed":0,"gold_gain":275,"player_choice":"Desecrate","damage_taken":0,"max_hp_gain":0,"max_hp_loss":0,"event_name":"Golden Shrine","floor":2,"gold_loss":0,"cards_obtained":["Regret"]},{"cards_removed":["Defend_B"],"damage_healed":0,"gold_gain":0,"player_choice":"Forget","damage_taken":0,"max_hp_gain":0,"max_hp_loss":0,"event_name":"Living Wall","floor":4,"gold_loss":0},{"damage_healed":0,"gold_gain":0,"player_choice":"1 cards matched","damage_taken":0,"max_hp_gain":0,"max_hp_loss":0,"event_name":"Match and Keep!","floor":5,"gold_loss":0,"cards_obtained":["Ball Lightning"]}],"is_beta":false,"boss_relics":[],"items_purged_floors":[3],"is_endless":false,"potions_floor_spawned":[1,7,10],"killed_by":"3 Sentries","ascension_level":19}}