{"host":"cjhtzh7tp54jdfyv","time":1607712063,"event":{"mods":["BaseMod","Minty Spire (QoL Compilation)"],"gold_per_floor":[111,123,142,142,153,179,199,35,35,35,55,55,70,104,104,179,179,197,217,229,240,258,258,258],"floor_reached":23,"playtime":2383,"items_purged":["Strike_G"],"score":418,"play_id":"774b6bda-981d-4df6-9e2b-76ae8bff90ba","local_time":"20201211134103","is_ascension_mode":true,"campfire_choices":[{"floor":10,"key":"REST"},{"floor":12,"key":"REST"},{"data":"Caltrops","floor":15,"key":"SMITH"}],"circlet_count":0,"master_deck":["AscendersBane","Strike_G","Strike_G","Strike_G","Strike_G","Defend_G","Defend_G","Defend_G","Defend_G","Defend_G","Survivor","Neutralize","Dagger Throw","Leg Sweep","Blade Dance","Quick Slash","Blur","Well Laid Plans","Caltrops+1","Poisoned Stab","Backflip","Die Die Die","Backstab+1","PiercingWail","Acrobatics+1","Blade Dance","Leg Sweep"],"relics":["Sozu","Torii","Gremlin Horn","Omamori","SlaversCollar"],"acts_visited":["Exordium","TheCity"],"potions_floor_usage":[],"damage_taken":[{"damage":7,"enemies":"Small Slimes","floor":1,"turns":5},{"damage":0,"enemies":"2 Louse","floor":2,"turns":3},{"damage":3,"enemies":"Cultist","floor":3,"turns":4},{"damage":1,"enemies":"2 Fungi Beasts","floor":5,"turns":4},{"damage":33,"enemies":"Lagavulin","floor":6,"turns":10},{"damage":18,"enemies":"Exordium Thugs","floor":7,"turns":5},{"damage":1,"enemies":"Looter","floor":11,"turns":4},{"damage":0,"enemies":"Exordium Wildlife","floor":13,"turns":4},{"damage":2,"enemies":"3 Sentries","floor":14,"turns":8},{"damage":13,"enemies":"Hexaghost","floor":16,"turns":12},{"damage":8,"enemies":"Shell Parasite","floor":18,"turns":5},{"damage":20,"enemies":"Spheric Guardian","floor":19,"turns":6},{"damage":20,"enemies":"Snecko","floor":20,"turns":6},{"damage":7,"enemies":"Snake Plant","floor":21,"turns":6},{"damage":1,"enemies":"3 Cultists","floor":22,"turns":6},{"damage":8,"enemies":"Book of Stabbing","floor":23,"turns":1}],"seed_played":"3004885063526204738","potions_obtained":[],"is_trial":false,"path_per_floor":["M","M","M","?","M","E","M","$","T","R","M","R","M","E","R","B",null,"M","M","M","M","M","E"],"character_chosen":"THE_SILENT","items_purchased":["Caltrops"],"campfire_rested":2,"item_purchase_floors":[8],"current_hp_per_floor":[52,52,49,54,53,20,2,2,2,23,22,43,43,41,41,28,60,52,32,12,5,4,0,0],"gold":258,"neow_bonus":"BOSS_RELIC","is_daily":false,"chose_seed":false,"campfire_upgraded":1,"win_rate":0.0,"timestamp":1607712063,"path_taken":["M","M","M","?","M","E","M","$","T","R","M","R","M","E","R","BOSS","M","M","M","M","M","E"],"items_purchased_type":["Card"],"build_version":"2020-11-30","purchased_purges":1,"victory":false,"max_hp_per_floor":[66,66,66,71,71,71,71,71,71,71,71,71,71,71,71,71,71,71,71,71,71,71,71,71],"card_choices":[{"not_picked":["Underhanded Strike","Eviscerate"],"picked":"Dagger Throw","floor":1},{"not_picked":["Dodge and Roll","Deadly Poison"],"picked":"Leg Sweep","floor":2},{"not_picked":["Deflect","Finisher"],"picked":"Blade Dance","floor":3},{"not_picked":["Masterful Stab","Acrobatics"],"picked":"Quick Slash","floor":5},{"not_picked":["Cloak And Dagger","Deflect"],"picked":"Blur","floor":6},{"not_picked":["Die Die Die","Blade Dance"],"picked":"Well Laid Plans","floor":7},{"not_picked":["Deflect","Masterful Stab","Quick Slash"],"picked":"SKIP","floor":11},{"not_picked":["Underhanded Strike","PiercingWail"],"picked":"Poisoned Stab","floor":13},{"not_picked":["Dagger Throw","Eviscerate"],"picked":"Backflip","floor":14},{"not_picked":["Unload","Storm of Steel"],"picked":"Die Die Die","floor":16},{"not_picked":["Flying Knee","Choke"],"picked":"Backstab+1","floor":18},{"not_picked":["Dagger Throw","Cloak And Dagger"],"picked":"PiercingWail","floor":19},{"not_picked":["Outmaneuver","Concentrate+1"],"picked":"Acrobatics+1","floor":20},{"not_picked":["Acrobatics","Dodge and Roll"],"picked":"Blade Dance","floor":21},{"not_picked":["Eviscerate","Bane"],"picked":"Leg Sweep","floor":22}],"player_experience":4130023,"relics_obtained":[{"floor":6,"key":"Torii"},{"floor":9,"key":"Gremlin Horn"},{"floor":14,"key":"Omamori"}],"event_choices":[{"damage_healed":0,"gold_gain":0,"player_choice":"Donut","damage_taken":0,"max_hp_gain":5,"max_hp_loss":0,"event_name":"Big Fish","floor":4,"gold_loss":0}],"is_beta":false,"boss_relics":[{"not_picked":["SacredBark","WristBlade"],"picked":"SlaversCollar"}],"items_purged_floors":[8],"is_endless":false,"potions_floor_spawned":[1,3,5,7,13,20,22],"killed_by":"Book of Stabbing","ascension_level":20}}