{"host":"wshh0nphwn6jv7vj","time":1607679934,"event":{"mods":["BaseMod","Bestiary","Minty Spire (QoL Compilation)"],"gold_per_floor":[110,110,110,126,126,126,156,156,156,156,156,174,99,132,132,206,206,225,140,140,155,30,62,72,122,122,122,122],"floor_reached":27,"playtime":1286,"items_purged":["Twin Strike+1"],"score":459,"play_id":"84f626d4-3a81-410b-9590-4173f9208c81","local_time":"20201211044534","is_ascension_mode":true,"campfire_choices":[{"floor":6,"key":"REST"},{"data":"Twin Strike","floor":8,"key":"SMITH"},{"data":"Shrug It Off","floor":11,"key":"SMITH"},{"floor":15,"key":"RECALL"}],"circlet_count":0,"master_deck":["AscendersBane","Bash","Clash+1","Shrug It Off+1","Cleave","Havoc+1","Double Tap+1","Iron Wave","Warcry+1","Flame Barrier+1","Sentinel+1","Fire Breathing","Evolve","Juggernaut","Second Wind+1","True Grit+1","RitualDagger","Infernal Blade+1","Wild Strike","Flame Barrier+1"],"relics":["Burning Blood","NeowsBlessing","NlothsMask","Meat on the Bone","Toy Ornithopter","Toxic Egg 2","Pandora\u0027s Box","War Paint","StrikeDummy","Bottled Tornado"],"acts_visited":["Exordium","TheCity"],"potions_floor_usage":[16,23],"damage_taken":[{"damage":0,"enemies":"2 Louse","floor":1,"turns":2},{"damage":0,"enemies":"Small Slimes","floor":4,"turns":1},{"damage":0,"enemies":"Lagavulin","floor":7,"turns":2},{"damage":0,"enemies":"Cultist","floor":12,"turns":3},{"damage":21,"enemies":"3 Sentries","floor":14,"turns":8},{"damage":65,"enemies":"The Guardian","floor":16,"turns":9},{"damage":3,"enemies":"Shell Parasite","floor":18,"turns":5},{"damage":1,"enemies":"Chosen","floor":21,"turns":6},{"damage":23,"enemies":"Slavers","floor":23,"turns":5},{"damage":34,"enemies":"Snake Plant","floor":24,"turns":4},{"damage":46,"enemies":"Gremlin Leader","floor":27,"turns":7}],"seed_played":"-8683313167920446404","potions_obtained":[{"floor":7,"key":"Ancient Potion"},{"floor":12,"key":"BloodPotion"},{"floor":18,"key":"BlessingOfTheForge"},{"floor":21,"key":"HeartOfIron"}],"is_trial":false,"path_per_floor":["M","?","?","M","?","R","E","R","T","?","R","M","?","E","R","B",null,"M","?","?","M","$","E","M","?","T","E"],"character_chosen":"IRONCLAD","items_purchased":["Wild Strike"],"campfire_rested":1,"item_purchase_floors":[22],"current_hp_per_floor":[74,51,51,57,39,61,67,67,67,72,72,78,78,63,63,37,69,72,72,66,71,71,59,43,43,43,0,0],"gold":122,"neow_bonus":"THREE_ENEMY_KILL","is_daily":false,"chose_seed":false,"campfire_upgraded":2,"win_rate":0.0,"timestamp":1607679934,"path_taken":["M","?","?","?","?","R","E","R","T","?","R","M","?","E","R","BOSS","M","?","?","M","$","E","M","?","T","E"],"items_purchased_type":["Card"],"build_version":"2020-11-30","purchased_purges":1,"victory":false,"max_hp_per_floor":[75,75,75,75,75,75,75,75,75,80,80,80,80,80,80,80,80,80,80,80,80,80,80,80,80,80,80,80],"card_choices":[{"not_picked":["Havoc","Flex"],"picked":"Clash","floor":1},{"not_picked":["Wild Strike","Second Wind"],"picked":"Shrug It Off","floor":4},{"not_picked":["Armaments","Rupture"],"picked":"Twin Strike","floor":7},{"not_picked":["Clothesline","Sentinel"],"picked":"Cleave","floor":12},{"not_picked":["Sentinel+1","Body Slam"],"picked":"Havoc+1","floor":14},{"not_picked":["Immolate","Barricade"],"picked":"Double Tap+1","floor":16},{"not_picked":["Body Slam","Hemokinesis"],"picked":"True Grit+1","floor":18},{"not_picked":["Body Slam","Clothesline"],"picked":"Infernal Blade+1","floor":21},{"not_picked":["Bloodletting+1","Fiend Fire","Uppercut"],"picked":"SKIP","floor":23},{"not_picked":["Anger","Havoc+1"],"picked":"Flame Barrier+1","floor":24}],"player_experience":1371023,"relics_obtained":[{"floor":7,"key":"Toy Ornithopter"},{"floor":14,"key":"Toxic Egg 2"},{"floor":23,"key":"StrikeDummy"},{"floor":26,"key":"Bottled Tornado"}],"event_choices":[{"damage_healed":0,"gold_gain":0,"player_choice":"Entered Light","damage_taken":23,"max_hp_gain":0,"max_hp_loss":0,"event_name":"Shining Light","floor":2,"gold_loss":0,"cards_upgraded":["Defend_R","Clash"]},{"damage_healed":0,"gold_gain":0,"player_choice":"Trade","damage_taken":0,"relics_obtained":["NlothsMask"],"max_hp_gain":0,"max_hp_loss":0,"event_name":"FaceTrader","floor":3,"gold_loss":0},{"damage_healed":0,"gold_gain":0,"player_choice":"Success","damage_taken":18,"relics_obtained":["Meat on the Bone"],"max_hp_gain":0,"max_hp_loss":0,"event_name":"Scrap Ooze","floor":5,"gold_loss":0},{"damage_healed":0,"gold_gain":0,"player_choice":"Donut","damage_taken":0,"max_hp_gain":5,"max_hp_loss":0,"event_name":"Big Fish","floor":10,"gold_loss":0},{"cards_removed":["Strike_R"],"damage_healed":0,"gold_gain":0,"player_choice":"Card Removal","damage_taken":0,"max_hp_gain":0,"max_hp_loss":0,"event_name":"The Cleric","floor":13,"gold_loss":75},{"damage_healed":0,"gold_gain":0,"player_choice":"Obtained Relic","damage_taken":0,"relics_obtained":["War Paint"],"max_hp_gain":0,"max_hp_loss":0,"event_name":"Addict","floor":19,"gold_loss":85},{"damage_healed":0,"gold_gain":0,"player_choice":"Joined the Cult","damage_taken":6,"max_hp_gain":0,"max_hp_loss":0,"event_name":"Nest","floor":20,"gold_loss":0,"cards_obtained":["RitualDagger"]},{"damage_healed":0,"gold_gain":100,"player_choice":"Bet on Murderer","damage_taken":0,"max_hp_gain":0,"max_hp_loss":0,"event_name":"The Joust","floor":25,"gold_loss":50}],"is_beta":false,"boss_relics":[{"not_picked":["Velvet Choker","Philosopher\u0027s Stone"],"picked":"Pandora\u0027s Box"}],"items_purged_floors":[22],"is_endless":false,"potions_floor_spawned":[7,12,18,21],"killed_by":"Gremlin Leader","ascension_level":15}}