{"host":"7pe9xwx78c6nlay8","time":1607687720,"event":{"mods":["BaseMod","Minty Spire (QoL Compilation)"],"gold_per_floor":[119,119,119,119,119,154,178,191,191,231,256,283,319,365,377,509,521,556,38,137,153,171,171,215,130,130,130,130],"floor_reached":27,"playtime":1212,"items_purged":["Defend_P"],"score":451,"play_id":"f83c6aa6-bbc2-479e-922e-8355b3566764","local_time":"20201211195520","is_ascension_mode":true,"campfire_choices":[{"data":"WaveOfTheHand","floor":15,"key":"SMITH"},{"data":"Nirvana","floor":23,"key":"SMITH"}],"circlet_count":0,"master_deck":["Strike_P","Strike_P","Strike_P+1","Strike_P","Defend_P","Defend_P","Eruption+1","Vigilance","JustLucky","Evaluate","JustLucky","JustLucky","WaveOfTheHand+1","FollowUp","FollowUp+1","Prostrate","Prostrate","Brilliance","Adaptation","CutThroughFate","Nirvana+1","Devotion","Nirvana","ThirdEye+1","JustLucky"],"relics":["PureWater","NeowsBlessing","Golden Idol","Kunai","White Beast Statue","Gambling Chip","MawBank","Anchor","Coffee Dripper","Orrery","Whetstone","Strawberry","Du-Vu Doll","Akabeko","The Courier"],"acts_visited":["Exordium","TheCity"],"potions_floor_usage":[10,12,13,14,14,16,18,18,22,27],"damage_taken":[{"damage":0,"enemies":"2 Louse","floor":1,"turns":1},{"damage":0,"enemies":"3 Sentries","floor":6,"turns":1},{"damage":0,"enemies":"Small Slimes","floor":7,"turns":1},{"damage":0,"enemies":"Cultist","floor":8,"turns":2},{"damage":0,"enemies":"Gremlin Nob","floor":10,"turns":2},{"damage":0,"enemies":"2 Fungi Beasts","floor":11,"turns":2},{"damage":8,"enemies":"Exordium Thugs","floor":12,"turns":3},{"damage":0,"enemies":"Large Slime","floor":13,"turns":4},{"damage":0,"enemies":"3 Sentries","floor":14,"turns":5},{"damage":17,"enemies":"Hexaghost","floor":16,"turns":14},{"damage":16,"enemies":"Chosen","floor":18,"turns":8},{"damage":12,"enemies":"3 Byrds","floor":21,"turns":5},{"damage":0,"enemies":"Centurion and Healer","floor":22,"turns":4},{"damage":33,"enemies":"Slavers","floor":24,"turns":10},{"damage":7,"enemies":"Book of Stabbing","floor":27,"turns":4}],"seed_played":"105516897514050200","potions_obtained":[{"floor":6,"key":"Ancient Potion"},{"floor":7,"key":"PowerPotion"},{"floor":8,"key":"Weak Potion"},{"floor":10,"key":"PowerPotion"},{"floor":11,"key":"Regen Potion"},{"floor":12,"key":"SkillPotion"},{"floor":13,"key":"Strength Potion"},{"floor":14,"key":"Explosive Potion"},{"floor":16,"key":"Strength Potion"},{"floor":18,"key":"DistilledChaos"},{"floor":21,"key":"Energy Potion"},{"floor":22,"key":"Energy Potion"},{"floor":24,"key":"Block Potion"}],"is_trial":false,"path_per_floor":["M","?","?","?","?","E","M","M","T","E","M","M","M","E","R","B",null,"M","$","?","M","M","R","E","?","T","E"],"character_chosen":"WATCHER","items_purchased":["Orrery","Whetstone","Strawberry"],"campfire_rested":0,"item_purchase_floors":[19,19,19],"current_hp_per_floor":[65,65,58,58,51,51,51,51,51,51,51,43,55,55,55,38,60,44,51,51,39,39,39,6,6,6,0,0],"gold":130,"neow_bonus":"THREE_ENEMY_KILL","is_daily":false,"chose_seed":false,"campfire_upgraded":2,"win_rate":0.0,"timestamp":1607687720,"path_taken":["M","?","?","?","?","E","M","M","T","E","M","M","M","E","R","BOSS","M","$","?","M","M","R","E","?","T","E"],"items_purchased_type":["Relic","Relic","Relic"],"build_version":"2020-11-30","purchased_purges":1,"victory":false,"max_hp_per_floor":[72,67,67,67,67,67,67,67,67,67,67,67,67,67,67,67,67,67,74,74,74,74,74,74,74,74,74,74],"card_choices":[{"not_picked":["BowlingBash","Consecrate"],"picked":"JustLucky","floor":1},{"not_picked":["FearNoEvil","Protect"],"picked":"Evaluate","floor":6},{"not_picked":["FlurryOfBlows","Protect"],"picked":"JustLucky","floor":7},{"not_picked":["SashWhip","BowlingBash"],"picked":"JustLucky","floor":8},{"not_picked":["Prostrate","Vault"],"picked":"WaveOfTheHand","floor":10},{"not_picked":["ClearTheMind","Halt"],"picked":"FollowUp","floor":11},{"not_picked":["SashWhip","Halt"],"picked":"FollowUp","floor":12},{"not_picked":["PathToVictory","Blasphemy"],"picked":"Prostrate","floor":13},{"not_picked":["Protect","Consecrate"],"picked":"Prostrate","floor":14},{"not_picked":["Vault","Establishment"],"picked":"Brilliance","floor":16},{"not_picked":["Indignation","Protect+1"],"picked":"Adaptation","floor":18},{"not_picked":["Wallop","CrushJoints+1"],"picked":"CutThroughFate","floor":19},{"not_picked":["Pray","PathToVictory"],"picked":"Nirvana","floor":19},{"not_picked":["FlyingSleeves+1","CrushJoints+1"],"picked":"Devotion","floor":19},{"not_picked":["EmptyMind","Halt"],"picked":"Nirvana","floor":19},{"not_picked":["SandsOfTime","Halt"],"picked":"ThirdEye+1","floor":21},{"not_picked":["LikeWater","Protect","PathToVictory"],"picked":"SKIP","floor":22},{"not_picked":["CrushJoints","ReachHeaven"],"picked":"JustLucky","floor":24}],"player_experience":1490446,"relics_obtained":[{"floor":6,"key":"White Beast Statue"},{"floor":9,"key":"Gambling Chip"},{"floor":10,"key":"MawBank"},{"floor":14,"key":"Anchor"},{"floor":24,"key":"Du-Vu Doll"},{"floor":26,"key":"The Courier"}],"event_choices":[{"damage_healed":0,"gold_gain":0,"player_choice":"Lose Max HP","damage_taken":0,"relics_obtained":["Golden Idol"],"max_hp_gain":0,"max_hp_loss":5,"event_name":"Golden Idol","floor":2,"gold_loss":0},{"cards_removed":["Defend_P"],"damage_healed":0,"gold_gain":0,"player_choice":"Card Removal","damage_taken":7,"max_hp_gain":0,"max_hp_loss":0,"event_name":"Golden Wing","floor":3,"gold_loss":0},{"damage_healed":0,"gold_gain":0,"player_choice":"Grow","damage_taken":0,"max_hp_gain":0,"max_hp_loss":0,"event_name":"Living Wall","floor":4,"gold_loss":0,"cards_upgraded":["Eruption"]},{"damage_healed":0,"gold_gain":0,"player_choice":"Success","damage_taken":7,"relics_obtained":["Kunai"],"max_hp_gain":0,"max_hp_loss":0,"event_name":"Scrap Ooze","floor":5,"gold_loss":0},{"damage_healed":0,"gold_gain":99,"player_choice":"Stole From Cult","damage_taken":0,"max_hp_gain":0,"max_hp_loss":0,"event_name":"Nest","floor":20,"gold_loss":0},{"damage_healed":0,"gold_gain":0,"player_choice":"Obtained Relic","damage_taken":0,"relics_obtained":["Akabeko"],"max_hp_gain":0,"max_hp_loss":0,"event_name":"Addict","floor":25,"gold_loss":85}],"is_beta":false,"boss_relics":[{"not_picked":["Snecko Eye","Busted Crown"],"picked":"Coffee Dripper"}],"items_purged_floors":[19],"is_endless":false,"potions_floor_spawned":[6,7,8,10,11,12,13,14,16,18,21,22,24],"killed_by":"Book of Stabbing","ascension_level":6}}