{"host":"ez767vrydzojtnp0","time":1607706103,"event":{"mods":["Act Like it!","Aspiration","BaseMod","Better Note","BetterRewards","Challenge The Spire","Colored Powertips","Conspire","GifTheSpireLib","Hermit","Hubris","Infinite Spire","Minty Spire (QoL Compilation)","Quick Restart","Rare Cards Sparkle","Relic Stats","Replay The Spire","Shop Mod","Spikes Relics","StSLib","Stuff the Spire","SuperFastMode","everything is the same but u backflip on backflip","slay the spire mod where everything is the same but ironclad has a cowboy hat","vexMod"],"gold_per_floor":[113,127,138,149,149,174,194,194,194,194,220,220,220,244,244,344,1010,1028,1043,1043,1054,353,372,372,372],"floor_reached":24,"playtime":654,"items_purged":["Hallucinations"],"score":233,"play_id":"df3fb34d-b3d3-4913-8ec5-464c43497e3b","local_time":"20201211150143","is_ascension_mode":false,"campfire_choices":[{"floor":8,"key":"RECALL"},{"floor":13,"key":"REST"},{"floor":15,"key":"REST"}],"circlet_count":0,"master_deck":["Strike_R","Strike_R","Strike_R+1","Strike_R","Strike_R","Defend_R","Defend_R","Defend_R+1","Defend_R","Bash","Shrug It Off","Demon Form","Absolvement","Pommel Strike","Invigoration","infinitespire:OneForAll","Berserk","Inflame+1","Armaments+1"],"relics":["Burning Blood","NeowsBlessing","ReplayTheSpireMod:Ring of Collecting","Iron Hammer","ReplayTheSpireMod:Ring of Challenge","Vajra","BrokenLever","Ring of Fury","vexMod:RockOfEvil","hubris:TenFootPole","Replay:Baseball","vexMod:Cooldron","MerchantsRug"],"acts_visited":["Exordium","TheCity"],"potions_floor_usage":[6,16,19,21,21,21,21,21,23],"damage_taken":[{"damage":0,"enemies":"Cultist","floor":1,"turns":1},{"damage":0,"enemies":"Small Slimes","floor":2,"turns":1},{"damage":0,"enemies":"2 Louse","floor":3,"turns":1},{"damage":19,"enemies":"Large Slime","floor":4,"turns":7},{"damage":18,"enemies":"Lagavulin","floor":6,"turns":6},{"damage":15,"enemies":"Lots of Slimes","floor":7,"turns":5},{"damage":14,"enemies":"Gremlin Nob","floor":11,"turns":3},{"damage":56,"enemies":"The Guardian","floor":16,"turns":8},{"damage":49,"enemies":"Spheric Guardian","floor":18,"turns":6},{"damage":10,"enemies":"Shell Parasite","floor":19,"turns":5},{"damage":16,"enemies":"Snake Plant","floor":21,"turns":4},{"damage":23,"enemies":"Centurion and Healer","floor":23,"turns":6},{"damage":13,"enemies":"Sentry and Sphere","floor":24,"turns":3}],"seed_played":"3558781957021357577","potions_obtained":[{"floor":3,"key":"ColorlessPotion"},{"floor":4,"key":"BlessingOfTheForge"},{"floor":7,"key":"Weak Potion"},{"floor":16,"key":"Strength Potion"},{"floor":18,"key":"ColorlessPotion"},{"floor":20,"key":"ColorlessPotion"},{"floor":21,"key":"BlessingOfTheForge"}],"is_trial":false,"path_per_floor":["M","M","M","M","?","E","M","R","T","?","E","?","R","T","R","B",null,"M","M","?","M","$","M","M"],"character_chosen":"IRONCLAD","items_purchased":["hubris:TenFootPole","Replay:Baseball","vexMod:Cooldron","MerchantsRug","LifebloodPotion"],"campfire_rested":2,"item_purchase_floors":[22,22,22,22,22],"current_hp_per_floor":[80,80,80,67,67,55,46,46,46,30,22,25,49,49,73,23,83,40,36,36,26,26,9,0,0],"gold":372,"neow_bonus":"THREE_ENEMY_KILL","is_daily":false,"chose_seed":false,"campfire_upgraded":0,"win_rate":0.0,"timestamp":1607706103,"path_taken":["M","M","?","?","?","E","M","R","T","?","E","?","R","?","R","BOSS","M","?","?","M","$","M","M"],"items_purchased_type":["Relic","Relic","Relic","Relic","Potion"],"build_version":"2020-11-30","purchased_purges":1,"victory":false,"max_hp_per_floor":[80,80,80,80,80,80,80,80,80,80,80,83,83,83,83,83,83,83,83,83,83,83,83,83,83],"relic_stats":{"counters":[13,56],"obtain_stats":[{"MerchantsRug":22,"NeowsBlessing":0,"Vajra":9,"BrokenLever":11,"vexMod:RockOfEvil":17,"Burning Blood":0,"Replay:Baseball":22,"vexMod:Cooldron":22,"ReplayTheSpireMod:Ring of Collecting":5,"Ring of Fury":14,"Iron Hammer":6,"hubris:TenFootPole":22,"ReplayTheSpireMod:Ring of Challenge":9},{"MerchantsRug":11,"NeowsBlessing":0,"Vajra":6,"BrokenLever":7,"vexMod:RockOfEvil":8,"Burning Blood":0,"Replay:Baseball":11,"vexMod:Cooldron":11,"ReplayTheSpireMod:Ring of Collecting":4,"Ring of Fury":7,"Iron Hammer":5,"hubris:TenFootPole":11,"ReplayTheSpireMod:Ring of Challenge":6},{"MerchantsRug":47,"NeowsBlessing":0,"Vajra":21,"BrokenLever":24,"vexMod:RockOfEvil":32,"Burning Blood":0,"Replay:Baseball":47,"vexMod:Cooldron":47,"ReplayTheSpireMod:Ring of Collecting":10,"Ring of Fury":24,"Iron Hammer":16,"hubris:TenFootPole":47,"ReplayTheSpireMod:Ring of Challenge":21}],"Burning Blood":54},"card_choices":[{"not_picked":["Thunderclap","Clothesline"],"picked":"Shrug It Off","floor":1},{"not_picked":["Clothesline","True Grit"],"picked":"Demon Form","floor":2},{"not_picked":["Run Through","Flex","hubris:SharpeningStone"],"picked":"SKIP","floor":3},{"not_picked":["Thunderclap","Flex"],"picked":"Absolvement","floor":4},{"not_picked":["Demonic Infusion","Clash"],"picked":"Pommel Strike","floor":6},{"not_picked":["Disarm","Heavy Blade"],"picked":"Invigoration","floor":7},{"not_picked":["Thunderclap","Warcry"],"picked":"infinitespire:OneForAll","floor":11},{"not_picked":["Corruption","conspire:HitWhereItHurts"],"picked":"Berserk","floor":16},{"not_picked":["Intimidate+1","Anger+1"],"picked":"Inflame+1","floor":18},{"not_picked":["Shrug It Off","Absolvement+1","Infernal Blade"],"picked":"SKIP","floor":19},{"not_picked":["Shockwave","ReplayTheSpireMod:Corrosion Curse"],"picked":"Armaments+1","floor":21},{"not_picked":["Thunderclap","Pommel Strike+1","Rampage"],"picked":"SKIP","floor":23}],"player_experience":364540,"relics_obtained":[{"floor":5,"key":"ReplayTheSpireMod:Ring of Collecting"},{"floor":6,"key":"Iron Hammer"},{"floor":9,"key":"ReplayTheSpireMod:Ring of Challenge"},{"floor":9,"key":"Vajra"},{"floor":11,"key":"BrokenLever"},{"floor":14,"key":"Ring of Fury"}],"event_choices":[{"damage_healed":0,"gold_gain":0,"player_choice":"Entered Light","damage_taken":16,"max_hp_gain":0,"max_hp_loss":0,"event_name":"Shining Light","floor":10,"gold_loss":0,"cards_upgraded":["Defend_R","Strike_R"]},{"damage_healed":0,"gold_gain":0,"player_choice":"Got Potions","damage_taken":0,"max_hp_gain":0,"max_hp_loss":0,"event_name":"Lab","floor":20,"gold_loss":0}],"is_beta":false,"boss_relics":[{"not_picked":["Replay:Bronze Core","conspire:SlowCooker"],"picked":"vexMod:RockOfEvil"}],"items_purged_floors":[22],"is_endless":false,"potions_floor_spawned":[3,4,7,16,18,21],"killed_by":"Sentry and Sphere","ascension_level":0}}