{"host":"s2kjy8nqny1yatvf","time":1607709026,"event":{"mods":["BaseMod","Colored Powertips","Minty Spire (QoL Compilation)","Replay The Spire","Shop Mod","StSLib","TestMod","【遗物卡牌】REMEMod","篝火指南"],"gold_per_floor":[118,118,154,166,179,60,0,12,12,12,25,25,42,61,61,164,164,174,192,211,571,582,614,614,628,628,640,145,160,12,12,12,111,111,128,147,164,175,186,202,233,233,280,280,280,299,449,474,100,100],"floor_reached":51,"playtime":7113,"items_purged":["Seek","Defend_G"],"score":802,"play_id":"c5028aea-7039-45f1-80b2-85a55bd5d722","local_time":"20201212015026","is_ascension_mode":false,"campfire_choices":[{"data":"Neutralize","floor":10.0,"key":"SMITH"},{"data":"Accuracy","floor":12.0,"key":"SMITH"},{"data":"ReplayTheSpireMod:Shiv Toss","floor":15.0,"key":"SMITH"},{"floor":24,"key":"REST"},{"data":"REME_GreenPollution","floor":32,"key":"SMITH"},{"floor":42,"key":"REST"}],"circlet_count":0,"master_deck":["Strike_G","Strike_G+1","Defend_G+1","Survivor","Neutralize+1","Prepared","Blade Dance","Slice","Dagger Throw","Blade Dance","Bane","Flechettes","Accuracy+1","Backstab","Flying Knee","PiercingWail","Calculated Gamble","Poisoned Stab","Tools of the Trade","REME_CopyPotion","Corpse Explosion","Acrobatics","Blade Dance+1","PiercingWail+1","testmod-Bloodthirsty","Jack Of All Trades","Dagger Spray","REME_GreenPollution+1","Replay:Bag of Tricks","Expertise","Deflect","Infinite Blades","Distraction","Envenom","Discovery+1","Dramatic Entrance+1","Cloak And Dagger+1","Dark Shackles+1","Infinite Blades","Blade Dance+1","Blind","Noxious Fumes+1","Poisoned Strike","Endless Agony","testmod-PocketStoneCalender"],"relics":["Ring of the Snake","REME_ComplimentaryCards","testmod-TestBox","testmod-HarvestTotem","REME_IWantAll","Divine Protection","testmod-Temperance","Snake Skull","Omamori","MerchantsRug","Bird Faced Urn","Membership Card","REME_LowDesire","Toy Ornithopter","Orichalcum","Juzu Bracelet","testmod-CrystalShield","Blue Candle","Nunchaku"],"acts_visited":["Exordium","TheCity","TheBeyond"],"potions_floor_usage":[37,37,40,48,50,50],"damage_taken":[{"damage":5.0,"enemies":"Small Slimes","floor":1.0,"turns":5.0},{"damage":0.0,"enemies":"Jaw Worm","floor":4.0,"turns":4.0},{"damage":0.0,"enemies":"Cultist","floor":5.0,"turns":2.0},{"damage":0.0,"enemies":"Gremlin Gang","floor":8.0,"turns":5.0},{"damage":1.0,"enemies":"2 Fungi Beasts","floor":11.0,"turns":3.0},{"damage":0.0,"enemies":"Red Slaver","floor":13.0,"turns":2.0},{"damage":1.0,"enemies":"Large Slime","floor":14.0,"turns":5.0},{"damage":75.0,"enemies":"Hexaghost","floor":16.0,"turns":11.0},{"damage":0.0,"enemies":"Chosen","floor":18.0,"turns":5.0},{"damage":2.0,"enemies":"Spheric Guardian","floor":19.0,"turns":3.0},{"damage":16.0,"enemies":"Centurion and Healer","floor":20.0,"turns":3.0},{"damage":1.0,"enemies":"Snecko","floor":22.0,"turns":4.0},{"damage":28.0,"enemies":"Slavers","floor":23.0,"turns":7.0},{"damage":0,"enemies":"Chosen and Byrds","floor":25,"turns":4},{"damage":22,"enemies":"Snake Plant","floor":27,"turns":5},{"damage":45,"enemies":"Cultist and Chosen","floor":29,"turns":7},{"damage":86,"enemies":"Pondfish","floor":33,"turns":11},{"damage":25,"enemies":"3 Darklings","floor":35,"turns":5},{"damage":40,"enemies":"3 Shapes","floor":36,"turns":4},{"damage":42,"enemies":"Sphere and 2 Shapes","floor":37,"turns":6},{"damage":20,"enemies":"Jaw Worm Horde","floor":38,"turns":5},{"damage":33,"enemies":"Writhing Mass","floor":39,"turns":9},{"damage":52,"enemies":"Spire Growth","floor":40,"turns":5},{"damage":121,"enemies":"Reptomancer","floor":41,"turns":7},{"damage":60,"enemies":"4 Shapes","floor":46,"turns":3},{"damage":57,"enemies":"Giant Head","floor":48,"turns":8},{"damage":110,"enemies":"Replay:Hell Engine","floor":50,"turns":11}],"seed_played":"3115828156261729075","potions_obtained":[{"floor":1.0,"key":"Fire Potion"},{"floor":8.0,"key":"FearPotion"},{"floor":13.0,"key":"FearPotion"},{"floor":18.0,"key":"SmokeBomb"},{"floor":19.0,"key":"SteroidPotion"},{"floor":20.0,"key":"Swift Potion"},{"floor":35,"key":"EntropicBrew"},{"floor":39,"key":"testmod-SpacePotion"},{"floor":48,"key":"LiquidMemories"}],"is_trial":false,"path_per_floor":["M","?","?","M","M","R","$","M","T","R","M","R","M","M","R","B",null,"M","M","M","?","M","E","R","M","T","M","R","M","R","?","R","B",null,"M","M","M","M","M","M","E","R","T","?","?","M","?","E","R","B",null],"character_chosen":"THE_SILENT","items_purchased":["Accuracy","Backstab","MerchantsRug","Infinite Blades","Bird Faced Urn","Membership Card","Endless Agony","LiquidBronze","Blue Candle","Nunchaku","testmod-PocketStoneCalender"],"campfire_rested":2,"item_purchase_floors":[6,6,28,28,28,30,49,49,49,49,49],"current_hp_per_floor":[163,156,126,126,138,138,138,138,138,138,137,137,137,136,136,73,186,186,184,168,111,110,100,192,192,192,178,178,159,159,212,212,176,212,187,167,157,145,146,128,43,169,169,169,169,113,113,150,150,154],"gold":100,"neow_bonus":"TEN_PERCENT_HP_BONUS","is_daily":false,"chose_seed":false,"campfire_upgraded":4,"win_rate":0.0,"timestamp":1607709026,"path_taken":["M","?","?","M","M","R","?","M","T","R","M","R","M","M","R","BOSS","M","M","M","?","?","E","R","M","T","M","R","?","R","?","R","BOSS","M","M","M","M","M","M","E","R","T","?","?","M","?","E","R","BOSS"],"items_purchased_type":["Card","Card","Relic","Card","Relic","Relic","Card","Potion","Relic","Relic","Card"],"build_version":"2020-11-30","purchased_purges":2,"victory":true,"max_hp_per_floor":[168,168,174,174,180,180,180,180,180,180,180,180,180,180,180,186,186,186,186,186,186,186,192,192,192,192,192,192,192,192,212,212,212,212,212,212,212,212,212,212,212,212,212,212,212,212,212,212,212,212],"card_choices":[{"not_picked":["Choke","Dodge and Roll"],"picked":"Prepared","floor":1.0},{"not_picked":["Blade Dance","Slice","Dagger Throw"],"picked":"Singing Bowl","floor":3.0},{"not_picked":["Backflip","Dodge and Roll"],"picked":"Blade Dance","floor":4.0},{"not_picked":["Bane","ReplayTheSpireMod:Shiv Toss","Flechettes"],"picked":"Singing Bowl","floor":5.0},{"not_picked":["Sucker Punch","Acrobatics"],"picked":"Flying Knee","floor":8.0},{"not_picked":["Reflex","Bane"],"picked":"PiercingWail","floor":11.0},{"not_picked":["Blur","Underhanded Strike"],"picked":"Calculated Gamble","floor":13.0},{"not_picked":["PiercingWail","Unload"],"picked":"Poisoned Stab","floor":14.0},{"not_picked":["Tools of the Trade","REME_CopyPotion","Corpse Explosion"],"picked":"Singing Bowl","floor":16.0},{"not_picked":["Blade Dance","Flying Knee+1"],"picked":"Acrobatics","floor":18.0},{"not_picked":["Poisoned Stab","Slice+1"],"picked":"Blade Dance+1","floor":19.0},{"not_picked":["Deadly Poison+1","Predator"],"picked":"PiercingWail+1","floor":20.0},{"not_picked":["Flechettes","Atom Bomb"],"picked":"Dagger Spray","floor":22.0},{"not_picked":["REME_GreenPollution","Night Terror","Replay:Bag of Tricks"],"picked":"Singing Bowl","floor":23.0},{"not_picked":["Cloak And Dagger","Quick Slash"],"picked":"Expertise","floor":25},{"not_picked":["PiercingWail","Underhanded Strike"],"picked":"Deflect","floor":27},{"not_picked":["Deflect+1","Bane"],"picked":"Distraction","floor":29},{"not_picked":["Unload","Atom Bomb"],"picked":"Envenom","floor":33},{"not_picked":["Dagger Spray+1","Slice+1","Choke"],"picked":"Discovery+1","floor":35},{"not_picked":["Bouncing Flask","Deadly Poison+1","Crippling Poison"],"picked":"Dramatic Entrance+1","floor":36},{"not_picked":["PiercingWail","Skewer","testmod-LimitFlipper"],"picked":"Cloak And Dagger+1","floor":37},{"not_picked":["Poisoned Stab","Deflect","Heel Hook"],"picked":"Dark Shackles+1","floor":38},{"not_picked":["Crippling Poison","Deadly Poison+1","testmod-PowerStrike"],"picked":"Infinite Blades","floor":39},{"not_picked":["Poison Darts","Deadly Poison+1","testmod-PocketStoneCalender+1"],"picked":"Blade Dance+1","floor":40},{"not_picked":["PiercingWail","Dodge and Roll","Poisoned Stab"],"picked":"Blind","floor":41},{"not_picked":["Cloak And Dagger","Underhanded Strike+1","Master of Strategy"],"picked":"Noxious Fumes+1","floor":46},{"not_picked":["Bane","Caltrops","Sucker Punch"],"picked":"Poisoned Strike","floor":48}],"player_experience":158843,"relics_obtained":[{"floor":3.0,"key":"REME_IWantAll"},{"floor":9.0,"key":"Divine Protection"},{"floor":23.0,"key":"Snake Skull"},{"floor":26,"key":"Omamori"},{"floor":34,"key":"Simple Rune"},{"floor":34,"key":"Toy Ornithopter"},{"floor":41,"key":"Orichalcum"},{"floor":43,"key":"testmod-OneHitWonder"},{"floor":48,"key":"testmod-CrystalShield"}],"event_choices":[{"cards_removed":["Strike_G"],"damage_healed":0.0,"max_hp_gain":0.0,"max_hp_loss":0.0,"gold_gain":0.0,"event_name":"Golden Wing","player_choice":"Card Removal","floor":2.0,"gold_loss":0.0,"damage_taken":7.0},{"damage_healed":0.0,"max_hp_gain":0.0,"max_hp_loss":0.0,"gold_gain":360.0,"event_name":"Knowing Skull","player_choice":"GOLD GOLD GOLD GOLD CARD CARD CARD ","floor":21.0,"potions_obtained":[],"gold_loss":0.0,"damage_taken":57.0,"cards_obtained":["testmod-Bloodthirsty","testmod-ComboMaster","Jack Of All Trades"]},{"cards_removed":["Night Terror"],"damage_healed":33,"gold_gain":0,"player_choice":"Offered Rare","damage_taken":0,"max_hp_gain":10,"max_hp_loss":0,"event_name":"Bonfire Elementals","floor":31,"gold_loss":0},{"damage_healed":0,"gold_gain":0,"player_choice":"Swap Relic","damage_taken":0,"relics_obtained":["Juzu Bracelet"],"max_hp_gain":0,"max_hp_loss":0,"event_name":"给自己的盒子","floor":44,"relics_lost":["Simple Rune"],"gold_loss":0},{"damage_healed":0,"gold_gain":0,"player_choice":"Ignored","damage_taken":0,"max_hp_gain":0,"max_hp_loss":0,"event_name":"Tomb of Lord Red Mask","floor":45,"gold_loss":0},{"damage_healed":0,"gold_gain":150,"player_choice":"Sell","damage_taken":0,"max_hp_gain":0,"max_hp_loss":0,"event_name":"恩洛斯的盘子","floor":47,"relics_lost":["testmod-OneHitWonder"],"gold_loss":0}],"is_beta":false,"boss_relics":[{"not_picked":["testmod-NegativeEmotionEnhancer","testmod-Prudence"],"picked":"testmod-Temperance"},{"not_picked":["testmod-D_4","Sozu"],"picked":"REME_LowDesire"}],"items_purged_floors":[7,49],"is_endless":false,"potions_floor_spawned":[1,8,13,18,19,20,35,39,48],"ascension_level":0}}