{"host":"sav7uxregyirlf69","time":1607688212,"event":{"mods":["AchievementEnabler","BaseMod","Colored Map","DeckTracker","Hermit","Keyboard Shortcuts","Minty Spire (QoL Compilation)","READ ME - Guardian Mod","StSLib","SuperFastMode"],"gold_per_floor":[111,111,36,55,55,55,68,68,68,96,108,124,159,175,175,175,276,276,288,301,314,314,229,261,261,297,320,320,362,378,378,412,412,516,516,536,609,609,618,144,178,191,226,238,263,286,329,360,393,405,417,417],"floor_reached":51,"playtime":1174,"items_purged":["Defend_R","Cleave"],"score":840,"play_id":"c505286d-b82a-4a98-a84c-c01162688080","local_time":"20201211210332","daily_mods":["Heirloom"],"is_ascension_mode":true,"campfire_choices":[{"data":"Hemokinesis","floor":6,"key":"SMITH"},{"data":"Shockwave","floor":8,"key":"SMITH"},{"data":"Blood for Blood","floor":15,"key":"SMITH"},{"data":"Bash","floor":16,"key":"SMITH"},{"data":"Seeing Red","floor":28,"key":"SMITH"},{"data":"Corruption","floor":31,"key":"SMITH"},{"data":"Armaments","floor":33,"key":"SMITH"},{"floor":50,"key":"RECALL"}],"circlet_count":0,"master_deck":["Defend_R","Defend_R","Defend_R","Bash+1","Shockwave+1","Hemokinesis+1","Blood for Blood+1","Rupture","Immolate","Shrug It Off","Brutality","Armaments+1","Bite","Bite+1","Bite+1","Bite","Bite","Seeing Red+1","Corruption+1","Seeing Red","Impervious","Blood for Blood+1","Enlightenment","Dark Embrace+1","Feel No Pain+1","Shrug It Off","Second Wind+1","Offering","Shrug It Off+1"],"relics":["Burning Blood","FossilizedHelix","StrikeDummy","Nunchaku","Tiny Chest","Runic Pyramid","PreservedInsect","Pen Nib","CeramicFish","Gremlin Horn","Molten Egg 2","Snecko Eye","Mummified Hand","Sundial","Orrery","Whetstone","MawBank","Darkstone Periapt","Singing Bowl"],"acts_visited":["Exordium","TheCity","TheBeyond"],"potions_floor_usage":[17,29,34,51],"damage_taken":[{"damage":0,"enemies":"Cultist","floor":1,"turns":3},{"damage":0,"enemies":"2 Louse","floor":4,"turns":3},{"damage":0,"enemies":"Small Slimes","floor":7,"turns":3},{"damage":23,"enemies":"Lagavulin","floor":10,"turns":5},{"damage":0,"enemies":"3 Louse","floor":11,"turns":3},{"damage":2,"enemies":"Blue Slaver","floor":12,"turns":2},{"damage":15,"enemies":"3 Sentries","floor":13,"turns":5},{"damage":8,"enemies":"Large Slime","floor":14,"turns":4},{"damage":2,"enemies":"Slime Boss","floor":17,"turns":7},{"damage":2,"enemies":"3 Byrds","floor":19,"turns":3},{"damage":19,"enemies":"2 Thieves","floor":20,"turns":3},{"damage":13,"enemies":"Snecko","floor":21,"turns":4},{"damage":24,"enemies":"Slavers","floor":24,"turns":4},{"damage":23,"enemies":"Book of Stabbing","floor":26,"turns":3},{"damage":13,"enemies":"Slavers","floor":29,"turns":2},{"damage":6,"enemies":"Cultist and Chosen","floor":30,"turns":4},{"damage":15,"enemies":"Book of Stabbing","floor":32,"turns":3},{"damage":42,"enemies":"Champ","floor":34,"turns":8},{"damage":0,"enemies":"Orb Walker","floor":36,"turns":2},{"damage":1,"enemies":"Reptomancer","floor":41,"turns":3},{"damage":0,"enemies":"3 Shapes","floor":42,"turns":2},{"damage":0,"enemies":"Nemesis","floor":43,"turns":3},{"damage":1,"enemies":"Sphere and 2 Shapes","floor":45,"turns":4},{"damage":10,"enemies":"Jaw Worm Horde","floor":46,"turns":4},{"damage":4,"enemies":"Reptomancer","floor":47,"turns":3},{"damage":15,"enemies":"3 Darklings","floor":48,"turns":2},{"damage":6,"enemies":"Maw","floor":49,"turns":5},{"damage":124,"enemies":"Time Eater","floor":51,"turns":9}],"seed_played":"-8848694377597205977","potions_obtained":[{"floor":1,"key":"Block Potion"},{"floor":10,"key":"Ancient Potion"},{"floor":14,"key":"Explosive Potion"},{"floor":20,"key":"ElixirPotion"},{"floor":30,"key":"HeartOfIron"},{"floor":34,"key":"LiquidMemories"},{"floor":45,"key":"Strength Potion"},{"floor":48,"key":"BloodPotion"}],"is_trial":true,"path_per_floor":["M","?","$","M","$","R","M","R","T","E","M","M","E","M","R","R","B",null,"M","M","M","?","?","E","?","E","T","R","E","M","R","E","R","B",null,"M","T","?","?","$","E","M","E","T","M","M","E","M","M","R","B"],"character_chosen":"IRONCLAD","items_purchased":["Sundial","Orrery"],"campfire_rested":0,"item_purchase_floors":[40,40],"current_hp_per_floor":[80,80,80,80,80,80,80,80,80,63,69,73,64,62,62,62,66,80,80,67,60,60,60,42,42,34,34,34,29,39,39,36,36,28,56,56,56,56,46,46,56,56,56,56,56,56,58,54,58,58,0,0],"gold":417,"neow_bonus":"","is_daily":false,"chose_seed":false,"campfire_upgraded":7,"win_rate":0.0,"timestamp":1607688212,"path_taken":["M","?","$","M","$","R","M","R","T","E","M","M","E","M","R","R","BOSS","M","M","M","?","?","E","?","E","T","R","E","M","R","E","R","BOSS","M","?","?","?","$","E","M","E","T","M","M","E","M","M","R","BOSS"],"items_purchased_type":["Relic","Relic"],"build_version":"2020-11-30","purchased_purges":2,"victory":false,"max_hp_per_floor":[80,80,80,80,80,80,80,80,80,80,80,80,80,80,80,80,80,80,80,80,80,80,80,80,56,56,56,56,56,56,56,56,56,56,56,56,56,56,56,56,56,56,56,56,56,56,58,58,58,58,58,58],"card_choices":[{"not_picked":["Clothesline","Heavy Blade"],"picked":"Shockwave","floor":1},{"not_picked":["Inflame","Ghostly Armor"],"picked":"Hemokinesis","floor":4},{"not_picked":["Warcry","Armaments"],"picked":"Cleave","floor":7},{"not_picked":["Perfected Strike","Iron Wave"],"picked":"Blood for Blood","floor":10},{"not_picked":["Havoc","True Grit","Iron Wave"],"picked":"SKIP","floor":11},{"not_picked":["Clash","Searing Blow"],"picked":"Rupture","floor":12},{"not_picked":["Cleave","Warcry"],"picked":"Immolate","floor":13},{"not_picked":["Twin Strike","Anger"],"picked":"Shrug It Off","floor":14},{"not_picked":["Fiend Fire","Juggernaut"],"picked":"Brutality","floor":17},{"not_picked":["Whirlwind","Havoc"],"picked":"Armaments","floor":19},{"not_picked":["Headbutt","Iron Wave","Whirlwind+1"],"picked":"SKIP","floor":20},{"not_picked":["Ghostly Armor","Uppercut","Searing Blow"],"picked":"SKIP","floor":21},{"not_picked":["Thunderclap","Perfected Strike","Cleave"],"picked":"SKIP","floor":24},{"not_picked":["Pommel Strike","Clothesline"],"picked":"Seeing Red","floor":26},{"not_picked":["Iron Wave","Wild Strike"],"picked":"Corruption","floor":29},{"not_picked":["Headbutt","Havoc","Cleave"],"picked":"SKIP","floor":30},{"not_picked":["Clash+1","Wild Strike+1"],"picked":"Seeing Red","floor":32},{"not_picked":["Bludgeon+1","Juggernaut"],"picked":"Impervious","floor":34},{"not_picked":["True Grit","Sword Boomerang+1"],"picked":"Blood for Blood+1","floor":36},{"not_picked":["Discovery","Dark Shackles"],"picked":"Enlightenment","floor":39},{"not_picked":["Infernal Blade","Inflame"],"picked":"Dark Embrace+1","floor":40},{"not_picked":["Uppercut+1","Intimidate+1"],"picked":"Feel No Pain+1","floor":40},{"not_picked":["Juggernaut","Searing Blow+1"],"picked":"Shrug It Off","floor":40},{"not_picked":["Rage+1","Warcry"],"picked":"Second Wind+1","floor":40},{"not_picked":["Uppercut+1","Heavy Blade+1","Anger+1"],"picked":"SKIP","floor":41},{"not_picked":["Perfected Strike+1","Flex+1","Twin Strike+1"],"picked":"SKIP","floor":42},{"not_picked":["Warcry+1","Reckless Charge+1","Flex"],"picked":"SKIP","floor":43},{"not_picked":["Iron Wave+1","Perfected Strike+1","Flex+1"],"picked":"SKIP","floor":45},{"not_picked":["Reckless Charge+1","Clash+1","Sever Soul+1"],"picked":"SKIP","floor":46},{"not_picked":["Power Through","Wild Strike+1","Clash+1"],"picked":"Singing Bowl","floor":47},{"not_picked":["Headbutt+1","Shrug It Off"],"picked":"Offering","floor":48},{"not_picked":["Rupture","Pommel Strike+1"],"picked":"Shrug It Off+1","floor":49}],"player_experience":920015,"relics_obtained":[{"floor":9,"key":"StrikeDummy"},{"floor":10,"key":"Nunchaku"},{"floor":13,"key":"Tiny Chest"},{"floor":24,"key":"Pen Nib"},{"floor":26,"key":"CeramicFish"},{"floor":29,"key":"Gremlin Horn"},{"floor":32,"key":"Molten Egg 2"},{"floor":37,"key":"Mummified Hand"},{"floor":41,"key":"Whetstone"},{"floor":43,"key":"MawBank"},{"floor":44,"key":"Darkstone Periapt"},{"floor":47,"key":"Singing Bowl"}],"event_choices":[{"cards_removed":["Strike_R"],"damage_healed":0,"gold_gain":0,"player_choice":"Forget","damage_taken":0,"max_hp_gain":0,"max_hp_loss":0,"event_name":"Living Wall","floor":2,"gold_loss":0},{"damage_healed":0,"gold_gain":0,"player_choice":"Ignored","damage_taken":0,"max_hp_gain":0,"max_hp_loss":0,"event_name":"Ghosts","floor":22,"gold_loss":0},{"damage_healed":0,"gold_gain":0,"player_choice":"Obtained Relic","damage_taken":0,"relics_obtained":["PreservedInsect"],"max_hp_gain":0,"max_hp_loss":0,"event_name":"Addict","floor":23,"gold_loss":85},{"damage_healed":0,"gold_gain":0,"player_choice":"Became a vampire","damage_taken":0,"max_hp_gain":0,"max_hp_loss":24,"event_name":"Vampires","floor":25,"gold_loss":0,"cards_obtained":["Bite","Bite","Bite","Bite","Bite"]},{"damage_healed":0,"gold_gain":0,"player_choice":"Ignored","damage_taken":0,"max_hp_gain":0,"max_hp_loss":0,"event_name":"Tomb of Lord Red Mask","floor":38,"gold_loss":0},{"damage_healed":0,"gold_gain":0,"player_choice":"Memory 3","damage_taken":10,"max_hp_gain":0,"max_hp_loss":0,"event_name":"SensoryStone","floor":39,"gold_loss":0}],"is_beta":false,"boss_relics":[{"not_picked":["Tiny House","SacredBark"],"picked":"Runic Pyramid"},{"not_picked":["Velvet Choker","Black Star"],"picked":"Snecko Eye"}],"items_purged_floors":[3,40],"is_endless":false,"potions_floor_spawned":[1,10,14,20,30,32,34,41,45,47,48],"killed_by":"Time Eater","ascension_level":1}}