{"host":"xx5zt3jtdyh8iun7","time":1607701223,"event":{"mods":["AchievementEnabler","Act Like it!","BaseMod","Bestiary","Hermit","Minty Spire (QoL Compilation)","Replay The Spire","StSLib"],"gold_per_floor":[115,128,88,106,134,162,176,188,188,188,223,223,16,19,19,19,19],"floor_reached":16,"playtime":1646,"items_purged":["Shame"],"score":162,"play_id":"9e6eff32-d0d5-4cab-9ef9-a7c01dadcfda","local_time":"20201211164023","is_ascension_mode":false,"campfire_choices":[{"floor":12,"key":"DIG"},{"floor":15,"key":"REST"}],"circlet_count":0,"master_deck":["hermit:Strike_Hermit","hermit:Strike_Hermit","hermit:Strike_Hermit","hermit:Strike_Hermit","hermit:Defend_Hermit","hermit:Defend_Hermit","hermit:Defend_Hermit","hermit:Defend_Hermit","hermit:Snapshot","hermit:Covet","hermit:Quickdraw","hermit:Snipe","hermit:BigShot","hermit:Vantage","hermit:SprayPray","hermit:Snipe","hermit:Showdown","hermit:ShadowCloak","hermit:Combo","hermit:Combo","hermit:Roulette"],"relics":["hermit:Momento","NeowsBlessing","ReplayTheSpireMod:CursedCoin","Replay:Ringing Soul","Ice Cream","Shovel","Mango","Strange Spoon"],"acts_visited":["Exordium"],"potions_floor_usage":[7,11,16],"damage_taken":[{"damage":0,"enemies":"Cultist","floor":1,"turns":1},{"damage":0,"enemies":"Small Slimes","floor":2,"turns":1},{"damage":0,"enemies":"Jaw Worm","floor":4,"turns":1},{"damage":21,"enemies":"Replay:BlueRogue","floor":6,"turns":9},{"damage":14,"enemies":"2 Fungi Beasts","floor":7,"turns":4},{"damage":5,"enemies":"Large Slime","floor":8,"turns":5},{"damage":14,"enemies":"Lagavulin","floor":11,"turns":5},{"damage":17,"enemies":"Exordium Thugs","floor":14,"turns":5},{"damage":70,"enemies":"Hexaghost","floor":16,"turns":14}],"seed_played":"-6933941022123657486","potions_obtained":[{"floor":3,"key":"Dexterity Potion"},{"floor":3,"key":"hermit:Tonic"},{"floor":3,"key":"hermit:Tonic"},{"floor":8,"key":"Elixir"},{"floor":11,"key":"hermit:Tonic"}],"is_trial":false,"path_per_floor":["M","M","?","M","$","E","M","M","T","T","E","R","$","M","R","B"],"character_chosen":"HERMIT","items_purchased":["ReplayTheSpireMod:CursedCoin","hermit:Vantage","hermit:Combo","Strange Spoon"],"campfire_rested":1,"item_purchase_floors":[5,5,13,13],"current_hp_per_floor":[75,75,75,75,75,57,46,44,44,44,33,47,50,36,68,0,0],"gold":19,"neow_bonus":"THREE_ENEMY_KILL","is_daily":false,"chose_seed":false,"campfire_upgraded":0,"win_rate":0.0,"timestamp":1607701223,"path_taken":["M","?","?","M","?","E","?","M","T","?","E","R","$","M","R","BOSS"],"items_purchased_type":["Relic","Card","Card","Relic"],"build_version":"2020-11-30","purchased_purges":1,"victory":false,"max_hp_per_floor":[75,75,75,75,75,78,81,84,84,84,87,101,104,107,107,107,107],"card_choices":[{"not_picked":["hermit:Coalescence","hermit:Headshot"],"picked":"hermit:Quickdraw","floor":1},{"not_picked":["hermit:ItchyTrigger","hermit:Horror"],"picked":"hermit:Snipe","floor":2},{"not_picked":["hermit:LowProfile","hermit:Feint"],"picked":"hermit:BigShot","floor":4},{"not_picked":["hermit:LowProfile","hermit:HighCaliber"],"picked":"hermit:SprayPray","floor":6},{"not_picked":["hermit:Desperado","hermit:Vantage"],"picked":"hermit:Snipe","floor":7},{"not_picked":["hermit:TrackingShot","hermit:Snipe"],"picked":"hermit:Showdown","floor":8},{"not_picked":["hermit:Virtue","hermit:Shortfuse"],"picked":"hermit:ShadowCloak","floor":11},{"not_picked":["hermit:HoleUp","hermit:Combo"],"picked":"hermit:Roulette","floor":14}],"player_experience":553650,"relics_obtained":[{"floor":6,"key":"Replay:Ringing Soul"},{"floor":9,"key":"Ice Cream"},{"floor":11,"key":"Shovel"},{"floor":12,"key":"Mango"}],"event_choices":[{"damage_healed":0,"gold_gain":0,"player_choice":"Bought 3 Potions","damage_taken":0,"max_hp_gain":0,"max_hp_loss":0,"event_name":"The Woman in Blue","floor":3,"gold_loss":0}],"is_beta":false,"boss_relics":[],"items_purged_floors":[5],"is_endless":false,"potions_floor_spawned":[6,8,11],"killed_by":"Hexaghost","ascension_level":0}}