{"host":"6z6y4ky8uzsz1dpj","time":1607700191,"event":{"mods":["2.2 Compatiblity","BaseMod","BetterRewards","Challenge The Spire","Colored Map","Hubris","Minty Spire (QoL Compilation)","Quick Restart","Replay The Spire","StSLib","The Construct","The Cursed","The Hierophant","The Necromancer","The Poker Player","The Servant 0.9.4"],"gold_per_floor":[115,130,130,143,159,159,194,209,209,209,241,259,259,271,271,374,374,386,396,416,334,354,379,379,379,379,395,430,446,459,374,374,474,474,493,504,324,424,438,468,486,501,501,512,539,0,0,11,11,11],"floor_reached":51,"playtime":3949,"items_purged":["construct:AttackMode"],"score":1142,"play_id":"58e9cb29-05e5-4db0-b993-b431d977ef78","local_time":"20201211102311","is_ascension_mode":false,"campfire_choices":[{"data":"construct:Autoturret","floor":6.0,"key":"SMITH"},{"floor":13,"key":"REST"},{"data":"construct:PointDefense","floor":15,"key":"SMITH"},{"floor":24,"key":"REST"},{"floor":32,"key":"REST"},{"data":"construct:LaserCore","floor":47,"key":"SMITH"},{"floor":49,"key":"REST"}],"circlet_count":0,"master_deck":["construct:Strike_Gold+1","construct:Strike_Gold+1","construct:Strike_Gold+1","construct:Strike_Gold+1","construct:Strike_Gold+1","construct:Defend_Gold+1","construct:Defend_Gold+1","construct:Defend_Gold+1","construct:Defend_Gold+1","construct:Defend_Gold+1","construct:DefenseMode","construct:Autoturret+1","construct:FlameCore","construct:Analyze","construct:ReactiveShield+1","Replay:BasicMightCard","construct:SiegeForm","construct:Failsafe","construct:ReactiveShield+1","construct:LaserCore","construct:Forcefield","construct:PointDefense+1","construct:ShieldGenerator","construct:SuppressiveFire","construct:LaserCore+1","construct:Reinforce","construct:LaserCore","construct:Tumble","construct:MetalShell","construct:Tumble+1","construct:PointDefense+1","construct:Disrupt","construct:Forcefield+1","construct:ShieldBurst","construct:LaserCore","construct:Anticipate","construct:PointDefense+1","construct:Reinforce","construct:SaveState+1","construct:Reserves","construct:HastyRepair"],"relics":["construct:Cogwheel","construct:PurpleEmber","Thread and Needle","Replay:Bottled Eggs","Pear","Runic Dome","ReplayFunnel","Sundial","Durian","Chameleon Ring","Painkiller Herb","ReplayTheSpireMod:Shallot","Boot","Red Mask"],"acts_visited":["Exordium","TheCity","TheBeyond"],"potions_floor_usage":[11,12,19,20,30,30,30,44,48],"damage_taken":[{"damage":10.0,"enemies":"Jaw Worm","floor":1.0,"turns":9.0},{"damage":9.0,"enemies":"Cultist","floor":2.0,"turns":6.0},{"damage":7.0,"enemies":"Small Slimes","floor":4.0,"turns":6.0},{"damage":10.0,"enemies":"3 Louse","floor":5.0,"turns":5.0},{"damage":13.0,"enemies":"Replay:BlueRogue","floor":7.0,"turns":7.0},{"damage":3.0,"enemies":"Looter","floor":8.0,"turns":4.0},{"damage":27,"enemies":"Gremlin Nob","floor":11,"turns":5},{"damage":9,"enemies":"Red Slaver","floor":12,"turns":5},{"damage":0,"enemies":"Exordium Wildlife","floor":14,"turns":3},{"damage":0,"enemies":"Fading Forest","floor":16,"turns":11},{"damage":12,"enemies":"Chosen","floor":18,"turns":5},{"damage":18,"enemies":"Shell Parasite","floor":19,"turns":6},{"damage":36,"enemies":"Centurion and Healer","floor":20,"turns":6},{"damage":7,"enemies":"Snecko","floor":22,"turns":4},{"damage":26,"enemies":"Book of Stabbing","floor":23,"turns":7},{"damage":0,"enemies":"Cultist and Chosen","floor":27,"turns":5},{"damage":27,"enemies":"Replay:Snechameleon","floor":28,"turns":6},{"damage":0,"enemies":"Chosen and Byrds","floor":29,"turns":5},{"damage":2,"enemies":"Centurion and Healer","floor":30,"turns":4},{"damage":19,"enemies":"Automaton","floor":33,"turns":11},{"damage":4,"enemies":"3 Shapes","floor":35,"turns":4},{"damage":5,"enemies":"Orb Walker","floor":36,"turns":3},{"damage":4,"enemies":"Transient","floor":39,"turns":5},{"damage":50,"enemies":"Nemesis","floor":40,"turns":7},{"damage":3,"enemies":"Writhing Mass","floor":41,"turns":4},{"damage":0,"enemies":"3 Darklings","floor":42,"turns":6},{"damage":1,"enemies":"Jaw Worm Horde","floor":44,"turns":4},{"damage":5,"enemies":"Reptomancer","floor":45,"turns":6},{"damage":0,"enemies":"Maw","floor":48,"turns":4},{"damage":0,"enemies":"Time Eater","floor":50,"turns":9}],"seed_played":"2234735898161760478","potions_obtained":[{"floor":2.0,"key":"DistilledChaos"},{"floor":4.0,"key":"DuplicationPotion"},{"floor":5.0,"key":"construct:MegaPotion"},{"floor":12,"key":"Energy Potion"},{"floor":16,"key":"Fruit Juice"},{"floor":18,"key":"GamblersBrew"},{"floor":19,"key":"Fruit Juice"},{"floor":23,"key":"Death Potion"},{"floor":27,"key":"Fruit Juice"},{"floor":29,"key":"ColorlessPotion"},{"floor":40,"key":"GamblersBrew"},{"floor":41,"key":"AttackPotion"},{"floor":45,"key":"DistilledChaos"}],"is_trial":false,"path_per_floor":["M","M","?","M","M","R","E","M","T","?","E","M","R","M","R","B",null,"M","M","M","$","M","E","R","?","T","M","E","M","M","?","R","B",null,"?","?","T","?","?","E","?","?","T","?","E","?","T","?","T","B",null],"character_chosen":"THE_CONSTRUCT_MOD","items_purchased":["construct:Autoturret","construct:FlameCore","construct:LaserCore","construct:Anticipate","construct:PointDefense+1"],"campfire_rested":4,"item_purchase_floors":[0,0,21,37,37],"current_hp_per_floor":[75,66,66,59,49,49,36,33,33,38,21,12,42,42,42,52,100,88,75,44,44,37,11,44,44,44,44,22,22,25,25,61,42,120,116,111,111,111,107,57,54,54,54,53,48,48,48,48,84,84],"gold":11,"neow_bonus":"","is_daily":false,"chose_seed":false,"campfire_upgraded":3,"win_rate":0.0,"timestamp":1607700191,"path_taken":["M","M","?","M","?","R","E","M","T","?","E","M","R","M","R","BOSS","M","M","M","$","M","E","R","?","T","M","E","M","M","?","R","BOSS","?","?","T","?","?","E","?","?","T","?","E","?","T","?","T","BOSS"],"items_purchased_type":["Card","Card","Card","Card","Undefined"],"build_version":"2020-11-30","purchased_purges":1,"victory":true,"max_hp_per_floor":[85,85,85,85,85,85,85,85,85,90,100,100,100,100,100,100,100,100,105,110,110,110,110,110,110,110,110,115,115,120,120,120,120,120,120,120,120,120,120,120,120,120,120,120,120,120,120,120,120,120],"card_choices":[{"not_picked":["construct:Boost","construct:Chainstrike"],"picked":"construct:Analyze","floor":1.0},{"not_picked":["construct:FierceBash","construct:Anticipate"],"picked":"construct:ReactiveShield","floor":2.0},{"not_picked":["construct:Electrocute","construct:Boost","construct:FierceBash"],"picked":"SKIP","floor":4.0},{"not_picked":["construct:Backfire","construct:SaveState"],"picked":"construct:Failsafe","floor":5.0},{"not_picked":["construct:UnbalancingBlast","construct:ShieldGenerator"],"picked":"construct:ReactiveShield","floor":7.0},{"not_picked":["construct:ShiftStrike","construct:ClusterMines"],"picked":"construct:LaserCore","floor":8.0},{"not_picked":["construct:Failsafe","construct:SweepLaser"],"picked":"construct:Forcefield","floor":11},{"not_picked":["construct:FierceBash","construct:FocusedBeam"],"picked":"construct:PointDefense","floor":12},{"not_picked":["construct:VentSteam","construct:Versatility","construct:OmegaCannon"],"picked":"SKIP","floor":14},{"not_picked":["construct:GatlingGun","construct:MemoryTap"],"picked":"construct:ShieldGenerator","floor":16},{"not_picked":["construct:Tumble","construct:Forcefield"],"picked":"construct:SuppressiveFire","floor":18},{"not_picked":["construct:Boost","construct:Electrocute"],"picked":"construct:LaserCore","floor":19},{"not_picked":["construct:Boost+1","construct:HeavyBolt"],"picked":"construct:Reinforce","floor":20},{"not_picked":["construct:ModeShift+1","construct:Forcefield"],"picked":"construct:Tumble","floor":22},{"not_picked":["construct:FlameCore","construct:ElectricArmor"],"picked":"construct:MetalShell","floor":23},{"not_picked":["construct:HardReboot","construct:ForceCore"],"picked":"construct:Tumble+1","floor":27},{"not_picked":["construct:PanicFire","construct:Construct_Overclock"],"picked":"construct:PointDefense+1","floor":28},{"not_picked":["construct:OneWayMirror","construct:ChargeShot"],"picked":"construct:Disrupt","floor":29},{"not_picked":["construct:Accumulate","construct:ModeShift"],"picked":"construct:Forcefield+1","floor":30},{"not_picked":["construct:BatteryCore","construct:ClockworkEgg"],"picked":"construct:ShieldBurst","floor":33},{"not_picked":["construct:ModeShift+1","construct:FierceBash+1","construct:HeavyBolt"],"picked":"SKIP","floor":35},{"not_picked":["construct:FocusedBeam+1","construct:SweepLaser+1"],"picked":"construct:LaserCore","floor":36},{"not_picked":["construct:Isolate+1","construct:Analyze+1"],"picked":"construct:Reinforce","floor":39},{"not_picked":["construct:SyphonStrike+1","construct:BatteryAcid+1"],"picked":"construct:SaveState+1","floor":40},{"not_picked":["construct:FlakBarrage+1","construct:Accumulate+1","construct:Dampening"],"picked":"SKIP","floor":41},{"not_picked":["construct:ClusterMines+1","construct:Forcefield+1"],"picked":"construct:Reserves","floor":42},{"not_picked":["construct:ClusterMines+1","construct:FlakBarrage","construct:VentSteam+1"],"picked":"SKIP","floor":44},{"not_picked":["construct:Forcefield","construct:FierceBash"],"picked":"construct:HastyRepair","floor":45},{"not_picked":["construct:Disrupt","construct:Analyze","construct:Versatility+1"],"picked":"SKIP","floor":48}],"player_experience":173127,"relics_obtained":[{"floor":7.0,"key":"Thread and Needle"},{"floor":9.0,"key":"Replay:Bottled Eggs"},{"floor":11,"key":"Pear"},{"floor":23,"key":"ReplayFunnel"},{"floor":26,"key":"Sundial"},{"floor":28,"key":"Durian"},{"floor":40,"key":"ReplayTheSpireMod:Shallot"},{"floor":45,"key":"Boot"}],"event_choices":[{"damage_healed":0.0,"max_hp_gain":0.0,"max_hp_loss":0.0,"gold_gain":0.0,"event_name":"Match and Keep!","player_choice":"2 cards matched","floor":3.0,"gold_loss":0.0,"damage_taken":0.0,"cards_obtained":["Replay:BasicMightCard","construct:SiegeForm"]},{"damage_healed":0.0,"max_hp_gain":5.0,"max_hp_loss":0.0,"gold_gain":0.0,"event_name":"Big Fish","player_choice":"Donut","floor":10.0,"gold_loss":0.0,"damage_taken":0.0},{"damage_healed":0,"gold_gain":0,"player_choice":"Simplicity","damage_taken":0,"max_hp_gain":0,"max_hp_loss":0,"event_name":"Back to Basics","floor":25,"gold_loss":0,"cards_upgraded":["construct:Strike_Gold","construct:Strike_Gold","construct:Strike_Gold","construct:Strike_Gold","construct:Strike_Gold","construct:Defend_Gold","construct:Defend_Gold","construct:Defend_Gold","construct:Defend_Gold","construct:Defend_Gold"]},{"damage_healed":0,"gold_gain":0,"player_choice":"Obtained Relic","damage_taken":0,"relics_obtained":["Chameleon Ring"],"max_hp_gain":0,"max_hp_loss":0,"event_name":"Addict","floor":31,"gold_loss":85},{"damage_healed":0,"gold_gain":100,"player_choice":"Pray","damage_taken":0,"max_hp_gain":0,"max_hp_loss":0,"event_name":"Golden Shrine","floor":38,"gold_loss":0},{"damage_healed":0,"gold_gain":0,"player_choice":"Paid","damage_taken":0,"relics_obtained":["Red Mask"],"max_hp_gain":0,"max_hp_loss":0,"event_name":"Tomb of Lord Red Mask","floor":46,"gold_loss":539}],"is_beta":false,"boss_relics":[{"not_picked":["Pandora\u0027s Box","Coffee Dripper"],"picked":"Runic Dome"},{"not_picked":["SlaversCollar","Replay:Ancient Bell"],"picked":"Painkiller Herb"}],"items_purged_floors":[37],"is_endless":false,"potions_floor_spawned":[2,4,5,12,16,18,19,23,27,29,40,41,45],"ascension_level":0}}