{"host":"nmjik3bzoelmmajy","time":1607649342,"event":{"mods":["BaseMod","Better Third Choice","Colored Map","DeckTracker","Minty Spire (QoL Compilation)","Quick Restart","Say the Spire","StSLib","SuperFastMode"],"gold_per_floor":[111,131,146,156,231,260,260,260,260],"floor_reached":8,"playtime":331,"items_purged":[],"score":102,"play_id":"6a12520c-7490-43c0-a4f1-5bb58427be17","local_time":"20201211101542","is_ascension_mode":true,"campfire_choices":[{"data":"Neutralize","floor":7,"key":"SMITH"}],"circlet_count":0,"master_deck":["AscendersBane","Strike_G","Strike_G","Strike_G","Strike_G","Strike_G","Defend_G","Defend_G","Defend_G","Defend_G","Defend_G","Survivor","Neutralize+1","After Image","Blade Dance","Dagger Spray","Dodge and Roll","A Thousand Cuts"],"relics":["Ring of the Snake","Singing Bowl"],"acts_visited":["Exordium"],"potions_floor_usage":[3,6,6],"damage_taken":[{"damage":2,"enemies":"2 Louse","floor":1,"turns":5},{"damage":0,"enemies":"Jaw Worm","floor":2,"turns":6},{"damage":0,"enemies":"Cultist","floor":3,"turns":2},{"damage":17,"enemies":"Large Slime","floor":4,"turns":9},{"damage":24,"enemies":"Gremlin Nob","floor":6,"turns":6},{"damage":9,"enemies":"Lagavulin","floor":8,"turns":3}],"seed_played":"-3127924650615762659","potions_obtained":[{"floor":1,"key":"SteroidPotion"},{"floor":2,"key":"Ancient Potion"},{"floor":4,"key":"Block Potion"}],"is_trial":false,"path_per_floor":["M","M","M","M","?","E","R","E"],"character_chosen":"THE_SILENT","items_purchased":[],"campfire_rested":0,"item_purchase_floors":[],"current_hp_per_floor":[57,57,57,40,29,7,7,0,0],"gold":260,"neow_bonus":"ONE_RANDOM_RARE_CARD","is_daily":false,"chose_seed":false,"campfire_upgraded":1,"win_rate":0.0,"timestamp":1607649342,"path_taken":["M","M","M","M","?","E","R","E"],"items_purchased_type":[],"build_version":"2020-11-30","purchased_purges":0,"victory":false,"max_hp_per_floor":[66,66,66,66,66,68,68,68,68],"card_choices":[{"not_picked":["Eviscerate","Dagger Throw"],"picked":"Blade Dance","floor":1},{"not_picked":["Calculated Gamble","Deflect"],"picked":"Dagger Spray","floor":2},{"not_picked":["Dagger Spray","Slice"],"picked":"Dodge and Roll","floor":3},{"not_picked":["PiercingWail","Blade Dance"],"picked":"A Thousand Cuts","floor":4},{"not_picked":["Deadly Poison","All Out Attack","Underhanded Strike"],"picked":"Singing Bowl","floor":6}],"player_experience":798901,"relics_obtained":[{"floor":6,"key":"Singing Bowl"}],"event_choices":[{"damage_healed":0,"gold_gain":75,"player_choice":"Gold","damage_taken":11,"max_hp_gain":0,"max_hp_loss":0,"event_name":"betterThird:BetterGoop","floor":5,"gold_loss":0}],"is_beta":false,"boss_relics":[],"items_purged_floors":[],"is_endless":false,"potions_floor_spawned":[1,2,4],"killed_by":"Lagavulin","ascension_level":15}}