{"host":"ln6xh2dj126ndm3e","time":1607717564,"event":{"mods":["AchievementEnabler","Aspiration","Astrologer","BaseMod","Better Altar","Better Match","Better Note","Better Sensory Stone","Better Skull","Better Third Choice","BetterRewards","CCEM","Colored Map","Conspire","Downfall","GifTheSpireLib","Halation","Highlight Path","Hubris","Infinite Spire","Minty Spire (QoL Compilation)","Permanent Neow","Replay The Spire","Shop Mod","Spicy Shops","StSLib","Unceasing Turn Reminder"],"gold_per_floor":[113,126,26,56,56,56,56,56,56,89,89,9,28,36,36,54,54],"floor_reached":16,"playtime":911,"items_purged":[],"score":92,"play_id":"ff437348-fdc8-4db6-ab70-120e03392a6c","local_time":"20201211141244","is_ascension_mode":false,"campfire_choices":[{"data":"conspire:ExplosiveBarrier","floor":6,"key":"SMITH"},{"data":"Run Through","floor":8,"key":"SMITH"},{"floor":15,"key":"REST"}],"circlet_count":0,"master_deck":["Strike_R","Strike_R","Strike_R","Strike_R","Strike_R","Defend_R","Defend_R","Defend_R","Bash","hubris:Envy","Violence","Rupture","conspire:ExplosiveBarrier+1","conspire:SpireCoStock","conspire:SpireCoStock","Run Through+1","Injury","Hemokinesis+1","Fire Breathing","Run Through+1","Corruption"],"relics":["Burning Blood","Molten Egg 2","CCEMRelics:DissonantTune"],"acts_visited":["Exordium"],"potions_floor_usage":[16,16],"damage_taken":[{"damage":8,"enemies":"conspire:RoseBush","floor":1,"turns":2},{"damage":12,"enemies":"Small Slimes","floor":2,"turns":4},{"damage":9,"enemies":"2 Louse","floor":4,"turns":4},{"damage":34,"enemies":"Exordium Thugs","floor":10,"turns":8},{"damage":25,"enemies":"Lots of Slimes","floor":13,"turns":4},{"damage":3,"enemies":"Exordium Wildlife","floor":14,"turns":4},{"damage":49,"enemies":"Hexaghost","floor":16,"turns":9}],"seed_played":"-6423988172916248980","potions_obtained":[{"floor":2,"key":"DuplicationPotion"},{"floor":10,"key":"BlessingOfTheForge"},{"floor":13,"key":"Weak Potion"}],"is_trial":false,"path_per_floor":["M","M","?","M","?","R","?","R","T","M","?","$","M","M","R","B"],"character_chosen":"IRONCLAD","items_purchased":["Fire Breathing"],"campfire_rested":1,"item_purchase_floors":[12],"current_hp_per_floor":[78,72,72,69,69,69,69,69,69,41,41,41,22,25,49,0,0],"gold":54,"neow_bonus":"RANDOM_COLORLESS_2","is_daily":false,"chose_seed":false,"campfire_upgraded":2,"win_rate":0.0,"timestamp":1607717564,"path_taken":["M","M","?","M","?","R","?","R","T","M","?","?","M","M","R","BOSS"],"items_purchased_type":["Card"],"build_version":"2020-11-30","purchased_purges":0,"victory":false,"max_hp_per_floor":[80,80,80,80,80,80,80,80,80,80,80,80,80,80,80,80,80],"card_choices":[{"not_picked":["expansioncontent:Corrupt","The Bomb"],"picked":"Violence","floor":0},{"not_picked":["Whirlwind","Anger"],"picked":"Rupture","floor":1},{"not_picked":["hubris:CleavingFinish","Wild Strike"],"picked":"conspire:ExplosiveBarrier","floor":2},{"not_picked":["Replay:Undeath\u0027s Touch","ReplayTheSpireMod:Limb From Limb"],"picked":"Run Through","floor":4},{"not_picked":["hubris:SharpeningStone","ReplayTheSpireMod:Corrosion Curse"],"picked":"Hemokinesis+1","floor":10},{"not_picked":["Thunderclap+1","Twin Strike+1"],"picked":"Run Through+1","floor":13},{"not_picked":["Sword Boomerang+1","infinitespire:OneForAll+1"],"picked":"Corruption","floor":14}],"player_experience":426561,"relics_obtained":[{"floor":9,"key":"CCEMRelics:DissonantTune"}],"event_choices":[{"damage_healed":0,"gold_gain":0,"player_choice":"Invest 2","damage_taken":0,"max_hp_gain":0,"max_hp_loss":0,"event_name":"conspire:Investor","floor":3,"gold_loss":0}],"is_beta":false,"boss_relics":[],"items_purged_floors":[],"is_endless":false,"potions_floor_spawned":[2,10,13],"killed_by":"Hexaghost","ascension_level":0}}