{"host":"krw8blyxua7at9ak","time":1607662271,"event":{"mods":["BaseMod","Highlight Path","Minty Spire (QoL Compilation)","ojb\u0027s Info Mod"],"gold_per_floor":[110,185,21,21,21,48,48,78,78,88,102,114,114,114,114,189,239,249,35,35,47,47,75,75,92,174,199,199,231,231,251,251,326,326,346,346,346,358,377,405,405,405,405,82,82,112,112,147,147,147,147,147,147,3,31,31],"floor_reached":57,"playtime":3661,"items_purged":["Strike_G"],"score":2954,"play_id":"ff8a3628-2e70-49c0-a7c9-579d8673bfcc","local_time":"20201211055111","is_ascension_mode":true,"campfire_choices":[{"data":"Neutralize","floor":7.0,"key":"SMITH"},{"data":"Leg Sweep","floor":13.0,"key":"SMITH"},{"data":"Deflect","floor":15.0,"key":"SMITH"},{"data":"Catalyst","floor":24.0,"key":"SMITH"},{"data":"Catalyst","floor":28.0,"key":"SMITH"},{"floor":32.0,"key":"REST"},{"data":"Master of Strategy","floor":42.0,"key":"SMITH"},{"data":"Thinking Ahead","floor":45.0,"key":"SMITH"},{"data":"Backflip","floor":47.0,"key":"SMITH"},{"floor":49.0,"key":"RECALL"},{"data":"Venomology","floor":53,"key":"SMITH"}],"circlet_count":0,"master_deck":["AscendersBane","Strike_G+1","Strike_G+1","Strike_G+1","Defend_G+1","Defend_G+1","Defend_G+1","Defend_G+1","Defend_G+1","Survivor","Neutralize+1","Blur","Deflect+1","Noxious Fumes+1","Leg Sweep+1","Tools of the Trade+1","Caltrops+1","Catalyst+1","Well Laid Plans+1","Caltrops+1","Escape Plan","Catalyst+1","Venomology+1","Noxious Fumes+1","Thinking Ahead+1","Magnetism+1","Master of Strategy+1","Backflip","Backflip+1","Mayhem+1","Wraith Form v2+1","Tools of the Trade+1","Tactician+1","Acrobatics+1"],"relics":["Ring of the Snake","NeowsBlessing","Membership Card","Shuriken","The Specimen","Nunchaku","Frozen Egg 2","Meat on the Bone","Tiny House","Pear","Bag of Marbles","The Courier","Bird Faced Urn","Potion Belt","Coffee Dripper","Orichalcum","Orrery","Toy Ornithopter","Turnip","Toxic Egg 2","StrikeDummy","Mummified Hand","Mango"],"acts_visited":["Exordium","TheCity","TheBeyond","TheEnding"],"potions_floor_usage":[51,51,51,56,56,56,56],"damage_taken":[{"damage":0.0,"enemies":"Cultist","floor":1.0,"turns":1.0},{"damage":0.0,"enemies":"Gremlin Nob","floor":6.0,"turns":1.0},{"damage":0.0,"enemies":"3 Sentries","floor":8.0,"turns":2.0},{"damage":0.0,"enemies":"Small Slimes","floor":10.0,"turns":5.0},{"damage":0.0,"enemies":"2 Louse","floor":11.0,"turns":2.0},{"damage":0.0,"enemies":"Looter","floor":12.0,"turns":4.0},{"damage":37.0,"enemies":"Slime Boss","floor":16.0,"turns":13.0},{"damage":32.0,"enemies":"Spheric Guardian","floor":18.0,"turns":7.0},{"damage":11.0,"enemies":"3 Byrds","floor":21.0,"turns":5.0},{"damage":5.0,"enemies":"Gremlin Leader","floor":23.0,"turns":7.0},{"damage":4.0,"enemies":"Snake Plant","floor":25.0,"turns":6.0},{"damage":43.0,"enemies":"Slavers","floor":27.0,"turns":5.0},{"damage":42.0,"enemies":"Book of Stabbing","floor":29.0,"turns":7.0},{"damage":15.0,"enemies":"Snecko","floor":31.0,"turns":7.0},{"damage":47.0,"enemies":"Collector","floor":33.0,"turns":8.0},{"damage":7.0,"enemies":"3 Shapes","floor":35.0,"turns":7.0},{"damage":26.0,"enemies":"Orb Walker","floor":38.0,"turns":6.0},{"damage":5.0,"enemies":"Writhing Mass","floor":39.0,"turns":6.0},{"damage":10.0,"enemies":"Reptomancer","floor":40.0,"turns":4.0},{"damage":18.0,"enemies":"Giant Head","floor":46.0,"turns":7.0},{"damage":44.0,"enemies":"Reptomancer","floor":48.0,"turns":4.0},{"damage":45.0,"enemies":"Donu and Deca","floor":50.0,"turns":8.0},{"damage":40,"enemies":"Awakened One","floor":51,"turns":19},{"damage":0,"enemies":"Shield and Spear","floor":55,"turns":6},{"damage":96,"enemies":"The Heart","floor":56,"turns":10}],"seed_played":"-5926369185084173463","potions_obtained":[{"floor":8.0,"key":"Ancient Potion"},{"floor":10.0,"key":"DistilledChaos"},{"floor":12.0,"key":"CunningPotion"},{"floor":17.0,"key":"FairyPotion"},{"floor":21.0,"key":"Dexterity Potion"},{"floor":29.0,"key":"Poison Potion"},{"floor":31.0,"key":"Explosive Potion"},{"floor":33.0,"key":"SteroidPotion"},{"floor":38.0,"key":"Fruit Juice"},{"floor":39.0,"key":"DistilledChaos"},{"floor":40.0,"key":"Fire Potion"}],"is_trial":false,"path_per_floor":["M","?","$","?","?","E","R","E","T","M","M","M","R","T","R","B",null,"M","$","?","M","?","E","R","M","T","E","R","E","?","M","R","B",null,"M","?","?","M","M","E","?","R","T","$","R","E","R","E","R","B","B",null,"R","$","E","B",null],"character_chosen":"THE_SILENT","items_purchased":["Membership Card","Pear","Well Laid Plans+1","Mayhem+1","Orrery","Toy Ornithopter","Turnip","Mummified Hand","LiquidMemories"],"campfire_rested":1,"item_purchase_floors":[3,19,19,44,44,44,44,54,54],"current_hp_per_floor":[59,48,48,43,43,43,43,43,43,43,43,43,43,43,43,18,59,39,49,26,27,27,34,34,42,42,37,37,15,15,20,45,18,69,70,60,60,44,58,58,58,58,58,58,58,63,63,45,45,32,41,75,75,75,100,46],"gold":31,"neow_bonus":"THREE_ENEMY_KILL","is_daily":false,"chose_seed":false,"campfire_upgraded":9,"win_rate":0.0,"timestamp":1607662271,"path_taken":["M","?","$","?","?","E","R","E","T","M","M","M","R","?","R","BOSS","M","$","?","M","?","E","R","M","T","E","R","E","?","?","R","BOSS","M","?","?","?","M","E","?","R","T","$","R","E","R","E","R","BOSS","BOSS","R","$","E","BOSS"],"items_purchased_type":["Relic","Relic","Undefined","Undefined","Relic","Relic","Relic","Relic","Potion"],"build_version":"2020-11-30","purchased_purges":1,"victory":true,"max_hp_per_floor":[66,66,66,66,66,66,66,66,66,66,66,66,66,66,66,66,71,71,81,86,86,86,86,86,86,86,86,86,86,86,86,86,86,86,86,86,86,86,91,91,86,86,86,86,86,86,86,86,86,86,86,86,86,86,100,100],"card_choices":[{"not_picked":["Quick Slash","Outmaneuver"],"picked":"Flying Knee","floor":1.0},{"not_picked":["Dagger Spray","Terror","Dodge and Roll"],"picked":"SKIP","floor":6.0},{"not_picked":["Skewer","Setup"],"picked":"Deflect","floor":8.0},{"not_picked":["Prepared","Backflip"],"picked":"Noxious Fumes+1","floor":10.0},{"not_picked":["Dagger Throw","Terror","Flying Knee"],"picked":"SKIP","floor":11.0},{"not_picked":["Flying Knee","Deadly Poison"],"picked":"Leg Sweep","floor":12.0},{"not_picked":["Night Terror","Storm of Steel"],"picked":"Tools of the Trade+1","floor":16.0},{"not_picked":["Distraction","Deflect"],"picked":"Caltrops+1","floor":17.0},{"not_picked":["Blur","Escape Plan"],"picked":"Catalyst","floor":18.0},{"not_picked":["Bane","Backflip"],"picked":"Caltrops+1","floor":21.0},{"not_picked":["Underhanded Strike","Blade Dance"],"picked":"Escape Plan","floor":23.0},{"not_picked":["Acrobatics","Accuracy+1","Expertise"],"picked":"SKIP","floor":25.0},{"not_picked":["Masterful Stab","Outmaneuver"],"picked":"Catalyst","floor":27.0},{"not_picked":["Underhanded Strike","Reflex","Masterful Stab+1"],"picked":"SKIP","floor":29.0},{"not_picked":["Crippling Poison","Deflect","Sucker Punch"],"picked":"SKIP","floor":31.0},{"not_picked":["Envenom+1","Die Die Die"],"picked":"Venomology","floor":33.0},{"not_picked":["Bane","Backstab+1"],"picked":"Noxious Fumes+1","floor":35.0},{"not_picked":["Enlightenment","Metamorphosis"],"picked":"Thinking Ahead","floor":36.0},{"not_picked":["Purity","Madness"],"picked":"Magnetism+1","floor":36.0},{"not_picked":["Bandage Up","Enlightenment"],"picked":"Master of Strategy","floor":36.0},{"not_picked":["Quick Slash","Dagger Throw","Poisoned Stab+1"],"picked":"SKIP","floor":38.0},{"not_picked":["Endless Agony","Deflect+1"],"picked":"Backflip","floor":39.0},{"not_picked":["Outmaneuver","Well Laid Plans+1"],"picked":"Backflip","floor":40.0},{"not_picked":["Quick Slash+1","Bouncing Flask"],"picked":"Wraith Form v2+1","floor":44.0},{"not_picked":["Caltrops+1","Acrobatics"],"picked":"Tools of the Trade+1","floor":44.0},{"not_picked":["Heel Hook+1","Deadly Poison"],"picked":"Tactician+1","floor":44.0},{"not_picked":["Outmaneuver+1","Quick Slash"],"picked":"Acrobatics+1","floor":46.0},{"not_picked":["Backstab","Quick Slash","Blade Dance+1"],"picked":"SKIP","floor":48.0},{"not_picked":["Blade Dance+1","Die Die Die","Poisoned Stab"],"picked":"SKIP","floor":55}],"player_experience":330105,"relics_obtained":[{"floor":6.0,"key":"The Specimen"},{"floor":8.0,"key":"Nunchaku"},{"floor":9.0,"key":"Frozen Egg 2"},{"floor":14.0,"key":"Meat on the Bone"},{"floor":23.0,"key":"Bag of Marbles"},{"floor":26.0,"key":"The Courier"},{"floor":27.0,"key":"Bird Faced Urn"},{"floor":29.0,"key":"Potion Belt"},{"floor":40.0,"key":"Orichalcum"},{"floor":46.0,"key":"Toxic Egg 2"},{"floor":48.0,"key":"StrikeDummy"},{"floor":55,"key":"Mango"}],"event_choices":[{"damage_healed":0.0,"max_hp_gain":0.0,"max_hp_loss":0.0,"gold_gain":75.0,"event_name":"World of Goop","player_choice":"Gather Gold","floor":2.0,"gold_loss":0.0,"damage_taken":11.0},{"damage_healed":0.0,"max_hp_gain":0.0,"max_hp_loss":0.0,"gold_gain":0.0,"event_name":"Scrap Ooze","player_choice":"Success","floor":4.0,"gold_loss":0.0,"damage_taken":5.0,"relics_obtained":["Shuriken"]},{"damage_healed":0.0,"max_hp_gain":0.0,"max_hp_loss":0.0,"gold_gain":0.0,"cards_transformed":["Strike_G"],"event_name":"Living Wall","player_choice":"Change","floor":5.0,"gold_loss":0.0,"damage_taken":0.0,"cards_obtained":["Blur"]},{"damage_healed":0.0,"max_hp_gain":5.0,"max_hp_loss":0.0,"gold_gain":0.0,"event_name":"Forgotten Altar","player_choice":"Shed Blood","floor":20.0,"gold_loss":0.0,"damage_taken":28.0},{"damage_healed":0.0,"max_hp_gain":0.0,"max_hp_loss":0.0,"gold_gain":0.0,"event_name":"Back to Basics","player_choice":"Simplicity","floor":22.0,"gold_loss":0.0,"damage_taken":0.0,"cards_upgraded":["Strike_G","Strike_G","Strike_G","Defend_G","Defend_G","Defend_G","Defend_G"]},{"damage_healed":0.0,"max_hp_gain":0.0,"max_hp_loss":0.0,"gold_gain":0.0,"cards_transformed":["Flying Knee"],"event_name":"Transmorgrifier","player_choice":"Transformed","floor":30.0,"gold_loss":0.0,"damage_taken":0.0,"cards_obtained":["Finisher"]},{"damage_healed":0.0,"max_hp_gain":0.0,"max_hp_loss":0.0,"gold_gain":0.0,"event_name":"SensoryStone","player_choice":"Memory 3","floor":36.0,"gold_loss":0.0,"damage_taken":10.0},{"cards_removed":["Finisher"],"damage_healed":0.0,"max_hp_gain":0.0,"max_hp_loss":0.0,"gold_gain":0.0,"event_name":"Purifier","player_choice":"Purged","floor":37.0,"gold_loss":0.0,"damage_taken":0.0},{"damage_healed":0.0,"max_hp_gain":0.0,"max_hp_loss":5.0,"gold_gain":0.0,"event_name":"Winding Halls","player_choice":"Max HP","floor":41.0,"gold_loss":0.0,"damage_taken":0.0}],"is_beta":false,"boss_relics":[{"not_picked":["WristBlade","Ectoplasm"],"picked":"Tiny House"},{"not_picked":["Black Star","Calling Bell"],"picked":"Coffee Dripper"}],"items_purged_floors":[19],"is_endless":false,"potions_floor_spawned":[8,10,12,21,29,31,33,38,39,40],"ascension_level":20}}