{"host":"6z6y4ky8uzsz1dpj","time":1607717573,"event":{"mods":["2.2 Compatiblity","BaseMod","BetterRewards","Challenge The Spire","Colored Map","Hubris","Minty Spire (QoL Compilation)","Quick Restart","Replay The Spire","StSLib","The Construct","The Cursed","The Hierophant","The Necromancer","The Poker Player","The Servant 0.9.4"],"gold_per_floor":[112,128,147,147,172,172,172,172],"floor_reached":7,"playtime":244,"items_purged":[],"score":47,"play_id":"a3cdd846-9ac7-4c6d-a3be-ec2d772eee88","local_time":"20201211151253","is_ascension_mode":true,"campfire_choices":[{"data":"Body Slam","floor":6.0,"key":"SMITH"}],"circlet_count":0,"master_deck":["Strike_R","Strike_R","Strike_R","Strike_R","Strike_R","Defend_R","Defend_R","Defend_R","Defend_R","Bash","Metallicize","hubris:ReadiedAction","Battle Trance","Body Slam+1"],"relics":["Burning Blood","Golden Idol"],"acts_visited":["Exordium"],"potions_floor_usage":[],"damage_taken":[{"damage":10.0,"enemies":"2 Louse","floor":1.0,"turns":4.0},{"damage":5.0,"enemies":"Jaw Worm","floor":2.0,"turns":4.0},{"damage":3.0,"enemies":"Cultist","floor":3.0,"turns":3.0},{"damage":35.0,"enemies":"Gremlin Gang","floor":5.0,"turns":7.0},{"damage":13,"enemies":"Gremlin Nob","floor":7,"turns":3}],"seed_played":"-6229625304204658810","potions_obtained":[{"floor":2.0,"key":"Venom Potion"},{"floor":3.0,"key":"Elixir"}],"is_trial":false,"path_per_floor":["M","M","M","?","M","R","E"],"character_chosen":"IRONCLAD","items_purchased":["Metallicize"],"campfire_rested":0,"item_purchase_floors":[0],"current_hp_per_floor":[76,77,80,60,31,31,18,18],"gold":172,"neow_bonus":"","is_daily":false,"chose_seed":false,"campfire_upgraded":1,"win_rate":0.0,"timestamp":1607717573,"path_taken":["M","M","M","?","M","R","E"],"items_purchased_type":["Card"],"build_version":"2020-11-30","purchased_purges":0,"victory":false,"max_hp_per_floor":[80,80,80,80,80,80,80,80],"card_choices":[{"not_picked":["Thunderclap","Headbutt"],"picked":"hubris:ReadiedAction","floor":1.0},{"not_picked":["Perfected Strike","Flex"],"picked":"Battle Trance","floor":2.0},{"not_picked":["Warcry","Cleave","Run Through"],"picked":"SKIP","floor":3.0},{"not_picked":["Run Through","Fire Breathing"],"picked":"Body Slam","floor":5.0}],"player_experience":178307,"relics_obtained":[],"event_choices":[{"damage_healed":0.0,"max_hp_gain":0.0,"max_hp_loss":0.0,"gold_gain":0.0,"event_name":"Golden Idol","player_choice":"Take Damage","floor":4.0,"gold_loss":0.0,"damage_taken":20.0,"relics_obtained":["Golden Idol"]}],"is_beta":false,"boss_relics":[],"items_purged_floors":[],"is_endless":false,"potions_floor_spawned":[2,3],"killed_by":"Gremlin Nob","ascension_level":2}}