{"host":"ocll6kdfqxraqtza","time":1607706283,"event":{"mods":["2.2 Compatiblity","Act Like it!","Aspiration","BaseMod","Better Third Choice","Gensokyo","Hallownest","Hermit","Hubris","Jorbs\u0027s Wanderer Trilogy","Luminous","Marisa（霧雨　魔理沙）","Minty Spire (QoL Compilation)","Reimu（博??梦）","Replay The Spire","StSLib","The Alterego","The Bug Knight","The Cursed","The Hierophant","The Runesmith","TheBandit","Wandering Minibosses","vexMod"],"gold_per_floor":[116,116,66,66,82,82,7,7,7,27,27,40,56,56,56,181,281,296,296,309,309,327,361,361,400,454,604,622,642,682,682,682,810,810,823,837,837,855,855,422,422,457,457,498,498,523,538,563,563,563],"floor_reached":51,"playtime":1969,"items_purged":["Injury","Defend_G"],"score":892,"play_id":"f0592491-3014-4ea6-9710-613ecbba8f8e","local_time":"20201212010443","is_ascension_mode":true,"campfire_choices":[{"data":"Neutralize","floor":6.0,"key":"SMITH"},{"data":"Survivor","floor":8.0,"key":"SMITH"},{"data":"Deflect","floor":11.0,"key":"SMITH"},{"data":"Draining Mist","floor":24.0,"key":"SMITH"},{"floor":32,"key":"REST"},{"data":"ReplayTheSpireMod:Necrosis","floor":41,"key":"SMITH"},{"floor":45,"key":"REST"},{"floor":49,"key":"REST"}],"circlet_count":0,"master_deck":["Strike_G","Strike_G","Strike_G","Strike_G","Defend_G","Defend_G","Defend_G","Survivor+1","Neutralize+1","Bane+1","Dagger Throw","Dash+1","Deflect+1","Flying Knee+1","Dodge and Roll+1","Corpse Explosion","Poisoned Stab+1","Flying Knee+1","Draining Mist+1","Noxious Fumes+1","ReplayTheSpireMod:Speed Training+1","Quick Slash+1","ReplayTheSpireMod:Necrosis+1","Slice+1","Backflip","Adrenaline","PiercingWail+1","Bouncing Flask+1","Delirium","Choke+1","Neutralize+1","Dramatic Entrance+1","Underhanded Strike+1","Endless Agony+1","Escape Plan+1","Riddle With Holes+1","ReplayTheSpireMod:Tripwire+1","Draining Mist+1","Expertise+1"],"relics":["Ring of the Snake","Golden Idol","Molten Egg 2","vexMod:ScavengeHelm","Replay:Wanted Poster","hubris:Icosahedron","Strawberry","Replay:Mystery Machine","Dream Catcher","Replay:Baseball","vexMod:CursedCompass","Ring of Hypnosis","Ring of Peace","Kunai","hubris:SphereOfDissonance","PreservedInsect","Counterbalance"],"acts_visited":["Exordium","Hallownest:CityofTears","TheBeyond"],"potions_floor_usage":[25,25,25,30,33,42,42,47,47,50,50],"damage_taken":[{"damage":0.0,"enemies":"2 Louse","floor":1.0,"turns":3.0},{"damage":0.0,"enemies":"Jaw Worm","floor":5.0,"turns":3.0},{"damage":0.0,"enemies":"Small Slimes","floor":10.0,"turns":3.0},{"damage":4.0,"enemies":"Exordium Wildlife","floor":12.0,"turns":5.0},{"damage":7.0,"enemies":"Looter","floor":13.0,"turns":2.0},{"damage":22.0,"enemies":"Fading Forest","floor":16.0,"turns":11.0},{"damage":4.0,"enemies":"Hallownest:3_Youths","floor":18.0,"turns":5.0},{"damage":8.0,"enemies":"Hallownest:Guard_and_Sentry","floor":20.0,"turns":3.0},{"damage":11.0,"enemies":"Hallownest:monsterShrumalOgre","floor":22.0,"turns":5.0},{"damage":1.0,"enemies":"Hallownest:Nosk","floor":23.0,"turns":8.0},{"damage":14,"enemies":"Hallownest:eliteWatcherKnight","floor":25,"turns":10},{"damage":7,"enemies":"Hallownest:Master_and_Novice","floor":28,"turns":3},{"damage":11,"enemies":"Hallownest:Warrior_and_Youth","floor":29,"turns":3},{"damage":2,"enemies":"Hallownest:Nosk","floor":30,"turns":5},{"damage":5,"enemies":"Hallownest:BossSoulMaster","floor":33,"turns":8},{"damage":13,"enemies":"3 Shapes","floor":35,"turns":3},{"damage":1,"enemies":"Orb Walker","floor":36,"turns":3},{"damage":6,"enemies":"3 Darklings","floor":38,"turns":3},{"damage":25,"enemies":"Giant Head","floor":42,"turns":10},{"damage":0,"enemies":"HollowMod:StalkingDevout","floor":44,"turns":4},{"damage":0,"enemies":"Transient","floor":46,"turns":5},{"damage":19,"enemies":"HollowMod:SlobberingHusk","floor":47,"turns":5},{"damage":3,"enemies":"4 Shapes","floor":48,"turns":4},{"damage":14,"enemies":"Time Eater","floor":50,"turns":12}],"seed_played":"-6371994430798999631","potions_obtained":[{"floor":5.0,"key":"Weak Potion"},{"floor":10.0,"key":"PowerPotion"},{"floor":29,"key":"SkillPotion"},{"floor":36,"key":"Adrenaline Potion"},{"floor":42,"key":"EntropicBrew"},{"floor":48,"key":"MagicPotion:ReiMu"}],"is_trial":false,"path_per_floor":["M","?","?","?","M","R","$","R","T","M","R","M","M","?","R","B",null,"M","?","M","?","M","E","R","E","T","?","M","M","E","?","R","B",null,"M","M","?","M","?","$","R","E","T","E","R","M","M","M","R","B",null],"character_chosen":"THE_SILENT","items_purchased":["Kunai","Dramatic Entrance+1"],"campfire_rested":3,"item_purchase_floors":[40,40],"current_hp_per_floor":[70,53,53,53,53,53,53,53,53,53,53,49,42,42,63,41,70,66,66,58,58,47,53,53,39,39,39,32,21,19,26,49,72,77,64,63,63,57,57,57,57,32,32,32,55,55,36,33,56,42],"gold":563,"neow_bonus":"TRANSFORM_CARD","is_daily":false,"chose_seed":false,"campfire_upgraded":5,"win_rate":0.0,"timestamp":1607706283,"path_taken":["M","?","?","?","M","R","$","R","T","M","R","M","?","?","R","BOSS","M","?","M","?","M","E","R","E","T","?","?","M","E","?","R","BOSS","M","M","?","M","?","$","R","E","T","E","R","M","M","?","R","BOSS"],"items_purchased_type":["Relic","Card"],"build_version":"2020-11-30","purchased_purges":2,"victory":true,"max_hp_per_floor":[70,70,70,70,70,70,70,70,70,70,70,70,70,70,70,70,70,70,70,70,70,70,77,77,77,77,77,77,77,77,77,77,77,77,77,77,77,77,77,77,77,77,77,77,77,77,77,77,77,77],"card_choices":[{"not_picked":["Outmaneuver","Terror"],"picked":"Dagger Throw","floor":1.0},{"not_picked":["Dodge and Roll","Replay:Poison Smokescreen"],"picked":"Dash+1","floor":5.0},{"not_picked":["hubris:Sniper","PiercingWail"],"picked":"Deflect","floor":10.0},{"not_picked":["Noxious Fumes","Outmaneuver"],"picked":"Flying Knee+1","floor":12.0},{"not_picked":["Hidden Blade","PiercingWail"],"picked":"Dodge and Roll","floor":13.0},{"not_picked":["Venomology","A Thousand Cuts"],"picked":"Corpse Explosion","floor":16.0},{"not_picked":["Masterful Stab+1","Hidden Blade"],"picked":"Poisoned Stab+1","floor":18.0},{"not_picked":["hubris:SlightOfHand","Backflip"],"picked":"Flying Knee+1","floor":20.0},{"not_picked":["All Out Attack+1","Endless Agony+1"],"picked":"Draining Mist","floor":22.0},{"not_picked":["Escape Plan","Hidden Blade"],"picked":"Noxious Fumes+1","floor":23.0},{"not_picked":["Endless Agony+1","Deflect"],"picked":"ReplayTheSpireMod:Speed Training+1","floor":25},{"not_picked":["hubris:SlightOfHand","Slice+1"],"picked":"Quick Slash+1","floor":28},{"not_picked":["Endless Agony+1","Sucker Punch+1"],"picked":"ReplayTheSpireMod:Necrosis","floor":29},{"not_picked":["Deadly Poison","hubris:TrickCloak"],"picked":"Slice+1","floor":30},{"not_picked":["Outmaneuver","Blade Dance+1"],"picked":"Backflip","floor":32},{"not_picked":["A Thousand Cuts","Replay:Bag of Tricks"],"picked":"Adrenaline","floor":33},{"not_picked":["Infinite Blades+1","Poisoned Stab+1"],"picked":"PiercingWail+1","floor":35},{"not_picked":["Escape Plan+1","Quick Slash+1"],"picked":"Bouncing Flask+1","floor":36},{"not_picked":["Blade Dance+1","Deadly Poison"],"picked":"Choke+1","floor":38},{"not_picked":["PiercingWail+1","Masterful Stab+1"],"picked":"Underhanded Strike+1","floor":42},{"not_picked":["Dodge and Roll","Deflect"],"picked":"Endless Agony+1","floor":44},{"not_picked":["hubris:Sniper","Corpse Explosion"],"picked":"Escape Plan+1","floor":45},{"not_picked":["Toxin Wave","Flechettes+1"],"picked":"Riddle With Holes+1","floor":46},{"not_picked":["Acrobatics","Blade Dance"],"picked":"ReplayTheSpireMod:Tripwire+1","floor":47},{"not_picked":["Slice+1","Distraction"],"picked":"Draining Mist+1","floor":48},{"not_picked":["Infinite Blades","Replay:Poison Smokescreen+1"],"picked":"Expertise+1","floor":49}],"player_experience":437199,"relics_obtained":[{"floor":9.0,"key":"vexMod:ScavengeHelm"},{"floor":23.0,"key":"Strawberry"},{"floor":25,"key":"Replay:Mystery Machine"},{"floor":26,"key":"Dream Catcher"},{"floor":30,"key":"Replay:Baseball"},{"floor":37,"key":"Ring of Hypnosis"},{"floor":37,"key":"Ring of Peace"},{"floor":42,"key":"hubris:SphereOfDissonance"},{"floor":43,"key":"PreservedInsect"},{"floor":44,"key":"Counterbalance"}],"event_choices":[{"damage_healed":0.0,"max_hp_gain":0.0,"max_hp_loss":0.0,"gold_gain":0.0,"event_name":"Golden Idol","player_choice":"Take Damage","floor":2.0,"gold_loss":0.0,"damage_taken":17.0,"relics_obtained":["Golden Idol"]},{"cards_removed":["Defend_G"],"damage_healed":0.0,"max_hp_gain":0.0,"max_hp_loss":0.0,"gold_gain":0.0,"event_name":"The Cleric","player_choice":"Card Removal","floor":3.0,"gold_loss":50.0,"damage_taken":0.0},{"damage_healed":0.0,"max_hp_gain":0.0,"max_hp_loss":0.0,"gold_gain":0.0,"event_name":"Upgrade Shrine","player_choice":"Upgraded","floor":14.0,"gold_loss":0.0,"damage_taken":0.0,"cards_upgraded":["Dodge and Roll"]},{"damage_healed":0,"gold_gain":0,"player_choice":"1 cards matched","damage_taken":0,"max_hp_gain":0,"max_hp_loss":0,"event_name":"Match and Keep!","floor":39,"gold_loss":0,"cards_obtained":["Neutralize"]}],"is_beta":false,"boss_relics":[{"not_picked":["Ring of Chaos","Busted Crown"],"picked":"Replay:Wanted Poster"},{"not_picked":["vexMod:MysteryBossChallenge","SacredBark"],"picked":"vexMod:CursedCompass"}],"items_purged_floors":[7,40],"is_endless":false,"potions_floor_spawned":[5,10,20,23,29,36,42,48],"ascension_level":1}}