{"host":"28p8ce41sjwa6lzf","time":1607705493,"event":{"mods":["BaseMod","Colored Map","Colored Powertips","Highlight Path","Minty Spire (QoL Compilation)","Permanent Neow","Quick Restart","Random Character Button","Rare Cards Sparkle","Relic Stats","StSLib","Unceasing Turn Reminder"],"gold_per_floor":[368,34,34,52,66,66,96,96,96,107,107,141,152,183,183,259,259,274,549,11,30,30,30,55,75,145,145,145,179,179,192,192,267,267,287,312,331,345,355,387,387,417,417,451,467,480,526,426,426,426,426,426,426,108,142,142,142],"floor_reached":56,"playtime":5281,"items_purged":["Regret","Injury"],"score":2215,"play_id":"f4b99c48-1643-42e4-96d5-b2b308068d87","local_time":"20201211105133","is_ascension_mode":true,"campfire_choices":[{"data":"Streamline","floor":6.0,"key":"SMITH"},{"data":"Hologram","floor":8.0,"key":"SMITH"},{"data":"Go for the Eyes","floor":15.0,"key":"SMITH"},{"data":"Hologram","floor":23.0,"key":"SMITH"},{"data":"Conserve Battery","floor":28.0,"key":"SMITH"},{"data":"Hologram","floor":32.0,"key":"SMITH"},{"data":"Reprogram","floor":41.0,"key":"SMITH"},{"floor":49.0,"key":"RECALL"},{"floor":53.0,"key":"DIG"}],"circlet_count":0,"master_deck":["AscendersBane","Zap","Streamline+1","All For One+1","Go for the Eyes+1","Leap","Hologram+1","Reprogram+1","Steam","Go for the Eyes","Conserve Battery+1","Fission","Beam Cell+1","Reinforced Body","Self Repair","Hologram+1","Conserve Battery+1","Steam","Hyperbeam","Ghostly","Ghostly","Ghostly","Hologram+1","All For One","Reprogram+1","Sweeping Beam+1","Steam Power+1","Stack+1","Gash+1","Gash","Rebound","Turbo","Meteor Strike"],"relics":["Cracked Core","Vajra","Ornamental Fan","Eternal Feather","Oddly Smooth Stone","Question Card","Pandora\u0027s Box","Pear","Gambling Chip","Gremlin Horn","Whetstone","Cursed Key","Thread and Needle","Ancient Tea Set","Orichalcum","Shovel","Ice Cream","Mercury Hourglass","Calipers","CaptainsWheel"],"acts_visited":["Exordium","TheCity","TheBeyond","TheEnding"],"potions_floor_usage":[56],"damage_taken":[{"damage":2.0,"enemies":"Jaw Worm","floor":1.0,"turns":3.0},{"damage":1.0,"enemies":"Cultist","floor":4.0,"turns":3.0},{"damage":2.0,"enemies":"Small Slimes","floor":5.0,"turns":2.0},{"damage":16.0,"enemies":"3 Sentries","floor":7.0,"turns":7.0},{"damage":11.0,"enemies":"Exordium Thugs","floor":10.0,"turns":4.0},{"damage":2.0,"enemies":"Lagavulin","floor":12.0,"turns":7.0},{"damage":1.0,"enemies":"Looter","floor":13.0,"turns":3.0},{"damage":6.0,"enemies":"3 Sentries","floor":14.0,"turns":8.0},{"damage":3.0,"enemies":"The Guardian","floor":16.0,"turns":13.0},{"damage":11.0,"enemies":"3 Byrds","floor":18.0,"turns":6.0},{"damage":10.0,"enemies":"2 Thieves","floor":21.0,"turns":4.0},{"damage":3.0,"enemies":"Gremlin Leader","floor":24.0,"turns":9.0},{"damage":11.0,"enemies":"Snake Plant","floor":25.0,"turns":5.0},{"damage":5.0,"enemies":"Book of Stabbing","floor":29.0,"turns":6.0},{"damage":4.0,"enemies":"Sentry and Sphere","floor":31.0,"turns":6.0},{"damage":14.0,"enemies":"Collector","floor":33.0,"turns":12.0},{"damage":0.0,"enemies":"3 Shapes","floor":35.0,"turns":5.0},{"damage":10.0,"enemies":"Mind Bloom Boss Battle","floor":36.0,"turns":7.0},{"damage":0.0,"enemies":"3 Darklings","floor":37.0,"turns":2.0},{"damage":0.0,"enemies":"4 Shapes","floor":38.0,"turns":4.0},{"damage":0.0,"enemies":"Writhing Mass","floor":39.0,"turns":9.0},{"damage":9.0,"enemies":"Giant Head","floor":40.0,"turns":7.0},{"damage":0.0,"enemies":"Reptomancer","floor":42.0,"turns":3.0},{"damage":0.0,"enemies":"Giant Head","floor":44.0,"turns":6.0},{"damage":0.0,"enemies":"Spire Growth","floor":45.0,"turns":5.0},{"damage":0.0,"enemies":"Sphere and 2 Shapes","floor":46.0,"turns":5.0},{"damage":17.0,"enemies":"2 Orb Walkers","floor":47.0,"turns":5.0},{"damage":4.0,"enemies":"Donu and Deca","floor":50.0,"turns":8.0},{"damage":0.0,"enemies":"Time Eater","floor":51.0,"turns":13.0},{"damage":0.0,"enemies":"Shield and Spear","floor":55.0,"turns":9.0},{"damage":47,"enemies":"The Heart","floor":56,"turns":6}],"seed_played":"-9182667113283947890","potions_obtained":[{"floor":4.0,"key":"Dexterity Potion"},{"floor":7.0,"key":"Strength Potion"},{"floor":12.0,"key":"DistilledChaos"},{"floor":16.0,"key":"ColorlessPotion"},{"floor":18.0,"key":"DuplicationPotion"},{"floor":29.0,"key":"BlessingOfTheForge"},{"floor":31.0,"key":"Fruit Juice"},{"floor":33.0,"key":"DuplicationPotion"},{"floor":37.0,"key":"SteroidPotion"}],"is_trial":false,"path_per_floor":["M","$","?","M","M","R","E","R","T","M","?","E","M","E","R","B",null,"M","?","$","M","?","R","E","M","T","?","R","E","?","M","R","B",null,"M","?","M","M","M","E","R","E","T","E","M","M","?","$","R","B","B",null,"R","$","E","B"],"character_chosen":"DEFECT","items_purchased":["Vajra","All For One","Pear","Reinforced Body","Self Repair","Calipers"],"campfire_rested":0,"item_purchase_floors":[2,2,20,20,20,54],"current_hp_per_floor":[62,62,62,61,59,59,43,43,43,32,32,30,29,23,35,32,56,45,45,55,52,52,61,65,61,61,61,70,72,37,37,37,35,40,42,39,39,42,42,40,42,42,42,42,42,42,32,32,42,42,42,42,42,42,42,0,0],"gold":142,"neow_bonus":"TWO_FIFTY_GOLD","is_daily":false,"chose_seed":false,"campfire_upgraded":7,"win_rate":0.0,"timestamp":1607705493,"path_taken":["M","$","?","M","M","R","E","R","T","M","?","E","?","E","R","BOSS","M","?","$","?","?","R","E","M","T","?","R","E","?","M","R","BOSS","M","?","M","M","M","E","R","E","T","E","M","M","?","$","R","BOSS","BOSS","R","$","E","BOSS"],"items_purchased_type":["Relic","Card","Relic","Card","Card","Relic"],"build_version":"2020-11-30","purchased_purges":2,"victory":false,"max_hp_per_floor":[64,64,64,64,64,64,64,64,64,64,64,64,64,64,64,64,64,64,64,74,74,74,74,74,74,74,74,74,74,37,37,37,42,42,42,42,42,42,42,42,42,42,42,42,42,42,42,42,42,42,42,42,42,42,42,42,42],"relic_stats":{"Gremlin Horn":[23,23],"counters":[31,192],"Eternal Feather":42,"Whetstone":["All For One","Beam Cell"],"Orichalcum":[18],"Question Card":20,"Cursed Key":1,"Mercury Hourglass":[42],"Shovel":1,"Ornamental Fan":[340],"Gambling Chip":[28],"Pandora\u0027s Box":["Blizzard","Fusion","Storm","Force Field","Double Energy","BootSequence","Biased Cognition","Streamline"],"obtain_stats":[{"Ice Cream":47,"Pear":20,"Calipers":54,"Gremlin Horn":26,"Vajra":2,"Oddly Smooth Stone":12,"Eternal Feather":9,"Thread and Needle":36,"Whetstone":29,"Orichalcum":42,"Question Card":14,"Cursed Key":34,"Ancient Tea Set":40,"Mercury Hourglass":53,"CaptainsWheel":55,"Shovel":44,"Ornamental Fan":7,"Gambling Chip":24,"Pandora\u0027s Box":17,"Cracked Core":0},{"Ice Cream":27,"Pear":10,"Calipers":29,"Gremlin Horn":13,"Vajra":1,"Oddly Smooth Stone":6,"Eternal Feather":4,"Thread and Needle":18,"Whetstone":14,"Orichalcum":23,"Question Card":8,"Cursed Key":16,"Ancient Tea Set":22,"Mercury Hourglass":29,"CaptainsWheel":30,"Shovel":24,"Ornamental Fan":4,"Gambling Chip":12,"Pandora\u0027s Box":9,"Cracked Core":0},{"Ice Cream":156,"Pear":56,"Calipers":177,"Gremlin Horn":74,"Vajra":3,"Oddly Smooth Stone":26,"Eternal Feather":15,"Thread and Needle":110,"Whetstone":80,"Orichalcum":135,"Question Card":37,"Cursed Key":98,"Ancient Tea Set":132,"Mercury Hourglass":177,"CaptainsWheel":186,"Shovel":141,"Ornamental Fan":15,"Gambling Chip":69,"Pandora\u0027s Box":50,"Cracked Core":0}]},"card_choices":[{"not_picked":["Turbo","Compile Driver"],"picked":"Streamline","floor":1.0},{"not_picked":["Recycle","Coolheaded"],"picked":"Go for the Eyes","floor":4.0},{"not_picked":["Fusion","Streamline"],"picked":"Leap","floor":5.0},{"not_picked":["Leap","Biased Cognition"],"picked":"Hologram","floor":7.0},{"not_picked":["Heatsinks","Streamline"],"picked":"Reprogram","floor":10.0},{"not_picked":["Coolheaded","Stack"],"picked":"Steam","floor":12.0},{"not_picked":["Cold Snap","Redo"],"picked":"Go for the Eyes","floor":13.0},{"not_picked":["BootSequence","Compile Driver"],"picked":"Conserve Battery","floor":14.0},{"not_picked":["Creative AI","Biased Cognition","Reboot"],"picked":"Fission","floor":16.0},{"not_picked":["Rebound+1","Redo","Static Discharge"],"picked":"Beam Cell","floor":18.0},{"not_picked":["Compile Driver","Aggregate","Steam"],"picked":"Hologram","floor":21.0},{"not_picked":["Loop","Auto Shields+1","Defragment"],"picked":"Conserve Battery+1","floor":24.0},{"not_picked":["Leap+1","Sweeping Beam+1","Lockon"],"picked":"Steam","floor":25.0},{"not_picked":["Chaos","Storm","Heatsinks"],"picked":"Hyperbeam","floor":29.0},{"not_picked":["Sweeping Beam","Force Field","Steam"],"picked":"Hologram","floor":31.0},{"not_picked":["Core Surge","Meteor Strike","Machine Learning"],"picked":"All For One","floor":33.0},{"not_picked":["Rebound","Tempest+1","Sweeping Beam"],"picked":"Reprogram","floor":35.0},{"not_picked":["Conserve Battery","Redo","Chaos","Glacier+1"],"picked":"SKIP","floor":37.0},{"not_picked":["Barrage+1","Hologram","Conserve Battery"],"picked":"Sweeping Beam+1","floor":38.0},{"not_picked":["Redo","Reinforced Body","Beam Cell"],"picked":"Steam Power+1","floor":39.0},{"not_picked":["Coolheaded","Beam Cell+1","Biased Cognition"],"picked":"Stack+1","floor":40.0},{"not_picked":["Sweeping Beam","Compile Driver","Static Discharge"],"picked":"Gash+1","floor":42.0},{"not_picked":["Lockon+1","Glacier","Ball Lightning"],"picked":"Gash","floor":44.0},{"not_picked":["Capacitor","Chill","Rip and Tear","Gash"],"picked":"SKIP","floor":45.0},{"not_picked":["Redo","Leap","Blizzard+1"],"picked":"Rebound","floor":46.0},{"not_picked":["Coolheaded","Beam Cell+1","Barrage"],"picked":"Turbo","floor":47.0},{"not_picked":["Steam+1","Go for the Eyes+1","Ball Lightning"],"picked":"Meteor Strike","floor":55.0}],"player_experience":972051,"relics_obtained":[{"floor":7.0,"key":"Ornamental Fan"},{"floor":9.0,"key":"Eternal Feather"},{"floor":12.0,"key":"Oddly Smooth Stone"},{"floor":14.0,"key":"Question Card"},{"floor":24.0,"key":"Gambling Chip"},{"floor":26.0,"key":"Gremlin Horn"},{"floor":29.0,"key":"Whetstone"},{"floor":36.0,"key":"Thread and Needle"},{"floor":40.0,"key":"Ancient Tea Set"},{"floor":42.0,"key":"Orichalcum"},{"floor":44.0,"key":"Shovel"},{"floor":47.0,"key":"Ice Cream"},{"floor":53.0,"key":"Mercury Hourglass"},{"floor":55.0,"key":"CaptainsWheel"}],"event_choices":[{"damage_healed":0.0,"max_hp_gain":0.0,"max_hp_loss":0.0,"gold_gain":0.0,"event_name":"Liars Game","player_choice":"Ignored","floor":3.0,"gold_loss":0.0,"damage_taken":0.0},{"damage_healed":0.0,"max_hp_gain":0.0,"max_hp_loss":0.0,"gold_gain":0.0,"event_name":"Upgrade Shrine","player_choice":"Upgraded","floor":11.0,"gold_loss":0.0,"damage_taken":0.0,"cards_upgraded":["Reprogram"]},{"damage_healed":0.0,"max_hp_gain":0.0,"max_hp_loss":0.0,"gold_gain":275.0,"event_name":"Golden Shrine","player_choice":"Desecrate","floor":19.0,"gold_loss":0.0,"damage_taken":0.0,"cards_obtained":["Regret"]},{"damage_healed":0.0,"max_hp_gain":0.0,"max_hp_loss":0.0,"gold_gain":0.0,"event_name":"The Mausoleum","player_choice":"Ignored","floor":22.0,"gold_loss":0.0,"damage_taken":0.0},{"cards_removed":["Dualcast"],"damage_healed":0.0,"max_hp_gain":0.0,"max_hp_loss":0.0,"gold_gain":0.0,"event_name":"Back to Basics","player_choice":"Elegance","floor":27.0,"gold_loss":0.0,"damage_taken":0.0},{"damage_healed":0.0,"max_hp_gain":0.0,"max_hp_loss":37.0,"gold_gain":0.0,"event_name":"Ghosts","player_choice":"Became a Ghost","floor":30.0,"gold_loss":0.0,"damage_taken":0.0,"cards_obtained":["Ghostly","Ghostly","Ghostly"]},{"damage_healed":0.0,"max_hp_gain":0.0,"max_hp_loss":0.0,"gold_gain":0.0,"event_name":"MindBloom","player_choice":"Fight","floor":36.0,"gold_loss":0.0,"damage_taken":0.0},{"damage_healed":0.0,"max_hp_gain":0.0,"max_hp_loss":0.0,"gold_gain":0.0,"event_name":"Mysterious Sphere","player_choice":"Fight","floor":47.0,"gold_loss":0.0,"damage_taken":0.0}],"is_beta":false,"boss_relics":[{"not_picked":["Sozu","Velvet Choker"],"picked":"Pandora\u0027s Box"},{"not_picked":["FrozenCore","Tiny House"],"picked":"Cursed Key"}],"items_purged_floors":[20,48],"is_endless":false,"potions_floor_spawned":[4,7,12,13,16,18,29,31,33,37,39,44,47],"killed_by":"The Heart","ascension_level":20}}