{"host":"hqvh779b89tfrjxy","time":1607693873,"event":{"mods":["Act Like it!","BaseMod","Better Third Choice","Downfall","Elementarium","Filter the Spire","GifTheSpireLib","Marked Mod","Minty Spire (QoL Compilation)","Replay The Spire","Spicy Shops","StSLib"],"gold_per_floor":[113,129,145,95,95,127,127,142,142,152,187,205,205,231,231,231,231],"floor_reached":16,"playtime":722,"items_purged":[],"score":191,"play_id":"f7154e79-dcc7-447b-9cd5-127b9e074e70","local_time":"20201211143753","is_ascension_mode":true,"campfire_choices":[{"floor":7,"key":"REST"},{"data":"Eruption","floor":13,"key":"SMITH"},{"floor":15,"key":"REST"}],"circlet_count":0,"master_deck":["Strike_P","Strike_P","Strike_P","Defend_P","Defend_P","Defend_P","Defend_P","Eruption+1","Vigilance","Replay:Anticipation","BowlingBash","FollowUp+1","Consecrate","PathToVictory"],"relics":["PureWater","Ornamental Fan","Letter Opener","ReplayFunnel","Replay:Ringing Soul"],"acts_visited":["Exordium"],"potions_floor_usage":[6,11,16],"damage_taken":[{"damage":7,"enemies":"Small Slimes","floor":1,"turns":4},{"damage":0,"enemies":"2 Louse","floor":2,"turns":2},{"damage":0,"enemies":"Cultist","floor":3,"turns":2},{"damage":34,"enemies":"3 Sentries","floor":6,"turns":10},{"damage":1,"enemies":"Exordium Wildlife","floor":8,"turns":3},{"damage":0,"enemies":"Looter","floor":10,"turns":1},{"damage":0,"enemies":"Gremlin Nob","floor":11,"turns":3},{"damage":0,"enemies":"3 Louse","floor":12,"turns":4},{"damage":31,"enemies":"Lagavulin","floor":14,"turns":5},{"damage":44,"enemies":"Fading Forest","floor":16,"turns":9}],"seed_played":"425458137388730244","potions_obtained":[{"floor":1,"key":"Swift Potion"},{"floor":6,"key":"EssenceOfSteel"},{"floor":8,"key":"SteroidPotion"},{"floor":10,"key":"Guardian:BlockOnCardUsePotion"}],"is_trial":false,"path_per_floor":["M","M","M","?","?","E","R","M","T","M","E","M","R","E","R","B"],"character_chosen":"WATCHER","items_purchased":[],"campfire_rested":2,"item_purchase_floors":[],"current_hp_per_floor":[58,58,58,58,58,24,45,44,44,44,44,44,44,13,34,0,0],"gold":231,"neow_bonus":"THREE_CARDS","is_daily":false,"chose_seed":false,"campfire_upgraded":1,"win_rate":0.0,"timestamp":1607693873,"path_taken":["M","M","M","?","?","E","R","M","T","M","E","M","R","E","R","BOSS"],"items_purchased_type":[],"build_version":"2020-11-30","purchased_purges":0,"victory":false,"max_hp_per_floor":[72,72,72,72,72,72,72,72,72,72,72,72,72,72,72,72,72],"card_choices":[{"not_picked":["CrushJoints","EmptyFist"],"picked":"Replay:Anticipation","floor":0},{"not_picked":["Swivel","Replay:BluntJabs"],"picked":"BowlingBash","floor":1},{"not_picked":["EmptyFist","DeceiveReality"],"picked":"FollowUp","floor":2},{"not_picked":["Swivel","Replay:ManipulateFuture","Prostrate"],"picked":"SKIP","floor":3},{"not_picked":["Replay:Cycle","FlurryOfBlows","Scrawl"],"picked":"SKIP","floor":6},{"not_picked":["SashWhip","Halt"],"picked":"Consecrate","floor":8},{"not_picked":["FlurryOfBlows","Protect","Vengeance"],"picked":"SKIP","floor":10},{"not_picked":["SignatureMove","DeceiveReality","ForeignInfluence"],"picked":"SKIP","floor":11},{"not_picked":["WreathOfFlame","Conclude"],"picked":"PathToVictory","floor":12},{"not_picked":["FearNoEvil","EmptyBody","Devotion"],"picked":"SKIP","floor":14}],"player_experience":124256,"relics_obtained":[{"floor":6,"key":"Ornamental Fan"},{"floor":9,"key":"Letter Opener"},{"floor":11,"key":"ReplayFunnel"},{"floor":14,"key":"Replay:Ringing Soul"}],"event_choices":[{"cards_removed":["Strike_P"],"damage_healed":0,"gold_gain":0,"player_choice":"Card Removal","damage_taken":0,"max_hp_gain":0,"max_hp_loss":0,"event_name":"The Cleric","floor":4,"gold_loss":50}],"is_beta":false,"boss_relics":[],"items_purged_floors":[],"is_endless":false,"potions_floor_spawned":[1,6,8,10],"killed_by":"Fading Forest","ascension_level":6}}