{"host":"aeidq2c3auzxo1yh","time":1607655976,"event":{"mods":["AchievementEnabler","BaseMod","Colored Map","Colored Powertips","Minty Spire (QoL Compilation)","Relic Stats","StSLib"],"gold_per_floor":[154,36,71,125,125,125,181,181,181,181,250,250,250,339,339,460,460,460,56,56,56,56,107,107,161,161,198,198,236,236,236,236,236,236],"floor_reached":33,"playtime":1601,"items_purged":["Strike_R"],"score":602,"play_id":"b16e4bba-cf0c-4e1a-89b3-d771e19fea20","local_time":"20201211080616","is_ascension_mode":true,"campfire_choices":[{"data":"HandOfGreed","floor":6.0,"key":"SMITH"},{"floor":10.0,"key":"REST"},{"floor":13.0,"key":"REST"},{"data":"Fire Breathing","floor":15.0,"key":"SMITH"},{"data":"Uppercut","floor":24.0,"key":"SMITH"},{"data":"Double Tap","floor":28,"key":"SMITH"},{"floor":32,"key":"REST"}],"circlet_count":0,"master_deck":["AscendersBane","Strike_R","Strike_R+1","Defend_R","Defend_R","Defend_R","Bash+1","HandOfGreed+1","Shrug It Off","Metallicize","Fire Breathing+1","Uppercut+1","Sentinel","Double Tap+1","Spot Weakness","Shockwave+1","Pommel Strike"],"relics":["Burning Blood","Bloody Idol","Bottled Tornado","Bottled Flame","Cursed Key","Ancient Tea Set","Whetstone","Kunai","MealTicket"],"acts_visited":["Exordium","TheCity"],"potions_floor_usage":[30],"damage_taken":[{"damage":1.0,"enemies":"2 Louse","floor":1.0,"turns":4.0},{"damage":1.0,"enemies":"Jaw Worm","floor":3.0,"turns":6.0},{"damage":16.0,"enemies":"Small Slimes","floor":4.0,"turns":4.0},{"damage":27.0,"enemies":"Lagavulin","floor":7.0,"turns":7.0},{"damage":21.0,"enemies":"Exordium Thugs","floor":11.0,"turns":5.0},{"damage":4.0,"enemies":"3 Louse","floor":14.0,"turns":6.0},{"damage":20.0,"enemies":"Slime Boss","floor":16.0,"turns":7.0},{"damage":0.0,"enemies":"2 Thieves","floor":18.0,"turns":1.0},{"damage":31.0,"enemies":"Book of Stabbing","floor":23.0,"turns":4.0},{"damage":29.0,"enemies":"Gremlin Leader","floor":25.0,"turns":6.0},{"damage":11,"enemies":"3 Byrds","floor":27,"turns":6},{"damage":9,"enemies":"Cultist and Chosen","floor":29,"turns":6},{"damage":28,"enemies":"Book of Stabbing","floor":30,"turns":5},{"damage":53,"enemies":"Automaton","floor":33,"turns":6}],"seed_played":"7331901937422234392","potions_obtained":[{"floor":4.0,"key":"SmokeBomb"},{"floor":11.0,"key":"LiquidBronze"},{"floor":16.0,"key":"SmokeBomb"}],"is_trial":false,"path_per_floor":["M","$","M","M","?","R","E","?","T","R","M","?","R","M","R","B",null,"M","$","?","?","?","E","R","E","T","M","R","M","E","?","R","B"],"character_chosen":"IRONCLAD","items_purchased":["Metallicize","Ancient Tea Set","Whetstone","LiquidMemories"],"campfire_rested":3,"item_purchase_floors":[2,19,19,19],"current_hp_per_floor":[55,55,60,50,50,50,29,22,22,42,27,27,47,49,49,35,60,66,66,66,66,66,51,51,38,38,43,43,50,28,28,48,0,0],"gold":236,"neow_bonus":"RANDOM_COLORLESS_2","is_daily":false,"chose_seed":false,"campfire_upgraded":4,"win_rate":0.0,"timestamp":1607655976,"path_taken":["M","$","M","M","?","R","E","?","T","R","M","?","R","?","R","BOSS","M","$","?","?","?","E","R","E","T","M","R","?","E","?","R","BOSS"],"items_purchased_type":["Card","Relic","Relic","Potion"],"build_version":"2020-11-30","purchased_purges":1,"victory":false,"max_hp_per_floor":[75,75,75,75,68,68,68,68,68,68,68,68,68,68,68,68,68,68,68,68,68,68,68,68,68,68,68,68,68,68,68,68,68,68],"relic_stats":{"counters":[14,73],"Bloody Idol":40,"MealTicket":0,"Whetstone":["Strike_R","Bash"],"Kunai":[4],"Cursed Key":0,"obtain_stats":[{"Bottled Flame":9,"Golden Idol":5,"Bloody Idol":21,"MealTicket":25,"Whetstone":19,"Kunai":23,"Bottled Tornado":7,"Cursed Key":17,"Ancient Tea Set":19,"Burning Blood":0},{"Bottled Flame":4,"Golden Idol":3,"Bloody Idol":8,"MealTicket":10,"Whetstone":8,"Kunai":9,"Bottled Tornado":4,"Cursed Key":7,"Ancient Tea Set":8,"Burning Blood":0},{"Bottled Flame":21,"Golden Idol":14,"Bloody Idol":40,"MealTicket":50,"Whetstone":40,"Kunai":44,"Bottled Tornado":21,"Cursed Key":39,"Ancient Tea Set":40,"Burning Blood":0}],"Burning Blood":78},"card_choices":[{"not_picked":["Magnetism","Mayhem"],"picked":"HandOfGreed","floor":0.0},{"not_picked":["Dual Wield","Fire Breathing"],"picked":"Shrug It Off","floor":1.0},{"not_picked":["Blood for Blood","Searing Blow","Iron Wave"],"picked":"SKIP","floor":3.0},{"not_picked":["Heavy Blade","Thunderclap"],"picked":"Fire Breathing","floor":4.0},{"not_picked":["Perfected Strike","Limit Break","Anger"],"picked":"SKIP","floor":7.0},{"not_picked":["Perfected Strike","Clash"],"picked":"Uppercut","floor":11.0},{"not_picked":["Power Through","Anger"],"picked":"Sentinel","floor":14.0},{"not_picked":["Brutality","Juggernaut"],"picked":"Double Tap","floor":16.0},{"not_picked":["Heavy Blade","Intimidate"],"picked":"Spot Weakness","floor":23.0},{"not_picked":["Carnage+1","Pommel Strike"],"picked":"Shockwave+1","floor":25.0},{"not_picked":["Evolve","Spot Weakness","Flex"],"picked":"SKIP","floor":27},{"not_picked":["Wild Strike","Twin Strike"],"picked":"Pommel Strike","floor":29}],"player_experience":832193,"relics_obtained":[{"floor":7.0,"key":"Bottled Tornado"},{"floor":9.0,"key":"Bottled Flame"},{"floor":23.0,"key":"Kunai"},{"floor":25.0,"key":"MealTicket"}],"event_choices":[{"damage_healed":0.0,"max_hp_gain":0.0,"max_hp_loss":7.0,"gold_gain":0.0,"event_name":"Golden Idol","player_choice":"Lose Max HP","floor":5.0,"gold_loss":0.0,"damage_taken":0.0,"relics_obtained":["Golden Idol"]},{"cards_removed":["Defend_R"],"damage_healed":0.0,"max_hp_gain":0.0,"max_hp_loss":0.0,"gold_gain":0.0,"event_name":"Golden Wing","player_choice":"Card Removal","floor":8.0,"gold_loss":0.0,"damage_taken":7.0},{"cards_removed":["Strike_R"],"damage_healed":0.0,"max_hp_gain":0.0,"max_hp_loss":0.0,"gold_gain":0.0,"event_name":"Purifier","player_choice":"Purged","floor":12.0,"gold_loss":0.0,"damage_taken":0.0},{"damage_healed":0.0,"max_hp_gain":0.0,"max_hp_loss":0.0,"gold_gain":0.0,"event_name":"Ghosts","player_choice":"Ignored","floor":20.0,"gold_loss":0.0,"damage_taken":0.0},{"damage_healed":0.0,"max_hp_gain":0.0,"max_hp_loss":0.0,"gold_gain":0.0,"event_name":"Forgotten Altar","player_choice":"Gave Idol","floor":21.0,"relics_lost":["Golden Idol"],"gold_loss":0.0,"damage_taken":0.0,"relics_obtained":["Bloody Idol"]},{"damage_healed":0.0,"max_hp_gain":0.0,"max_hp_loss":0.0,"gold_gain":0.0,"event_name":"N\u0027loth","player_choice":"Ignored","floor":22.0,"gold_loss":0.0,"damage_taken":0.0},{"cards_removed":["Strike_R"],"damage_healed":0,"gold_gain":0,"player_choice":"Purged","damage_taken":0,"max_hp_gain":0,"max_hp_loss":0,"event_name":"Purifier","floor":31,"gold_loss":0}],"is_beta":false,"boss_relics":[{"not_picked":["SacredBark","Runic Dome"],"picked":"Cursed Key"}],"items_purged_floors":[2],"is_endless":false,"potions_floor_spawned":[4,11,16,18],"killed_by":"Automaton","ascension_level":20}}