{"host":"qiiukau3lypbs18g","time":1607708181,"event":{"mods":["Abigail Mod","Astrologer","BaseMod","CapriCore","Friendly Minions","HololiveMod","KOR Keyword Fix","Minty Spire (QoL Compilation)","RRrroohrrRGHHhhh!!","Replay The Spire","Shop Mod","StSLib"],"gold_per_floor":[111,286,286,286,286,286,286,298,312,312,331,331,355,374,391,391,471,497,497,597,597,597,522,522,522,302,302,302,302,302,239,239,239,239,239,239,239,239],"floor_reached":37,"playtime":1222,"items_purged":["Delirium","Doubt","AbbyMod:Ab_Defend"],"score":277,"play_id":"e4a57d70-fa50-4950-be51-d17582ba7e49","local_time":"20201212023621","is_ascension_mode":false,"campfire_choices":[{"data":"AbbyMod:SuperMuscular","floor":10,"key":"SMITH"},{"data":"AbbyMod:FleetingSanity","floor":12,"key":"SMITH"},{"data":"Madness","floor":16,"key":"SMITH"},{"data":"AbbyMod:LargeTentacle","floor":19,"key":"SMITH"},{"data":"AbbyMod:CosmicSpark","floor":28,"key":"SMITH"},{"data":"AbbyMod:PrayerOfFaith","floor":32,"key":"SMITH"},{"data":"AbbyMod:Thflth","floor":36,"key":"SMITH"}],"circlet_count":0,"master_deck":["AbbyMod:Ab_Strike","AbbyMod:Ab_Strike","AbbyMod:Ab_Strike","AbbyMod:Ab_Strike","AbbyMod:Ab_Defend","AbbyMod:Ab_Defend","AbbyMod:FleetingSanity+1","AbbyMod:ForeheadBeam","Madness+1","AbbyMod:AceInTheHole","AbbyMod:SuperMuscular+1","AbbyMod:LargeTentacle+1","AbbyMod:AttoSecond","AbbyMod:SuperMuscular","AbbyMod:Ab_SwirlOfMadness","AbbyMod:CosmicSpark+1","AbbyMod:Thflth+1","AbbyMod:PowerGamer","AbbyMod:PrayerOfFaith+1","AbbyMod:Kinoko","AbbyMod:PreciousMemories+1"],"relics":["AbbyMod:Salem_Diary","FaceOfCleric","Blood Vial","ReplayTheSpireMod:TigerMarble","Ectoplasm","Membership Card","Bag of Preparation","ReplayTheSpireMod:Ninjato"],"acts_visited":["Exordium","TheCity"],"potions_floor_usage":[20,27,27,27],"damage_taken":[{"damage":1.0,"enemies":"Jaw Worm","floor":1.0,"turns":4.0},{"damage":6,"enemies":"Cultist","floor":8,"turns":5},{"damage":3,"enemies":"Small Slimes","floor":9,"turns":2},{"damage":0,"enemies":"Blue Slaver","floor":11,"turns":2},{"damage":1,"enemies":"2 Fungi Beasts","floor":14,"turns":3},{"damage":16,"enemies":"Exordium Thugs","floor":15,"turns":4},{"damage":19,"enemies":"Fading Forest","floor":20,"turns":11},{"damage":7,"enemies":"3 Byrds","floor":22,"turns":3},{"damage":14,"enemies":"Shell Parasite","floor":24,"turns":5},{"damage":0,"enemies":"Snake Plant","floor":25,"turns":2},{"damage":10,"enemies":"Book of Stabbing","floor":27,"turns":5},{"damage":0,"enemies":"Sentry and Sphere","floor":34,"turns":3},{"damage":1,"enemies":"3 Cultists","floor":35,"turns":3},{"damage":53,"enemies":"Pondfish","floor":37,"turns":4}],"seed_played":"-5953193316964307662","potions_obtained":[{"floor":11,"key":"SkillPotion"},{"floor":14,"key":"Reflective Coating"},{"floor":20,"key":"EssenceOfSteel"},{"floor":25,"key":"Energy Potion"},{"floor":27,"key":"FearPotion"}],"is_trial":false,"path_per_floor":["M","?","?","PTL","PTL","PTL","PTL","M","M","R","M","R","T","M","M","R","?","T","R","B",null,"M","$","M","M","$","E","R","?","T","$","R","$","M","M","R","B"],"character_chosen":"Ab_Foreigner","items_purchased":["Membership Card","AbbyMod:PrayerOfFaith"],"campfire_rested":0,"item_purchase_floors":[26,26],"current_hp_per_floor":[59,59,59,59,59,59,59,54,52,52,53,53,53,55,42,42,42,42,42,46,66,60,60,49,52,52,45,45,45,45,45,45,45,48,50,50,0,0],"gold":239,"neow_bonus":"RANDOM_COLORLESS","is_daily":false,"chose_seed":false,"campfire_upgraded":7,"win_rate":0.0,"timestamp":1607708181,"path_taken":["M","?","?","PTL","PTL","PTL","PTL","?","M","R","M","R","T","M","M","R","?","?","R","BOSS","M","$","M","M","$","E","R","?","T","$","R","?","M","?","R","BOSS"],"items_purchased_type":["Relic","Card"],"build_version":"2020-11-30","purchased_purges":3,"victory":false,"max_hp_per_floor":[60,60,60,60,60,60,60,61,62,62,63,63,63,64,65,65,65,65,65,66,66,67,67,68,69,69,70,70,70,70,70,70,70,71,72,72,72,72],"card_choices":[{"not_picked":["Survey Options","Enlightenment"],"picked":"Madness","floor":0.0},{"not_picked":["AbbyMod:LifeSentence","AbbyMod:TentacleSwarm"],"picked":"AbbyMod:AceInTheHole","floor":1.0},{"not_picked":["AbbyMod:AceInTheHole","AbbyMod:ChocoKey"],"picked":"AbbyMod:SuperMuscular","floor":8},{"not_picked":["AbbyMod:SavingThrow","AbbyMod:SuperMuscular"],"picked":"AbbyMod:LargeTentacle","floor":9},{"not_picked":["AbbyMod:Kinoko","AbbyMod:TeddyBear"],"picked":"AbbyMod:AttoSecond","floor":11},{"not_picked":["AbbyMod:LiftSkirt","AbbyMod:FamiliarShield"],"picked":"AbbyMod:SuperMuscular","floor":14},{"not_picked":["AbbyMod:ExposedCore","AbbyMod:WitchTrial"],"picked":"AbbyMod:Ab_SwirlOfMadness","floor":15},{"not_picked":["AbbyMod:VoidPriest","AbbyMod:BlackKey"],"picked":"AbbyMod:CosmicSpark","floor":20},{"not_picked":["AbbyMod:FamiliarShield","AbbyMod:SavingThrow"],"picked":"AbbyMod:Thflth","floor":22},{"not_picked":["AbbyMod:AlignStars","AbbyMod:SavingThrow","AbbyMod:ExposedCore"],"picked":"SKIP","floor":24},{"not_picked":["AbbyMod:RecklessSlam","AbbyMod:TentacleSwarm"],"picked":"AbbyMod:PowerGamer","floor":25},{"not_picked":["AbbyMod:SavingThrow+1","AbbyMod:AttoSecond"],"picked":"AbbyMod:Kinoko","floor":27},{"not_picked":["AbbyMod:WorldStrongest","AbbyMod:SilverKey"],"picked":"AbbyMod:PreciousMemories+1","floor":34},{"not_picked":["AbbyMod:SavingThrow+1","AbbyMod:MeltBrain","AbbyMod:OldOneLimb"],"picked":"SKIP","floor":35}],"player_experience":155335,"relics_obtained":[{"floor":13,"key":"Blood Vial"},{"floor":18,"key":"ReplayTheSpireMod:TigerMarble"},{"floor":27,"key":"Bag of Preparation"},{"floor":30,"key":"ReplayTheSpireMod:Ninjato"}],"event_choices":[{"damage_healed":0.0,"max_hp_gain":0.0,"max_hp_loss":0.0,"gold_gain":175.0,"event_name":"Liars Game","player_choice":"AGREE","floor":2.0,"gold_loss":0.0,"damage_taken":0.0,"cards_obtained":["Doubt"]},{"damage_healed":0.0,"max_hp_gain":0.0,"max_hp_loss":0.0,"gold_gain":0.0,"event_name":"FaceTrader","player_choice":"Trade","floor":3.0,"gold_loss":0.0,"damage_taken":0.0,"relics_obtained":["FaceOfCleric"]},{"damage_healed":0,"gold_gain":0,"player_choice":"Ignored","damage_taken":0,"max_hp_gain":0,"max_hp_loss":0,"event_name":"Vampires","floor":29,"gold_loss":0}],"is_beta":false,"boss_relics":[{"not_picked":["Ring of Chaos","Honey Jar"],"picked":"Ectoplasm"}],"items_purged_floors":[23,26,31],"is_endless":false,"potions_floor_spawned":[11,14,20,25,27],"killed_by":"Pondfish","ascension_level":0}}