{"host":"ogu62mnru5djd3ck","time":1607713464,"event":{"mods":["AchievementEnabler","Act Like it!","BaseMod","Better Skull","Colored Map","Colored Powertips","Custom Start","GifTheSpireLib","Gold Saver","Highlight Path","Minty Spire (QoL Compilation)","Rare Cards Sparkle","SOS???????","StSLib","The Exalted","The Forsaken"],"gold_per_floor":[161,23,64,64,94,94,108,130,201,201,276,326,296,328,328,454,454,464,474,235,185,213,213,257,257,284,322,22,37,37,49,49,147,147,160,160,55,81,181,181,192,192,192],"floor_reached":42,"playtime":2896,"items_purged":[],"score":415,"play_id":"770852ed-28f5-4a43-a626-1d414ce5c53e","local_time":"20201211200424","is_ascension_mode":false,"campfire_choices":[{"data":"DT","floor":6,"key":"SMITH"},{"data":"Swordmaster","floor":10,"key":"SMITH"},{"data":"Millionkick","floor":15,"key":"SMITH"},{"floor":23,"key":"REST"},{"data":"Demonreform","floor":25,"key":"SMITH"},{"floor":32,"key":"REST"},{"data":"Dash2","floor":40,"key":"SMITH"}],"circlet_count":0,"master_deck":["Attack_a","Attack_a","Attack_b","Shoot","Shoot","Provocation","Defend_Dante","Defend_Dante","Defend_Dante","Defend_Dante","Redorb","Millionkick+1","Swordcombo","Straight","DT+1","Swordmaster+1","SSScard","BeastUppercut","Enemystep","Chargeshoot2","LucifercomboA+1","Demonreform+1","Dash2+1","BeastUppercut+1","GilgameshcomboA+1","Royalguard","Straight+1","Writhe","BeastUppercut+1","Royaldefend","Millionstab+1"],"relics":["SSS","Combocheck","Matryoshka","Blood Vial","Bromod:ArcaneTempo","Bromod:ArcaneGrace","Molten Egg 2","Tiny Chest","Bag of Preparation","Bronze Scales","Lee\u0027s Waffle","SacredBark","theForsaken:Lifeblossom"],"acts_visited":["Exordium","TheCity","TheBeyond"],"potions_floor_usage":[8,8,14,14,16,16,16,22,24,29,33,42],"damage_taken":[{"damage":0,"enemies":"Cultist","floor":1,"turns":3},{"damage":0,"enemies":"Jaw Worm","floor":3,"turns":4},{"damage":0,"enemies":"2 Louse","floor":5,"turns":2},{"damage":0,"enemies":"Gremlin Gang","floor":7,"turns":4},{"damage":5,"enemies":"Red Slaver","floor":8,"turns":4},{"damage":10,"enemies":"Exordium Thugs","floor":14,"turns":3},{"damage":18,"enemies":"The Guardian","floor":16,"turns":3},{"damage":0,"enemies":"Shell Parasite","floor":18,"turns":1},{"damage":8,"enemies":"3 Byrds","floor":19,"turns":4},{"damage":34,"enemies":"Snake Plant","floor":22,"turns":7},{"damage":7,"enemies":"Centurion and Healer","floor":24,"turns":5},{"damage":24,"enemies":"Chosen and Byrds","floor":27,"turns":5},{"damage":29,"enemies":"Cultist and Chosen","floor":29,"turns":7},{"damage":26,"enemies":"Centurion and Healer","floor":31,"turns":9},{"damage":67,"enemies":"Collector","floor":33,"turns":8},{"damage":29,"enemies":"Orb Walker","floor":35,"turns":4},{"damage":50,"enemies":"3 Darklings","floor":41,"turns":5},{"damage":85,"enemies":"Transient","floor":42,"turns":4}],"seed_played":"-7093912248770753542","potions_obtained":[{"floor":3,"key":"PowerPotion"},{"floor":5,"key":"ColorlessPotion"},{"floor":7,"key":"ColorlessPotion"},{"floor":13,"key":"EntropicBrew"},{"floor":13,"key":"DistilledChaos"},{"floor":16,"key":"PowerPotion"},{"floor":18,"key":"DuplicationPotion"},{"floor":27,"key":"DuplicationPotion"},{"floor":41,"key":"ColorlessPotion"}],"is_trial":false,"path_per_floor":["M","$","M","$","M","R","M","M","T","R","?","T","?","M","R","B",null,"M","M","$","?","M","R","M","R","T","M","$","M","$","M","R","B",null,"M","?","$","T","?","R","M","M"],"character_chosen":"DANTE","items_purchased":["Swordcombo","Molten Egg 2","Bronze Scales","Lee\u0027s Waffle","BeastUppercut+1","Royaldefend"],"campfire_rested":2,"item_purchase_floors":[2,20,28,28,37,37],"current_hp_per_floor":[88,88,88,88,88,88,88,83,83,83,72,72,72,64,64,48,88,88,82,82,82,62,88,83,83,83,64,95,83,83,70,95,48,95,67,91,91,91,91,91,57,0,0],"gold":192,"neow_bonus":"TEN_PERCENT_HP_BONUS","is_daily":false,"chose_seed":false,"campfire_upgraded":5,"win_rate":0.0,"timestamp":1607713464,"path_taken":["M","$","M","?","?","R","M","M","T","R","?","?","?","M","R","BOSS","M","?","$","?","M","R","M","R","T","M","?","M","?","M","R","BOSS","M","?","$","?","?","R","M","M"],"items_purchased_type":["Card","Relic","Relic","Relic","Card","Card"],"build_version":"2020-11-30","purchased_purges":0,"victory":false,"max_hp_per_floor":[88,88,88,88,88,88,88,88,88,88,88,88,88,88,88,88,88,88,88,88,88,88,88,88,88,88,88,95,95,95,95,95,95,95,95,95,95,95,95,95,95,95,95],"card_choices":[{"not_picked":["Weaponchange","Ecstasy"],"picked":"Millionkick","floor":1},{"not_picked":["Gilgamesh","Lucifer"],"picked":"Straight","floor":3},{"not_picked":["Kick13","Swordmaster"],"picked":"DT","floor":5},{"not_picked":["Splesh","DT"],"picked":"Swordmaster","floor":7},{"not_picked":["Millionkick","DT"],"picked":"SSScard","floor":8},{"not_picked":["Millionkick","Fullhouse"],"picked":"BeastUppercut","floor":14},{"not_picked":["DevilstarL","Purpleorb"],"picked":"Enemystep","floor":16},{"not_picked":["Greenorb","Pandora+1"],"picked":"Chargeshoot2","floor":18},{"not_picked":["DevilstarS","Splesh","Fullhouse"],"picked":"SKIP","floor":19},{"not_picked":["Dash2","Holywater+1"],"picked":"LucifercomboA+1","floor":22},{"not_picked":["Splesh+1","Gunstinger+1"],"picked":"Demonreform","floor":24},{"not_picked":["Gunstinger+1","Whiteorb"],"picked":"Dash2","floor":27},{"not_picked":["LucifercomboD+1","CoyoteA"],"picked":"BeastUppercut+1","floor":29},{"not_picked":["Splesh+1","Pandora"],"picked":"GilgameshcomboA+1","floor":31},{"not_picked":["Goldorb","Enemystep"],"picked":"Royalguard","floor":33},{"not_picked":["Honeycombofire","Dash1+1"],"picked":"Straight+1","floor":35},{"not_picked":["Ecstasy","Stinger+1"],"picked":"Millionstab+1","floor":41}],"player_experience":135588,"relics_obtained":[{"floor":9,"key":"Matryoshka"},{"floor":12,"key":"Blood Vial"},{"floor":12,"key":"Bromod:ArcaneTempo"},{"floor":26,"key":"Tiny Chest"},{"floor":26,"key":"Bag of Preparation"},{"floor":38,"key":"theForsaken:Lifeblossom"}],"event_choices":[{"damage_healed":0,"gold_gain":75,"player_choice":"Gather Gold","damage_taken":11,"max_hp_gain":0,"max_hp_loss":0,"event_name":"World of Goop","floor":11,"gold_loss":0},{"damage_healed":0,"gold_gain":0,"player_choice":"Bought 2 Potions","damage_taken":0,"max_hp_gain":0,"max_hp_loss":0,"event_name":"The Woman in Blue","floor":13,"gold_loss":0},{"damage_healed":0,"gold_gain":0,"player_choice":"Bet on Murderer","damage_taken":0,"max_hp_gain":0,"max_hp_loss":0,"event_name":"The Joust","floor":21,"gold_loss":50},{"damage_healed":24,"gold_gain":0,"player_choice":"Writhe","damage_taken":0,"max_hp_gain":0,"max_hp_loss":0,"event_name":"Winding Halls","floor":36,"gold_loss":0,"cards_obtained":["Writhe"]},{"damage_healed":0,"gold_gain":100,"player_choice":"Pray","damage_taken":0,"max_hp_gain":0,"max_hp_loss":0,"event_name":"Golden Shrine","floor":39,"gold_loss":0}],"is_beta":false,"boss_relics":[{"not_picked":["Fusion Hammer","Empty Cage"],"picked":"Bromod:ArcaneGrace"},{"not_picked":["SlaversCollar","Tiny House"],"picked":"SacredBark"}],"items_purged_floors":[],"is_endless":false,"potions_floor_spawned":[3,5,7,16,18,27,41],"killed_by":"Transient","ascension_level":0}}