{"host":"sum4dy402bbv9y4o","time":1607726785,"event":{"mods":["Aspiration","BaseMod","Conspire","Highlight Path","Minty Spire (QoL Compilation)","StSLib"],"gold_per_floor":[117,127,10,26,26,52,52,77,100,100,118,118,137,169,169,241,241,257,257,274,28,28,28,62,62,62,62,77,94,94,110,110,184,184,204,218,49,49,64,64,99,99,123,135,147,159,184,196,208,220,220],"floor_reached":50,"playtime":1467,"items_purged":[],"score":1066,"play_id":"b4d0f027-f206-48e8-8abf-31801c5f2dce","local_time":"20201212014625","is_ascension_mode":true,"campfire_choices":[{"floor":7,"key":"REST"},{"data":"Wild Strike","floor":10,"key":"SMITH"},{"data":"Hemokinesis","floor":15,"key":"SMITH"},{"floor":23,"key":"REST"},{"data":"Feed","floor":27,"key":"SMITH"},{"data":"Demon Form","floor":30,"key":"SMITH"},{"floor":32,"key":"REST"},{"data":"Metallicize","floor":40,"key":"SMITH"},{"data":"Metallicize","floor":42,"key":"SMITH"},{"data":"Juggernaut","floor":45,"key":"SMITH"},{"floor":49,"key":"REST"}],"circlet_count":0,"master_deck":["AscendersBane","Strike_R","Strike_R","Strike_R","Strike_R","Strike_R","Defend_R","Defend_R","Defend_R","Defend_R","Bash+1","Wild Strike+1","Pommel Strike","Metallicize+1","Spot Weakness","Feed+1","Hemokinesis+1","Pommel Strike","Heavy Blade","Battle Trance","Demon Form+1","Iron Wave+1","Metallicize+1","Pummel+1","Rampage","Reckless Charge","Juggernaut+1","Ghostly Armor","Juggernaut","Finesse","Iron Wave+1","Ghostly Armor"],"relics":["Burning Blood","Meat on the Bone","Pocketwatch","Bag of Preparation","Ice Cream","StrikeDummy","Sozu","Vajra","aspiration:ChemicalBlood","Orichalcum","aspiration:SecretTechniqueScroll","Regal Pillow","aspiration:FetidBarrel","MawBank","Sundial"],"acts_visited":["Exordium","TheCity","TheBeyond"],"potions_floor_usage":[6,14,18,41],"damage_taken":[{"damage":12,"enemies":"Cultist","floor":1,"turns":4},{"damage":7,"enemies":"Small Slimes","floor":2,"turns":3},{"damage":4,"enemies":"Jaw Worm","floor":4,"turns":3},{"damage":29,"enemies":"Lagavulin","floor":6,"turns":5},{"damage":27,"enemies":"3 Sentries","floor":8,"turns":11},{"damage":8,"enemies":"Lots of Slimes","floor":11,"turns":4},{"damage":11,"enemies":"Looter","floor":13,"turns":3},{"damage":5,"enemies":"Gremlin Nob","floor":14,"turns":3},{"damage":51,"enemies":"Hexaghost","floor":16,"turns":7},{"damage":16,"enemies":"2 Thieves","floor":18,"turns":4},{"damage":21,"enemies":"Shell Parasite","floor":20,"turns":2},{"damage":37,"enemies":"Book of Stabbing","floor":24,"turns":3},{"damage":0,"enemies":"Centurion and Healer","floor":28,"turns":4},{"damage":15,"enemies":"Snake Plant","floor":29,"turns":3},{"damage":21,"enemies":"Shelled Parasite and Fungi","floor":31,"turns":5},{"damage":73,"enemies":"Automaton","floor":33,"turns":7},{"damage":11,"enemies":"3 Shapes","floor":35,"turns":5},{"damage":2,"enemies":"Orb Walker","floor":36,"turns":2},{"damage":6,"enemies":"4 Shapes","floor":39,"turns":7},{"damage":13,"enemies":"Nemesis","floor":41,"turns":7},{"damage":28,"enemies":"Spire Growth","floor":47,"turns":4},{"damage":129,"enemies":"Donu and Deca","floor":50,"turns":7}],"seed_played":"-3738419283533908397","potions_obtained":[{"floor":1,"key":"CultistPotion"},{"floor":6,"key":"ElixirPotion"},{"floor":8,"key":"GamblersBrew"},{"floor":11,"key":"DuplicationPotion"},{"floor":16,"key":"SteroidPotion"}],"is_trial":false,"path_per_floor":["M","M","$","M","?","E","R","E","T","R","M","?","M","E","R","B",null,"M","?","M","$","?","R","E","?","T","R","M","M","R","M","R","B",null,"M","M","$","?","M","R","E","R","T","?","R","?","M","T","R","B"],"character_chosen":"IRONCLAD","items_purchased":["Metallicize","Spot Weakness","Vajra","Metallicize","Regal Pillow"],"campfire_rested":4,"item_purchase_floors":[3,3,21,21,37],"current_hp_per_floor":[62,61,61,63,63,40,62,56,56,56,57,57,55,56,56,23,69,62,37,37,37,37,65,46,46,46,46,56,63,63,64,96,41,91,90,94,94,94,98,98,91,91,91,85,85,85,67,67,117,0,0],"gold":220,"neow_bonus":"UPGRADE_CARD","is_daily":false,"chose_seed":false,"campfire_upgraded":7,"win_rate":0.0,"timestamp":1607726785,"path_taken":["M","?","$","M","?","E","R","E","T","R","M","?","?","E","R","BOSS","M","?","M","$","?","R","E","?","T","R","M","M","R","M","R","BOSS","M","?","$","?","M","R","E","R","T","?","R","?","M","?","R","BOSS"],"items_purchased_type":["Card","Card","Relic","Card","Relic"],"build_version":"2020-11-30","purchased_purges":0,"victory":false,"max_hp_per_floor":[75,75,75,75,75,75,75,78,78,78,81,81,84,84,84,84,84,87,92,95,95,95,95,95,95,95,95,99,103,103,107,107,107,107,111,111,111,111,115,115,115,115,115,115,115,115,119,119,119,119,119],"card_choices":[{"not_picked":["Clash","Pommel Strike"],"picked":"Wild Strike","floor":1},{"not_picked":["Havoc","Rupture"],"picked":"Pommel Strike","floor":2},{"not_picked":["Perfected Strike","Headbutt"],"picked":"Feed","floor":4},{"not_picked":["Body Slam","Dual Wield"],"picked":"Shrug It Off","floor":6},{"not_picked":["Shockwave","Searing Blow"],"picked":"Hemokinesis","floor":8},{"not_picked":["Sword Boomerang","Entrench"],"picked":"Pommel Strike","floor":11},{"not_picked":["Carnage","Searing Blow"],"picked":"Heavy Blade","floor":13},{"not_picked":["Brutality","Warcry"],"picked":"Battle Trance","floor":14},{"not_picked":["Exhume","Limit Break"],"picked":"Demon Form","floor":16},{"not_picked":["Power Through","Thunderclap","Clash+1"],"picked":"SKIP","floor":18},{"not_picked":["Seeing Red","Perfected Strike"],"picked":"Iron Wave+1","floor":20},{"not_picked":["Twin Strike","Clash"],"picked":"Pummel+1","floor":24},{"not_picked":["Corruption","Clash","Warcry"],"picked":"SKIP","floor":28},{"not_picked":["Flame Barrier","Thunderclap","Second Wind"],"picked":"SKIP","floor":29},{"not_picked":["Burning Pact","Uppercut+1"],"picked":"Reckless Charge","floor":31},{"not_picked":["conspire:Purge","Offering"],"picked":"Juggernaut","floor":33},{"not_picked":["Anger","Thunderclap"],"picked":"Ghostly Armor","floor":35},{"not_picked":["Thunderclap","Ghostly Armor"],"picked":"Juggernaut","floor":36},{"not_picked":["Chrysalis","Thinking Ahead"],"picked":"Finesse","floor":38},{"not_picked":["True Grit","Intimidate","Thunderclap+1"],"picked":"SKIP","floor":39},{"not_picked":["True Grit","Sentinel"],"picked":"Iron Wave+1","floor":41},{"not_picked":["conspire:Charge","Battle Trance+1"],"picked":"Ghostly Armor","floor":47}],"player_experience":2778502,"relics_obtained":[{"floor":6,"key":"Meat on the Bone"},{"floor":8,"key":"Pocketwatch"},{"floor":9,"key":"Bag of Preparation"},{"floor":14,"key":"StrikeDummy"},{"floor":24,"key":"aspiration:ChemicalBlood"},{"floor":26,"key":"Orichalcum"},{"floor":41,"key":"aspiration:FetidBarrel"},{"floor":43,"key":"MawBank"},{"floor":48,"key":"Sundial"}],"event_choices":[{"cards_removed":["Shrug It Off"],"damage_healed":0,"gold_gain":0,"player_choice":"Gave Card","damage_taken":0,"relics_obtained":["Ice Cream"],"max_hp_gain":0,"max_hp_loss":0,"event_name":"WeMeetAgain","floor":12,"gold_loss":0},{"damage_healed":0,"gold_gain":0,"player_choice":"Shed Blood","damage_taken":30,"max_hp_gain":5,"max_hp_loss":0,"event_name":"Forgotten Altar","floor":19,"gold_loss":0},{"damage_healed":0,"gold_gain":0,"player_choice":"Ignored","damage_taken":0,"max_hp_gain":0,"max_hp_loss":0,"event_name":"Cursed Tome","floor":22,"gold_loss":0},{"damage_healed":0,"gold_gain":0,"player_choice":"1 cards matched","damage_taken":0,"max_hp_gain":0,"max_hp_loss":0,"event_name":"Match and Keep!","floor":25,"gold_loss":0,"cards_obtained":["Rampage"]},{"damage_healed":0,"gold_gain":0,"player_choice":"Memory 1","damage_taken":0,"max_hp_gain":0,"max_hp_loss":0,"event_name":"SensoryStone","floor":38,"gold_loss":0},{"damage_healed":0,"gold_gain":0,"player_choice":"Leave","damage_taken":0,"max_hp_gain":0,"max_hp_loss":0,"event_name":"conspire:Investor","floor":44,"gold_loss":0},{"damage_healed":0,"gold_gain":0,"player_choice":"Ignored","damage_taken":0,"max_hp_gain":0,"max_hp_loss":0,"event_name":"Mysterious Sphere","floor":46,"gold_loss":0}],"is_beta":false,"boss_relics":[{"not_picked":["Philosopher\u0027s Stone","Busted Crown"],"picked":"Sozu"},{"not_picked":["Runic Dome","Runic Cube"],"picked":"aspiration:SecretTechniqueScroll"}],"items_purged_floors":[],"is_endless":false,"potions_floor_spawned":[1,6,8,11,16,20,29,31,33,35,36],"killed_by":"Donu and Deca","ascension_level":20}}