{"host":"vs449n3fto5g3ggm","time":1607705808,"event":{"mods":["BaseMod","Better Note","Better Third Choice","Better Vampires","Hermit","Highlight Path","Hubris","JesterMod","Minty Spire (QoL Compilation)","Rare Cards Sparkle","Replay The Spire","Robot Space Explorer","Spicy Shops","StSLib","The Cursed","The Disciple","The Servant 0.9.4","The Witch"],"gold_per_floor":[116,116,129,142,142,169,169,183,207,224,224,253,265,291,303,420,432,456,468,555,582,215,215,238,238,264,281,296,296,396,436,436,543,543,562,562,49,60,76,100,100,113,113,134,134,9,32,50,50,57],"floor_reached":51,"playtime":4425,"items_purged":["hermit:Strike_Hermit","hermit:Defend_Hermit","hermit:Strike_Hermit"],"score":983,"play_id":"49a79317-ea72-4bfb-9109-5abf784752d2","local_time":"20201211085648","is_ascension_mode":false,"campfire_choices":[{"data":"hermit:Covet","floor":7,"key":"SMITH"},{"data":"hermit:Spite","floor":13,"key":"SMITH"},{"data":"hermit:Scavenge","floor":23,"key":"SMITH"},{"data":"hermit:Determination","floor":25,"key":"SMITH"},{"floor":29,"key":"REST"},{"data":"hermit:FlashPowder","floor":32,"key":"SMITH"},{"floor":41,"key":"REST"},{"data":"hermit:Cheat","floor":45,"key":"SMITH"}],"circlet_count":0,"master_deck":["hermit:Defend_Hermit","hermit:Defend_Hermit","hermit:Defend_Hermit","hermit:Snapshot","hermit:Covet+1","hermit:CursedWeapon","hermit:FlashPowder+1","hermit:Spite+1","hermit:Ricochet","hermit:FromBeyond","hermit:Misfire","hermit:ShadowCloak+1","hermit:SprayPray","hermit:HighCaliber","hermit:RoundhouseKick","hermit:Determination+1","hermit:FinalCanter","hermit:Scavenge+1","hermit:Snipe+1","hermit:Desperado","Decay","hermit:Cheat+1","hermit:Dive+1"],"relics":["hermit:Momento","Centennial Puzzle","Anchor","MawBank","SacredBark","hubris:EmptyBottle","Orichalcum","MealTicket","Snack Pack","ChewingGum","Bag of Preparation","Pen Nib","ClockworkSouvenir","Ornamental Fan"],"acts_visited":["Exordium","TheCity","TheBeyond"],"potions_floor_usage":[12,24,24,27,27,31,31,31,33,33,33,39,42,47,48,50,50,50,50,50],"damage_taken":[{"damage":2,"enemies":"2 Louse","floor":1,"turns":3},{"damage":2,"enemies":"Cultist","floor":3,"turns":3},{"damage":5,"enemies":"Jaw Worm","floor":4,"turns":2},{"damage":14,"enemies":"3 Sentries","floor":6,"turns":8},{"damage":0,"enemies":"2 Fungi Beasts","floor":8,"turns":3},{"damage":2,"enemies":"Large Slime","floor":10,"turns":3},{"damage":2,"enemies":"Replay:BlueRogue","floor":12,"turns":3},{"damage":2,"enemies":"Exordium Wildlife","floor":14,"turns":2},{"damage":39,"enemies":"Hexaghost","floor":16,"turns":9},{"damage":2,"enemies":"Spheric Guardian","floor":18,"turns":1},{"damage":2,"enemies":"Chosen","floor":21,"turns":3},{"damage":24,"enemies":"Sentry and Sphere","floor":24,"turns":6},{"damage":2,"enemies":"3 Cultists","floor":27,"turns":3},{"damage":8,"enemies":"Snake Plant","floor":28,"turns":3},{"damage":8,"enemies":"Gremlin Leader","floor":31,"turns":6},{"damage":45,"enemies":"Pondfish","floor":33,"turns":15},{"damage":25,"enemies":"3 Darklings","floor":35,"turns":3},{"damage":2,"enemies":"Orb Walker","floor":38,"turns":2},{"damage":33,"enemies":"Writhing Mass","floor":39,"turns":4},{"damage":13,"enemies":"Sphere and 2 Shapes","floor":40,"turns":3},{"damage":0,"enemies":"Jaw Worm Horde","floor":42,"turns":2},{"damage":20,"enemies":"4 Shapes","floor":44,"turns":3},{"damage":2,"enemies":"Spire Growth","floor":47,"turns":2},{"damage":2,"enemies":"Transient","floor":48,"turns":5},{"damage":49,"enemies":"Donu and Deca","floor":50,"turns":5}],"seed_played":"-7068987878475825260","potions_obtained":[{"floor":1,"key":"Milkshake"},{"floor":3,"key":"SteroidPotion"},{"floor":4,"key":"SpeedPotion"},{"floor":8,"key":"Adrenaline Potion"},{"floor":21,"key":"Reflective Coating"},{"floor":27,"key":"DuplicationPotion"},{"floor":28,"key":"SkillPotion"},{"floor":33,"key":"Strength Potion"},{"floor":39,"key":"Fire Potion"},{"floor":44,"key":"Explosive Potion"},{"floor":47,"key":"PowerPotion"}],"is_trial":false,"path_per_floor":["M","?","M","M","?","E","R","M","T","M","?","E","R","M","R","B",null,"M","?","?","M","$","R","M","R","T","M","M","R","?","E","R","B",null,"M","?","$","M","M","M","R","M","T","M","R","$","M","M","R","B",null],"character_chosen":"HERMIT","items_purchased":["hubris:EmptyBottle","Orichalcum","Bag of Preparation","Pen Nib","ClockworkSouvenir","Swift Potion"],"campfire_rested":2,"item_purchase_floors":[22,22,37,37,37,37],"current_hp_per_floor":[80,80,78,73,66,52,52,52,52,50,50,48,48,46,46,7,82,80,80,72,70,70,70,46,46,46,44,36,60,60,52,52,13,82,61,61,76,76,47,38,62,66,66,50,50,65,67,65,82,37],"gold":57,"neow_bonus":"TEN_PERCENT_HP_BONUS","is_daily":false,"chose_seed":false,"campfire_upgraded":6,"win_rate":0.0,"timestamp":1607705808,"path_taken":["M","?","M","?","?","E","R","M","T","M","?","E","R","M","R","BOSS","M","?","?","M","$","R","M","R","T","M","M","R","?","E","R","BOSS","M","?","$","M","M","M","R","M","T","M","R","$","M","M","R","BOSS"],"items_purchased_type":["Relic","Relic","Relic","Relic","Relic","Potion"],"build_version":"2020-11-30","purchased_purges":3,"victory":true,"max_hp_per_floor":[82,82,82,82,82,82,82,82,82,82,82,82,82,82,82,82,82,82,82,82,82,82,82,82,82,82,82,82,82,82,82,82,82,82,82,82,82,82,82,82,82,82,82,82,82,82,82,82,82,82],"card_choices":[{"not_picked":["hermit:Horror","hermit:Grudge"],"picked":"hermit:CursedWeapon","floor":1},{"not_picked":["hermit:EyeOfTheStorm","hermit:FullyLoaded"],"picked":"hermit:Spite","floor":3},{"not_picked":["hermit:Dive","hermit:LowProfile"],"picked":"hermit:Ricochet","floor":4},{"not_picked":["hermit:ItchyTrigger","hermit:BodyArmor"],"picked":"hermit:FromBeyond","floor":6},{"not_picked":["hermit:FlashPowder","hermit:Snipe"],"picked":"hermit:Misfire","floor":8},{"not_picked":["hermit:SprayPray","hermit:WideOpen"],"picked":"hermit:ShadowCloak","floor":10},{"not_picked":["hermit:ShadowCloak","hermit:Glare","hermit:Maintenance"],"picked":"SKIP","floor":12},{"not_picked":["hermit:EternalForm","hermit:PistolWhip"],"picked":"hermit:SprayPray","floor":14},{"not_picked":["hermit:HeroicBravado","hermit:HighNoon"],"picked":"hermit:RoundhouseKick","floor":16},{"not_picked":["hermit:HoleUp","hermit:Showdown+1"],"picked":"hermit:Determination","floor":18},{"not_picked":["hermit:ItchyTrigger","hermit:Gestalt+1","hermit:FlashPowder"],"picked":"SKIP","floor":21},{"not_picked":["hermit:FlashPowder+1","hermit:Roulette+1"],"picked":"hermit:Snipe+1","floor":24},{"not_picked":["hermit:Gestalt+1","hermit:HoleUp","hermit:TrackingShot"],"picked":"SKIP","floor":27},{"not_picked":["hermit:ItchyTrigger","hermit:CalledShot","hermit:SprayPray"],"picked":"SKIP","floor":28},{"not_picked":["hermit:DeadOrAlive","hermit:Headshot"],"picked":"hermit:Desperado","floor":31},{"not_picked":["hermit:HoleUp","hermit:Snipe+1","hermit:Virtue"],"picked":"SKIP","floor":35},{"not_picked":["hermit:HoleUp","hermit:FlashPowder","hermit:Maintenance+1"],"picked":"SKIP","floor":38},{"not_picked":["hermit:HighCaliber+1","hermit:Snipe","hermit:SprayPray+1"],"picked":"SKIP","floor":39},{"not_picked":["hermit:Misfire+1","hermit:TrackingShot","hermit:Dive"],"picked":"SKIP","floor":40},{"not_picked":["hermit:LowProfile","hermit:Vantage+1"],"picked":"hermit:Cheat","floor":42},{"not_picked":["hermit:Headshot","hermit:OverwhelmingPower","hermit:Desperado+1"],"picked":"SKIP","floor":44},{"not_picked":["hermit:SprayPray","hermit:TakeAim+1","hermit:Brawl+1"],"picked":"SKIP","floor":47},{"not_picked":["hermit:HoleUp+1","hermit:Feint+1"],"picked":"hermit:Dive+1","floor":48}],"player_experience":117223,"relics_obtained":[{"floor":6,"key":"Centennial Puzzle"},{"floor":9,"key":"Anchor"},{"floor":12,"key":"MawBank"},{"floor":26,"key":"MealTicket"},{"floor":31,"key":"Snack Pack"},{"floor":43,"key":"Ornamental Fan"}],"event_choices":[{"damage_healed":0,"gold_gain":0,"player_choice":"1 cards matched","damage_taken":0,"max_hp_gain":0,"max_hp_loss":0,"event_name":"Match and Keep!","floor":2,"gold_loss":0,"cards_obtained":["hermit:FlashPowder"]},{"cards_removed":["hermit:Strike_Hermit"],"damage_healed":0,"gold_gain":0,"player_choice":"Card Removal","damage_taken":7,"max_hp_gain":0,"max_hp_loss":0,"event_name":"Golden Wing","floor":5,"gold_loss":0},{"damage_healed":0,"gold_gain":0,"player_choice":"2 cards matched","damage_taken":0,"max_hp_gain":0,"max_hp_loss":0,"event_name":"Match and Keep!","floor":19,"gold_loss":0,"cards_obtained":["hermit:FinalCanter","hermit:Scavenge"]},{"damage_healed":0,"gold_gain":75,"player_choice":"Touch","damage_taken":8,"max_hp_gain":0,"max_hp_loss":0,"event_name":"FaceTrader","floor":20,"gold_loss":0},{"damage_healed":0,"gold_gain":100,"player_choice":"Pray","damage_taken":0,"max_hp_gain":0,"max_hp_loss":0,"event_name":"Golden Shrine","floor":30,"gold_loss":0},{"damage_healed":0,"gold_gain":0,"player_choice":"Memory 1","damage_taken":0,"max_hp_gain":0,"max_hp_loss":0,"event_name":"SensoryStone","floor":36,"gold_loss":0}],"is_beta":false,"boss_relics":[{"not_picked":["Black Star","hermit:ClaspedLocket"],"picked":"SacredBark"},{"not_picked":["ReplayTheSpireMod:DimensionalGlitch","Replay:Drink Me"],"picked":"ChewingGum"}],"items_purged_floors":[22,37,46],"is_endless":false,"potions_floor_spawned":[1,3,4,8,21,27,28,33,39,40,44,47],"ascension_level":0}}