{"host":"z4fpy6l2lm2b2le0","time":1607701889,"event":{"mods":["AchievementEnabler","BaseMod","Bestiary","Better Note","Block Reminder","Colored Map","Colored Powertips","DeckTracker","Defuse TimeMaze Blight","Displayed Cursed Tome","Highlight Path","Key Reminder","Minty Spire (QoL Compilation)","Rare Cards Sparkle","Relic Stats","StSLib","SuperFastMode","Unceasing Turn Reminder","everything is the same but u backflip on backflip"],"gold_per_floor":[112,62,62,8,24,24,24,43,70,80,96,111,128,14,14,118,118,132,150,6,6,23,23,23,23,23,23,23,23,49,73,85,192,204,230,19,19,39,39,39,51,51,51,51,51],"floor_reached":44,"playtime":2615,"items_purged":["Defend_P"],"score":398,"play_id":"5ffd23a7-c8b1-4c3c-af24-4e8dc4189a0a","local_time":"20201212005129","is_ascension_mode":false,"campfire_choices":[{"data":"Eruption","floor":7,"key":"SMITH"},{"floor":15,"key":"REST"},{"floor":23,"key":"REST"},{"data":"BattleHymn","floor":25,"key":"SMITH"},{"data":"EmptyMind","floor":27,"key":"SMITH"},{"floor":32,"key":"REST"},{"floor":40,"key":"REST"}],"circlet_count":0,"master_deck":["Strike_P","Strike_P","Strike_P","Defend_P","Eruption+1","Vigilance","Evaluate","EmptyBody","Consecrate","SashWhip","CutThroughFate","EmptyMind+1","Indignation","BattleHymn+1","Conclude","DevaForm+1","EmptyFist+1","JustLucky+1","Collect","Judgement","DevaForm+1","EmptyBody","MasterReality","Halt","Crescendo","Conclude","Parasite","Tantrum"],"relics":["HolyWater","Ancient Tea Set","Regal Pillow","Lizard Tail","MawBank","Cursed Key","Nunchaku"],"acts_visited":["Exordium","TheCity","TheBeyond"],"potions_floor_usage":[16,22,33,41,44,44],"damage_taken":[{"damage":2,"enemies":"Small Slimes","floor":1,"turns":4},{"damage":3,"enemies":"2 Louse","floor":5,"turns":6},{"damage":3,"enemies":"Jaw Worm","floor":8,"turns":4},{"damage":2,"enemies":"Looter","floor":10,"turns":3},{"damage":5,"enemies":"Blue Slaver","floor":11,"turns":4},{"damage":10,"enemies":"Gremlin Gang","floor":12,"turns":4},{"damage":0,"enemies":"Large Slime","floor":13,"turns":5},{"damage":27,"enemies":"The Guardian","floor":16,"turns":9},{"damage":6,"enemies":"Shell Parasite","floor":18,"turns":4},{"damage":17,"enemies":"2 Thieves","floor":19,"turns":3},{"damage":31,"enemies":"Sentry and Sphere","floor":22,"turns":6},{"damage":23,"enemies":"Centurion and Healer","floor":31,"turns":5},{"damage":39,"enemies":"Automaton","floor":33,"turns":9},{"damage":15,"enemies":"Orb Walker","floor":35,"turns":3},{"damage":36,"enemies":"3 Darklings","floor":38,"turns":5},{"damage":94,"enemies":"Writhing Mass","floor":41,"turns":6},{"damage":39,"enemies":"Transient","floor":44,"turns":4}],"seed_played":"6226453457763895316","potions_obtained":[{"floor":5,"key":"Fire Potion"},{"floor":8,"key":"EssenceOfSteel"},{"floor":10,"key":"Strength Potion"},{"floor":13,"key":"Dexterity Potion"},{"floor":18,"key":"Block Potion"},{"floor":22,"key":"Fruit Juice"},{"floor":38,"key":"Block Potion"},{"floor":41,"key":"PowerPotion"}],"is_trial":false,"path_per_floor":["M","?","?","$","M","?","R","M","T","M","M","M","M","$","R","B",null,"M","M","$","?","M","R","?","R","T","R","?","$","T","M","R","B",null,"M","$","?","M","?","R","M","$","T","M"],"character_chosen":"WATCHER","items_purchased":["EmptyBody","BattleHymn","Conclude","Regal Pillow","Nunchaku"],"campfire_rested":4,"item_purchase_floors":[4,14,14,20,36],"current_hp_per_floor":[77,77,77,77,74,74,74,71,71,69,64,54,54,54,77,50,79,73,56,56,56,30,70,70,70,70,70,70,70,70,47,84,45,84,69,69,69,33,33,72,19,19,19,0,0],"gold":51,"neow_bonus":"TEN_PERCENT_HP_BONUS","is_daily":false,"chose_seed":false,"campfire_upgraded":3,"win_rate":0.0,"timestamp":1607701889,"path_taken":["M","?","?","$","M","?","R","M","T","M","M","M","M","$","R","BOSS","M","M","$","?","M","R","?","R","T","R","?","?","?","M","R","BOSS","M","$","?","M","?","R","M","$","T","?"],"items_purchased_type":["Card","Card","Card","Relic","Relic"],"build_version":"2020-11-30","purchased_purges":1,"victory":false,"max_hp_per_floor":[79,79,79,79,79,79,79,79,79,79,79,79,79,79,79,79,79,79,79,79,79,84,84,84,84,84,84,84,84,84,84,84,84,84,84,84,80,80,80,80,80,80,80,80,80],"relic_stats":{"Regal Pillow":42,"Lizard Tail":40,"Nunchaku":[3],"counters":[17,84],"MawBank":72,"Cursed Key":0,"obtain_stats":[{"Regal Pillow":20,"Lizard Tail":26,"Nunchaku":36,"HolyWater":17,"PureWater":0,"Ancient Tea Set":9,"MawBank":30,"Cursed Key":34},{"Regal Pillow":10,"Lizard Tail":11,"Nunchaku":14,"HolyWater":8,"PureWater":0,"Ancient Tea Set":3,"MawBank":11,"Cursed Key":13},{"Regal Pillow":46,"Lizard Tail":52,"Nunchaku":69,"HolyWater":39,"PureWater":0,"Ancient Tea Set":14,"MawBank":52,"Cursed Key":66}]},"card_choices":[{"not_picked":["CrushJoints","Weave"],"picked":"Evaluate","floor":1},{"not_picked":["WheelKick","Fasting2"],"picked":"Consecrate","floor":5},{"not_picked":["FlyingSleeves","SignatureMove"],"picked":"SashWhip","floor":8},{"not_picked":["SandsOfTime","JustLucky"],"picked":"CutThroughFate","floor":10},{"not_picked":["Fasting2","FlyingSleeves"],"picked":"EmptyMind","floor":11},{"not_picked":["Halt","PathToVictory"],"picked":"Indignation","floor":12},{"not_picked":["FlyingSleeves","CrushJoints","ThirdEye"],"picked":"SKIP","floor":13},{"not_picked":["Judgement","ConjureBlade"],"picked":"DevaForm","floor":16},{"not_picked":["FollowUp+1","WreathOfFlame"],"picked":"EmptyFist+1","floor":18},{"not_picked":["WreathOfFlame","FollowUp","EmptyFist"],"picked":"SKIP","floor":19},{"not_picked":["SandsOfTime","BattleHymn"],"picked":"JustLucky+1","floor":22},{"not_picked":["FollowUp","Sanctity"],"picked":"EmptyBody","floor":31},{"not_picked":["Establishment","DeusExMachina"],"picked":"MasterReality","floor":33},{"not_picked":["Protect+1","JustLucky"],"picked":"Halt","floor":35},{"not_picked":["ConjureBlade","ClearTheMind"],"picked":"Crescendo","floor":38},{"not_picked":["BowlingBash","PathToVictory+1"],"picked":"Tantrum","floor":41}],"player_experience":9820,"relics_obtained":[{"floor":9,"key":"Ancient Tea Set"},{"floor":26,"key":"Lizard Tail"},{"floor":30,"key":"MawBank"}],"event_choices":[{"cards_removed":["Defend_P"],"damage_healed":0,"gold_gain":0,"player_choice":"Card Removal","damage_taken":0,"max_hp_gain":0,"max_hp_loss":0,"event_name":"The Cleric","floor":2,"gold_loss":50},{"cards_removed":["Strike_P"],"damage_healed":0,"gold_gain":0,"player_choice":"Forget","damage_taken":0,"max_hp_gain":0,"max_hp_loss":0,"event_name":"Living Wall","floor":3,"gold_loss":0},{"damage_healed":0,"gold_gain":0,"player_choice":"Ignored","damage_taken":0,"max_hp_gain":0,"max_hp_loss":0,"event_name":"Liars Game","floor":6,"gold_loss":0},{"damage_healed":0,"gold_gain":0,"player_choice":"Forge","damage_taken":0,"max_hp_gain":0,"max_hp_loss":0,"event_name":"Accursed Blacksmith","floor":21,"gold_loss":0,"cards_upgraded":["DevaForm"]},{"damage_healed":0,"gold_gain":0,"player_choice":"2 cards matched","damage_taken":0,"max_hp_gain":0,"max_hp_loss":0,"event_name":"Match and Keep!","floor":24,"gold_loss":0,"cards_obtained":["Collect","Judgement"]},{"damage_healed":0,"gold_gain":0,"player_choice":"Copied","damage_taken":0,"max_hp_gain":0,"max_hp_loss":0,"event_name":"Duplicator","floor":28,"gold_loss":0,"cards_obtained":["DevaForm"]},{"damage_healed":0,"gold_gain":0,"player_choice":"Max HP","damage_taken":0,"max_hp_gain":0,"max_hp_loss":4,"event_name":"Winding Halls","floor":37,"gold_loss":0},{"damage_healed":0,"gold_gain":0,"cards_transformed":["Defend_P"],"player_choice":"Transformed","damage_taken":0,"max_hp_gain":0,"max_hp_loss":0,"event_name":"Transmorgrifier","floor":39,"gold_loss":0,"cards_obtained":["Conclude"]}],"is_beta":false,"boss_relics":[{"not_picked":["Astrolabe","Coffee Dripper"],"picked":"HolyWater"},{"not_picked":["Fusion Hammer","Black Star"],"picked":"Cursed Key"}],"items_purged_floors":[36],"is_endless":false,"potions_floor_spawned":[5,8,10,13,18,22,38,41],"killed_by":"Transient","ascension_level":0}}