{"host":"jr9txmeil0uubrvm","time":1607696412,"event":{"mods":["10 clothes from DAL","BaseMod","Colored Powertips","Minty Spire (QoL Compilation)","NanayaShiki（七夜志贵）","Quick Restart","StSLib","The Dragon Tamer","TheWitcher","【功能Mod】Neow奖励","【功能Mod】强力的原版药水","【功能Mod】精心准备","【遗物Mod】简单游戏","【遗物卡牌】REMEMod","没有小屋子和绿帽子啦"],"gold_per_floor":[109,129,129,141,141,171,171,171,171,171,171,203,153,179,179,283,283,298,315,315,315,315,347,347,359,359,387,405,440,451,468,468,569,569,584,381,396,396,411,446,446,481,481,497,547,573,591,591,591,591],"floor_reached":51,"playtime":2146,"items_purged":["Poor:ReiMu","Regret"],"score":1143,"play_id":"19793bcb-eeee-488f-897e-fba1e6f73c1a","local_time":"20201211222012","is_ascension_mode":false,"campfire_choices":[{"data":"F1","floor":7,"key":"SMITH"},{"data":"F1","floor":15,"key":"SMITH"},{"data":"F1","floor":24,"key":"SMITH"},{"data":"F1","floor":32,"key":"SMITH"},{"data":"Discovery","floor":41,"key":"SMITH"},{"data":"Panache","floor":49,"key":"SMITH"}],"circlet_count":0,"master_deck":["B","B","B","A","A","A","kongjo","kakaa","E6+1","Z+1","aa","F1+1","M","F1+1","F1+1","X","F1+1","cc","jinfansuki","Discovery+1","Panache+1","F1+1"],"relics":["youmenomizu","nanaya","EasyRelic","REME_ComplimentaryCards","Juzu Bracelet","Matryoshka","GremlinMask","Smiling Mask","YidongShenshe:ReiMu","Pen Nib","Oddly Smooth Stone","Akabeko","Kunai","DALC_WAN","Strawberry","Empty Cage","Nilry\u0027s Codex","Tea:ReiMu","Anchor","Incense Burner","Red Mask","Happy Flower","RedLine:ReiMu","Nunchaku","Rsagi","Thread and Needle","Whetstone","Girya","REME_HandOfSuture"],"acts_visited":["Exordium","TheCity","TheBeyond"],"potions_floor_usage":[31],"damage_taken":[{"damage":0,"enemies":"Small Slimes","floor":1,"turns":2},{"damage":2,"enemies":"Jaw Worm","floor":2,"turns":2},{"damage":2,"enemies":"Cultist","floor":4,"turns":2},{"damage":4,"enemies":"Gremlin Nob","floor":6,"turns":3},{"damage":0,"enemies":"Lagavulin","floor":12,"turns":2},{"damage":0,"enemies":"Gremlin Nob","floor":14,"turns":1},{"damage":6,"enemies":"Hexaghost","floor":16,"turns":3},{"damage":2,"enemies":"Chosen","floor":18,"turns":2},{"damage":0,"enemies":"2 Thieves","floor":19,"turns":1},{"damage":0,"enemies":"Book of Stabbing","floor":23,"turns":2},{"damage":0,"enemies":"Shelled Parasite and Fungi","floor":25,"turns":1},{"damage":0,"enemies":"Masked Bandits","floor":27,"turns":1},{"damage":0,"enemies":"Snecko","floor":28,"turns":1},{"damage":5,"enemies":"Slavers","floor":29,"turns":3},{"damage":0,"enemies":"Cultist and Chosen","floor":30,"turns":1},{"damage":0,"enemies":"Chosen and Byrds","floor":31,"turns":1},{"damage":0,"enemies":"Collector","floor":33,"turns":2},{"damage":0,"enemies":"Orb Walker","floor":35,"turns":1},{"damage":0,"enemies":"3 Darklings","floor":37,"turns":1},{"damage":0,"enemies":"Transient","floor":39,"turns":2},{"damage":0,"enemies":"Giant Head","floor":40,"turns":1},{"damage":0,"enemies":"Reptomancer","floor":42,"turns":1},{"damage":0,"enemies":"Sphere and 2 Shapes","floor":44,"turns":1},{"damage":0,"enemies":"Mind Bloom Boss Battle","floor":45,"turns":1},{"damage":0,"enemies":"Giant Head","floor":46,"turns":2},{"damage":0,"enemies":"Writhing Mass","floor":47,"turns":1},{"damage":8,"enemies":"Awakened One","floor":50,"turns":4}],"seed_played":"7779346036756608419","potions_obtained":[{"floor":2,"key":"MagicPotion:ReiMu"},{"floor":6,"key":"Weak Potion"},{"floor":12,"key":"ZuzhouPotion:ReiMu"},{"floor":16,"key":"PowerPotion"},{"floor":28,"key":"DistilledChaos"},{"floor":37,"key":"SteroidPotion"}],"is_trial":false,"path_per_floor":["M","M","?","M","?","E","R","?","T","?","?","E","$","E","R","B",null,"M","M","?","?","?","E","R","M","T","?","M","E","M","M","R","B",null,"M","$","M","?","M","E","R","E","T","M","?","E","M","?","R","B",null],"character_chosen":"Nanaya","items_purchased":["Nunchaku"],"campfire_rested":0,"item_purchase_floors":[36],"current_hp_per_floor":[50,49,49,49,49,48,48,48,48,36,36,38,38,46,46,43,57,56,57,41,57,57,57,57,57,57,57,57,53,54,55,55,57,57,57,57,57,47,49,50,50,51,51,52,53,55,56,56,56,51],"gold":591,"neow_bonus":"RANDOM_COMMON_RELIC","is_daily":false,"chose_seed":false,"campfire_upgraded":6,"win_rate":0.0,"timestamp":1607696412,"path_taken":["M","M","?","M","?","E","R","?","T","?","?","E","$","E","R","BOSS","M","M","?","?","?","E","R","M","T","?","M","E","M","M","R","BOSS","M","$","M","?","M","E","R","E","T","M","?","E","M","?","R","BOSS"],"items_purchased_type":["Relic"],"build_version":"2020-11-30","purchased_purges":2,"victory":true,"max_hp_per_floor":[50,50,50,50,50,50,50,50,50,50,50,50,50,57,57,57,57,57,57,57,57,57,57,57,57,57,57,57,57,57,57,57,57,57,57,57,57,57,57,57,57,57,57,57,57,57,57,57,57,57],"card_choices":[{"not_picked":["B1","E2"],"picked":"E6","floor":1},{"not_picked":["E1","N"],"picked":"Z","floor":2},{"not_picked":["E1","E4"],"picked":"F1","floor":4},{"not_picked":["D1","E"],"picked":"M","floor":6},{"not_picked":["M","W","E3"],"picked":"SKIP","floor":12},{"not_picked":["E12","C1"],"picked":"F1","floor":14},{"not_picked":["Q","Y","E5+1"],"picked":"SKIP","floor":18},{"not_picked":["R","B6"],"picked":"F1","floor":19},{"not_picked":["R+1","G","Z+1"],"picked":"SKIP","floor":23},{"not_picked":["E11","B5","N"],"picked":"SKIP","floor":25},{"not_picked":["xibao","C"],"picked":"F1","floor":28},{"not_picked":["J","G","G1"],"picked":"SKIP","floor":29},{"not_picked":["E8+1","xibao","E"],"picked":"SKIP","floor":30},{"not_picked":["E8","T","W"],"picked":"SKIP","floor":31},{"not_picked":["H","E9"],"picked":"jinfansuki","floor":33},{"not_picked":["G1+1","E+1","R"],"picked":"SKIP","floor":35},{"not_picked":["G1","C+1","E"],"picked":"SKIP","floor":37},{"not_picked":["Sadistic Nature","Camael"],"picked":"Discovery","floor":38},{"not_picked":["Deep Breath","ThunderHit"],"picked":"Panache","floor":38},{"not_picked":["M","E3+1","G"],"picked":"SKIP","floor":39},{"not_picked":["C1","Q+1","B7+1"],"picked":"SKIP","floor":40},{"not_picked":["R+1","E11+1","E2+1"],"picked":"SKIP","floor":42},{"not_picked":["D1","U+1"],"picked":"F1+1","floor":44},{"not_picked":["E12","E1","B5"],"picked":"SKIP","floor":46},{"not_picked":["B1+1","N","B6"],"picked":"SKIP","floor":47}],"player_experience":389429,"relics_obtained":[{"floor":6,"key":"Smiling Mask"},{"floor":9,"key":"Pen Nib"},{"floor":9,"key":"Oddly Smooth Stone"},{"floor":11,"key":"Kunai"},{"floor":12,"key":"DALC_WAN"},{"floor":14,"key":"Strawberry"},{"floor":20,"key":"Nilry\u0027s Codex"},{"floor":23,"key":"Tea:ReiMu"},{"floor":26,"key":"Anchor"},{"floor":26,"key":"Incense Burner"},{"floor":27,"key":"Red Mask"},{"floor":29,"key":"Happy Flower"},{"floor":40,"key":"Rsagi"},{"floor":42,"key":"Thread and Needle"},{"floor":43,"key":"Whetstone"},{"floor":45,"key":"Girya"},{"floor":46,"key":"REME_HandOfSuture"}],"event_choices":[{"damage_healed":0,"gold_gain":0,"player_choice":"Box","damage_taken":0,"relics_obtained":["Matryoshka"],"max_hp_gain":0,"max_hp_loss":0,"event_name":"Big Fish","floor":3,"gold_loss":0,"cards_obtained":["Regret"]},{"damage_healed":0,"gold_gain":0,"player_choice":"Trade","damage_taken":0,"relics_obtained":["GremlinMask"],"max_hp_gain":0,"max_hp_loss":0,"event_name":"FaceTrader","floor":5,"gold_loss":0},{"damage_healed":0,"gold_gain":0,"player_choice":"带走神社","damage_taken":0,"relics_obtained":["YidongShenshe:ReiMu"],"max_hp_gain":0,"max_hp_loss":0,"event_name":"yidonshenshe","floor":8,"gold_loss":0,"cards_obtained":["Poor:ReiMu"]},{"damage_healed":0,"gold_gain":0,"player_choice":"Success","damage_taken":12,"relics_obtained":["Akabeko"],"max_hp_gain":0,"max_hp_loss":0,"event_name":"Scrap Ooze","floor":10,"gold_loss":0},{"damage_healed":0,"gold_gain":0,"player_choice":"Relic","damage_taken":0,"max_hp_gain":0,"max_hp_loss":0,"event_name":"Wheel of Change","floor":11,"gold_loss":0},{"damage_healed":0,"gold_gain":0,"player_choice":"Obtained Book","damage_taken":16,"max_hp_gain":0,"max_hp_loss":0,"event_name":"Cursed Tome","floor":20,"gold_loss":0},{"cards_removed":["SnafuTest:FlashingRaid"],"damage_healed":16,"gold_gain":0,"player_choice":"Offered Uncommon","damage_taken":0,"max_hp_gain":0,"max_hp_loss":0,"event_name":"Bonfire Elementals","floor":21,"gold_loss":0},{"damage_healed":0,"gold_gain":0,"player_choice":"Ignored","damage_taken":0,"max_hp_gain":0,"max_hp_loss":0,"event_name":"Vampires","floor":22,"gold_loss":0},{"damage_healed":0,"gold_gain":0,"player_choice":"Fought Bandits","damage_taken":0,"max_hp_gain":0,"max_hp_loss":0,"event_name":"Masked Bandits","floor":27,"gold_loss":0},{"damage_healed":0,"gold_gain":0,"player_choice":"Memory 3","damage_taken":10,"max_hp_gain":0,"max_hp_loss":0,"event_name":"SensoryStone","floor":38,"gold_loss":0},{"damage_healed":0,"gold_gain":0,"player_choice":"Fight","damage_taken":0,"max_hp_gain":0,"max_hp_loss":0,"event_name":"MindBloom","floor":45,"gold_loss":0},{"damage_healed":0,"gold_gain":0,"player_choice":"Bought 0 Potions","damage_taken":0,"max_hp_gain":0,"max_hp_loss":0,"event_name":"The Woman in Blue","floor":48,"gold_loss":0}],"is_beta":false,"boss_relics":[{"not_picked":["Runic Pyramid","Pandora\u0027s Box"],"picked":"Empty Cage"},{"not_picked":["DALC_TEN","REME_DemonsWealth"],"picked":"RedLine:ReiMu"}],"items_purged_floors":[13,36],"is_endless":false,"potions_floor_spawned":[2,6,12,16,25,28,29,30,37,40,42,45,47],"ascension_level":0}}