{"host":"046f94hp0svsg0ce","time":1607646258,"event":{"mods":["BaseMod","StSLib","Quick Restart","Act Like it!","Minty Spire (QoL Compilation)","Colored Map","Colored Powertips","Highlight Path","Rare Cards Sparkle","The Forsaken","Astrologer","Beaked The Cultist","The Necromancer","The Servant 0.9.4","GungeonMod","Halation","Mad Scientist","The Construct","The Runesmith"],"gold_per_floor":[117,132,4,0,17,46,46,73,73,88,88,106,106,122,122,221,221,239,239,239],"floor_reached":19,"playtime":20111,"items_purged":[],"score":179,"play_id":"5601a7ee-92ed-4927-a0dd-43aab9572a1b","local_time":"20201211012418","is_ascension_mode":false,"campfire_choices":[{"floor":7,"key":"REST"},{"floor":11,"key":"REST"},{"floor":13,"key":"REST"},{"floor":15,"key":"REST"}],"circlet_count":0,"master_deck":["construct:Strike_Gold","construct:Strike_Gold","construct:Strike_Gold","construct:Strike_Gold","construct:Strike_Gold","construct:Defend_Gold","construct:Defend_Gold","construct:Defend_Gold","construct:Defend_Gold","construct:Defend_Gold","construct:AttackMode","construct:DefenseMode","construct:Versatility","construct:Versatility","construct:SuppressiveFire","construct:Antimatter","construct:Enhance","construct:ForceCore","construct:Stasis","construct:ClusterMines","construct:FierceBash","construct:SiegeForm","construct:Autoturret"],"relics":["construct:Cogwheel","Runesmith:AutoHammer","Shovel","DemoMod:ChaffGrenade","Dead Branch"],"acts_visited":["Exordium","TheCity"],"potions_floor_usage":[3,8,10],"damage_taken":[{"damage":0,"enemies":"Small Slimes","floor":1,"turns":3},{"damage":1,"enemies":"2 Louse","floor":2,"turns":3},{"damage":0,"enemies":"Cultist","floor":5,"turns":3},{"damage":78,"enemies":"Gremlin Nob","floor":6,"turns":8},{"damage":33,"enemies":"3 Sentries","floor":8,"turns":11},{"damage":0,"enemies":"Looter","floor":10,"turns":5},{"damage":23,"enemies":"Gremlin Gang","floor":12,"turns":7},{"damage":3,"enemies":"3 Louse","floor":14,"turns":5},{"damage":63,"enemies":"Hexaghost","floor":16,"turns":15},{"damage":53,"enemies":"Shell Parasite","floor":18,"turns":12},{"damage":38,"enemies":"3 Byrds","floor":19,"turns":5}],"seed_played":"-4893673363824426155","potions_obtained":[{"floor":1,"key":"FairyPotion"},{"floor":2,"key":"DistilledChaos"},{"floor":8,"key":"LiquidMemories"}],"is_trial":false,"path_per_floor":["M","M","$","?","M","E","R","E","T","M","R","M","R","M","R","B",null,"M","M"],"character_chosen":"THE_CONSTRUCT_MOD","items_purchased":["Fruit Juice","construct:SuppressiveFire"],"campfire_rested":4,"item_purchase_floors":[3,3],"current_hp_per_floor":[85,84,89,89,89,11,38,5,5,5,32,9,36,33,60,27,90,37,0,0],"gold":239,"neow_bonus":"RANDOM_COMMON_RELIC","is_daily":false,"chose_seed":false,"campfire_upgraded":0,"win_rate":0.0,"timestamp":1607646258,"path_taken":["M","M","$","?","M","E","R","E","T","M","R","M","R","M","R","BOSS","M","M"],"build_version":"2020-11-30","purchased_purges":0,"victory":false,"max_hp_per_floor":[85,85,90,90,90,90,90,90,90,90,90,90,90,90,90,90,90,90,90,90],"card_choices":[{"not_picked":["construct:Accumulate","construct:FierceBash"],"picked":"construct:Versatility","floor":1},{"not_picked":["construct:Tumble","construct:Boost"],"picked":"construct:Versatility","floor":2},{"not_picked":["construct:Accumulate","construct:HeavyBolt"],"picked":"construct:Antimatter","floor":5},{"not_picked":["construct:Bunker","construct:ScrapCannon"],"picked":"construct:Enhance","floor":6},{"not_picked":["construct:Forcefield","construct:ShiftGuard"],"picked":"construct:ForceCore","floor":8},{"not_picked":["construct:Backfire","construct:ModeShift"],"picked":"construct:Stasis","floor":10},{"not_picked":["construct:Reinforce","construct:SaveState"],"picked":"construct:ClusterMines","floor":12},{"not_picked":["construct:HeavyBolt","construct:Anticipate"],"picked":"construct:FierceBash","floor":14},{"not_picked":["construct:BatteryCore","construct:GoldenBullet"],"picked":"construct:SiegeForm","floor":16},{"not_picked":["construct:Reinforce","construct:Boost"],"picked":"construct:Autoturret","floor":18}],"player_experience":1516523,"relics_obtained":[{"floor":6,"key":"Shovel"},{"floor":8,"key":"DemoMod:ChaffGrenade"},{"floor":9,"key":"Dead Branch"}],"event_choices":[{"damage_healed":0,"gold_gain":0,"player_choice":"Left Gold","damage_taken":0,"max_hp_gain":0,"max_hp_loss":0,"event_name":"World of Goop","floor":4,"gold_loss":4}],"is_beta":false,"boss_relics":[{"not_picked":["Runic Dome","Coffee Dripper","halation:MonkeysPaw"]}],"items_purged_floors":[],"is_endless":false,"potions_floor_spawned":[1,2,8],"killed_by":"3 Byrds","ascension_level":0}}