{"host":"951sez6ulsv0fw1i","time":1607704042,"event":{"mods":["2.2 Compatiblity","Aspiration","BaseMod","BetterRewards","Conspire","Downfall","Googly Eyes","Infinite Spire","JesterMod","Luminous","Marisa????????","Minty Spire (QoL Compilation)","StSLib","The Cursed","The Mystic","The Poker Player","The Servant 0.9.4"],"gold_per_floor":[110,126,126,26,26,26,59,75,75,109,109,9,24,24,24,140,190,224,134,134,134,169,210,210,237,260,359,369,369,100,125,125,140,140],"floor_reached":33,"playtime":1743,"items_purged":["Injury","jesterMod:Strike","jesterMod:Strike"],"score":298,"play_id":"8a8b7257-f4c6-407e-8e25-cd0ef430c442","local_time":"20201211172722","is_ascension_mode":false,"campfire_choices":[{"floor":6,"key":"RECALL"},{"data":"jesterMod:HedgehogForm","floor":11,"key":"SMITH"},{"data":"jesterMod:Mending","floor":15,"key":"SMITH"},{"data":"jesterMod:Schizophrenia","floor":24,"key":"SMITH"},{"floor":29,"key":"REST"},{"data":"jesterMod:Juggler","floor":32,"key":"SMITH"}],"circlet_count":0,"master_deck":["jesterMod:Strike","jesterMod:Strike","jesterMod:Sickle","jesterMod:Defend","jesterMod:Defend","jesterMod:Defend","jesterMod:Dodge","jesterMod:TrickyDodge+1","jesterMod:Mending+1","jesterMod:Anticipation+1","jesterMod:DancingMad+1","jesterMod:HedgehogForm+1","jesterMod:FlameDance+1","jesterMod:Loot+1","jesterMod:Juggler+1","jesterMod:SelfMockery+1","jesterMod:Discretion+1","jesterMod:Schizophrenia+1","jesterMod:Feint","jesterMod:BouncingKnife+1","jesterMod:ButterflyDance+1","jesterMod:TrickyDodge+1"],"relics":["hexamod:MatchstickCase","Omamori","mysticmod:TrainingManual","AmplifyWand","Tingsha","PokerPlayerMod:PenAndEraser","infinitespire:DarkRift","infinitespire:Burning Sword","Snecko Eye","infinitespire:Chaos"],"acts_visited":["Exordium","TheCity"],"potions_floor_usage":[19,33],"damage_taken":[{"damage":0,"enemies":"2 Louse","floor":1,"turns":1},{"damage":0,"enemies":"Cultist","floor":2,"turns":1},{"damage":0,"enemies":"3 Sentries","floor":7,"turns":2},{"damage":0,"enemies":"Small Slimes","floor":8,"turns":5},{"damage":6,"enemies":"Lagavulin","floor":10,"turns":9},{"damage":2,"enemies":"Looter","floor":13,"turns":5},{"damage":11,"enemies":"Hexaghost","floor":16,"turns":9},{"damage":18,"enemies":"conspire:FuzzyDice","floor":18,"turns":7},{"damage":21,"enemies":"2 Thieves","floor":19,"turns":5},{"damage":0,"enemies":"Snake Plant","floor":22,"turns":6},{"damage":16,"enemies":"Book of Stabbing","floor":23,"turns":8},{"damage":7,"enemies":"conspire:HollyBat","floor":25,"turns":8},{"damage":17,"enemies":"Sentry and Sphere","floor":28,"turns":8},{"damage":0,"enemies":"Snecko","floor":31,"turns":3},{"damage":30,"enemies":"conspire:MysteriousRune","floor":33,"turns":7}],"seed_played":"-5717695913590843735","potions_obtained":[{"floor":1,"key":"Energy Potion"},{"floor":8,"key":"ColorlessPotion"},{"floor":13,"key":"SteroidPotion"},{"floor":16,"key":"SteroidPotion"},{"floor":22,"key":"SteroidPotion"},{"floor":23,"key":"Explosive Potion"},{"floor":25,"key":"DuplicationPotion"}],"is_trial":false,"path_per_floor":["M","M","?","$","?","R","E","M","T","E","R","$","M","?","R","B",null,"M","M","?","?","M","E","R","M","T","?","M","R","$","M","R","B"],"character_chosen":"THE_JESTER","items_purchased":["jesterMod:Anticipation+1","infinitespire:Chaos"],"campfire_rested":1,"item_purchase_floors":[4,30],"current_hp_per_floor":[70,70,70,70,63,63,63,63,63,57,57,57,55,55,55,44,75,57,36,36,44,44,28,28,21,21,21,4,26,26,26,26,0,0],"gold":140,"neow_bonus":"THREE_ENEMY_KILL","is_daily":false,"chose_seed":false,"campfire_upgraded":4,"win_rate":0.0,"timestamp":1607704042,"path_taken":["M","M","?","$","?","R","E","M","T","E","R","$","M","?","R","BOSS","M","M","?","?","M","E","R","M","T","?","M","R","$","M","R","BOSS"],"items_purchased_type":["Card","Relic"],"build_version":"2020-11-30","purchased_purges":3,"victory":false,"max_hp_per_floor":[70,70,70,70,70,70,70,70,70,70,70,70,70,70,70,70,75,75,75,75,75,75,75,75,75,75,75,75,75,75,75,75,75,75],"card_choices":[{"not_picked":["jesterMod:JackInTheBox","jesterMod:Haste"],"picked":"jesterMod:TrickyDodge","floor":1},{"not_picked":["jesterMod:Discretion","jesterMod:JackInTheBox"],"picked":"jesterMod:Mending","floor":2},{"not_picked":["jesterMod:RecklessStrike","jesterMod:TrickyDodge+1"],"picked":"jesterMod:DancingMad+1","floor":7},{"not_picked":["jesterMod:Arrythmia","jesterMod:Unleash+1"],"picked":"jesterMod:HedgehogForm","floor":8},{"not_picked":["jesterMod:HitAndRun","jesterMod:Patience+1"],"picked":"jesterMod:FlameDance+1","floor":10},{"not_picked":["jesterMod:QuickStrike","jesterMod:Disposophobia+1"],"picked":"jesterMod:Loot+1","floor":13},{"not_picked":["jesterMod:ExperimentalTreatment+1","jesterMod:Trance"],"picked":"jesterMod:Juggler","floor":16},{"not_picked":["jesterMod:Patience+1","jesterMod:RecklessStrike"],"picked":"jesterMod:SelfMockery+1","floor":17},{"not_picked":["jesterMod:Precipitation","jesterMod:SmokeScreen+1"],"picked":"jesterMod:Discretion+1","floor":18},{"not_picked":["jesterMod:QuickStrike","jesterMod:SmokeScreen+1"],"picked":"jesterMod:Schizophrenia","floor":19},{"not_picked":["jesterMod:QuickStrike+1","jesterMod:OblivionStrike"],"picked":"jesterMod:Feint","floor":22},{"not_picked":["jesterMod:Taunt+1","jesterMod:Patience+1"],"picked":"jesterMod:BouncingKnife+1","floor":23},{"not_picked":["jesterMod:OblivionStrike+1","jesterMod:Disposophobia+1"],"picked":"jesterMod:ButterflyDance+1","floor":25},{"not_picked":["jesterMod:Talion+1","jesterMod:Precipitation"],"picked":"jesterMod:TrickyDodge+1","floor":28},{"not_picked":["jesterMod:Pause","jesterMod:TrickyDodge","jesterMod:Tinker"],"picked":"SKIP","floor":31}],"player_experience":471090,"relics_obtained":[{"floor":7,"key":"Juzu Bracelet"},{"floor":9,"key":"aspiration:FrozenJewel"},{"floor":10,"key":"Ancient Tea Set"},{"floor":23,"key":"infinitespire:Lucky Rock"}],"event_choices":[{"cards_removed":["jesterMod:Defend"],"damage_healed":0,"gold_gain":0,"player_choice":"Card Removal","damage_taken":7,"max_hp_gain":0,"max_hp_loss":0,"event_name":"Golden Wing","floor":5,"gold_loss":0},{"damage_healed":0,"gold_gain":0,"player_choice":"Rummage","damage_taken":0,"relics_obtained":["WarpedTongs"],"max_hp_gain":0,"max_hp_loss":0,"event_name":"Accursed Blacksmith","floor":14,"gold_loss":0,"cards_obtained":["Pain"]},{"cards_removed":["Pain"],"damage_healed":0,"gold_gain":0,"player_choice":"Removed Curses","damage_taken":0,"max_hp_gain":0,"max_hp_loss":0,"event_name":"Fountain of Cleansing","floor":20,"gold_loss":0},{"damage_healed":0,"gold_gain":99,"player_choice":"Stole From Cult","damage_taken":0,"max_hp_gain":0,"max_hp_loss":0,"event_name":"Nest","floor":27,"gold_loss":0}],"is_beta":false,"boss_relics":[{"not_picked":["conspire:SeveredTorchhead","Runic Pyramid"],"picked":"Tiny House"}],"items_purged_floors":[4,12,30],"is_endless":false,"potions_floor_spawned":[1,8,13,16,22,23,25],"killed_by":"conspire:MysteriousRune","ascension_level":0}}