{"host":"usrgk25etjl0nf5i","time":1607662744,"event":{"mods":["2.2 Compatiblity","BaseMod","Downfall","Hermit","Hubris","Minty Spire (QoL Compilation)","StSLib","SuperFastMode","The Disciple","The Hierophant"],"gold_per_floor":[16,291,23,23,35,64,64,84,107,132,142,172,191,266,266,266,266],"floor_reached":16,"playtime":845,"items_purged":["Regret"],"score":225,"play_id":"0fa3ecf4-0acd-496c-af0b-66086e054f00","local_time":"20201210205904","is_ascension_mode":true,"campfire_choices":[{"data":"Heavy Blade","floor":7,"key":"SMITH"},{"floor":15,"key":"REST"}],"circlet_count":0,"master_deck":["AscendersBane","Strike_R","Strike_R","Strike_R","Strike_R","Defend_R","Defend_R","Defend_R","Bash","Shrug It Off","Shrug It Off","Armaments","Heavy Blade+1","Headbutt","Entrench","Feed"],"relics":["Burning Blood","hexamod:BolsterEngine","MealTicket","hubris:PeanutButter","Vajra","HornCleat","Akabeko"],"acts_visited":["Exordium"],"potions_floor_usage":[10,10,16],"damage_taken":[{"damage":7,"enemies":"2 Louse","floor":1,"turns":4},{"damage":2,"enemies":"Cultist","floor":5,"turns":4},{"damage":37,"enemies":"Gremlin Nob","floor":6,"turns":5},{"damage":0,"enemies":"Small Slimes","floor":8,"turns":6},{"damage":0,"enemies":"3 Sentries","floor":10,"turns":6},{"damage":0,"enemies":"3 Louse","floor":11,"turns":4},{"damage":56,"enemies":"Lagavulin","floor":12,"turns":8},{"damage":0,"enemies":"Gremlin Gang","floor":13,"turns":4},{"damage":49,"enemies":"The Guardian","floor":16,"turns":16}],"seed_played":"4540068619817076102","potions_obtained":[{"floor":6,"key":"hexamod:EctoCoolerPotion"},{"floor":8,"key":"Regen Potion"},{"floor":12,"key":"AttackPotion"}],"is_trial":false,"path_per_floor":["M","?","$","T","M","E","R","M","T","E","M","E","M","?","R","B"],"character_chosen":"IRONCLAD","items_purchased":["hexamod:BolsterEngine","Shrug It Off"],"campfire_rested":1,"item_purchase_floors":[3,3],"current_hp_per_floor":[71,71,71,71,75,44,44,50,50,71,77,27,36,25,49,0,0],"gold":266,"neow_bonus":"REMOVE_TWO","is_daily":false,"chose_seed":false,"campfire_upgraded":1,"win_rate":0.0,"timestamp":1607662744,"path_taken":["M","?","$","?","?","E","R","M","T","E","M","E","M","?","R","BOSS"],"items_purchased_type":["Relic","Card"],"build_version":"2020-11-30","purchased_purges":1,"victory":false,"max_hp_per_floor":[80,80,80,80,80,80,80,80,80,80,80,80,83,83,83,83,83],"card_choices":[{"not_picked":["Iron Wave","Clothesline"],"picked":"Shrug It Off","floor":1},{"not_picked":["True Grit","Body Slam"],"picked":"Armaments","floor":5},{"not_picked":["Perfected Strike","Second Wind"],"picked":"Heavy Blade","floor":6},{"not_picked":["Anger","Infernal Blade"],"picked":"Headbutt","floor":8},{"not_picked":["Iron Wave","Wild Strike"],"picked":"Entrench","floor":10},{"not_picked":["Anger","Heavy Blade","True Grit"],"picked":"SKIP","floor":11},{"not_picked":["Heavy Blade","Intimidate"],"picked":"Feed","floor":12},{"not_picked":["Shrug It Off","Clothesline","Sword Boomerang"],"picked":"SKIP","floor":13}],"player_experience":627568,"relics_obtained":[{"floor":4,"key":"MealTicket"},{"floor":6,"key":"hubris:PeanutButter"},{"floor":9,"key":"Vajra"},{"floor":10,"key":"HornCleat"},{"floor":12,"key":"Akabeko"}],"event_choices":[{"damage_healed":0,"gold_gain":275,"player_choice":"Desecrate","damage_taken":0,"max_hp_gain":0,"max_hp_loss":0,"event_name":"Golden Shrine","floor":2,"gold_loss":0,"cards_obtained":["Regret"]},{"damage_healed":0,"gold_gain":75,"player_choice":"Gather Gold","damage_taken":11,"max_hp_gain":0,"max_hp_loss":0,"event_name":"World of Goop","floor":14,"gold_loss":0}],"is_beta":false,"boss_relics":[],"items_purged_floors":[3],"is_endless":false,"potions_floor_spawned":[6,8,12],"killed_by":"The Guardian","ascension_level":11}}