{"host":"qv6i1hqtwdecmcbw","time":1607696310,"event":{"mods":["AchievementEnabler","BaseMod","Colored Map","Conspire","Downfall","GifTheSpireLib","Googly Eyes","Halation","Minty Spire (QoL Compilation)","Replay The Spire","Shop Mod","Spicy Shops","StSLib","The IronCluck"],"gold_per_floor":[118,118,130,130,147,147,165,165,188,188,188,204,204,204,204,204,204],"floor_reached":16,"playtime":846,"items_purged":[],"score":90,"play_id":"acd1dc1e-d4dd-43ec-a7a9-9dc0b6b37bb1","local_time":"20201211141830","is_ascension_mode":false,"campfire_choices":[{"data":"Cold Snap","floor":6,"key":"SMITH"},{"data":"Genetic Algorithm","floor":8,"key":"SMITH"},{"data":"Conserve Battery","floor":11,"key":"SMITH"},{"data":"Strike_B","floor":15,"key":"SMITH"}],"circlet_count":0,"master_deck":["Strike_B","Strike_B","Strike_B","Strike_B+1","Defend_B","Defend_B","Defend_B","Zap","Dualcast","Conserve Battery+1","Cold Snap+1","Clumsy","Zap","Self Repair","Genetic Algorithm+1","Redo"],"relics":["Cracked Core","NeowsBlessing","Gremlin Food","Ring of Peace"],"acts_visited":["Exordium"],"potions_floor_usage":[16,16],"damage_taken":[{"damage":0,"enemies":"Small Slimes","floor":1,"turns":1},{"damage":0,"enemies":"Jaw Worm","floor":3,"turns":1},{"damage":0,"enemies":"Cultist","floor":5,"turns":1},{"damage":5,"enemies":"Blue Slaver","floor":7,"turns":3},{"damage":6,"enemies":"2 Fungi Beasts","floor":12,"turns":4},{"damage":85,"enemies":"Hexaghost","floor":16,"turns":14}],"seed_played":"7663993465842339412","potions_obtained":[{"floor":5,"key":"Venom Potion"},{"floor":7,"key":"FearPotion"}],"is_trial":false,"path_per_floor":["M","?","M","?","M","R","M","R","T","?","R","M","?","?","R","B"],"character_chosen":"DEFECT","items_purchased":[],"campfire_rested":0,"item_purchase_floors":[],"current_hp_per_floor":[75,80,80,80,80,80,80,80,80,80,80,80,80,80,80,0,0],"gold":204,"neow_bonus":"THREE_ENEMY_KILL","is_daily":false,"chose_seed":false,"campfire_upgraded":4,"win_rate":0.0,"timestamp":1607696310,"path_taken":["M","?","M","?","?","R","M","R","T","?","R","M","?","?","R","BOSS"],"items_purchased_type":[],"build_version":"2020-11-30","purchased_purges":0,"victory":false,"max_hp_per_floor":[75,80,80,80,80,80,80,80,80,80,80,80,80,80,80,80,80],"card_choices":[{"not_picked":["Auto Shields","ReplaySort"],"picked":"Conserve Battery","floor":1},{"not_picked":["Rebound","Ball Lightning"],"picked":"Cold Snap","floor":3},{"not_picked":["Hologram","Double Energy"],"picked":"Self Repair","floor":5},{"not_picked":["Gash","Crystallizer"],"picked":"Genetic Algorithm","floor":7},{"not_picked":["Go for the Eyes","Barrage"],"picked":"Redo","floor":12}],"player_experience":57050,"relics_obtained":[{"floor":9,"key":"Gremlin Food"},{"floor":13,"key":"Ring of Peace"}],"event_choices":[{"damage_healed":0,"gold_gain":0,"player_choice":"Donut","damage_taken":0,"max_hp_gain":5,"max_hp_loss":0,"event_name":"Big Fish","floor":2,"gold_loss":0},{"damage_healed":0,"gold_gain":0,"player_choice":"2 cards matched","damage_taken":0,"max_hp_gain":0,"max_hp_loss":0,"event_name":"Match and Keep!","floor":4,"gold_loss":0,"cards_obtained":["Clumsy","Zap"]},{"damage_healed":0,"gold_gain":0,"player_choice":"Disagree","damage_taken":0,"max_hp_gain":0,"max_hp_loss":0,"event_name":"conspire:LoneGhost","floor":10,"gold_loss":0},{"cards_removed":["Defend_B"],"damage_healed":0,"gold_gain":0,"player_choice":"Offered Basic","damage_taken":0,"max_hp_gain":0,"max_hp_loss":0,"event_name":"Bonfire Elementals","floor":14,"gold_loss":0}],"is_beta":false,"boss_relics":[],"items_purged_floors":[],"is_endless":false,"potions_floor_spawned":[5,7],"killed_by":"Hexaghost","ascension_level":0}}