{"host":"kyy1kus4tsuq869y","time":1607659173,"event":{"mods":["BaseMod","Downfall","GifTheSpireLib","HololiveMod","Hubris","Jorbs\u0027s Wanderer Trilogy","Marisa£®ÏF”Í°°ƒß¿Ì…≥£©","Minty Spire (QoL Compilation)","Quick Restart","READ ME - Guardian Mod","READ ME - Snecko Mod","Reimu£®≤©¿ˆ¡È√Œ£©","Remilia£®¿Ÿ√◊¿Ú—«£©","Replay The Spire","StSLib","Td1madao Mod","The Administrix","The Animator","The Bug Knight","The Construct","The Cursed","The Hierophant","The Runesmith","The Senshi","The Servant 0.9.4","Youmu£®ªÍ∆«—˝√Œ£©"],"gold_per_floor":[111,131,144,69,79,113,113,113,113,113,113,140,140,155,155,234,234,252,252,271,271,51,82,99,99,99,113,132,151,182,232,232,232,232],"floor_reached":33,"playtime":797,"items_purged":[],"score":549,"play_id":"9e59f5f6-bcd5-4265-b8c8-56e342208177","local_time":"20201211115933","is_ascension_mode":true,"campfire_choices":[{"data":"Fire Breathing","floor":7,"key":"SMITH"},{"data":"Reaper","floor":10,"key":"SMITH"},{"data":"Reckless Charge","floor":13,"key":"SMITH"},{"floor":15,"key":"RECALL"},{"floor":25,"key":"REST"},{"data":"Replay:SS_hec_4","floor":32,"key":"SMITH"}],"circlet_count":0,"master_deck":["AscendersBane","Strike_R","Strike_R","Strike_R","Strike_R","Strike_R","Defend_R","Defend_R","Defend_R","Defend_R","Fire Breathing+1","Intimidate","Reckless Charge+1","Reaper+1","Immolate","Decay","Shrug It Off+1","Replay:SS_hec_4+1","Wild Strike","Metallicize","Disarm"],"relics":["Burning Blood","NeowsBlessing","Bag of Preparation","hubris:Icosahedron","FossilizedHelix","Vajra","Mark of Pain","Membership Card","ScarletDevilRocket","Toy Ornithopter"],"acts_visited":["Exordium","TheCity"],"potions_floor_usage":[5,12,16,33],"damage_taken":[{"damage":0,"enemies":"Cultist","floor":1,"turns":1},{"damage":0,"enemies":"Small Slimes","floor":2,"turns":1},{"damage":0,"enemies":"Jaw Worm","floor":3,"turns":1},{"damage":5,"enemies":"Lots of Slimes","floor":5,"turns":3},{"damage":25,"enemies":"3 Sentries","floor":6,"turns":6},{"damage":1,"enemies":"Gremlin Nob","floor":12,"turns":4},{"damage":4,"enemies":"3 Louse","floor":14,"turns":3},{"damage":61,"enemies":"Hexaghost","floor":16,"turns":11},{"damage":30,"enemies":"Shell Parasite","floor":18,"turns":4},{"damage":0,"enemies":"Chosen","floor":20,"turns":3},{"damage":41,"enemies":"Slavers","floor":23,"turns":3},{"damage":18,"enemies":"Snecko","floor":24,"turns":6},{"damage":13,"enemies":"Centurion and Healer","floor":27,"turns":4},{"damage":6,"enemies":"3 Cultists","floor":28,"turns":3},{"damage":21,"enemies":"Snake Plant","floor":29,"turns":3},{"damage":12,"enemies":"HollowMod:Nosk","floor":30,"turns":7},{"damage":72,"enemies":"Champ","floor":33,"turns":11}],"seed_played":"-8185420207417846421","potions_obtained":[{"floor":2,"key":"Flashbang"},{"floor":3,"key":"SkillPotion"},{"floor":6,"key":"Block Potion"},{"floor":14,"key":"Milkshake"},{"floor":16,"key":"SteroidPotion"}],"is_trial":false,"path_per_floor":["M","M","M","$","M","E","R","?","T","R","?","E","R","M","R","B",null,"M","?","M","?","$","E","M","R","T","M","M","M","E","?","R","B"],"character_chosen":"IRONCLAD","items_purchased":["Reckless Charge","Membership Card","Replay:SS_hec_4"],"campfire_rested":1,"item_purchase_floors":[4,22,22],"current_hp_per_floor":[74,75,75,75,75,56,56,56,56,56,52,64,64,72,72,26,63,46,46,61,61,61,44,38,60,60,65,65,56,51,51,51,0,0],"gold":232,"neow_bonus":"THREE_ENEMY_KILL","is_daily":false,"chose_seed":false,"campfire_upgraded":4,"win_rate":0.0,"timestamp":1607659173,"path_taken":["M","?","M","$","M","E","R","?","T","R","?","E","R","?","R","BOSS","M","?","M","?","$","E","M","R","T","?","M","M","E","?","R","BOSS"],"items_purchased_type":["Card","Relic","Card"],"build_version":"2020-11-30","purchased_purges":0,"victory":false,"max_hp_per_floor":[75,75,75,75,75,75,75,75,75,75,75,75,75,75,75,75,75,75,75,75,75,75,75,75,75,75,75,75,75,75,75,75,75,75],"card_choices":[{"not_picked":["Twin Strike","Perfected Strike","ReplayTheSpireMod:Limb From Limb"],"picked":"SKIP","floor":1},{"not_picked":["ReplayTheSpireMod:Strike From Hell","Armaments"],"picked":"Fire Breathing","floor":2},{"not_picked":["Pommel Strike","Headbutt"],"picked":"Intimidate","floor":3},{"not_picked":["ReplayTheSpireMod:Corrosion Curse","Flex","Replay:Undeath\u0027s Touch"],"picked":"SKIP","floor":5},{"not_picked":["Armaments","Sentinel"],"picked":"Reaper","floor":6},{"not_picked":["Sentinel","Run Through","Clothesline"],"picked":"SKIP","floor":12},{"not_picked":["Heavy Blade","ReplayTheSpireMod:Muscle Training","Twin Strike"],"picked":"SKIP","floor":14},{"not_picked":["Feed","Double Tap"],"picked":"Immolate","floor":16},{"not_picked":["Perfected Strike","Replay:Undeath\u0027s Touch","Twin Strike"],"picked":"SKIP","floor":18},{"not_picked":["Run Through","Body Slam"],"picked":"Shrug It Off+1","floor":20},{"not_picked":["Havoc","Dropkick"],"picked":"Wild Strike","floor":23},{"not_picked":["Eclipse","Warcry","ReplayTheSpireMod:Muscle Training"],"picked":"SKIP","floor":24},{"not_picked":["Body Slam","Battle Trance"],"picked":"Metallicize","floor":27},{"not_picked":["Battle Trance","Twin Strike"],"picked":"Disarm","floor":28},{"not_picked":["True Grit","Flex","Burning Pact"],"picked":"SKIP","floor":29},{"not_picked":["hubris:CleavingFinish+1","Twin Strike","Thunderclap+1"],"picked":"SKIP","floor":30}],"player_experience":440099,"relics_obtained":[{"floor":6,"key":"Bag of Preparation"},{"floor":9,"key":"FossilizedHelix"},{"floor":12,"key":"Vajra"},{"floor":23,"key":"ScarletDevilRocket"},{"floor":30,"key":"Toy Ornithopter"}],"event_choices":[{"damage_healed":0,"gold_gain":0,"player_choice":"Bought 0 Potions","damage_taken":0,"max_hp_gain":0,"max_hp_loss":0,"event_name":"The Woman in Blue","floor":11,"gold_loss":0},{"damage_healed":0,"gold_gain":0,"player_choice":"Smashed Altar","damage_taken":0,"max_hp_gain":0,"max_hp_loss":0,"event_name":"Forgotten Altar","floor":19,"gold_loss":0,"cards_obtained":["Decay"]},{"cards_removed":["Bash"],"damage_healed":0,"gold_gain":0,"player_choice":"Offered Basic","damage_taken":0,"max_hp_gain":0,"max_hp_loss":0,"event_name":"Bonfire Elementals","floor":21,"gold_loss":0},{"damage_healed":0,"gold_gain":50,"player_choice":"Stole From Cult","damage_taken":0,"max_hp_gain":0,"max_hp_loss":0,"event_name":"Nest","floor":31,"gold_loss":0}],"is_beta":false,"boss_relics":[{"not_picked":["Coffee Dripper","SacredBark"],"picked":"Mark of Pain"}],"items_purged_floors":[],"is_endless":false,"potions_floor_spawned":[2,3,6,14,16,24,28,30],"killed_by":"Champ","ascension_level":17}}