{"host":"3ek78t4i81ecmdy1","time":1607653970,"event":{"mods":["2.2 Compatiblity","AchievementEnabler","BaseMod","Colored Map","DeckTracker","Filter the Spire","Keyboard Shortcuts","Minty Spire (QoL Compilation)","Permanent Neow","Quick Restart","SuperFastMode","everything is the same but u backflip on backflip"],"gold_per_floor":[118,118,134,134,157,190,190,223,270,270,290,325,404,425,425,548,548,548,548],"floor_reached":18,"playtime":681,"items_purged":[],"score":189,"play_id":"3949bac6-f0c2-4ea2-a3ae-689afdab72d3","local_time":"20201211113250","is_ascension_mode":true,"campfire_choices":[{"data":"Tactician","floor":7,"key":"SMITH"},{"data":"Neutralize","floor":10,"key":"SMITH"},{"floor":15,"key":"REST"}],"circlet_count":0,"master_deck":["Survivor","Neutralize+1","Corpse Explosion","Backflip","Accuracy","All Out Attack","Underhanded Strike","Dash","Quick Slash","Acrobatics","Poisoned Stab","Tactician+1","Footwork","Leg Sweep","Calculated Gamble","Blade Dance","Concentrate","Cloak And Dagger","Dagger Throw","Slice","Unload"],"relics":["Pandora\u0027s Box","Golden Idol","Question Card","Art of War","Ancient Tea Set","Nunchaku","Ectoplasm"],"acts_visited":["Exordium","TheCity"],"potions_floor_usage":[8,12,16,16],"damage_taken":[{"damage":5,"enemies":"2 Louse","floor":1,"turns":2},{"damage":0,"enemies":"Small Slimes","floor":3,"turns":2},{"damage":0,"enemies":"Cultist","floor":5,"turns":3},{"damage":8,"enemies":"Gremlin Nob","floor":6,"turns":6},{"damage":4,"enemies":"3 Sentries","floor":8,"turns":3},{"damage":5,"enemies":"Exordium Wildlife","floor":11,"turns":3},{"damage":14,"enemies":"Gremlin Nob","floor":12,"turns":4},{"damage":7,"enemies":"Looter","floor":14,"turns":3},{"damage":19,"enemies":"The Guardian","floor":16,"turns":8},{"damage":25,"enemies":"3 Byrds","floor":18,"turns":5}],"seed_played":"2445533044763707737","potions_obtained":[{"floor":1,"key":"CultistPotion"},{"floor":3,"key":"Block Potion"},{"floor":11,"key":"Energy Potion"},{"floor":14,"key":"LiquidBronze"},{"floor":16,"key":"AttackPotion"}],"is_trial":false,"path_per_floor":["M","?","M","?","M","E","R","E","T","R","M","E","?","M","R","B",null,"M"],"character_chosen":"THE_SILENT","items_purchased":[],"campfire_rested":1,"item_purchase_floors":[],"current_hp_per_floor":[65,48,48,48,48,40,40,36,36,36,31,17,17,10,31,12,70,45,45],"gold":548,"neow_bonus":"BOSS_RELIC","is_daily":false,"chose_seed":false,"campfire_upgraded":2,"win_rate":0.0,"timestamp":1607653970,"path_taken":["M","?","M","?","?","E","R","E","T","R","M","E","?","M","R","BOSS","M"],"items_purchased_type":[],"build_version":"2020-11-30","purchased_purges":0,"victory":false,"max_hp_per_floor":[70,70,70,70,70,70,70,70,70,70,70,70,70,70,70,70,70,70,70],"card_choices":[{"not_picked":["Backstab","Blade Dance"],"picked":"Tactician","floor":1},{"not_picked":["Underhanded Strike","Backflip"],"picked":"Footwork","floor":3},{"not_picked":["Prepared","Choke"],"picked":"Calculated Gamble","floor":5},{"not_picked":["Caltrops","Bane"],"picked":"Blade Dance","floor":6},{"not_picked":["Night Terror","Dodge and Roll","Prepared"],"picked":"Concentrate","floor":8},{"not_picked":["Slice","Outmaneuver","Blur"],"picked":"Cloak And Dagger","floor":11},{"not_picked":["Finisher","Setup","Expertise"],"picked":"Dagger Throw","floor":12},{"not_picked":["Eviscerate","Cloak And Dagger","Finisher"],"picked":"Slice","floor":14},{"not_picked":["Malaise","Bullet Time","Doppelganger"],"picked":"Unload","floor":16}],"player_experience":133767,"relics_obtained":[{"floor":6,"key":"Question Card"},{"floor":8,"key":"Art of War"},{"floor":9,"key":"Ancient Tea Set"},{"floor":12,"key":"Nunchaku"}],"event_choices":[{"damage_healed":0,"gold_gain":0,"player_choice":"Take Damage","damage_taken":17,"relics_obtained":["Golden Idol"],"max_hp_gain":0,"max_hp_loss":0,"event_name":"Golden Idol","floor":2,"gold_loss":0},{"damage_healed":0,"gold_gain":0,"cards_transformed":["Acrobatics"],"player_choice":"Transformed","damage_taken":0,"max_hp_gain":0,"max_hp_loss":0,"event_name":"Transmorgrifier","floor":4,"gold_loss":0,"cards_obtained":["Leg Sweep"]},{"damage_healed":0,"gold_gain":79,"player_choice":"Gained Gold","damage_taken":0,"max_hp_gain":0,"max_hp_loss":0,"event_name":"Golden Wing","floor":13,"gold_loss":0}],"is_beta":false,"boss_relics":[{"not_picked":["Black Star","Snecko Eye"],"picked":"Ectoplasm"}],"items_purged_floors":[],"is_endless":false,"potions_floor_spawned":[1,3,11,14,16],"killed_by":"3 Byrds","ascension_level":1}}