{"host":"dz1qwalix8eproj8","time":1607706730,"event":{"mods":["AchievementEnabler","BaseMod","Block Reminder","Minty Spire (QoL Compilation)","Relic Stats","StSLib","SuperFastMode"],"gold_per_floor":[110,110,126,91,102,102,116,143,143,143,171,205,99,128,128,224,224,241,253,14,28,28,61,80,106,152,169,196,126,159,159,159,255,255,271,115,128,143,161,161,180,213,213,213,225,53,53,78,78,78],"floor_reached":51,"playtime":3497,"items_purged":[],"score":1113,"play_id":"d97f15da-e680-4964-b563-48d0082cc79b","local_time":"20201211181210","is_ascension_mode":true,"campfire_choices":[{"data":"Conclude","floor":6.0,"key":"SMITH"},{"data":"Eruption","floor":10.0,"key":"SMITH"},{"data":"ForeignInfluence","floor":15.0,"key":"SMITH"},{"data":"Ragnarok","floor":32.0,"key":"SMITH"},{"data":"Omniscience","floor":44.0,"key":"SMITH"},{"data":"Swivel","floor":49.0,"key":"SMITH"}],"circlet_count":0,"master_deck":["Eruption+1","Vigilance","Conclude+1","SandsOfTime","Swivel+1","EmptyFist","Halt","Crescendo","FollowUp+1","Wallop","CrushJoints+1","ForeignInfluence+1","ConjureBlade","ReachHeaven","Tantrum","Ragnarok+1","MentalFortress","WindmillStrike","SandsOfTime","EmptyBody","Consecrate","FollowUp","Dramatic Entrance","SashWhip","FlurryOfBlows+1","Vengeance","ThirdEye","Omniscience+1","EmptyFist+1","TalkToTheHand","Indignation","Halt"],"relics":["HolyWater","Meat on the Bone","WingedGreaves","Peace Pipe","Juzu Bracelet","Bottled Lightning","Whetstone","Pandora\u0027s Box","Bag of Marbles","Pantograph","Akabeko","Omamori","PreservedInsect","Nloth\u0027s Gift","Vajra","Ancient Tea Set","Pen Nib","Lantern"],"acts_visited":["Exordium","TheCity","TheBeyond"],"potions_floor_usage":[50],"damage_taken":[{"damage":0.0,"enemies":"Small Slimes","floor":1.0,"turns":2.0},{"damage":0.0,"enemies":"Cultist","floor":3.0,"turns":3.0},{"damage":3.0,"enemies":"2 Louse","floor":5.0,"turns":3.0},{"damage":2.0,"enemies":"Looter","floor":7.0,"turns":3.0},{"damage":7.0,"enemies":"Lagavulin","floor":8.0,"turns":6.0},{"damage":2.0,"enemies":"3 Sentries","floor":11.0,"turns":3.0},{"damage":4.0,"enemies":"Lagavulin","floor":12.0,"turns":5.0},{"damage":10.0,"enemies":"3 Sentries","floor":14.0,"turns":4.0},{"damage":31.0,"enemies":"Hexaghost","floor":16.0,"turns":6.0},{"damage":1.0,"enemies":"3 Byrds","floor":18.0,"turns":4.0},{"damage":10.0,"enemies":"2 Thieves","floor":19.0,"turns":2.0},{"damage":2.0,"enemies":"Centurion and Healer","floor":21.0,"turns":4.0},{"damage":6.0,"enemies":"Slavers","floor":23.0,"turns":2.0},{"damage":0.0,"enemies":"Snake Plant","floor":24.0,"turns":2.0},{"damage":2.0,"enemies":"Book of Stabbing","floor":25.0,"turns":4.0},{"damage":0.0,"enemies":"Cultist and Chosen","floor":27.0,"turns":1.0},{"damage":0.0,"enemies":"Slavers","floor":28.0,"turns":2.0},{"damage":13.0,"enemies":"Book of Stabbing","floor":30.0,"turns":3.0},{"damage":44.0,"enemies":"Automaton","floor":33.0,"turns":5.0},{"damage":0.0,"enemies":"Orb Walker","floor":35.0,"turns":1.0},{"damage":0.0,"enemies":"3 Darklings","floor":37.0,"turns":1.0},{"damage":15.0,"enemies":"Jaw Worm Horde","floor":38.0,"turns":3.0},{"damage":2.0,"enemies":"Transient","floor":39.0,"turns":5.0},{"damage":0.0,"enemies":"Giant Head","floor":40.0,"turns":5.0},{"damage":10.0,"enemies":"Spire Growth","floor":41.0,"turns":3.0},{"damage":0.0,"enemies":"Reptomancer","floor":42.0,"turns":2.0},{"damage":0.0,"enemies":"Jaw Worm Horde","floor":45.0,"turns":1.0},{"damage":0.0,"enemies":"Nemesis","floor":48.0,"turns":1.0},{"damage":49,"enemies":"Donu and Deca","floor":50,"turns":6}],"seed_played":"5578766549271241558","potions_obtained":[{"floor":3.0,"key":"ColorlessPotion"},{"floor":7.0,"key":"PowerPotion"},{"floor":12.0,"key":"Explosive Potion"},{"floor":14.0,"key":"AttackPotion"},{"floor":23.0,"key":"AttackPotion"},{"floor":24.0,"key":"GamblersBrew"},{"floor":28.0,"key":"Fire Potion"},{"floor":30.0,"key":"Fruit Juice"},{"floor":38.0,"key":"SmokeBomb"},{"floor":39.0,"key":"Explosive Potion"},{"floor":45.0,"key":"SpeedPotion"},{"floor":48.0,"key":"EssenceOfSteel"}],"is_trial":false,"path_per_floor":["M","?","M","$","M","R","M","E","T","R","E","E","$","E","R","B",null,"M","M","$","M","?","E","M","E","T","M","E","$","E","?","R","B",null,"M","$","M","M","M","E","M","E","T","R","M","$","?","E","R","B",null],"character_chosen":"WATCHER","items_purchased":["SandsOfTime","Wallop","CrushJoints","Bag of Marbles","Dramatic Entrance","Vengeance","Vajra","Lantern","Halt"],"campfire_rested":0,"item_purchase_floors":[4,13,13,20,20,29,36,46,46],"current_hp_per_floor":[79,79,79,79,76,76,74,67,67,67,65,61,61,51,51,32,67,66,56,56,54,54,48,48,46,46,46,46,46,45,45,45,38,69,69,69,69,54,57,57,47,47,47,47,47,47,39,51,51,39],"gold":78,"neow_bonus":"TEN_PERCENT_HP_BONUS","is_daily":false,"chose_seed":false,"campfire_upgraded":6,"win_rate":0.0,"timestamp":1607706730,"path_taken":["M","?","M","?","M","R","M","E","T","R","E","E","$","E","R","BOSS","M","M","?","M","?","E","M","E","T","M","E","$","E","?","R","BOSS","M","$","M","M","M","E","M","E","T","R","M","?","?","E","R","BOSS"],"items_purchased_type":["Card","Card","Card","Relic","Card","Card","Relic","Relic","Card"],"build_version":"2020-11-30","purchased_purges":0,"victory":true,"max_hp_per_floor":[79,79,79,79,79,79,79,79,79,79,79,79,79,79,79,79,79,79,79,79,79,79,79,79,79,79,79,79,79,79,79,79,79,79,79,79,79,79,84,84,84,84,84,84,84,84,84,84,84,84],"relic_stats":{"Peace Pipe":0,"counters":[29,92],"Pantograph":50,"Pandora\u0027s Box":["ReachHeaven","Tantrum","Ragnarok","MentalFortress","WindmillStrike","SandsOfTime","SandsOfTime","EmptyBody"],"PreservedInsect":229,"Pen Nib":[1],"Juzu Bracelet":0,"Nloth\u0027s Gift":0,"Whetstone":["CrushJoints","FollowUp"],"obtain_stats":[{"Lantern":46,"Vajra":36,"PreservedInsect":30,"Pen Nib":43,"Juzu Bracelet":11,"Omamori":28,"Whetstone":14,"Ancient Tea Set":42,"Akabeko":26,"Peace Pipe":9,"Anchor":23,"Pantograph":25,"HolyWater":34,"Pandora\u0027s Box":17,"WingedGreaves":8,"Bag of Marbles":20,"Nloth\u0027s Gift":31,"Bottled Lightning":12,"PureWater":0,"Meat on the Bone":2},{"Lantern":27,"Vajra":20,"PreservedInsect":18,"Pen Nib":26,"Juzu Bracelet":6,"Omamori":17,"Whetstone":8,"Ancient Tea Set":26,"Akabeko":15,"Peace Pipe":5,"Anchor":13,"Pantograph":15,"HolyWater":19,"Pandora\u0027s Box":9,"WingedGreaves":5,"Bag of Marbles":11,"Nloth\u0027s Gift":18,"Bottled Lightning":7,"PureWater":0,"Meat on the Bone":1},{"Lantern":85,"Vajra":65,"PreservedInsect":59,"Pen Nib":84,"Juzu Bracelet":20,"Omamori":56,"Whetstone":29,"Ancient Tea Set":84,"Akabeko":53,"Peace Pipe":17,"Anchor":47,"Pantograph":53,"HolyWater":64,"Pandora\u0027s Box":35,"WingedGreaves":17,"Bag of Marbles":41,"Nloth\u0027s Gift":59,"Bottled Lightning":25,"PureWater":0,"Meat on the Bone":2}],"Meat on the Bone":60},"card_choices":[{"not_picked":["BowlingBash","Halt"],"picked":"FlurryOfBlows","floor":1.0},{"not_picked":["Consecrate","SandsOfTime"],"picked":"Conclude","floor":3.0},{"not_picked":["BowlingBash","JustLucky"],"picked":"Swivel","floor":5.0},{"not_picked":["Pray","CrushJoints"],"picked":"EmptyFist","floor":7.0},{"not_picked":["Weave","Worship"],"picked":"Halt","floor":8.0},{"not_picked":["Prostrate","CrushJoints"],"picked":"Crescendo","floor":11.0},{"not_picked":["Study","JustLucky"],"picked":"FollowUp","floor":12.0},{"not_picked":["ThirdEye","ReachHeaven"],"picked":"ForeignInfluence","floor":14.0},{"not_picked":["Establishment","Wish"],"picked":"ConjureBlade","floor":16.0},{"not_picked":["CarveReality","ThirdEye"],"picked":"Consecrate","floor":18.0},{"not_picked":["Wallop","PathToVictory"],"picked":"FollowUp","floor":19.0},{"not_picked":["Sanctity","Evaluate"],"picked":"SashWhip","floor":21.0},{"not_picked":["FlyingSleeves","Conclude+1","Crescendo"],"picked":"SKIP","floor":23.0},{"not_picked":["FollowUp+1","Evaluate","Consecrate"],"picked":"SKIP","floor":24.0},{"not_picked":["LessonLearned","InnerPeace","ReachHeaven+1"],"picked":"SKIP","floor":25.0},{"not_picked":["Swivel+1","Tantrum+1"],"picked":"FlurryOfBlows+1","floor":27.0},{"not_picked":["SashWhip","ThirdEye","Crescendo"],"picked":"SKIP","floor":28.0},{"not_picked":["FlyingSleeves","Scrawl"],"picked":"ThirdEye","floor":30.0},{"not_picked":["Judgement","ConjureBlade"],"picked":"Omniscience","floor":33.0},{"not_picked":["CrushJoints+1","Sanctity+1"],"picked":"EmptyFist+1","floor":35.0},{"not_picked":["SashWhip+1","PathToVictory+1","EmptyFist"],"picked":"SKIP","floor":37.0},{"not_picked":["FollowUp","Evaluate","Prostrate+1"],"picked":"SKIP","floor":38.0},{"not_picked":["DeusExMachina","EmptyFist"],"picked":"TalkToTheHand","floor":39.0},{"not_picked":["Crescendo","Halt","BowlingBash"],"picked":"SKIP","floor":41.0},{"not_picked":["LessonLearned","Tantrum","Adaptation+1"],"picked":"SKIP","floor":42.0},{"not_picked":["Collect+1","EmptyBody"],"picked":"Indignation","floor":45.0},{"not_picked":["Crescendo","Nirvana+1","SashWhip"],"picked":"SKIP","floor":48.0}],"player_experience":566572,"relics_obtained":[{"floor":8.0,"key":"WingedGreaves"},{"floor":9.0,"key":"Peace Pipe"},{"floor":11.0,"key":"Juzu Bracelet"},{"floor":12.0,"key":"Bottled Lightning"},{"floor":14.0,"key":"Whetstone"},{"floor":23.0,"key":"Anchor"},{"floor":25.0,"key":"Pantograph"},{"floor":26.0,"key":"Akabeko"},{"floor":28.0,"key":"Omamori"},{"floor":30.0,"key":"PreservedInsect"},{"floor":42.0,"key":"Ancient Tea Set"},{"floor":43.0,"key":"Pen Nib"}],"event_choices":[{"cards_removed":["FlurryOfBlows"],"damage_healed":0.0,"max_hp_gain":0.0,"max_hp_loss":0.0,"gold_gain":0.0,"event_name":"WeMeetAgain","player_choice":"Gave Card","floor":2.0,"gold_loss":0.0,"damage_taken":0.0,"relics_obtained":["Meat on the Bone"]},{"cards_removed":["SandsOfTime"],"damage_healed":0.0,"max_hp_gain":0.0,"max_hp_loss":0.0,"gold_gain":0.0,"event_name":"Back to Basics","player_choice":"Elegance","floor":22.0,"gold_loss":0.0,"damage_taken":0.0},{"damage_healed":0.0,"max_hp_gain":0.0,"max_hp_loss":0.0,"gold_gain":0.0,"event_name":"N\u0027loth","player_choice":"Traded Relic","floor":31.0,"relics_lost":["Anchor"],"gold_loss":0.0,"damage_taken":0.0,"relics_obtained":["Nloth\u0027s Gift"]},{"damage_healed":0.0,"max_hp_gain":0.0,"max_hp_loss":0.0,"gold_gain":0.0,"event_name":"Wheel of Change","player_choice":"Damaged","floor":47.0,"gold_loss":0.0,"damage_taken":8.0}],"is_beta":false,"boss_relics":[{"not_picked":["Empty Cage","Snecko Eye"],"picked":"Pandora\u0027s Box"},{"not_picked":["Calling Bell","VioletLotus"],"picked":"HolyWater"}],"items_purged_floors":[],"is_endless":false,"potions_floor_spawned":[3,7,12,14,23,24,27,28,30,38,39,45,48],"ascension_level":5}}