{"host":"cjhtzh7tp54jdfyv","time":1607650273,"event":{"gold_per_floor":[111,129,141,26,77,108,183,213,238,15,15,35,51,86,86,159,231,241,257,257,257,268,268,35,54,54,92,92,92,92,102,102,180,207,223,223,270,270,164,205,205,214,296,313,326,250,280,294,294,294,294],"floor_reached":50,"playtime":6043,"items_purged":["Strike_R","Perfected Strike"],"score":1251,"play_id":"025aaf63-5ae7-4291-95cf-d2f7b3c6216f","local_time":"20201210203113","is_ascension_mode":true,"campfire_choices":[{"data":"Whirlwind","floor":11.0,"key":"SMITH"},{"data":"Inflame","floor":15.0,"key":"SMITH"},{"floor":23.0,"key":"REST"},{"floor":29.0,"key":"REST"},{"data":"Inflame","floor":32.0,"key":"SMITH"},{"floor":41.0,"key":"REST"},{"floor":49,"key":"RECALL"}],"neow_cost":"NONE","seed_source_timestamp":794883571067500,"circlet_count":0,"master_deck":["AscendersBane","Bash","Twin Strike","Pommel Strike","Carnage","Inflame+1","Anger","Whirlwind+1","Barricade","Sever Soul","Burning Pact","Blood for Blood","Feel No Pain","Shrug It Off","Inflame+1","Feed","Flex+1","Headbutt+1","Dual Wield+1","Disarm","Shockwave","Battle Trance","Disarm","Shrug It Off"],"special_seed":0,"relics":["Busted Crown","MealTicket","CeramicFish","Centennial Puzzle","Letter Opener","Pandora\u0027s Box","Ice Cream","HornCleat","Astrolabe","Lizard Tail","Orichalcum","Potion Belt"],"potions_floor_usage":[47,50],"damage_taken":[{"damage":14.0,"enemies":"Jaw Worm","floor":1.0,"turns":4.0},{"damage":0.0,"enemies":"Small Slimes","floor":2.0,"turns":3.0},{"damage":5.0,"enemies":"2 Louse","floor":3.0,"turns":2.0},{"damage":10.0,"enemies":"Lagavulin","floor":6.0,"turns":5.0},{"damage":15.0,"enemies":"3 Sentries","floor":8.0,"turns":9.0},{"damage":0.0,"enemies":"2 Fungi Beasts","floor":12.0,"turns":2.0},{"damage":6.0,"enemies":"Exordium Thugs","floor":13.0,"turns":2.0},{"damage":8.0,"enemies":"Lagavulin","floor":14.0,"turns":5.0},{"damage":0.0,"enemies":"Slime Boss","floor":16.0,"turns":4.0},{"damage":22.0,"enemies":"2 Thieves","floor":18.0,"turns":2.0},{"damage":12.0,"enemies":"Chosen","floor":19.0,"turns":3.0},{"damage":25.0,"enemies":"Centurion and Healer","floor":22.0,"turns":4.0},{"damage":21.0,"enemies":"Snake Plant","floor":25.0,"turns":3.0},{"damage":0.0,"enemies":"Gremlin Leader","floor":27.0,"turns":5.0},{"damage":15.0,"enemies":"Chosen and Byrds","floor":31.0,"turns":5.0},{"damage":17.0,"enemies":"Collector","floor":33.0,"turns":6.0},{"damage":4.0,"enemies":"3 Shapes","floor":35.0,"turns":3.0},{"damage":43.0,"enemies":"2 Orb Walkers","floor":37.0,"turns":3.0},{"damage":49.0,"enemies":"Nemesis","floor":40.0,"turns":5.0},{"damage":5.0,"enemies":"Orb Walker","floor":44.0,"turns":3.0},{"damage":36.0,"enemies":"Jaw Worm Horde","floor":45.0,"turns":4.0},{"damage":55,"enemies":"Reptomancer","floor":47,"turns":5},{"damage":30,"enemies":"Spire Growth","floor":48,"turns":4},{"damage":16,"enemies":"Awakened One","floor":50,"turns":1}],"seed_played":"-5176122160541400708","potions_obtained":[{"floor":2.0,"key":"Energy Potion"},{"floor":3.0,"key":"Block Potion"},{"floor":8.0,"key":"BloodPotion"},{"floor":14.0,"key":"SpeedPotion"},{"floor":22.0,"key":"SteroidPotion"},{"floor":27.0,"key":"Block Potion"},{"floor":40.0,"key":"BlessingOfTheForge"},{"floor":45.0,"key":"Regen Potion"},{"floor":47,"key":"DuplicationPotion"},{"floor":48,"key":"DuplicationPotion"}],"is_trial":false,"path_per_floor":["M","M","M","$","?","E","?","E","T","$","R","M","M","E","R","B",null,"M","M","$","?","M","R","$","M","T","E","?","R","?","M","R","B",null,"M","?","?","?","$","E","R","?","T","M","M","$","E","M","R","B"],"character_chosen":"IRONCLAD","items_purchased":["Carnage","Inflame","Anger","Whirlwind","Strength Potion","Shrug It Off","Inflame","BloodPotion","Disarm","Shockwave","Shrug It Off","SkillPotion"],"campfire_rested":3,"item_purchase_floors":[4,10,10,10,10,24,24,24,39,39,46,46],"current_hp_per_floor":[54,54,49,49,49,39,28,13,13,43,43,43,37,29,29,29,64,42,30,45,45,20,42,57,36,36,51,30,54,54,42,42,25,69,68,68,25,71,71,25,47,47,47,45,12,27,31,1,1,0,0],"gold":294,"neow_bonus":"BOSS_RELIC","is_prod":false,"is_daily":false,"chose_seed":false,"campfire_upgraded":3,"win_rate":0,"timestamp":1607650273,"path_taken":["M","M","M","$","?","E","?","E","T","$","R","M","M","E","R","BOSS","M","M","$","?","M","R","$","M","T","E","?","R","?","M","R","BOSS","M","?","?","?","$","E","R","?","T","M","M","$","E","M","R","BOSS"],"build_version":"2020-11-30","purchased_purges":2,"victory":false,"max_hp_per_floor":[75,75,75,75,75,75,75,75,75,75,75,75,75,75,75,75,75,75,75,75,75,75,75,75,75,75,75,80,80,80,83,83,83,83,86,86,86,71,71,74,74,74,74,77,80,80,80,80,80,80,80],"card_choices":[{"not_picked":["Thunderclap"],"picked":"SKIP","floor":1.0},{"not_picked":[],"picked":"Twin Strike","floor":2.0},{"not_picked":[],"picked":"Pommel Strike","floor":3.0},{"not_picked":["Rupture"],"picked":"SKIP","floor":6.0},{"not_picked":["Dropkick"],"picked":"SKIP","floor":8.0},{"not_picked":["Fire Breathing"],"picked":"SKIP","floor":12.0},{"not_picked":["Searing Blow"],"picked":"SKIP","floor":13.0},{"not_picked":[],"picked":"Barricade","floor":14.0},{"not_picked":["Bloodletting"],"picked":"SKIP","floor":18.0},{"not_picked":["Bloodletting"],"picked":"SKIP","floor":18.0},{"not_picked":["Flex"],"picked":"SKIP","floor":19.0},{"not_picked":["Hemokinesis+1"],"picked":"SKIP","floor":22.0},{"not_picked":["Spot Weakness"],"picked":"SKIP","floor":25.0},{"not_picked":[],"picked":"Feed","floor":27.0},{"not_picked":["Second Wind"],"picked":"SKIP","floor":31.0},{"not_picked":["Second Wind"],"picked":"SKIP","floor":31.0},{"not_picked":["Wild Strike"],"picked":"SKIP","floor":35.0},{"not_picked":[],"picked":"Battle Trance","floor":40.0},{"not_picked":["Thunderclap+1"],"picked":"SKIP","floor":44.0},{"not_picked":["Clash"],"picked":"SKIP","floor":45.0},{"not_picked":["Fire Breathing"],"picked":"SKIP","floor":47},{"not_picked":["Clash"],"picked":"SKIP","floor":48}],"player_experience":4107100,"relics_obtained":[{"floor":6.0,"key":"MealTicket"},{"floor":8.0,"key":"CeramicFish"},{"floor":9.0,"key":"Centennial Puzzle"},{"floor":14.0,"key":"Letter Opener"},{"floor":26.0,"key":"Ice Cream"},{"floor":27.0,"key":"HornCleat"},{"floor":37.0,"key":"Lizard Tail"},{"floor":40.0,"key":"Orichalcum"},{"floor":47,"key":"Potion Belt"}],"event_choices":[{"damage_healed":0.0,"max_hp_gain":0.0,"max_hp_loss":0.0,"gold_gain":51.0,"event_name":"Golden Wing","player_choice":"Gained Gold","floor":5.0,"gold_loss":0.0,"damage_taken":0.0},{"damage_healed":0.0,"max_hp_gain":0.0,"max_hp_loss":0.0,"gold_gain":75.0,"event_name":"World of Goop","player_choice":"Gather Gold","floor":7.0,"gold_loss":0.0,"damage_taken":11.0},{"damage_healed":0.0,"max_hp_gain":0.0,"max_hp_loss":0.0,"gold_gain":0.0,"event_name":"Vampires","player_choice":"Ignored","floor":21.0,"gold_loss":0.0,"damage_taken":0.0},{"damage_healed":0.0,"max_hp_gain":5.0,"max_hp_loss":0.0,"gold_gain":0.0,"event_name":"Forgotten Altar","player_choice":"Shed Blood","floor":28.0,"gold_loss":0.0,"damage_taken":26.0},{"damage_healed":0.0,"max_hp_gain":0.0,"max_hp_loss":0.0,"gold_gain":0.0,"event_name":"Beggar","player_choice":"Ignored","floor":30.0,"gold_loss":0.0,"damage_taken":0.0},{"damage_healed":0.0,"max_hp_gain":0.0,"max_hp_loss":0.0,"gold_gain":0.0,"event_name":"Tomb of Lord Red Mask","player_choice":"Ignored","floor":36.0,"gold_loss":0.0,"damage_taken":0.0},{"damage_healed":0.0,"max_hp_gain":0.0,"max_hp_loss":0.0,"gold_gain":0.0,"event_name":"Mysterious Sphere","player_choice":"Fight","floor":37.0,"gold_loss":0.0,"damage_taken":0.0},{"damage_healed":71.0,"max_hp_gain":0.0,"max_hp_loss":15.0,"gold_gain":0.0,"event_name":"The Moai Head","player_choice":"Heal","floor":38.0,"gold_loss":0.0,"damage_taken":0.0},{"damage_healed":0.0,"max_hp_gain":0.0,"max_hp_loss":0.0,"gold_gain":0.0,"event_name":"Duplicator","player_choice":"Copied","floor":42.0,"gold_loss":0.0,"damage_taken":0.0,"cards_obtained":["Disarm"]}],"is_beta":false,"boss_relics":[{"not_picked":["Runic Pyramid","Runic Cube"],"picked":"Pandora\u0027s Box"},{"not_picked":["Fusion Hammer","SacredBark"],"picked":"Astrolabe"}],"items_purged_floors":[4,24],"is_endless":false,"potions_floor_spawned":[2,3,8,14,22,27,40,45,47,48],"killed_by":"Awakened One","ascension_level":20}}