{"host":"un97lkyah1pp4w16","time":1607659562,"event":{"mods":["BaseMod","Colored Map","Colored Powertips","Minty Spire (QoL Compilation)","StSLib","SuperFastMode"],"gold_per_floor":[116,116,134,209,225,225,236,236,288,304,304,304,323,339,339,435,435,446,456,456,466,66,66,66],"floor_reached":23,"playtime":789,"items_purged":["Strike_B"],"score":185,"play_id":"fc04e145-dd15-4eac-aec9-93d438ce54b5","local_time":"20201211120602","is_ascension_mode":false,"campfire_choices":[{"data":"Fission","floor":6,"key":"SMITH"},{"floor":8,"key":"REST"},{"data":"Darkness","floor":12,"key":"SMITH"},{"floor":15,"key":"REST"}],"circlet_count":0,"master_deck":["Strike_B","Strike_B","Strike_B","Defend_B","Defend_B","Defend_B","Defend_B","Zap","Dualcast","Streamline","Fission+1","Chaos","Go for the Eyes","Gash","Cold Snap","Darkness+1","Darkness","Darkness","Fission","Coolheaded","Redo","Double Energy","Doom and Gloom"],"relics":["Runic Dome","Happy Flower","Snecko Eye","Mercury Hourglass"],"acts_visited":["Exordium","TheCity"],"potions_floor_usage":[16,23],"damage_taken":[{"damage":0,"enemies":"Small Slimes","floor":1,"turns":4},{"damage":0,"enemies":"Cultist","floor":3,"turns":3},{"damage":7,"enemies":"2 Louse","floor":5,"turns":3},{"damage":18,"enemies":"Exordium Thugs","floor":7,"turns":5},{"damage":9,"enemies":"3 Louse","floor":10,"turns":3},{"damage":2,"enemies":"Large Slime","floor":13,"turns":3},{"damage":7,"enemies":"Blue Slaver","floor":14,"turns":2},{"damage":35,"enemies":"Hexaghost","floor":16,"turns":7},{"damage":26,"enemies":"Chosen","floor":18,"turns":7},{"damage":32,"enemies":"3 Byrds","floor":19,"turns":6},{"damage":29,"enemies":"Sentry and Sphere","floor":21,"turns":6},{"damage":19,"enemies":"Snake Plant","floor":23,"turns":2}],"seed_played":"-6885561128052458163","potions_obtained":[{"floor":3,"key":"Explosive Potion"},{"floor":10,"key":"GamblersBrew"},{"floor":11,"key":"SteroidPotion"},{"floor":11,"key":"CultistPotion"},{"floor":11,"key":"Block Potion"},{"floor":18,"key":"Explosive Potion"}],"is_trial":false,"path_per_floor":["M","?","M","?","M","R","M","R","T","M","?","R","M","M","R","B",null,"M","M","?","M","$","M"],"character_chosen":"DEFECT","items_purchased":["Doom and Gloom","Mercury Hourglass"],"campfire_rested":2,"item_purchase_floors":[22,22],"current_hp_per_floor":[75,75,75,64,57,57,39,61,61,52,52,52,50,43,65,30,75,49,17,42,13,13,0,0],"gold":66,"neow_bonus":"BOSS_RELIC","is_daily":false,"chose_seed":false,"campfire_upgraded":2,"win_rate":0.0,"timestamp":1607659562,"path_taken":["M","?","?","?","M","R","M","R","T","M","?","R","?","M","R","BOSS","M","M","?","M","$","M"],"items_purchased_type":["Card","Relic"],"build_version":"2020-11-30","purchased_purges":1,"victory":false,"max_hp_per_floor":[75,75,75,75,75,75,75,75,75,75,75,75,75,75,75,75,75,75,75,75,75,75,75,75],"card_choices":[{"not_picked":["Conserve Battery","Skim"],"picked":"Streamline","floor":1},{"not_picked":["Turbo","Scrape"],"picked":"Go for the Eyes","floor":3},{"not_picked":["Tempest","Redo"],"picked":"Gash","floor":5},{"not_picked":["Go for the Eyes","Stack"],"picked":"Cold Snap","floor":7},{"not_picked":["Streamline","FTL"],"picked":"Darkness","floor":10},{"not_picked":["Coolheaded","Reprogram"],"picked":"Darkness","floor":13},{"not_picked":["Undo","Aggregate"],"picked":"Darkness","floor":14},{"not_picked":["Seek","Buffer"],"picked":"Fission","floor":16},{"not_picked":["Beam Cell","Ball Lightning"],"picked":"Coolheaded","floor":18},{"not_picked":["Leap+1","Steam"],"picked":"Redo","floor":19},{"not_picked":["Redo","White Noise"],"picked":"Double Energy","floor":21}],"player_experience":81088,"relics_obtained":[{"floor":9,"key":"Happy Flower"}],"event_choices":[{"damage_healed":0,"gold_gain":0,"player_choice":"2 cards matched","damage_taken":0,"max_hp_gain":0,"max_hp_loss":0,"event_name":"Match and Keep!","floor":2,"gold_loss":0,"cards_obtained":["Fission","Chaos"]},{"damage_healed":0,"gold_gain":75,"player_choice":"Gather Gold","damage_taken":11,"max_hp_gain":0,"max_hp_loss":0,"event_name":"World of Goop","floor":4,"gold_loss":0},{"damage_healed":0,"gold_gain":0,"player_choice":"Got Potions","damage_taken":0,"max_hp_gain":0,"max_hp_loss":0,"event_name":"Lab","floor":11,"gold_loss":0},{"damage_healed":25,"gold_gain":0,"player_choice":"Heal","damage_taken":0,"max_hp_gain":0,"max_hp_loss":0,"event_name":"The Library","floor":20,"gold_loss":0}],"is_beta":false,"boss_relics":[{"not_picked":["Sozu","Coffee Dripper"],"picked":"Snecko Eye"}],"items_purged_floors":[22],"is_endless":false,"potions_floor_spawned":[3,10,13,14,18],"killed_by":"Snake Plant","ascension_level":0}}