{"host":"xodzlm10r37577ou","time":1607680310,"event":{"mods":["Act Like it!","BaseMod","Marisa£®ÏF”Í°°ƒß¿Ì…≥£©","Minty Spire (QoL Compilation)","Remilia£®¿Ÿ√◊¿Ú—«£©","Replay The Spire","StSLib","The Servant 0.9.4","Youmu£®ªÍ∆«—˝√Œ£©"],"gold_per_floor":[109,109,127,11,26,55,130,144,144,144,144,144,144,157,157,234,234,247,247,147,147,147],"floor_reached":21,"playtime":1058,"items_purged":["Strike_MRS","Defend_MRS"],"score":354,"play_id":"eb159eaf-6e4f-4f31-8b47-861485b6c3ae","local_time":"20201211175150","is_ascension_mode":true,"campfire_choices":[{"data":"FairyDestructionRay","floor":11.0,"key":"SMITH"},{"data":"DoubleSpark","floor":13.0,"key":"SMITH"}],"circlet_count":0,"master_deck":["AscendersBane","Defend_MRS","Defend_MRS","Defend_MRS","MasterSpark","UpSweep","DoubleSpark+1","ChargingUp","MysteriousBeam+1","FairyDestructionRay+1","GasGiant","GalacticHalo","StarDustReverie","CasketOfStar","UltimateShortwave","Acceleration"],"relics":["MiniHakkero","NeowsBlessing","Torii","Replay:WaspNest","ReplayTheSpireMod:Ring of Challenge","Ring of Fury","Empty Cage"],"acts_visited":["Exordium","TheCity"],"potions_floor_usage":[],"damage_taken":[{"damage":0.0,"enemies":"2 Louse","floor":1.0,"turns":1.0},{"damage":0.0,"enemies":"Jaw Worm","floor":3.0,"turns":1.0},{"damage":0.0,"enemies":"Small Slimes","floor":5.0,"turns":1.0},{"damage":8.0,"enemies":"Gremlin Nob","floor":6.0,"turns":3.0},{"damage":9.0,"enemies":"Blue Slaver","floor":8.0,"turns":3.0},{"damage":0.0,"enemies":"Exordium Wildlife","floor":14.0,"turns":1.0},{"damage":18.0,"enemies":"Slime Boss","floor":16.0,"turns":5.0},{"damage":0.0,"enemies":"Chosen","floor":18.0,"turns":3.0},{"damage":7,"enemies":"Shell Parasite","floor":21,"turns":3}],"seed_played":"2967410356526002561","potions_obtained":[{"floor":5.0,"key":"Toxic Potion"},{"floor":6.0,"key":"DistilledChaos"},{"floor":18,"key":"ShroomBrew"}],"is_trial":false,"path_per_floor":["M","?","M","$","M","E","?","M","T","?","R","?","R","M","R","B",null,"M","?","$","M"],"character_chosen":"MARISA","items_purchased":["MysteriousBeam+1"],"campfire_rested":0,"item_purchase_floors":[4],"current_hp_per_floor":[63,63,63,63,63,55,44,35,35,35,35,40,40,40,40,22,62,62,62,62,55,55],"gold":147,"neow_bonus":"THREE_ENEMY_KILL","is_daily":false,"chose_seed":false,"campfire_upgraded":2,"win_rate":0.0,"timestamp":1607680310,"path_taken":["M","?","M","$","M","E","?","?","T","?","R","?","R","M","R","BOSS","M","?","$","?"],"items_purchased_type":["Undefined"],"build_version":"2020-11-30","purchased_purges":2,"victory":false,"max_hp_per_floor":[70,70,70,70,70,70,70,70,70,70,70,75,75,75,75,75,75,75,75,75,75,75],"card_choices":[{"not_picked":["MilkyWay","Acceleration"],"picked":"DoubleSpark","floor":1.0},{"not_picked":["UnstableBomb","6A"],"picked":"ChargingUp","floor":3.0},{"not_picked":["GrandCross","AsteroidBelt"],"picked":"FairyDestructionRay","floor":5.0},{"not_picked":["ShootingEcho","DC"],"picked":"GasGiant","floor":6.0},{"not_picked":["SporeBomb","OortCloud"],"picked":"GalacticHalo","floor":8.0},{"not_picked":["DC","AsteroidBelt"],"picked":"StarDustReverie","floor":14.0},{"not_picked":["BigCrunch","EscapeVelocity"],"picked":"UltimateShortwave","floor":16.0},{"not_picked":["MilkyWay","GravityBeat"],"picked":"Acceleration","floor":18}],"player_experience":773492,"relics_obtained":[{"floor":6.0,"key":"Torii"},{"floor":9.0,"key":"Replay:WaspNest"},{"floor":10.0,"key":"ReplayTheSpireMod:Ring of Challenge"},{"floor":10.0,"key":"Ring of Fury"}],"event_choices":[{"damage_healed":0.0,"max_hp_gain":0.0,"max_hp_loss":0.0,"gold_gain":75.0,"event_name":"World of Goop","player_choice":"Gather Gold","floor":7.0,"gold_loss":0.0,"damage_taken":11.0},{"damage_healed":0.0,"max_hp_gain":5.0,"max_hp_loss":0.0,"gold_gain":0.0,"event_name":"Big Fish","player_choice":"Donut","floor":12.0,"gold_loss":0.0,"damage_taken":0.0},{"damage_healed":0,"gold_gain":0,"player_choice":"Ignored","damage_taken":0,"max_hp_gain":0,"max_hp_loss":0,"event_name":"The Mausoleum","floor":19,"gold_loss":0}],"is_beta":false,"boss_relics":[{"not_picked":["Replay:Bronze Core","Abe\u0027s Treasure"],"picked":"Empty Cage"}],"items_purged_floors":[4,20],"is_endless":false,"potions_floor_spawned":[5,6,16,18],"killed_by":"Shell Parasite","ascension_level":20}}