{"host":"7gewg82ormp6yt4e","time":1607697804,"event":{"mods":["BaseMod","Block Reminder","Colored Map","Colored Powertips","DeckTracker","Highlight Path","Minty Spire (QoL Compilation)","Relic Stats","StSLib"],"gold_per_floor":[110,260,58,114,114,114,174,209,209,209,248,248,304,419,419,493,493,556,214,256,294,307,307,307,307],"floor_reached":24,"playtime":1399,"items_purged":["Strike_G"],"score":400,"play_id":"dbd7bad8-a159-49c2-bf5b-a1fe824e9f13","local_time":"20201211234324","is_ascension_mode":true,"campfire_choices":[{"data":"HandOfGreed","floor":6.0,"key":"SMITH"},{"data":"Calculated Gamble","floor":10.0,"key":"SMITH"},{"data":"Night Terror","floor":12.0,"key":"SMITH"},{"floor":15,"key":"REST"},{"floor":23,"key":"REST"}],"circlet_count":0,"master_deck":["AscendersBane","Strike_G","Strike_G","Strike_G","Strike_G","Defend_G","Defend_G","Defend_G","Defend_G","Defend_G","Survivor","Neutralize","Night Terror+1","Dagger Throw","HandOfGreed+1","Noxious Fumes","Calculated Gamble+1","Deadly Poison","After Image","Well Laid Plans","After Image","Leg Sweep","Predator","Noxious Fumes","Backflip","Burst","Deflect+1","Catalyst","Deflect"],"relics":["Ring of the Snake","Letter Opener","Prayer Wheel","Runic Dome"],"acts_visited":["Exordium","TheCity"],"potions_floor_usage":[14,16,19,20],"damage_taken":[{"damage":0.0,"enemies":"Cultist","floor":1.0,"turns":4.0},{"damage":4.0,"enemies":"2 Louse","floor":4.0,"turns":5.0},{"damage":1.0,"enemies":"Small Slimes","floor":7.0,"turns":4.0},{"damage":1.0,"enemies":"Looter","floor":8.0,"turns":4.0},{"damage":0.0,"enemies":"2 Fungi Beasts","floor":11.0,"turns":3.0},{"damage":32.0,"enemies":"Gremlin Nob","floor":13.0,"turns":4.0},{"damage":10,"enemies":"Gremlin Gang","floor":14,"turns":8},{"damage":18,"enemies":"Hexaghost","floor":16,"turns":12},{"damage":33,"enemies":"2 Thieves","floor":18,"turns":4},{"damage":5,"enemies":"Chosen","floor":20,"turns":6},{"damage":21,"enemies":"Shelled Parasite and Fungi","floor":21,"turns":9},{"damage":12,"enemies":"Sentry and Sphere","floor":22,"turns":9},{"damage":26,"enemies":"Book of Stabbing","floor":24,"turns":6}],"seed_played":"-2420662756097369926","potions_obtained":[{"floor":4.0,"key":"PowerPotion"},{"floor":8.0,"key":"DistilledChaos"},{"floor":13.0,"key":"LiquidMemories"},{"floor":16,"key":"SteroidPotion"},{"floor":18,"key":"AttackPotion"}],"is_trial":false,"path_per_floor":["M","?","$","M","?","R","M","M","T","R","M","R","E","M","R","B",null,"M","$","M","M","M","R","E"],"character_chosen":"THE_SILENT","items_purchased":["HandOfGreed","Regen Potion","Fruit Juice","Noxious Fumes"],"campfire_rested":2,"item_purchase_floors":[3,19,19,19],"current_hp_per_floor":[59,59,59,55,55,55,54,53,53,53,53,53,21,11,30,12,53,20,25,35,14,2,23,0,0],"gold":307,"neow_bonus":"ONE_RANDOM_RARE_CARD","is_daily":false,"chose_seed":false,"campfire_upgraded":3,"win_rate":0.0,"timestamp":1607697804,"path_taken":["M","?","$","M","?","R","M","?","T","R","M","R","E","M","R","BOSS","M","$","?","?","M","R","E"],"items_purchased_type":["Card","Potion","Potion","Card"],"build_version":"2020-11-30","purchased_purges":1,"victory":false,"max_hp_per_floor":[66,66,66,66,66,66,66,66,66,66,66,66,66,66,66,66,66,66,71,71,71,71,71,71,71],"relic_stats":{"counters":[13,78],"Prayer Wheel":5,"Letter Opener":[55],"obtain_stats":[{"Runic Dome":17,"Prayer Wheel":13,"Letter Opener":9,"Ring of the Snake":0},{"Runic Dome":8,"Prayer Wheel":6,"Letter Opener":4,"Ring of the Snake":0},{"Runic Dome":44,"Prayer Wheel":24,"Letter Opener":17,"Ring of the Snake":0}],"Ring of the Snake":[26]},"card_choices":[{"not_picked":["Cloak And Dagger","PiercingWail"],"picked":"Dagger Throw","floor":1.0},{"not_picked":["Blade Dance","Infinite Blades"],"picked":"Noxious Fumes","floor":4.0},{"not_picked":["Bane","Tactician"],"picked":"Calculated Gamble","floor":7.0},{"not_picked":["Blade Dance","Flechettes","Quick Slash"],"picked":"SKIP","floor":8.0},{"not_picked":["Dodge and Roll","Distraction"],"picked":"Deadly Poison","floor":11.0},{"not_picked":["Backflip","Dagger Throw"],"picked":"After Image","floor":13.0},{"not_picked":["Backflip","Dodge and Roll"],"picked":"Well Laid Plans","floor":14},{"not_picked":["Sucker Punch","Distraction","Slice"],"picked":"SKIP","floor":14},{"not_picked":["Storm of Steel","Venomology"],"picked":"After Image","floor":16},{"not_picked":["Dodge and Roll","Deadly Poison"],"picked":"Leg Sweep","floor":18},{"not_picked":["Flying Knee","Quick Slash"],"picked":"Predator","floor":18},{"not_picked":["Dagger Throw+1","Deadly Poison"],"picked":"Backflip","floor":20},{"not_picked":["Outmaneuver","Dagger Spray","Deflect"],"picked":"SKIP","floor":20},{"not_picked":["Deflect","Distraction"],"picked":"Burst","floor":21},{"not_picked":["Backstab","Terror+1"],"picked":"Deflect+1","floor":21},{"not_picked":["Underhanded Strike","Blade Dance"],"picked":"Catalyst","floor":22},{"not_picked":["Deadly Poison","Prepared"],"picked":"Deflect","floor":22}],"player_experience":2310813,"relics_obtained":[{"floor":9.0,"key":"Letter Opener"},{"floor":13.0,"key":"Prayer Wheel"}],"event_choices":[{"damage_healed":0.0,"max_hp_gain":0.0,"max_hp_loss":0.0,"gold_gain":150.0,"event_name":"Liars Game","player_choice":"AGREE","floor":2.0,"gold_loss":0.0,"damage_taken":0.0,"cards_obtained":["Doubt"]},{"cards_removed":["Doubt"],"damage_healed":0.0,"max_hp_gain":0.0,"max_hp_loss":0.0,"gold_gain":0.0,"event_name":"Fountain of Cleansing","player_choice":"Removed Curses","floor":5.0,"gold_loss":0.0,"damage_taken":0.0}],"is_beta":false,"boss_relics":[{"not_picked":["Cursed Key","SlaversCollar"],"picked":"Runic Dome"}],"items_purged_floors":[19],"is_endless":false,"potions_floor_spawned":[4,8,13,16,18],"killed_by":"Book of Stabbing","ascension_level":20}}