{"host":"2se5dq1do2gp0x9k","time":1607662770,"event":{"mods":["AchievementEnabler","BaseMod","Block Reminder","Colored Map","Colored Powertips","Minty Spire (QoL Compilation)","Relic Stats","StSLib","SuperFastMode"],"gold_per_floor":[119,17,17,33,83,121,121,154,180,180,215,235,235,235,235,346,346,361,361,377,426,426,426],"floor_reached":22,"playtime":880,"items_purged":[],"score":450,"play_id":"f1f8b8b2-e0c6-4814-89b6-3db24535cd4d","local_time":"20201210205930","is_ascension_mode":true,"campfire_choices":[{"data":"Streamline","floor":7,"key":"SMITH"},{"data":"Coolheaded","floor":10,"key":"SMITH"},{"data":"Loop","floor":13,"key":"SMITH"},{"floor":15,"key":"REST"}],"circlet_count":0,"master_deck":["AscendersBane","Strike_B","Strike_B","Strike_B","Defend_B","Defend_B","Defend_B","Defend_B","Zap","Dualcast","Sweeping Beam","Reinforced Body","Coolheaded+1","Streamline+1","Biased Cognition","Conserve Battery","Echo Form","Loop+1","Echo Form","Chaos","Reinforced Body","Hologram"],"relics":["Cracked Core","NeowsBlessing","Golden Idol","Tiny Chest","PreservedInsect","Smiling Mask","Gremlin Horn","Nuclear Battery","Oddly Smooth Stone"],"acts_visited":["Exordium","TheCity"],"potions_floor_usage":[16,16,18],"damage_taken":[{"damage":0,"enemies":"Jaw Worm","floor":1,"turns":1},{"damage":0,"enemies":"Small Slimes","floor":4,"turns":1},{"damage":0,"enemies":"3 Sentries","floor":6,"turns":1},{"damage":26,"enemies":"Lagavulin","floor":8,"turns":8},{"damage":16,"enemies":"3 Sentries","floor":11,"turns":6},{"damage":4,"enemies":"Cultist","floor":12,"turns":4},{"damage":20,"enemies":"Slime Boss","floor":16,"turns":9},{"damage":23,"enemies":"2 Thieves","floor":18,"turns":5},{"damage":8,"enemies":"Shell Parasite","floor":20,"turns":8},{"damage":29,"enemies":"Cultist and Chosen","floor":22,"turns":3}],"seed_played":"5289406179618381128","potions_obtained":[{"floor":4,"key":"PowerPotion"},{"floor":8,"key":"ColorlessPotion"},{"floor":16,"key":"Explosive Potion"},{"floor":20,"key":"SteroidPotion"}],"is_trial":false,"path_per_floor":["M","$","?","M","?","E","R","E","T","R","E","M","R","?","R","B",null,"M","?","M","T","M"],"character_chosen":"DEFECT","items_purchased":["Reinforced Body","Coolheaded"],"campfire_rested":1,"item_purchase_floors":[2,2],"current_hp_per_floor":[64,64,64,64,64,64,64,38,38,38,22,18,18,11,30,10,51,28,28,20,20,0,0],"gold":426,"neow_bonus":"THREE_ENEMY_KILL","is_daily":false,"chose_seed":false,"campfire_upgraded":3,"win_rate":0.0,"timestamp":1607662770,"path_taken":["M","$","?","M","?","E","R","E","T","R","E","?","R","?","R","BOSS","M","?","M","?","M"],"items_purchased_type":["Card","Card"],"build_version":"2020-11-30","purchased_purges":0,"victory":false,"max_hp_per_floor":[71,71,64,64,64,64,64,64,64,64,64,64,64,64,64,64,64,64,64,64,64,64,64],"relic_stats":{"Gremlin Horn":[3,3],"counters":[10,46],"Golden Idol":53,"Tiny Chest":1,"PreservedInsect":31,"Smiling Mask":0,"obtain_stats":[{"NeowsBlessing":0,"Gremlin Horn":11,"Golden Idol":3,"Oddly Smooth Stone":21,"Tiny Chest":6,"PreservedInsect":8,"Cracked Core":0,"Smiling Mask":9,"Nuclear Battery":17},{"NeowsBlessing":0,"Gremlin Horn":5,"Golden Idol":1,"Oddly Smooth Stone":9,"Tiny Chest":3,"PreservedInsect":4,"Cracked Core":0,"Smiling Mask":4,"Nuclear Battery":7},{"NeowsBlessing":0,"Gremlin Horn":17,"Golden Idol":1,"Oddly Smooth Stone":43,"Tiny Chest":3,"PreservedInsect":11,"Cracked Core":0,"Smiling Mask":11,"Nuclear Battery":30}]},"card_choices":[{"not_picked":["Go for the Eyes","Fusion"],"picked":"Sweeping Beam","floor":1},{"not_picked":["Coolheaded","Gash"],"picked":"Streamline","floor":4},{"not_picked":["Heatsinks","Storm"],"picked":"Biased Cognition","floor":6},{"not_picked":["Chaos","Coolheaded"],"picked":"Conserve Battery","floor":8},{"not_picked":["Beam Cell","Barrage"],"picked":"Echo Form","floor":11},{"not_picked":["Turbo","Stack"],"picked":"Loop","floor":12},{"not_picked":["Meteor Strike","Machine Learning"],"picked":"Echo Form","floor":16},{"not_picked":["Steam Power","Streamline"],"picked":"Chaos","floor":18},{"not_picked":["Darkness","Static Discharge"],"picked":"Hologram","floor":20}],"player_experience":3596335,"relics_obtained":[{"floor":6,"key":"Tiny Chest"},{"floor":8,"key":"PreservedInsect"},{"floor":9,"key":"Smiling Mask"},{"floor":11,"key":"Gremlin Horn"},{"floor":21,"key":"Oddly Smooth Stone"}],"event_choices":[{"damage_healed":0,"gold_gain":0,"player_choice":"Lose Max HP","damage_taken":0,"relics_obtained":["Golden Idol"],"max_hp_gain":0,"max_hp_loss":7,"event_name":"Golden Idol","floor":3,"gold_loss":0},{"damage_healed":0,"gold_gain":50,"player_choice":"Pray","damage_taken":0,"max_hp_gain":0,"max_hp_loss":0,"event_name":"Golden Shrine","floor":5,"gold_loss":0},{"cards_removed":["Strike_B"],"damage_healed":0,"gold_gain":0,"player_choice":"Card Removal","damage_taken":7,"max_hp_gain":0,"max_hp_loss":0,"event_name":"Golden Wing","floor":14,"gold_loss":0},{"damage_healed":0,"gold_gain":0,"player_choice":"Read","damage_taken":0,"max_hp_gain":0,"max_hp_loss":0,"event_name":"The Library","floor":19,"gold_loss":0,"cards_obtained":["Reinforced Body"]}],"is_beta":false,"boss_relics":[{"not_picked":["Black Star","Velvet Choker"],"picked":"Nuclear Battery"}],"items_purged_floors":[],"is_endless":false,"potions_floor_spawned":[4,8,16,20],"killed_by":"Cultist and Chosen","ascension_level":20}}