{"host":"o7j6aatxjwpw1421","time":1607685366,"event":{"mods":["2.2 Compatiblity","BaseMod","Colored Map","DeckTracker","Highlight Path","Keyboard Shortcuts","Minty Spire (QoL Compilation)","Permanent Neow","Quick Restart","StSLib","SuperFastMode","everything is the same but u backflip on backflip"],"gold_per_floor":[117,129,54,54,229,239,239,250,275,275,16,43,43,57,57,157,157,176,191,191,21,41,69,69,80,80,92,92,2,34,51,51,146,146,160,177,177,141,157,157,157,157,157,171,203,59,84,116,116,116,116,116,67,97,97],"floor_reached":56,"playtime":8419,"items_purged":["Defend_G","Doubt","Strike_G"],"score":1608,"play_id":"a21cbe5c-088a-4441-9c94-e7817e19957f","local_time":"20201211201606","is_ascension_mode":true,"campfire_choices":[{"data":"All Out Attack","floor":10.0,"key":"SMITH"},{"data":"Setup","floor":13.0,"key":"SMITH"},{"data":"Venomology","floor":15.0,"key":"SMITH"},{"data":"Adrenaline","floor":24.0,"key":"SMITH"},{"data":"Catalyst","floor":28.0,"key":"SMITH"},{"data":"Neutralize","floor":32.0,"key":"SMITH"},{"floor":40.0,"key":"RECALL"},{"data":"Well Laid Plans","floor":42.0,"key":"SMITH"},{"floor":49,"key":"REST"},{"data":"Bouncing Flask","floor":52,"key":"SMITH"}],"circlet_count":0,"master_deck":["Strike_G+1","Strike_G+1","Defend_G","Defend_G+1","Defend_G","Survivor","Neutralize+1","All Out Attack+1","Bouncing Flask+1","Deadly Poison","Deflect","Crippling Poison","Catalyst+1","Setup+1","Venomology+1","Adrenaline+1","Masterful Stab+1","PiercingWail","Prepared+1","Blur+1","Calculated Gamble","Malaise","Backflip+1","Noxious Fumes+1","Well Laid Plans+1","Footwork+1","Parasite","Pain","Bouncing Flask+1","Backflip"],"relics":["Ring of the Serpent","Meat on the Bone","TungstenRod","Bag of Preparation","Centennial Puzzle","Nilry\u0027s Codex","Blood Vial","Whetstone","Regal Pillow","Cursed Key","Pear","Art of War","Toy Ornithopter","Nunchaku","Kunai"],"acts_visited":["Exordium","TheCity","TheBeyond","TheEnding"],"potions_floor_usage":[45,50,50,54,55,55,55],"damage_taken":[{"damage":2.0,"enemies":"Jaw Worm","floor":1.0,"turns":5.0},{"damage":0.0,"enemies":"2 Louse","floor":2.0,"turns":2.0},{"damage":0.0,"enemies":"Cultist","floor":6.0,"turns":3.0},{"damage":8.0,"enemies":"2 Fungi Beasts","floor":8.0,"turns":4.0},{"damage":9.0,"enemies":"Lagavulin","floor":12.0,"turns":6.0},{"damage":6.0,"enemies":"Exordium Wildlife","floor":14.0,"turns":4.0},{"damage":18.0,"enemies":"Slime Boss","floor":16.0,"turns":5.0},{"damage":0.0,"enemies":"Shell Parasite","floor":18.0,"turns":4.0},{"damage":5.0,"enemies":"3 Byrds","floor":19.0,"turns":4.0},{"damage":9.0,"enemies":"Snecko","floor":22.0,"turns":5.0},{"damage":0.0,"enemies":"Gremlin Leader","floor":23.0,"turns":6.0},{"damage":0.0,"enemies":"3 Cultists","floor":25.0,"turns":4.0},{"damage":17.0,"enemies":"Cultist and Chosen","floor":27.0,"turns":5.0},{"damage":13.0,"enemies":"Slavers","floor":30.0,"turns":5.0},{"damage":0.0,"enemies":"Centurion and Healer","floor":31.0,"turns":6.0},{"damage":39.0,"enemies":"Collector","floor":33.0,"turns":8.0},{"damage":6.0,"enemies":"3 Darklings","floor":35.0,"turns":5.0},{"damage":0.0,"enemies":"3 Shapes","floor":36.0,"turns":5.0},{"damage":10.0,"enemies":"Maw","floor":39.0,"turns":5.0},{"damage":0.0,"enemies":"4 Shapes","floor":44.0,"turns":3.0},{"damage":26,"enemies":"Giant Head","floor":45,"turns":9},{"damage":5,"enemies":"Nemesis","floor":48,"turns":7},{"damage":32,"enemies":"Donu and Deca","floor":50,"turns":10},{"damage":5,"enemies":"Shield and Spear","floor":54,"turns":8},{"damage":110,"enemies":"The Heart","floor":55,"turns":8}],"seed_played":"5502569616883769266","potions_obtained":[{"floor":6.0,"key":"PowerPotion"},{"floor":14.0,"key":"Regen Potion"},{"floor":16.0,"key":"Energy Potion"},{"floor":25.0,"key":"LiquidBronze"},{"floor":27.0,"key":"GamblersBrew"},{"floor":30.0,"key":"Swift Potion"},{"floor":33.0,"key":"Weak Potion"},{"floor":39.0,"key":"Block Potion"}],"is_trial":false,"path_per_floor":["M","M","$","?","?","M","T","M","T","R","$","E","R","M","R","B",null,"M","M","?","$","M","E","R","M","T","M","R","?","E","M","R","B",null,"M","M","?","$","M","R","$","R","T","M","E","$","T","E","R","B",null,"R","$","E","B",null],"character_chosen":"THE_SILENT","items_purchased":["Catalyst","Setup","PiercingWail","Well Laid Plans","Art of War","Backflip"],"campfire_rested":1,"item_purchase_floors":[11,11,21,38,46,53],"current_hp_per_floor":[61,61,61,54,54,54,54,46,46,46,46,37,37,43,43,37,57,57,52,40,40,43,58,58,60,60,45,45,45,48,50,50,25,54,50,52,52,52,44,44,44,44,44,46,44,44,44,41,73,51,68,68,68,68,24],"gold":97,"neow_bonus":"TRANSFORM_TWO_CARDS","is_daily":false,"chose_seed":false,"campfire_upgraded":8,"win_rate":0.0,"timestamp":1607685366,"path_taken":["M","M","$","?","?","M","?","M","T","R","$","E","R","?","R","BOSS","M","M","?","$","M","E","R","M","T","M","R","?","E","?","R","BOSS","M","?","?","$","M","R","$","R","T","M","E","?","?","E","R","BOSS","R","$","E","BOSS"],"items_purchased_type":["Card","Card","Card","Card","Relic","Card"],"build_version":"2020-11-30","purchased_purges":3,"victory":true,"max_hp_per_floor":[63,63,63,63,63,63,63,63,63,63,63,63,63,63,63,63,63,63,63,63,63,63,63,63,63,63,63,63,63,63,63,63,63,63,63,63,63,63,63,63,63,63,63,63,73,73,73,73,73,73,73,73,73,73,73],"card_choices":[{"not_picked":["Cloak And Dagger","Blade Dance"],"picked":"Deadly Poison","floor":1.0},{"not_picked":["Deadly Poison","Finisher"],"picked":"Deflect","floor":2.0},{"not_picked":["Dodge and Roll","Flying Knee"],"picked":"Crippling Poison","floor":6.0},{"not_picked":["Choke","Distraction","Flying Knee"],"picked":"SKIP","floor":8.0},{"not_picked":["Eviscerate","Backflip"],"picked":"Venomology","floor":12.0},{"not_picked":["Choke","Slice","Flying Knee"],"picked":"SKIP","floor":14.0},{"not_picked":["Choke","Slice","Flying Knee"],"picked":"SKIP","floor":14.0},{"not_picked":["Unload","Wraith Form v2"],"picked":"Adrenaline","floor":16.0},{"not_picked":["Cloak And Dagger","Outmaneuver","Crippling Poison"],"picked":"SKIP","floor":18.0},{"not_picked":["Flying Knee+1","Calculated Gamble"],"picked":"Masterful Stab+1","floor":19.0},{"not_picked":["Blade Dance","Deflect"],"picked":"Prepared+1","floor":22.0},{"not_picked":["PiercingWail","Calculated Gamble"],"picked":"Blur+1","floor":23.0},{"not_picked":["Cloak And Dagger","Grand Finale","Outmaneuver"],"picked":"SKIP","floor":25.0},{"not_picked":["Sucker Punch","Masterful Stab+1","Distraction"],"picked":"SKIP","floor":27.0},{"not_picked":["Blade Dance+1","Outmaneuver"],"picked":"Calculated Gamble","floor":30.0},{"not_picked":["Deflect","Dagger Spray","Sucker Punch"],"picked":"SKIP","floor":31.0},{"not_picked":["A Thousand Cuts","Venomology"],"picked":"Malaise","floor":33.0},{"not_picked":["Dash+1","Deflect"],"picked":"Backflip+1","floor":35.0},{"not_picked":["Dagger Throw","Sucker Punch+1"],"picked":"Noxious Fumes","floor":36.0},{"not_picked":["Escape Plan+1","Blur"],"picked":"Footwork+1","floor":39.0},{"not_picked":["Deflect+1","Slice+1","Phantasmal Killer"],"picked":"SKIP","floor":44.0},{"not_picked":["Cloak And Dagger+1","Quick Slash","Endless Agony+1"],"picked":"SKIP","floor":45},{"not_picked":["Backstab+1","Underhanded Strike"],"picked":"Bouncing Flask+1","floor":48},{"not_picked":["Dodge and Roll","Slice+1","Well Laid Plans+1"],"picked":"SKIP","floor":54}],"player_experience":174228,"relics_obtained":[{"floor":7.0,"key":"TungstenRod"},{"floor":9.0,"key":"Bag of Preparation"},{"floor":12.0,"key":"Centennial Puzzle"},{"floor":20.0,"key":"Nilry\u0027s Codex"},{"floor":23.0,"key":"Blood Vial"},{"floor":26.0,"key":"Whetstone"},{"floor":30.0,"key":"Regal Pillow"},{"floor":45,"key":"Pear"},{"floor":47,"key":"Toy Ornithopter"},{"floor":48,"key":"Nunchaku"},{"floor":54,"key":"Kunai"}],"event_choices":[{"damage_healed":0.0,"max_hp_gain":0.0,"max_hp_loss":0.0,"gold_gain":0.0,"event_name":"Scrap Ooze","player_choice":"Success","floor":4.0,"gold_loss":0.0,"damage_taken":7.0,"relics_obtained":["Meat on the Bone"]},{"damage_healed":0.0,"max_hp_gain":0.0,"max_hp_loss":0.0,"gold_gain":175.0,"event_name":"Liars Game","player_choice":"AGREE","floor":5.0,"gold_loss":0.0,"damage_taken":0.0,"cards_obtained":["Doubt"]},{"damage_healed":0.0,"max_hp_gain":0.0,"max_hp_loss":0.0,"gold_gain":0.0,"event_name":"Cursed Tome","player_choice":"Obtained Book","floor":20.0,"gold_loss":0.0,"damage_taken":16.0},{"cards_removed":["Defend_G"],"damage_healed":0.0,"max_hp_gain":0.0,"max_hp_loss":0.0,"gold_gain":0.0,"event_name":"Designer","player_choice":"Upgrade and Remove","floor":29.0,"gold_loss":90.0,"damage_taken":0.0,"cards_upgraded":["Defend_G"]},{"damage_healed":0.0,"max_hp_gain":0.0,"max_hp_loss":0.0,"gold_gain":0.0,"event_name":"Accursed Blacksmith","player_choice":"Forge","floor":37.0,"gold_loss":0.0,"damage_taken":0.0,"cards_upgraded":["Noxious Fumes"]}],"is_beta":false,"boss_relics":[{"not_picked":["Tiny House","Philosopher\u0027s Stone"],"picked":"Ring of the Serpent"},{"not_picked":["Sozu","Snecko Eye"],"picked":"Cursed Key"}],"items_purged_floors":[3,11,21],"is_endless":false,"potions_floor_spawned":[6,14,16,25,27,30,31,33,36,39],"ascension_level":8}}