{"host":"91kqwblrqvon3fcz","time":1607693164,"event":{"mods":["Act Like it!","BaseMod","Elementarium","Hermit","Minty Spire (QoL Compilation)","Quick Restart","StSLib"],"gold_per_floor":[109,119,119,4,4,31,31,48,48,48,48,48,82,112,112,207,207,227,245,259,98,98,133,133,149,149,181,199,217,217,237,237,338,338,353,353,369,128,128,160,160,172,172,33,33,47,73,86,86,86,86],"floor_reached":50,"playtime":1888,"items_purged":[],"score":690,"play_id":"313674ee-9601-48d8-a993-d51dd11b2871","local_time":"20201211052604","is_ascension_mode":true,"campfire_choices":[{"data":"hermit:Malice","floor":10.0,"key":"SMITH"},{"data":"hermit:SprayPray","floor":12.0,"key":"SMITH"},{"floor":15.0,"key":"REST"},{"floor":24.0,"key":"REST"},{"floor":32.0,"key":"REST"},{"floor":41.0,"key":"REST"},{"floor":49.0,"key":"REST"}],"circlet_count":0,"master_deck":["hermit:Strike_Hermit","hermit:Strike_Hermit","hermit:Strike_Hermit+1","hermit:Strike_Hermit","hermit:Defend_Hermit","hermit:Defend_Hermit","hermit:Defend_Hermit","hermit:Defend_Hermit","hermit:Snapshot+1","hermit:Covet","hermit:Ricochet","hermit:Malice+1","hermit:SprayPray+1","hermit:Maintenance","hermit:Manifest","hermit:Dissolve","Pain","hermit:Desperado+1","hermit:Maintenance+1","hermit:Deadeye","hermit:Gestalt+1","hermit:FlashPowder","hermit:Showdown","hermit:LoneWolf","Elementarium:FireblessedBlade","Elementarium:WindblessedBlade","Elementarium:EarthblessedBlade","Elementarium:IceblessedBlade","Elementarium:VoidblessedBlade","hermit:BodyArmor+1","hermit:HoleUp","hermit:SprayPray","hermit:Dive+1","hermit:Enervate","hermit:Manifest+1","hermit:Magnum","hermit:Desperado+1","Injury","hermit:EternalForm","hermit:Coalescence","Discovery","hermit:GhostlyPresence+1","hermit:Snipe","hermit:Reprieve","hermit:TakeAim+1","hermit:HoleUp+1","hermit:Purgatory","hermit:Coalescence+1","hermit:Snipe+1","hermit:Combo","hermit:Determination"],"relics":["hermit:Momento","NeowsBlessing","WingedGreaves","Art of War","hermit:Spyglass","Ginger","Orichalcum","Bronze Scales","Astrolabe","Pocketwatch","Du-Vu Doll","The Courier","Unceasing Top","Elementarium:ElementariumTrophy","Philosopher\u0027s Stone","Centennial Puzzle","Toxic Egg 2","White Beast Statue"],"acts_visited":["Exordium","Elementarium:Elementarium","TheBeyond"],"potions_floor_usage":[50],"damage_taken":[{"damage":0.0,"enemies":"Small Slimes","floor":1.0,"turns":1.0},{"damage":0.0,"enemies":"2 Louse","floor":2.0,"turns":1.0},{"damage":0.0,"enemies":"Gremlin Nob","floor":6.0,"turns":1.0},{"damage":2.0,"enemies":"Jaw Worm","floor":8.0,"turns":3.0},{"damage":21.0,"enemies":"Lagavulin","floor":13.0,"turns":5.0},{"damage":6.0,"enemies":"3 Sentries","floor":14.0,"turns":4.0},{"damage":34.0,"enemies":"Slime Boss","floor":16.0,"turns":10.0},{"damage":15.0,"enemies":"Elementarium:MUD_AND_TAR_GOLEMS","floor":18.0,"turns":3.0},{"damage":0.0,"enemies":"Elementarium:2_ELEMENTALS","floor":19.0,"turns":2.0},{"damage":11.0,"enemies":"Elementarium:RubyGolem","floor":20.0,"turns":4.0},{"damage":25.0,"enemies":"Elementarium:ElementalPortal","floor":23.0,"turns":8.0},{"damage":14.0,"enemies":"Elementarium:VoidBeast","floor":25.0,"turns":5.0},{"damage":1.0,"enemies":"Elementarium:WarGolem","floor":27.0,"turns":4.0},{"damage":0.0,"enemies":"Elementarium:STONE_GOLEMS","floor":28.0,"turns":3.0},{"damage":3.0,"enemies":"Elementarium:Hydrostalker","floor":29.0,"turns":6.0},{"damage":4.0,"enemies":"Elementarium:VOID_CORRUPTION_AND_TAR_GOLEM","floor":31.0,"turns":6.0},{"damage":22.0,"enemies":"Elementarium:PHOENIXES","floor":33.0,"turns":11.0},{"damage":11.0,"enemies":"3 Shapes","floor":35.0,"turns":5.0},{"damage":20.0,"enemies":"3 Darklings","floor":37.0,"turns":5.0},{"damage":16.0,"enemies":"Reptomancer","floor":40.0,"turns":9.0},{"damage":2.0,"enemies":"Jaw Worm Horde","floor":42.0,"turns":3.0},{"damage":2.0,"enemies":"Spire Growth","floor":46.0,"turns":4.0},{"damage":17.0,"enemies":"Nemesis","floor":47.0,"turns":9.0},{"damage":9.0,"enemies":"Transient","floor":48.0,"turns":5.0},{"damage":60,"enemies":"Donu and Deca","floor":50,"turns":6}],"seed_played":"-5838571595597209786","potions_obtained":[{"floor":1.0,"key":"Energy Potion"},{"floor":6.0,"key":"Strength Potion"},{"floor":8.0,"key":"Strength Potion"},{"floor":19.0,"key":"Swift Potion"},{"floor":27.0,"key":"Swift Potion"},{"floor":29.0,"key":"Block Potion"},{"floor":31.0,"key":"Block Potion"},{"floor":33.0,"key":"hermit:Tonic"},{"floor":40.0,"key":"hermit:Tonic"},{"floor":42.0,"key":"Dexterity Potion"},{"floor":47.0,"key":"Energy Potion"},{"floor":48.0,"key":"Explosive Potion"}],"is_trial":false,"path_per_floor":["M","M","?","$","?","E","?","M","T","R","$","R","E","E","R","B",null,"M","M","M","$","?","E","R","M","T","E","M","M","T","M","R","B",null,"M","?","M","$","?","E","R","M","T","$","?","M","E","M","R","B"],"character_chosen":"HERMIT","items_purchased":["hermit:Malice","hermit:ShadowCloak","hermit:Showdown","hermit:LoneWolf","FairyPotion","hermit:Snipe","hermit:Reprieve","hermit:Purgatory","hermit:Coalescence+1"],"campfire_rested":5,"item_purchase_floors":[4,4,21,21,38,38,38,44,44],"current_hp_per_floor":[75,75,60,60,60,60,53,51,51,51,51,51,30,24,46,12,75,60,60,49,49,45,20,33,19,19,18,18,15,15,11,24,2,45,34,34,14,14,14,13,26,36,36,36,36,34,17,24,37,0,0],"gold":86,"neow_bonus":"THREE_ENEMY_KILL","is_daily":false,"chose_seed":false,"campfire_upgraded":2,"win_rate":0.0,"timestamp":1607693164,"path_taken":["M","M","?","$","?","E","?","?","T","R","$","R","E","E","R","BOSS","M","M","M","$","?","E","R","M","T","E","?","?","?","M","R","BOSS","BOSS","M","?","?","$","?","E","R","M","T","$","?","M","E","M","R","BOSS"],"items_purchased_type":["Card","Card","Card","Card","Potion","Card","Card","Card","Undefined"],"build_version":"2020-11-30","purchased_purges":0,"victory":false,"max_hp_per_floor":[75,75,75,75,75,75,75,75,75,75,75,75,75,75,75,75,75,75,75,75,75,45,45,45,45,45,45,45,45,45,45,45,45,45,45,45,45,45,45,45,45,45,45,45,45,45,45,45,45,45,45],"card_choices":[{"not_picked":["hermit:PistolWhip","hermit:TrackingShot"],"picked":"hermit:Ricochet","floor":1.0},{"not_picked":["hermit:Dive","hermit:ItchyTrigger"],"picked":"hermit:PistolWhip","floor":2.0},{"not_picked":["hermit:Roulette","hermit:Headshot"],"picked":"hermit:SprayPray","floor":6.0},{"not_picked":["hermit:Quickdraw","hermit:TakeAim"],"picked":"hermit:Glare","floor":8.0},{"not_picked":["hermit:LowProfile","hermit:LoneWolf"],"picked":"hermit:Maintenance","floor":13.0},{"not_picked":["hermit:Spite","hermit:PistolWhip"],"picked":"hermit:Manifest","floor":14.0},{"not_picked":["hermit:HighNoon","hermit:FatalDesire"],"picked":"hermit:Dissolve","floor":16.0},{"not_picked":["hermit:HighCaliber","hermit:LowProfile"],"picked":"hermit:Deadeye","floor":18.0},{"not_picked":["hermit:Grudge","hermit:Spite"],"picked":"hermit:Gestalt+1","floor":19.0},{"not_picked":["hermit:Cheat+1","hermit:SprayPray"],"picked":"hermit:FlashPowder","floor":20.0},{"not_picked":["hermit:Horror+1","hermit:TrackingShot"],"picked":"hermit:BodyArmor+1","floor":23.0},{"not_picked":["hermit:Brawl","hermit:Headshot+1"],"picked":"hermit:HoleUp","floor":25.0},{"not_picked":["hermit:LowProfile","hermit:Cheat"],"picked":"hermit:SprayPray","floor":27.0},{"not_picked":["hermit:Roughhouse","hermit:TrackingShot"],"picked":"hermit:Dive+1","floor":28.0},{"not_picked":["hermit:ShadowCloak","hermit:Spite+1"],"picked":"hermit:Enervate","floor":29.0},{"not_picked":["hermit:TrackingShot","hermit:BodyArmor"],"picked":"hermit:Manifest+1","floor":31.0},{"not_picked":["hermit:Gambit","hermit:OverwhelmingPower"],"picked":"hermit:Magnum","floor":33.0},{"not_picked":["hermit:Horror","hermit:HighCaliber"],"picked":"hermit:Desperado+1","floor":35.0},{"not_picked":["hermit:HoleUp+1","hermit:Coalescence"],"picked":"hermit:GhostlyPresence+1","floor":37.0},{"not_picked":["hermit:Quickdraw","hermit:Shortfuse+1"],"picked":"hermit:TakeAim+1","floor":40.0},{"not_picked":["hermit:HighCaliber+1","hermit:LuckOfTheDraw"],"picked":"hermit:HoleUp+1","floor":42.0},{"not_picked":["hermit:Cheat+1","hermit:LuckOfTheDraw+1"],"picked":"hermit:Snipe+1","floor":46.0},{"not_picked":["hermit:HoleUp+1","hermit:BodyArmor+1"],"picked":"hermit:Combo","floor":47.0},{"not_picked":["hermit:Ricochet+1","hermit:Desperado+1"],"picked":"hermit:Determination","floor":48.0}],"player_experience":391056,"relics_obtained":[{"floor":6.0,"key":"Art of War"},{"floor":9.0,"key":"Ginger"},{"floor":13.0,"key":"Orichalcum"},{"floor":14.0,"key":"Bronze Scales"},{"floor":23.0,"key":"Pocketwatch"},{"floor":26.0,"key":"Du-Vu Doll"},{"floor":27.0,"key":"The Courier"},{"floor":30.0,"key":"Unceasing Top"},{"floor":40.0,"key":"Centennial Puzzle"},{"floor":43.0,"key":"Toxic Egg 2"},{"floor":47.0,"key":"White Beast Statue"}],"event_choices":[{"damage_healed":0.0,"max_hp_gain":0.0,"max_hp_loss":0.0,"gold_gain":0.0,"event_name":"Shining Light","player_choice":"Entered Light","floor":3.0,"gold_loss":0.0,"damage_taken":15.0,"cards_upgraded":["hermit:Snapshot","hermit:Strike_Hermit"]},{"damage_healed":0.0,"max_hp_gain":0.0,"max_hp_loss":0.0,"gold_gain":0.0,"event_name":"Big Fish","player_choice":"Box","floor":5.0,"gold_loss":0.0,"damage_taken":0.0,"relics_obtained":["WingedGreaves"],"cards_obtained":["Regret"]},{"damage_healed":0.0,"max_hp_gain":0.0,"max_hp_loss":0.0,"gold_gain":0.0,"event_name":"Scrap Ooze","player_choice":"Success","floor":7.0,"gold_loss":0.0,"damage_taken":7.0,"relics_obtained":["hermit:Spyglass"]},{"damage_healed":0.0,"max_hp_gain":0.0,"max_hp_loss":30.0,"gold_gain":0.0,"event_name":"Elementarium:ElementalBlades","player_choice":"Touch","floor":22.0,"gold_loss":0.0,"damage_taken":0.0,"cards_obtained":["Elementarium:FireblessedBlade","Elementarium:WindblessedBlade","Elementarium:EarthblessedBlade","Elementarium:IceblessedBlade","Elementarium:VoidblessedBlade"]},{"damage_healed":0.0,"max_hp_gain":0.0,"max_hp_loss":0.0,"gold_gain":0.0,"event_name":"Match and Keep!","player_choice":"4 cards matched","floor":36.0,"gold_loss":0.0,"damage_taken":0.0,"cards_obtained":["Injury","hermit:EternalForm","hermit:Coalescence","Discovery"]},{"cards_removed":["hermit:ShadowCloak"],"damage_healed":0.0,"max_hp_gain":0.0,"max_hp_loss":0.0,"gold_gain":0.0,"event_name":"Falling","player_choice":"Removed Power","floor":39.0,"gold_loss":0.0,"damage_taken":0.0},{"damage_healed":0.0,"max_hp_gain":0.0,"max_hp_loss":0.0,"gold_gain":0.0,"event_name":"Purifier","player_choice":"Ignored","floor":45.0,"gold_loss":0.0,"damage_taken":0.0}],"is_beta":false,"boss_relics":[{"not_picked":["Runic Dome","hermit:BartenderGlass"],"picked":"Astrolabe"},{"not_picked":["Calling Bell","Sozu"],"picked":"Philosopher\u0027s Stone"}],"items_purged_floors":[],"is_endless":false,"potions_floor_spawned":[1,6,8,19,27,29,31,33,40,42,47,48],"killed_by":"Donu and Deca","ascension_level":2}}