{"host":"4edbuligkc8x13l4","time":1607692134,"event":{"mods":["BaseMod","Minty Spire (QoL Compilation)","StSLib","SuperFastMode"],"gold_per_floor":[19,19,19,32,48,48,77,77,77,77,27,52,52,72,72,72,72],"floor_reached":16,"playtime":920,"items_purged":["Defend_G"],"score":189,"play_id":"1af29bf8-ee7d-4de2-a7c0-9847b64e610f","local_time":"20201211210854","is_ascension_mode":true,"campfire_choices":[{"data":"Crippling Poison","floor":6.0,"key":"SMITH"},{"data":"Neutralize","floor":8,"key":"SMITH"},{"floor":10,"key":"REST"},{"floor":15,"key":"REST"}],"circlet_count":0,"master_deck":["AscendersBane","Strike_G","Strike_G","Strike_G","Defend_G","Defend_G","Survivor","Neutralize+1","Crippling Poison+1","Backflip","Reflex","A Thousand Cuts","Escape Plan"],"relics":["Ring of the Snake","White Beast Statue","Smiling Mask","Bag of Preparation"],"acts_visited":["Exordium"],"potions_floor_usage":[7],"damage_taken":[{"damage":7.0,"enemies":"Jaw Worm","floor":1.0,"turns":4.0},{"damage":3.0,"enemies":"2 Louse","floor":4.0,"turns":2.0},{"damage":0.0,"enemies":"Cultist","floor":5.0,"turns":5.0},{"damage":20,"enemies":"Gremlin Nob","floor":7,"turns":4},{"damage":18,"enemies":"3 Sentries","floor":12,"turns":14},{"damage":5,"enemies":"Exordium Thugs","floor":14,"turns":4},{"damage":39,"enemies":"The Guardian","floor":16,"turns":14}],"seed_played":"-2537525517300630663","potions_obtained":[{"floor":4.0,"key":"Dexterity Potion"},{"floor":5.0,"key":"SkillPotion"},{"floor":12,"key":"Swift Potion"}],"is_trial":false,"path_per_floor":["M","?","?","M","M","R","E","R","T","R","$","E","?","M","R","B"],"character_chosen":"THE_SILENT","items_purchased":[],"campfire_rested":2,"item_purchase_floors":[],"current_hp_per_floor":[52,52,45,42,42,42,22,22,22,41,41,23,23,18,37,0,0],"gold":72,"neow_bonus":"REMOVE_TWO","is_daily":false,"chose_seed":false,"campfire_upgraded":2,"win_rate":0.0,"timestamp":1607692134,"path_taken":["M","?","?","M","M","R","E","R","T","R","$","E","?","?","R","BOSS"],"items_purchased_type":[],"build_version":"2020-11-30","purchased_purges":1,"victory":false,"max_hp_per_floor":[66,66,66,66,66,66,66,66,66,66,66,66,66,66,66,66,66],"card_choices":[{"not_picked":["Outmaneuver","Quick Slash","Caltrops"],"picked":"SKIP","floor":1.0},{"not_picked":["Flying Knee","Underhanded Strike","Heel Hook"],"picked":"SKIP","floor":4.0},{"not_picked":["Prepared","Riddle With Holes"],"picked":"Backflip","floor":5.0},{"not_picked":["Noxious Fumes","Cloak And Dagger"],"picked":"Reflex","floor":7},{"not_picked":["Reflex","Blur"],"picked":"A Thousand Cuts","floor":12},{"not_picked":["Sucker Punch","Backstab"],"picked":"Escape Plan","floor":14}],"player_experience":894327,"relics_obtained":[{"floor":7,"key":"White Beast Statue"},{"floor":9,"key":"Smiling Mask"},{"floor":12,"key":"Bag of Preparation"}],"event_choices":[{"damage_healed":0.0,"max_hp_gain":0.0,"max_hp_loss":0.0,"gold_gain":0.0,"cards_transformed":["Defend_G"],"event_name":"Living Wall","player_choice":"Change","floor":2.0,"gold_loss":0.0,"damage_taken":0.0,"cards_obtained":["Crippling Poison"]},{"cards_removed":["Strike_G"],"damage_healed":0.0,"max_hp_gain":0.0,"max_hp_loss":0.0,"gold_gain":0.0,"event_name":"Golden Wing","player_choice":"Card Removal","floor":3.0,"gold_loss":0.0,"damage_taken":7.0},{"damage_healed":0,"gold_gain":0,"player_choice":"Got Potions","damage_taken":0,"max_hp_gain":0,"max_hp_loss":0,"event_name":"Lab","floor":13,"gold_loss":0}],"is_beta":false,"boss_relics":[],"items_purged_floors":[11],"is_endless":false,"potions_floor_spawned":[4,5,12,14],"killed_by":"The Guardian","ascension_level":15}}