{"host":"wshh0nphwn6jv7vj","time":1607648337,"event":{"mods":["BaseMod","Bestiary","Minty Spire (QoL Compilation)"],"gold_per_floor":[114,124,139,139,154,181,196,196,273,305,305,19,54,66,66,138,138,154,154,164,164,164],"floor_reached":21,"playtime":1229,"items_purged":["Strike_R"],"score":352,"play_id":"da305df0-9a3c-4f59-80ea-2d1b00612d87","local_time":"20201210195857","is_ascension_mode":true,"campfire_choices":[{"data":"Armaments","floor":8,"key":"SMITH"},{"data":"Inflame","floor":11,"key":"SMITH"},{"data":"Inflame","floor":15,"key":"SMITH"}],"circlet_count":0,"master_deck":["AscendersBane","Strike_R+1","Defend_R","Defend_R","Defend_R","Bash","Spot Weakness","Flame Barrier","Combust+1","Armaments","Armaments+1","Inflame+1","Reaper","Inflame+1","Sword Boomerang","Berserk","Cleave+1","Juggernaut","Wild Strike"],"relics":["Burning Blood","NeowsBlessing","Mango","Eternal Feather","Ginger","Lantern","Empty Cage"],"acts_visited":["Exordium","TheCity"],"potions_floor_usage":[5,10,16,20],"damage_taken":[{"damage":0,"enemies":"Cultist","floor":1,"turns":1},{"damage":0,"enemies":"Jaw Worm","floor":2,"turns":1},{"damage":0,"enemies":"2 Louse","floor":3,"turns":2},{"damage":3,"enemies":"Red Slaver","floor":5,"turns":3},{"damage":24,"enemies":"3 Sentries","floor":6,"turns":5},{"damage":8,"enemies":"3 Louse","floor":7,"turns":2},{"damage":19,"enemies":"Lagavulin","floor":10,"turns":9},{"damage":34,"enemies":"Gremlin Nob","floor":13,"turns":5},{"damage":0,"enemies":"2 Fungi Beasts","floor":14,"turns":2},{"damage":49,"enemies":"Slime Boss","floor":16,"turns":8},{"damage":21,"enemies":"Shell Parasite","floor":18,"turns":4},{"damage":26,"enemies":"3 Byrds","floor":20,"turns":3},{"damage":55,"enemies":"Cultist and Chosen","floor":21,"turns":4}],"seed_played":"5273981193402513155","potions_obtained":[{"floor":3,"key":"SkillPotion"},{"floor":7,"key":"BlessingOfTheForge"},{"floor":14,"key":"Strength Potion"},{"floor":16,"key":"Fire Potion"},{"floor":20,"key":"DuplicationPotion"}],"is_trial":false,"path_per_floor":["M","M","M","?","M","E","M","R","T","E","R","$","E","M","R","B",null,"M","?","M","M"],"character_chosen":"IRONCLAD","items_purchased":["Reaper","Inflame"],"campfire_rested":0,"item_purchase_floors":[12,12],"current_hp_per_floor":[74,75,75,52,55,51,49,49,49,36,45,45,28,34,43,15,71,67,67,47,0,0],"gold":164,"neow_bonus":"THREE_ENEMY_KILL","is_daily":false,"chose_seed":false,"campfire_upgraded":3,"win_rate":0.0,"timestamp":1607648337,"path_taken":["M","M","?","?","M","E","M","R","T","E","R","$","E","M","R","BOSS","M","?","M","M"],"items_purchased_type":["Card","Card"],"build_version":"2020-11-30","purchased_purges":1,"victory":false,"max_hp_per_floor":[75,75,75,75,75,89,89,89,89,89,89,89,89,89,89,89,89,89,89,89,89,89],"card_choices":[{"not_picked":["Havoc","Evolve"],"picked":"Spot Weakness","floor":1},{"not_picked":["Clothesline","Rupture"],"picked":"Flame Barrier","floor":2},{"not_picked":["Flex","Iron Wave"],"picked":"Combust","floor":3},{"not_picked":["Cleave","Exhume"],"picked":"Armaments","floor":5},{"not_picked":["Brutality","Heavy Blade"],"picked":"Armaments","floor":6},{"not_picked":["Perfected Strike","Ghostly Armor"],"picked":"Inflame","floor":7},{"not_picked":["Thunderclap","Havoc","Perfected Strike"],"picked":"SKIP","floor":10},{"not_picked":["Pummel","Berserk"],"picked":"Sword Boomerang","floor":13},{"not_picked":["Pommel Strike","Second Wind","Bloodletting"],"picked":"SKIP","floor":14},{"not_picked":["Immolate","Barricade"],"picked":"Berserk","floor":16},{"not_picked":["Iron Wave","Armaments+1"],"picked":"Cleave+1","floor":18},{"not_picked":["Warcry","Hemokinesis","Wild Strike"],"picked":"SKIP","floor":20}],"player_experience":1369459,"relics_obtained":[{"floor":6,"key":"Mango"},{"floor":9,"key":"Eternal Feather"},{"floor":10,"key":"Ginger"},{"floor":13,"key":"Lantern"}],"event_choices":[{"damage_healed":0,"gold_gain":0,"player_choice":"Entered Light","damage_taken":23,"max_hp_gain":0,"max_hp_loss":0,"event_name":"Shining Light","floor":4,"gold_loss":0,"cards_upgraded":["Strike_R","Combust"]},{"damage_healed":0,"gold_gain":0,"cards_transformed":["Strike_R","Defend_R"],"player_choice":"Became Test Subject","damage_taken":0,"max_hp_gain":0,"max_hp_loss":0,"event_name":"Drug Dealer","floor":19,"gold_loss":0,"cards_obtained":["Juggernaut","Wild Strike"]}],"is_beta":false,"boss_relics":[{"not_picked":["Snecko Eye","Cursed Key"],"picked":"Empty Cage"}],"items_purged_floors":[12],"is_endless":false,"potions_floor_spawned":[3,7,14,16,20],"killed_by":"Cultist and Chosen","ascension_level":15}}