{"host":"jm9833yuloeli2yd","time":1607649014,"event":{"mods":["BaseMod","StSLib","AchievementEnabler","Colored Map","Minty Spire (QoL Compilation)","Permanent Neow","SuperFastMode","Better Note","Better Altar","Better Match","Better Sensory Stone","Better Skull","DeckTracker","Better Vampires","Colored Powertips","Quick Restart"],"gold_per_floor":[113,126,45,57,68,101,112,143,169,225,239,204,204,204,204,295,295,309,309,309,309,104,104,104],"floor_reached":23,"playtime":738,"items_purged":["Strike_B"],"score":448,"play_id":"61586d22-bd82-452d-80e5-089c1c1375c9","local_time":"20201210201014","is_ascension_mode":true,"campfire_choices":[{"data":"Go for the Eyes","floor":13.0,"key":"SMITH"},{"data":"Rip and Tear","floor":15.0,"key":"SMITH"}],"circlet_count":0,"master_deck":["AscendersBane","Strike_B","Defend_B","Defend_B","Defend_B","Defend_B","Zap+1","Dualcast","Rebound","Ball Lightning","Rip and Tear+1","Go for the Eyes+1","Chill","Glacier","FTL","All For One","Leap","Buffer","Defragment","Self Repair","Force Field","Panacea","Turbo"],"special_seed":0,"relics":["Cracked Core","Lizard Tail","Smiling Mask","MealTicket","Omamori","Golden Idol","Cursed Key"],"acts_visited":["Exordium","TheCity"],"potions_floor_usage":[23],"damage_taken":[{"damage":7.0,"enemies":"Jaw Worm","floor":1.0,"turns":3.0},{"damage":8.0,"enemies":"2 Louse","floor":2.0,"turns":2.0},{"damage":0.0,"enemies":"Small Slimes","floor":4.0,"turns":3.0},{"damage":6.0,"enemies":"Blue Slaver","floor":5.0,"turns":3.0},{"damage":18.0,"enemies":"Lagavulin","floor":6.0,"turns":7.0},{"damage":0.0,"enemies":"Looter","floor":7.0,"turns":2.0},{"damage":0.0,"enemies":"Gremlin Nob","floor":8.0,"turns":2.0},{"damage":29.0,"enemies":"3 Sentries","floor":10.0,"turns":8.0},{"damage":5.0,"enemies":"Gremlin Gang","floor":11.0,"turns":3.0},{"damage":25.0,"enemies":"The Guardian","floor":16.0,"turns":14.0},{"damage":7.0,"enemies":"3 Byrds","floor":18.0,"turns":6.0},{"damage":74,"enemies":"Slavers","floor":23,"turns":6}],"seed_played":"5191776824470458465","potions_obtained":[{"floor":2.0,"key":"Regen Potion"},{"floor":5.0,"key":"FearPotion"},{"floor":8.0,"key":"Weak Potion"},{"floor":10.0,"key":"AttackPotion"},{"floor":18.0,"key":"SpeedPotion"}],"is_trial":false,"path_per_floor":["M","M","$","M","M","E","M","E","T","?","M","?","R","?","R","B",null,"M","?","?","?","$","E"],"character_chosen":"DEFECT","items_purchased":["Rip and Tear","Panacea","Turbo"],"campfire_rested":0,"item_purchase_floors":[3,22,22],"current_hp_per_floor":[57,49,49,49,43,40,40,40,40,11,6,23,23,23,23,32,56,49,49,49,74,74,0,0],"gold":104,"neow_bonus":"UPGRADE_CARD","is_daily":false,"chose_seed":false,"campfire_upgraded":2,"win_rate":0,"timestamp":1607649014,"path_taken":["M","M","$","M","M","E","M","E","T","?","M","?","R","?","R","BOSS","M","?","?","?","$","E"],"build_version":"2020-11-30","purchased_purges":1,"victory":false,"max_hp_per_floor":[71,71,71,71,71,71,71,71,71,71,71,71,71,64,64,64,64,64,64,64,74,74,74,74],"card_choices":[{"not_picked":["Redo","Conserve Battery"],"picked":"Rebound","floor":1.0},{"not_picked":["Conserve Battery","Barrage"],"picked":"Ball Lightning","floor":2.0},{"not_picked":["Force Field","Conserve Battery"],"picked":"Go for the Eyes","floor":4.0},{"not_picked":["Sweeping Beam","Turbo"],"picked":"Chill","floor":5.0},{"not_picked":["Coolheaded","Steam"],"picked":"Glacier","floor":6.0},{"not_picked":["Seek","Hologram"],"picked":"FTL","floor":7.0},{"not_picked":["Storm","Sweeping Beam","Redo"],"picked":"SKIP","floor":8.0},{"not_picked":["Gash","Steam Power"],"picked":"All For One","floor":10.0},{"not_picked":["Double Energy","Stack"],"picked":"Leap","floor":11.0},{"not_picked":["Machine Learning","Amplify"],"picked":"Buffer","floor":16.0},{"not_picked":["Recycle","Turbo"],"picked":"Defragment","floor":18.0}],"player_experience":1008869,"relics_obtained":[{"floor":6.0,"key":"Lizard Tail"},{"floor":8.0,"key":"Smiling Mask"},{"floor":9.0,"key":"MealTicket"},{"floor":10.0,"key":"Omamori"}],"event_choices":[{"damage_healed":0.0,"max_hp_gain":0.0,"max_hp_loss":0.0,"gold_gain":0.0,"event_name":"Dead Adventurer","player_choice":"Searched \u00271\u0027 times","floor":10.0,"gold_loss":0.0,"damage_taken":0.0},{"damage_healed":17.0,"max_hp_gain":0.0,"max_hp_loss":0.0,"gold_gain":0.0,"event_name":"The Cleric","player_choice":"Healed","floor":12.0,"gold_loss":35.0,"damage_taken":0.0},{"damage_healed":0.0,"max_hp_gain":0.0,"max_hp_loss":7.0,"gold_gain":0.0,"event_name":"Golden Idol","player_choice":"Lose Max HP","floor":14.0,"gold_loss":0.0,"damage_taken":0.0,"relics_obtained":["Golden Idol"]},{"damage_healed":0.0,"max_hp_gain":0.0,"max_hp_loss":0.0,"gold_gain":0.0,"event_name":"The Library","player_choice":"Read","floor":19.0,"gold_loss":0.0,"damage_taken":0.0,"cards_obtained":["Self Repair"]},{"damage_healed":0.0,"max_hp_gain":0.0,"max_hp_loss":0.0,"gold_gain":0.0,"cards_transformed":["Strike_B","Strike_B"],"event_name":"Drug Dealer","player_choice":"Became Test Subject","floor":20.0,"gold_loss":0.0,"damage_taken":0.0,"cards_obtained":["Force Field","All For One"]},{"cards_removed":["All For One"],"damage_healed":15.0,"max_hp_gain":10.0,"max_hp_loss":0.0,"gold_gain":0.0,"event_name":"Bonfire Elementals","player_choice":"Offered Rare","floor":21.0,"gold_loss":0.0,"damage_taken":0.0}],"is_beta":false,"boss_relics":[{"not_picked":["Philosopher\u0027s Stone","Calling Bell"],"picked":"Cursed Key"}],"items_purged_floors":[22],"is_endless":false,"potions_floor_spawned":[2,5,8,10,18],"killed_by":"Slavers","ascension_level":20}}