{"host":"28p8ce41sjwa6lzf","time":1607711050,"event":{"mods":["BaseMod","Colored Map","Colored Powertips","Highlight Path","Minty Spire (QoL Compilation)","Permanent Neow","Quick Restart","Random Character Button","Rare Cards Sparkle","Relic Stats","StSLib","Unceasing Turn Reminder"],"gold_per_floor":[150,185,4,41,41,41,93,93,163,199,237,304,54,120,120,222,222,234,204,241,23,90,90,90,90],"floor_reached":24,"playtime":1025,"items_purged":["Decay","Strike_B"],"score":400,"play_id":"3a1c6b4c-1205-482e-858c-2fc097008c9a","local_time":"20201211122410","is_ascension_mode":true,"campfire_choices":[{"data":"HandOfGreed","floor":6.0,"key":"SMITH"},{"data":"Panacea","floor":8.0,"key":"SMITH"},{"data":"Recycle","floor":15.0,"key":"SMITH"},{"floor":23,"key":"REST"}],"circlet_count":0,"master_deck":["AscendersBane","Strike_B","Strike_B","Strike_B","Defend_B","Defend_B","Defend_B","Defend_B","Zap","Dualcast","HandOfGreed+1","Ball Lightning","Panacea+1","Go for the Eyes","Auto Shields","Steam","Capacitor","FTL","Recycle+1","Self Repair","Echo Form","White Noise","Force Field","Lockon+1"],"relics":["Cracked Core","Oddly Smooth Stone","Meat on the Bone","Lantern","Fusion Hammer","Membership Card"],"acts_visited":["Exordium","TheCity"],"potions_floor_usage":[],"damage_taken":[{"damage":10.0,"enemies":"Small Slimes","floor":1.0,"turns":5.0},{"damage":0.0,"enemies":"Cultist","floor":2.0,"turns":2.0},{"damage":7.0,"enemies":"Jaw Worm","floor":4.0,"turns":3.0},{"damage":25.0,"enemies":"Lagavulin","floor":7.0,"turns":5.0},{"damage":4.0,"enemies":"Red Slaver","floor":10.0,"turns":2.0},{"damage":16.0,"enemies":"Large Slime","floor":11.0,"turns":7.0},{"damage":5.0,"enemies":"3 Louse","floor":12.0,"turns":5.0},{"damage":6.0,"enemies":"Exordium Thugs","floor":14.0,"turns":5.0},{"damage":11.0,"enemies":"Slime Boss","floor":16.0,"turns":8.0},{"damage":14,"enemies":"Chosen","floor":18,"turns":7},{"damage":43,"enemies":"3 Byrds","floor":20,"turns":4},{"damage":10,"enemies":"3 Cultists","floor":22,"turns":5},{"damage":80,"enemies":"Book of Stabbing","floor":24,"turns":6}],"seed_played":"1091273050383559918","potions_obtained":[{"floor":1.0,"key":"Strength Potion"},{"floor":4.0,"key":"Explosive Potion"},{"floor":7.0,"key":"DuplicationPotion"},{"floor":10.0,"key":"CultistPotion"},{"floor":19,"key":"Ancient Potion"},{"floor":19,"key":"EssenceOfDarkness"}],"is_trial":false,"path_per_floor":["M","M","$","M","?","R","E","R","T","M","M","M","$","M","R","B",null,"M","?","M","$","M","R","E"],"character_chosen":"DEFECT","items_purchased":["Panacea","Recycle","Lantern","Membership Card"],"campfire_rested":1,"item_purchase_floors":[3,13,13,21],"current_hp_per_floor":[54,54,54,47,81,81,56,56,56,52,48,43,43,49,49,57,75,61,61,37,37,46,70,0,0],"gold":90,"neow_bonus":"RANDOM_COLORLESS_2","is_daily":false,"chose_seed":false,"campfire_upgraded":3,"win_rate":0.0,"timestamp":1607711050,"path_taken":["M","M","$","M","?","R","E","R","T","M","M","?","$","M","R","BOSS","M","?","M","$","M","R","E"],"items_purchased_type":["Card","Card","Relic","Relic"],"build_version":"2020-11-30","purchased_purges":2,"victory":false,"max_hp_per_floor":[71,71,71,71,81,81,81,81,81,81,81,81,81,81,81,81,81,81,81,81,81,81,81,81,81],"relic_stats":{"counters":[13,64],"obtain_stats":[{"Lantern":13,"Oddly Smooth Stone":7,"Fusion Hammer":17,"Membership Card":21,"Cracked Core":0,"Meat on the Bone":9},{"Lantern":7,"Oddly Smooth Stone":4,"Fusion Hammer":9,"Membership Card":11,"Cracked Core":0,"Meat on the Bone":4},{"Lantern":29,"Oddly Smooth Stone":15,"Fusion Hammer":42,"Membership Card":53,"Cracked Core":0,"Meat on the Bone":15}],"Meat on the Bone":60},"card_choices":[{"not_picked":["Transmutation","Mayhem"],"picked":"HandOfGreed","floor":0.0},{"not_picked":["Leap","Go for the Eyes"],"picked":"Ball Lightning","floor":1.0},{"not_picked":["Blizzard","Leap"],"picked":"Fission","floor":2.0},{"not_picked":["Steam Power","Coolheaded"],"picked":"Go for the Eyes","floor":4.0},{"not_picked":["Fusion","Rebound"],"picked":"Auto Shields","floor":7.0},{"not_picked":["Redo","Scrape"],"picked":"Steam","floor":10.0},{"not_picked":["Heatsinks","Rainbow"],"picked":"Capacitor","floor":11.0},{"not_picked":["Rebound","Beam Cell"],"picked":"FTL","floor":12.0},{"not_picked":["Beam Cell","Gash"],"picked":"Self Repair","floor":14.0},{"not_picked":["Meteor Strike","Thunder Strike"],"picked":"Echo Form","floor":16.0},{"not_picked":["Sweeping Beam","Streamline"],"picked":"White Noise","floor":18},{"not_picked":["FTL","Reprogram"],"picked":"Force Field","floor":20},{"not_picked":["Beam Cell","Rip and Tear"],"picked":"Lockon+1","floor":22}],"player_experience":977332,"relics_obtained":[{"floor":7.0,"key":"Oddly Smooth Stone"},{"floor":9.0,"key":"Meat on the Bone"}],"event_choices":[{"cards_removed":["Fission"],"damage_healed":24.0,"max_hp_gain":10.0,"max_hp_loss":0.0,"gold_gain":0.0,"event_name":"Bonfire Elementals","player_choice":"Offered Rare","floor":5.0,"gold_loss":0.0,"damage_taken":0.0},{"damage_healed":0,"gold_gain":0,"player_choice":"Bought 2 Potions","damage_taken":0,"max_hp_gain":0,"max_hp_loss":0,"event_name":"The Woman in Blue","floor":19,"gold_loss":0}],"is_beta":false,"boss_relics":[{"not_picked":["Cursed Key","Ectoplasm"],"picked":"Fusion Hammer"}],"items_purged_floors":[3,21],"is_endless":false,"potions_floor_spawned":[1,4,7,10,22],"killed_by":"Book of Stabbing","ascension_level":20}}