{"host":"o7j6aatxjwpw1421","time":1607701722,"event":{"mods":["2.2 Compatiblity","BaseMod","Colored Map","DeckTracker","Highlight Path","Keyboard Shortcuts","Minty Spire (QoL Compilation)","Permanent Neow","Quick Restart","StSLib","SuperFastMode","everything is the same but u backflip on backflip"],"gold_per_floor":[111,186,186,212,238,250,280,292,329,351,375,400,412,278,290,399,411,443,474,486,498,498],"floor_reached":21,"playtime":1210,"items_purged":[],"score":268,"play_id":"ae22eb96-6480-427a-8d6e-22b9df3e5c23","local_time":"20201212004842","is_ascension_mode":true,"campfire_choices":[{"data":"Quick Slash","floor":6.0,"key":"SMITH"},{"data":"Poisoned Stab","floor":8.0,"key":"SMITH"},{"data":"Deadly Poison","floor":13.0,"key":"SMITH"},{"floor":15.0,"key":"REST"}],"circlet_count":0,"master_deck":["AscendersBane","Strike_G","Strike_G","Strike_G","Defend_G","Defend_G","Defend_G","Defend_G","Defend_G","Survivor","Neutralize","Quick Slash+1","Deadly Poison+1","Poisoned Stab+1","Backflip","Crippling Poison","Backflip","Adrenaline","Well Laid Plans","Flechettes+1","Backstab"],"relics":["Ring of the Snake","MawBank","Dream Catcher","Ornamental Fan","WristBlade"],"acts_visited":["Exordium","TheCity"],"potions_floor_usage":[21],"damage_taken":[{"damage":7.0,"enemies":"Cultist","floor":1.0,"turns":5.0},{"damage":1.0,"enemies":"Jaw Worm","floor":4.0,"turns":6.0},{"damage":3.0,"enemies":"2 Louse","floor":5.0,"turns":4.0},{"damage":10.0,"enemies":"Exordium Thugs","floor":7.0,"turns":7.0},{"damage":1.0,"enemies":"Exordium Wildlife","floor":10.0,"turns":4.0},{"damage":0.0,"enemies":"Looter","floor":11.0,"turns":3.0},{"damage":0.0,"enemies":"3 Louse","floor":12.0,"turns":4.0},{"damage":34.0,"enemies":"The Guardian","floor":16.0,"turns":9.0},{"damage":7.0,"enemies":"Chosen","floor":18.0,"turns":5.0},{"damage":8,"enemies":"3 Byrds","floor":19,"turns":9},{"damage":11,"enemies":"Sentry and Sphere","floor":21,"turns":5}],"seed_played":"-1216845906046596816","potions_obtained":[{"floor":4.0,"key":"Dexterity Potion"},{"floor":10.0,"key":"BlessingOfTheForge"},{"floor":11.0,"key":"SteroidPotion"},{"floor":19,"key":"SkillPotion"}],"is_trial":false,"path_per_floor":["M","?","T","M","M","R","M","R","T","M","M","M","R","?","R","B",null,"M","M","?","M"],"character_chosen":"THE_SILENT","items_purchased":[],"campfire_rested":1,"item_purchase_floors":[],"current_hp_per_floor":[56,45,45,44,41,41,31,31,31,30,30,30,30,30,48,14,51,44,36,36,25,25],"gold":498,"neow_bonus":"REMOVE_TWO","is_daily":false,"chose_seed":false,"campfire_upgraded":3,"win_rate":0.0,"timestamp":1607701722,"path_taken":["M","?","?","?","M","R","M","R","T","M","M","M","R","?","R","BOSS","M","M","?","M"],"items_purchased_type":[],"build_version":"2020-11-30","purchased_purges":0,"victory":false,"max_hp_per_floor":[63,63,63,63,63,63,63,63,63,63,63,63,63,63,63,63,63,63,63,63,63,63],"card_choices":[{"not_picked":["Sucker Punch","Deadly Poison"],"picked":"Quick Slash","floor":1.0},{"not_picked":["Bouncing Flask","Eviscerate","Flying Knee"],"picked":"SKIP","floor":4.0},{"not_picked":["Footwork","PiercingWail"],"picked":"Deadly Poison","floor":5.0},{"not_picked":["Underhanded Strike","Infinite Blades"],"picked":"Poisoned Stab","floor":7.0},{"not_picked":["Deadly Poison","Finisher"],"picked":"Backflip","floor":10.0},{"not_picked":["Quick Slash","Dodge and Roll","Outmaneuver"],"picked":"SKIP","floor":11.0},{"not_picked":["Dodge and Roll","Bane"],"picked":"Crippling Poison","floor":12.0},{"not_picked":["Blade Dance","Quick Slash"],"picked":"Backflip","floor":15.0},{"not_picked":["After Image","Bullet Time"],"picked":"Adrenaline","floor":16.0},{"not_picked":["Quick Slash+1","Blade Dance"],"picked":"Well Laid Plans","floor":18.0},{"not_picked":["Flying Knee","Quick Slash"],"picked":"Flechettes+1","floor":19}],"player_experience":195756,"relics_obtained":[{"floor":3.0,"key":"MawBank"},{"floor":9.0,"key":"Dream Catcher"}],"event_choices":[{"damage_healed":0.0,"max_hp_gain":0.0,"max_hp_loss":0.0,"gold_gain":75.0,"event_name":"World of Goop","player_choice":"Gather Gold","floor":2.0,"gold_loss":0.0,"damage_taken":11.0},{"damage_healed":0.0,"max_hp_gain":0.0,"max_hp_loss":0.0,"gold_gain":0.0,"event_name":"WeMeetAgain","player_choice":"Paid Gold","floor":14.0,"gold_loss":146.0,"damage_taken":0.0,"relics_obtained":["Ornamental Fan"]},{"damage_healed":0,"gold_gain":0,"player_choice":"Read","damage_taken":0,"max_hp_gain":0,"max_hp_loss":0,"event_name":"The Library","floor":20,"gold_loss":0,"cards_obtained":["Backstab"]}],"is_beta":false,"boss_relics":[{"not_picked":["Philosopher\u0027s Stone","Runic Pyramid"],"picked":"WristBlade"}],"items_purged_floors":[],"is_endless":false,"potions_floor_spawned":[4,10,11,19],"killed_by":"Sentry and Sphere","ascension_level":11}}