{"host":"6dq5cacqmvs00yuc","time":1607701430,"event":{"mods":["BaseMod","Colored Map","Downfall","Minty Spire (QoL Compilation)","Quick Restart","Replay The Spire","StSLib"],"gold_per_floor":[111,122,136,136,135,135,135,169,193,212,253,282,282,62,62,174,174,205,223,249,0,20,60,111,111,111,111,111,111,136,161,161,262,262,280,280,116,116,150,181,210,210,210,210,246,274,307,326,326,332],"floor_reached":51,"playtime":3237,"items_purged":["Clumsy","Languid","Strike_B"],"score":1079,"play_id":"91f9f83f-4216-489e-aa2c-a5541d4f9bb3","local_time":"20201211094350","is_ascension_mode":true,"campfire_choices":[{"data":"Zap","floor":6.0,"key":"SMITH"},{"data":"Zap","floor":13.0,"key":"SMITH"},{"floor":15.0,"key":"REST"},{"floor":25.0,"key":"REST"},{"floor":28.0,"key":"REST"},{"floor":32.0,"key":"REST"},{"data":"Fission","floor":42,"key":"SMITH"},{"data":"Defragment","floor":44,"key":"SMITH"},{"floor":49,"key":"REST"}],"circlet_count":0,"master_deck":["Strike_B","Defend_B","Defend_B","Defend_B","Defend_B+1","Zap+1","Dualcast","Cold Snap+1","Glacier","Genetic Algorithm","Zap+1","Chaos+1","Streamline","Hologram","Doom and Gloom","Conserve Battery","Defragment+1","Fission+1","Capacitor+1","Redo+1","Sweeping Beam","Reboot","Capacitor+1","Barrage+1","ReplaySort","Defragment+1","Electrodynamics","White Noise","Sunder","Static Discharge+1","Rip and Tear+1","Skim+1","ReplaySolidLightProjector","Chaos+1","Leap+1","Consume+1"],"relics":["Cracked Core","NeowsBlessing","ReplayTheSpireMod:CursedCoin","Ring of Shattering","ReplayTheSpireMod:Ring of Addiction","White Beast Statue","Potion Belt","Happy Flower","Replay:Bandana","Blood Vial","Gremlin Food","Nuclear Battery","Replay:Frozen Program","Gremlin Horn","Toy Ornithopter","Regal Pillow","Nilry\u0027s Codex","SlaversCollar","Replay:Towering Pillar of Hats","Anchor","ReplayTheSpireMod:Lightbulb","Replay:Mystery Machine"],"acts_visited":["Exordium","TheCity","TheBeyond"],"potions_floor_usage":[39,40,41,41,46,47,48,48],"damage_taken":[{"damage":0.0,"enemies":"Jaw Worm","floor":1.0,"turns":1.0},{"damage":0.0,"enemies":"Cultist","floor":2.0,"turns":1.0},{"damage":0.0,"enemies":"2 Louse","floor":3.0,"turns":1.0},{"damage":5.0,"enemies":"Lagavulin","floor":8.0,"turns":7.0},{"damage":1.0,"enemies":"Exordium Wildlife","floor":10.0,"turns":5.0},{"damage":23.0,"enemies":"Gremlin Nob","floor":11.0,"turns":4.0},{"damage":0.0,"enemies":"Lots of Slimes","floor":12.0,"turns":4.0},{"damage":4.0,"enemies":"Slime Boss","floor":16.0,"turns":7.0},{"damage":0.0,"enemies":"Spheric Guardian","floor":18.0,"turns":3.0},{"damage":12.0,"enemies":"Chosen","floor":19.0,"turns":7.0},{"damage":17.0,"enemies":"Centurion and Healer","floor":20.0,"turns":10.0},{"damage":9.0,"enemies":"Shelled Parasite and Fungi","floor":22.0,"turns":5.0},{"damage":35.0,"enemies":"Gremlin Leader","floor":23.0,"turns":8.0},{"damage":0.0,"enemies":"Sentry and Sphere","floor":30.0,"turns":4.0},{"damage":0.0,"enemies":"Cultist and Chosen","floor":31.0,"turns":5.0},{"damage":8.0,"enemies":"Automaton","floor":33.0,"turns":9.0},{"damage":29.0,"enemies":"Orb Walker","floor":35.0,"turns":3.0},{"damage":0,"enemies":"3 Darklings","floor":39,"turns":3},{"damage":1,"enemies":"R_Hoarder","floor":40,"turns":8},{"damage":5,"enemies":"Maw","floor":41,"turns":6},{"damage":7,"enemies":"Giant Head","floor":45,"turns":8},{"damage":14,"enemies":"4 Shapes","floor":46,"turns":4},{"damage":5,"enemies":"R_Hoarder","floor":47,"turns":7},{"damage":11,"enemies":"Writhing Mass","floor":48,"turns":5},{"damage":57,"enemies":"Awakened One","floor":50,"turns":9}],"seed_played":"-3073309369741410099","potions_obtained":[{"floor":3.0,"key":"CultistPotion"},{"floor":7.0,"key":"BlessingOfTheForge"},{"floor":7.0,"key":"LifebloodPotion"},{"floor":7.0,"key":"Elixir"},{"floor":8.0,"key":"Venom Potion"},{"floor":10.0,"key":"sneckomod:MuddlingPotion"},{"floor":11.0,"key":"hexamod:EctoCoolerPotion"},{"floor":12.0,"key":"Toxic Potion"},{"floor":16.0,"key":"ColorlessPotion"},{"floor":18.0,"key":"FocusPotion"},{"floor":19.0,"key":"LifebloodPotion"},{"floor":20.0,"key":"PowerPotion"},{"floor":22.0,"key":"Weak Potion"},{"floor":23.0,"key":"Guardian:BlockOnCardUsePotion"},{"floor":24.0,"key":"SpeedPotion"},{"floor":30.0,"key":"ColorlessPotion"},{"floor":31.0,"key":"FocusPotion"},{"floor":33.0,"key":"Milkshake"},{"floor":35.0,"key":"FearPotion"},{"floor":39,"key":"Swift Potion"},{"floor":40,"key":"Weak Potion"},{"floor":41,"key":"SteroidPotion"},{"floor":45,"key":"Explosive Potion"},{"floor":46,"key":"sneckomod:MuddlingPotion"},{"floor":47,"key":"sneckomod:MuddlingPotion"},{"floor":48,"key":"SmokeBomb"}],"is_trial":false,"path_per_floor":["M","M","M","?","$","R","?","E","T","M","E","M","R","$","R","B",null,"M","M","M","$","M","E","?","R","T","?","R","?","M","M","R","B",null,"M","?","$","?","M","E","M","R","T","R","E","M","E","M","R","B",null],"character_chosen":"DEFECT","items_purchased":["ReplayTheSpireMod:CursedCoin","Chaos","Gremlin Food","Defragment","Replay:Frozen Program","Sunder"],"campfire_rested":5,"item_purchase_floors":[5,5,14,14,21,37],"current_hp_per_floor":[68,68,68,68,68,68,68,63,63,62,39,41,41,41,63,61,70,72,61,46,46,39,6,6,27,27,14,51,35,37,44,74,66,72,45,45,45,45,52,58,65,65,65,65,60,53,55,56,70,13],"gold":332,"neow_bonus":"THREE_ENEMY_KILL","is_daily":false,"chose_seed":false,"campfire_upgraded":4,"win_rate":0.0,"timestamp":1607701430,"path_taken":["M","M","M","?","?","R","?","E","T","?","E","M","R","?","R","BOSS","M","M","M","$","M","E","?","R","T","?","R","?","M","M","R","BOSS","M","?","$","?","?","E","M","R","T","R","E","M","E","M","R","BOSS"],"items_purchased_type":["Relic","Card","Relic","Card","Relic","Card"],"build_version":"2020-11-30","purchased_purges":3,"victory":true,"max_hp_per_floor":[75,75,75,75,75,75,75,75,75,75,75,75,75,75,75,73,73,73,73,73,73,73,73,73,73,73,76,76,76,74,74,74,74,74,74,74,72,72,72,72,72,72,72,72,70,70,70,70,70,70],"card_choices":[{"not_picked":["Hologram","Hello World"],"picked":"Cold Snap","floor":1.0},{"not_picked":["Conserve Battery","Darkness"],"picked":"Glacier","floor":2.0},{"not_picked":["Go for the Eyes","Self Repair"],"picked":"Genetic Algorithm","floor":3.0},{"not_picked":["ReplayTheSpireMod:GoodbyeWorld","Thunder Strike"],"picked":"Streamline","floor":8.0},{"not_picked":["Go for the Eyes","Sweeping Beam"],"picked":"Hologram","floor":10.0},{"not_picked":["Panic Button","BasicCrystalCard"],"picked":"Doom and Gloom","floor":11.0},{"not_picked":["Lockon","Redo"],"picked":"Conserve Battery","floor":12.0},{"not_picked":["Multi-Cast","Creative AI"],"picked":"Fission","floor":16.0},{"not_picked":["Barrage","Conserve Battery"],"picked":"Capacitor","floor":18.0},{"not_picked":["Coolheaded","FIFO Queue"],"picked":"Redo+1","floor":19.0},{"not_picked":["Rebound","Compile Driver"],"picked":"Sweeping Beam","floor":20.0},{"not_picked":["Genetic Algorithm+1","Rebound","Gash"],"picked":"SKIP","floor":22.0},{"not_picked":["Recycle","Stack+1"],"picked":"Reboot","floor":23.0},{"not_picked":["Genetic Algorithm","Sunder"],"picked":"Capacitor+1","floor":24.0},{"not_picked":["Hello World","Beam Cell"],"picked":"Barrage","floor":24.0},{"not_picked":["Heatsinks","Leap"],"picked":"ReplaySort","floor":30.0},{"not_picked":["Stack+1","Storm"],"picked":"Defragment+1","floor":31.0},{"not_picked":["Meteor Strike","ReplayRNGCard"],"picked":"Electrodynamics","floor":33.0},{"not_picked":["Loop","Redo+1"],"picked":"White Noise","floor":35.0},{"not_picked":["Turbo","Stack+1"],"picked":"Static Discharge+1","floor":39},{"not_picked":["Crystallizer","Melter"],"picked":"Rip and Tear+1","floor":40},{"not_picked":["Lockon","All For One"],"picked":"Skim+1","floor":41},{"not_picked":["Stack","Ball Lightning"],"picked":"ReplaySolidLightProjector","floor":45},{"not_picked":["Stack","Crystallizer+1"],"picked":"Chaos+1","floor":46},{"not_picked":["Go for the Eyes","Cold Snap"],"picked":"Leap+1","floor":47},{"not_picked":["Steam","ReplayGash+1"],"picked":"Consume+1","floor":48}],"player_experience":734989,"relics_obtained":[{"floor":7.0,"key":"Ring of Shattering"},{"floor":7.0,"key":"ReplayTheSpireMod:Ring of Addiction"},{"floor":7.0,"key":"White Beast Statue"},{"floor":7.0,"key":"Potion Belt"},{"floor":8.0,"key":"Happy Flower"},{"floor":9.0,"key":"Replay:Bandana"},{"floor":11.0,"key":"Blood Vial"},{"floor":23.0,"key":"Gremlin Horn"},{"floor":24.0,"key":"Toy Ornithopter"},{"floor":26.0,"key":"Regal Pillow"},{"floor":29.0,"key":"Nilry\u0027s Codex"},{"floor":40,"key":"Replay:Towering Pillar of Hats"},{"floor":43,"key":"Anchor"},{"floor":45,"key":"ReplayTheSpireMod:Lightbulb"},{"floor":47,"key":"Replay:Mystery Machine"}],"event_choices":[{"damage_healed":0.0,"max_hp_gain":0.0,"max_hp_loss":0.0,"gold_gain":0.0,"event_name":"Match and Keep!","player_choice":"1 cards matched","floor":4.0,"gold_loss":0.0,"damage_taken":0.0,"cards_obtained":["Zap"]},{"damage_healed":0.0,"max_hp_gain":5.0,"max_hp_loss":0.0,"gold_gain":0.0,"event_name":"Forgotten Altar","player_choice":"Shed Blood","floor":27.0,"gold_loss":0.0,"damage_taken":18.0},{"damage_healed":0.0,"max_hp_gain":0.0,"max_hp_loss":0.0,"gold_gain":0.0,"event_name":"Cursed Tome","player_choice":"Obtained Book","floor":29.0,"gold_loss":0.0,"damage_taken":16.0},{"cards_removed":["Strike_B"],"damage_healed":0.0,"max_hp_gain":0.0,"max_hp_loss":0.0,"gold_gain":0.0,"event_name":"Falling","player_choice":"Removed Attack","floor":36.0,"gold_loss":0.0,"damage_taken":0.0},{"cards_removed":["Strike_B"],"damage_healed":0.0,"max_hp_gain":0.0,"max_hp_loss":0.0,"gold_gain":0.0,"event_name":"Purifier","player_choice":"Purged","floor":38.0,"gold_loss":0.0,"damage_taken":0.0}],"is_beta":false,"boss_relics":[{"not_picked":["Philosopher\u0027s Stone","Coffee Dripper"],"picked":"Nuclear Battery"},{"not_picked":["Abe\u0027s Treasure","Replay:Bronze Core"],"picked":"SlaversCollar"}],"items_purged_floors":[5,21,37],"is_endless":false,"potions_floor_spawned":[3,8,10,11,12,16,18,19,20,22,23,30,31,33,35,39,40,41,45,46,47,48],"ascension_level":8}}