{"host":"3a1ypf1irl30q4k8","time":1607717148,"event":{"mods":["AchievementEnabler","BaseMod","Bestiary","Colored Map","Minty Spire (QoL Compilation)","Relic Stats"],"gold_per_floor":[112,126,136,136,211,211,252,252,252,46,61,86,86,104,104,104,104],"floor_reached":16,"playtime":648,"items_purged":[],"score":179,"play_id":"15c2cc5d-0d51-4f65-9be6-f1e1ea154b74","local_time":"20201211200548","is_ascension_mode":true,"campfire_choices":[{"data":"Iron Wave","floor":6,"key":"SMITH"},{"floor":13,"key":"REST"},{"data":"Hemokinesis","floor":15,"key":"SMITH"}],"circlet_count":0,"master_deck":["AscendersBane","Strike_R","Strike_R","Strike_R","Strike_R","Strike_R","Defend_R","Defend_R","Defend_R","Defend_R","Bash","Seeing Red","Whirlwind","Iron Wave+1","Cleave","True Grit","Second Wind","True Grit","Hemokinesis+1"],"relics":["Burning Blood","Golden Idol","InkBottle","Smiling Mask","Self Forming Clay","Orichalcum"],"acts_visited":["Exordium"],"potions_floor_usage":[7,12,14,16],"damage_taken":[{"damage":7,"enemies":"2 Louse","floor":1,"turns":3},{"damage":12,"enemies":"Jaw Worm","floor":2,"turns":3},{"damage":6,"enemies":"Cultist","floor":3,"turns":3},{"damage":43,"enemies":"3 Sentries","floor":7,"turns":10},{"damage":8,"enemies":"Exordium Thugs","floor":11,"turns":5},{"damage":5,"enemies":"2 Fungi Beasts","floor":12,"turns":3},{"damage":9,"enemies":"Gremlin Gang","floor":14,"turns":3},{"damage":41,"enemies":"The Guardian","floor":16,"turns":14}],"seed_played":"5784363044417852811","potions_obtained":[{"floor":2,"key":"PowerPotion"},{"floor":7,"key":"DistilledChaos"},{"floor":12,"key":"LiquidBronze"},{"floor":14,"key":"SkillPotion"}],"is_trial":false,"path_per_floor":["M","M","M","?","?","R","E","T","T","$","M","M","R","M","R","B"],"character_chosen":"IRONCLAD","items_purchased":["True Grit","Orichalcum"],"campfire_rested":1,"item_purchase_floors":[10,10],"current_hp_per_floor":[74,68,68,68,57,57,20,20,20,20,18,19,41,38,38,0,0],"gold":104,"neow_bonus":"TEN_PERCENT_HP_BONUS","is_daily":false,"chose_seed":false,"campfire_upgraded":2,"win_rate":0.0,"timestamp":1607717148,"path_taken":["M","M","M","?","?","R","E","?","T","$","M","M","R","M","R","BOSS"],"items_purchased_type":["Card","Relic"],"build_version":"2020-11-30","purchased_purges":0,"victory":false,"max_hp_per_floor":[82,82,82,74,74,74,74,74,74,74,74,74,74,74,74,74,74],"relic_stats":{"counters":[8,44],"Golden Idol":20,"Self Forming Clay":[36],"Orichalcum":[30],"Smiling Mask":0,"obtain_stats":[{"Golden Idol":4,"Self Forming Clay":9,"Orichalcum":10,"Smiling Mask":8,"Burning Blood":0,"InkBottle":7},{"Golden Idol":3,"Self Forming Clay":4,"Orichalcum":4,"Smiling Mask":4,"Burning Blood":0,"InkBottle":4},{"Golden Idol":9,"Self Forming Clay":19,"Orichalcum":19,"Smiling Mask":19,"Burning Blood":0,"InkBottle":19}],"Burning Blood":42,"InkBottle":[6]},"card_choices":[{"not_picked":["Anger","Flex"],"picked":"Seeing Red","floor":1},{"not_picked":["Warcry","Dropkick"],"picked":"Whirlwind","floor":2},{"not_picked":["Perfected Strike","Searing Blow"],"picked":"Iron Wave","floor":3},{"not_picked":["Flex","Body Slam"],"picked":"Cleave","floor":7},{"not_picked":["Anger","Sword Boomerang"],"picked":"Second Wind","floor":11},{"not_picked":["Havoc","Thunderclap"],"picked":"True Grit","floor":12},{"not_picked":["Iron Wave","Bloodletting"],"picked":"Hemokinesis","floor":14}],"player_experience":814091,"relics_obtained":[{"floor":7,"key":"InkBottle"},{"floor":8,"key":"Smiling Mask"},{"floor":9,"key":"Self Forming Clay"}],"event_choices":[{"damage_healed":0,"gold_gain":0,"player_choice":"Lose Max HP","damage_taken":0,"relics_obtained":["Golden Idol"],"max_hp_gain":0,"max_hp_loss":8,"event_name":"Golden Idol","floor":4,"gold_loss":0},{"damage_healed":0,"gold_gain":75,"player_choice":"Gather Gold","damage_taken":11,"max_hp_gain":0,"max_hp_loss":0,"event_name":"World of Goop","floor":5,"gold_loss":0}],"is_beta":false,"boss_relics":[],"items_purged_floors":[],"is_endless":false,"potions_floor_spawned":[2,7,12,14],"killed_by":"The Guardian","ascension_level":15}}