{"host":"wshh0nphwn6jv7vj","time":1607678638,"event":{"mods":["BaseMod","Bestiary","Minty Spire (QoL Compilation)"],"gold_per_floor":[119,134,209,220,220,248,258,258,258],"floor_reached":8,"playtime":335,"items_purged":[],"score":102,"play_id":"00d89991-c6c2-402a-82b0-4dcf1685211e","local_time":"20201211042358","is_ascension_mode":true,"campfire_choices":[],"circlet_count":0,"master_deck":["AscendersBane","Strike_R","Strike_R","Strike_R","Strike_R","Strike_R","Defend_R","Defend_R","Defend_R","Defend_R","Bash","Reaper","Anger","Reaper","Feel No Pain","Ghostly Armor"],"relics":["Burning Blood","Turnip"],"acts_visited":["Exordium"],"potions_floor_usage":[],"damage_taken":[{"damage":4,"enemies":"Small Slimes","floor":1,"turns":4},{"damage":4,"enemies":"2 Louse","floor":2,"turns":4},{"damage":6,"enemies":"Cultist","floor":4,"turns":3},{"damage":47,"enemies":"Lagavulin","floor":6,"turns":8},{"damage":16,"enemies":"2 Fungi Beasts","floor":7,"turns":5},{"damage":47,"enemies":"Gremlin Nob","floor":8,"turns":4}],"seed_played":"5691976457875798871","potions_obtained":[{"floor":6,"key":"Dexterity Potion"}],"is_trial":false,"path_per_floor":["M","M","?","M","?","E","M","E"],"character_chosen":"IRONCLAD","items_purchased":[],"campfire_rested":0,"item_purchase_floors":[],"current_hp_per_floor":[60,65,54,54,54,21,27,0,0],"gold":258,"neow_bonus":"THREE_RARE_CARDS","is_daily":false,"chose_seed":false,"campfire_upgraded":0,"win_rate":0.0,"timestamp":1607678638,"path_taken":["M","M","?","M","?","E","M","E"],"items_purchased_type":[],"build_version":"2020-11-30","purchased_purges":0,"victory":false,"max_hp_per_floor":[75,75,75,75,75,75,75,75,75],"card_choices":[{"not_picked":["Impervious","Corruption"],"picked":"Reaper","floor":0},{"not_picked":["Perfected Strike","Wild Strike"],"picked":"Anger","floor":1},{"not_picked":["Wild Strike","Searing Blow"],"picked":"Reaper","floor":2},{"not_picked":["Havoc","Pommel Strike"],"picked":"Feel No Pain","floor":4},{"not_picked":["Thunderclap","Anger","Wild Strike"],"picked":"SKIP","floor":6},{"not_picked":["Anger","Rupture"],"picked":"Ghostly Armor","floor":7}],"player_experience":1370688,"relics_obtained":[{"floor":6,"key":"Turnip"}],"event_choices":[{"damage_healed":0,"gold_gain":75,"player_choice":"Gather Gold","damage_taken":11,"max_hp_gain":0,"max_hp_loss":0,"event_name":"World of Goop","floor":3,"gold_loss":0},{"damage_healed":0,"gold_gain":0,"player_choice":"0 cards matched","damage_taken":0,"max_hp_gain":0,"max_hp_loss":0,"event_name":"Match and Keep!","floor":5,"gold_loss":0,"cards_obtained":[]}],"is_beta":false,"boss_relics":[],"items_purged_floors":[],"is_endless":false,"potions_floor_spawned":[6],"killed_by":"Gremlin Nob","ascension_level":15}}