{"host":"o7j6aatxjwpw1421","time":1607676085,"event":{"mods":["2.2 Compatiblity","BaseMod","Colored Map","DeckTracker","Highlight Path","Keyboard Shortcuts","Minty Spire (QoL Compilation)","Permanent Neow","Quick Restart","StSLib","SuperFastMode","everything is the same but u backflip on backflip"],"gold_per_floor":[114,131,149,149,71,71,71],"floor_reached":6,"playtime":499,"items_purged":[],"score":50,"play_id":"783b789c-cffd-4885-967a-0b8e0977e7ce","local_time":"20201211174125","is_ascension_mode":true,"campfire_choices":[],"circlet_count":0,"master_deck":["Strike_G","Strike_G","Strike_G","Strike_G","Strike_G","Defend_G","Defend_G","Defend_G","Defend_G","Defend_G","Survivor","Neutralize","Tactician","Poisoned Stab","Footwork","Pain","Glass Knife"],"relics":["Ring of the Snake","WarpedTongs"],"acts_visited":[],"potions_floor_usage":[],"damage_taken":[{"damage":0.0,"enemies":"Cultist","floor":1.0,"turns":4.0},{"damage":7.0,"enemies":"Small Slimes","floor":2.0,"turns":5.0},{"damage":0.0,"enemies":"Jaw Worm","floor":3.0,"turns":4.0},{"damage":22,"enemies":"3 Sentries","floor":6,"turns":5}],"seed_played":"7960715043398858930","potions_obtained":[],"is_trial":false,"path_per_floor":["M","M","M","?","$","E"],"character_chosen":"THE_SILENT","items_purchased":["Glass Knife"],"campfire_rested":0,"item_purchase_floors":[5],"current_hp_per_floor":[45,38,38,38,38,16,16],"gold":71,"neow_bonus":"RANDOM_COLORLESS_2","is_daily":false,"chose_seed":false,"campfire_upgraded":0,"win_rate":0.0,"timestamp":1607676085,"path_taken":["M","?","M","?","$","E"],"items_purchased_type":["Card"],"build_version":"2020-11-30","purchased_purges":0,"victory":false,"max_hp_per_floor":[70,70,70,70,70,70,70],"card_choices":[{"not_picked":["Master of Strategy","Transmutation"],"picked":"Secret Technique","floor":0.0},{"not_picked":["Backflip","Slice"],"picked":"Tactician","floor":1.0},{"not_picked":["Underhanded Strike","Prepared"],"picked":"Poisoned Stab","floor":2.0},{"not_picked":["Dodge and Roll","Outmaneuver"],"picked":"Footwork","floor":3.0}],"player_experience":173729,"relics_obtained":[],"event_choices":[{"damage_healed":0.0,"max_hp_gain":0.0,"max_hp_loss":0.0,"gold_gain":0.0,"event_name":"Accursed Blacksmith","player_choice":"Rummage","floor":4.0,"gold_loss":0.0,"damage_taken":0.0,"relics_obtained":["WarpedTongs"],"cards_obtained":["Pain"]}],"is_beta":false,"boss_relics":[],"items_purged_floors":[],"is_endless":false,"potions_floor_spawned":[],"killed_by":"3 Sentries","ascension_level":8}}