{"host":"3j2m8n0ywf988fwb","time":1607670994,"event":{"mods":["Aspiration","BaseMod","Beaked The Cultist","Better Altar","Better Match","Better Note","Better Sensory Stone","Better Skull","Better Third Choice","CCEM","Colored Map","Colored Powertips","Conspire","Energized Spire","GifTheSpireLib","Googly Eyes","Halation","Highlight Path","Hubris","Jedi Mod","Marisa????????","Marked Mod","Mimic Mod","Minty Spire (QoL Compilation)","Random Character Button","Relic Stats","Replay The Spire","Robot Space Explorer","Shop Mod","Somnambulant","StSLib","Stuff the Spire","The Bug Knight","The Hierophant","The Runesmith","TheFirefly","Unceasing Turn Reminder","everything is the same but u backflip on backflip"],"gold_per_floor":[119,119,69,87,120,147,147,164,164,164,189,189,189,189,189,330,330,357,357,357,377,154,154,210,210,210],"floor_reached":25,"playtime":1277,"items_purged":["Injury"],"score":342,"play_id":"90b5ec0a-2a27-4663-b0bf-99c9d6d909f0","local_time":"20201211011634","is_ascension_mode":true,"campfire_choices":[{"data":"Noxious Fumes","floor":7,"key":"SMITH"},{"data":"Neutralize","floor":12,"key":"SMITH"},{"floor":15,"key":"REST"},{"data":"Neutralize","floor":23,"key":"SMITH"}],"circlet_count":0,"master_deck":["Strike_G","Strike_G","Strike_G","Strike_G","Strike_G","Defend_G","Defend_G","Defend_G","Defend_G","Defend_G","Survivor","Neutralize+1","Parasite","Dagger Spray","Noxious Fumes+1","conspire:SpireCoStock","Draining Mist","Eviscerate","Deadly Poison","jedi:collectorvenom","Neutralize+1","Poisoned Stab","Draining Mist","Draining Mist","Poisoned Stab"],"relics":["Ring of the Snake","FossilizedHelix","Vampiric Spirits","Ornamental Fan","Golden Idol","energizedSpire:EnergizedDie","MerchantsRug","Vajra"],"acts_visited":["Exordium","TheCity"],"potions_floor_usage":[24,24,24],"damage_taken":[{"damage":0,"enemies":"2 Louse","floor":1,"turns":4},{"damage":0,"enemies":"conspire:RoseBush","floor":4,"turns":6},{"damage":0,"enemies":"Small Slimes","floor":5,"turns":4},{"damage":0,"enemies":"HollowMod:MossKnight","floor":6,"turns":9},{"damage":16,"enemies":"3 Louse","floor":8,"turns":3},{"damage":7,"enemies":"2 Fungi Beasts","floor":11,"turns":4},{"damage":47,"enemies":"Hexaghost","floor":16,"turns":11},{"damage":1,"enemies":"3 Byrds","floor":18,"turns":5},{"damage":0,"enemies":"Chosen","floor":21,"turns":4},{"damage":54,"enemies":"Slavers","floor":24,"turns":9},{"damage":10,"enemies":"Snecko","floor":25,"turns":3}],"seed_played":"-8441511670020797325","potions_obtained":[{"floor":4,"key":"Milkshake"},{"floor":11,"key":"DistilledChaos"},{"floor":16,"key":"LifebloodPotion"},{"floor":18,"key":"Block Potion"}],"is_trial":false,"path_per_floor":["M","?","?","M","M","E","R","M","T","?","M","R","?","?","R","B",null,"M","?","?","M","$","R","E","M"],"character_chosen":"THE_SILENT","items_purchased":["Draining Mist","MerchantsRug"],"campfire_rested":1,"item_purchase_floors":[22,22],"current_hp_per_floor":[63,63,63,63,63,63,63,47,47,47,40,40,40,40,61,14,56,56,56,56,57,57,57,4,0,0],"gold":210,"neow_bonus":"ONE_RARE_RELIC","is_daily":false,"chose_seed":false,"campfire_upgraded":3,"win_rate":0.0,"timestamp":1607670994,"path_taken":["M","?","?","M","M","E","R","M","T","?","?","R","?","?","R","BOSS","M","?","?","M","?","R","E","M"],"items_purchased_type":["Card","Relic"],"build_version":"2020-11-30","purchased_purges":1,"victory":false,"max_hp_per_floor":[70,70,70,70,70,70,70,70,70,70,70,70,70,70,70,70,70,70,70,70,70,70,70,70,70,70],"relic_stats":{"counters":[11,62],"Ornamental Fan":[20],"Golden Idol":41,"obtain_stats":[{"MerchantsRug":22,"Vampiric Spirits":6,"Ornamental Fan":9,"Golden Idol":14,"energizedSpire:EnergizedDie":17,"Vajra":24,"jedi:scrapmetal":10,"FossilizedHelix":0,"Ring of the Snake":0},{"MerchantsRug":9,"Vampiric Spirits":4,"Ornamental Fan":5,"Golden Idol":6,"energizedSpire:EnergizedDie":7,"Vajra":10,"jedi:scrapmetal":5,"FossilizedHelix":0,"Ring of the Snake":0},{"MerchantsRug":50,"Vampiric Spirits":23,"Ornamental Fan":26,"Golden Idol":30,"energizedSpire:EnergizedDie":41,"Vajra":59,"jedi:scrapmetal":26,"FossilizedHelix":0,"Ring of the Snake":0}],"Ring of the Snake":[22]},"card_choices":[{"not_picked":["Predator","hubris:SlightOfHand"],"picked":"Dagger Spray","floor":1},{"not_picked":["Blade Dance","Underhanded Strike"],"picked":"Draining Mist","floor":4},{"not_picked":["Dagger Throw","Terror"],"picked":"Eviscerate","floor":5},{"not_picked":["Calculated Gamble","StuffTheSpire:BrimstoneBlast"],"picked":"Deadly Poison","floor":6},{"not_picked":["Dagger Spray","Bane"],"picked":"jedi:collectorvenom","floor":8},{"not_picked":["Flechettes","Backflip","Quick Slash"],"picked":"SKIP","floor":11},{"not_picked":["jedi:rejectivetoxin","Venomology"],"picked":"jedi:collectorvenom","floor":16},{"not_picked":["Setup","Sucker Punch+1"],"picked":"jedi:collectorvenom","floor":18},{"not_picked":["StuffTheSpire:DoubleShiv+1","Hidden Blade"],"picked":"jedi:collectorvenom","floor":21},{"not_picked":["Masterful Stab+1","Dagger Spray"],"picked":"Poisoned Stab","floor":24}],"player_experience":959015,"relics_obtained":[{"floor":6,"key":"Vampiric Spirits"},{"floor":9,"key":"Ornamental Fan"},{"floor":24,"key":"Vajra"}],"event_choices":[{"damage_healed":0,"gold_gain":0,"player_choice":"Invest 1","damage_taken":0,"max_hp_gain":0,"max_hp_loss":0,"event_name":"conspire:Investor","floor":3,"gold_loss":0},{"damage_healed":0,"gold_gain":0,"player_choice":"Gave Potion","damage_taken":0,"relics_obtained":["jedi:scrapmetal"],"max_hp_gain":0,"max_hp_loss":0,"event_name":"WeMeetAgain","floor":10,"gold_loss":0},{"damage_healed":40,"gold_gain":0,"player_choice":"Leave","damage_taken":0,"max_hp_gain":0,"max_hp_loss":70,"event_name":"betterThird:BetterShining","floor":13,"gold_loss":0},{"damage_healed":0,"gold_gain":0,"player_choice":"Take Wound","damage_taken":0,"relics_obtained":["Golden Idol"],"max_hp_gain":0,"max_hp_loss":0,"event_name":"Golden Idol","floor":14,"gold_loss":0,"cards_obtained":["Injury"]},{"cards_removed":["Neutralize"],"damage_healed":0,"gold_gain":0,"player_choice":"Take \u0026 Give","damage_taken":0,"max_hp_gain":0,"max_hp_loss":0,"event_name":"betterNote:BetterNote","floor":19,"gold_loss":0,"cards_obtained":["Neutralize"]},{"damage_healed":0,"gold_gain":0,"player_choice":"Read","damage_taken":0,"max_hp_gain":0,"max_hp_loss":0,"event_name":"The Library","floor":20,"gold_loss":0,"cards_obtained":["Poisoned Stab"]}],"is_beta":false,"boss_relics":[{"not_picked":["aspiration:SecretTechniqueScroll","halation:SmartPhone"],"picked":"energizedSpire:EnergizedDie"}],"items_purged_floors":[22],"is_endless":false,"potions_floor_spawned":[4,11,16,18,21],"killed_by":"Snecko","ascension_level":8}}