{"host":"6csbbk4539itd1k2","time":1607692486,"event":{"mods":["BaseMod","Colored Powertips","Googly Eyes","Hermit","Minty Spire (QoL Compilation)","Replay The Spire","StSLib","SuperFastMode","The Bug Knight","The Cursed","The Hierophant","The Necromancer","The Servant 0.9.4"],"gold_per_floor":[110,110,40,59,69,95,95,121,174,174,184,184,4,68,68,169,169,180,180,95,112,112,143,76,103,103,128,146,164,164,199,211,320,332,360,391,403,176,195,225,241,271,271,321,331,43,43,43,43],"floor_reached":48,"playtime":7039,"items_purged":["Defend_W","Strike_W"],"score":631,"play_id":"5b2b6827-a6af-4560-8d0e-e3cf884acd77","local_time":"20201211141446","is_ascension_mode":false,"campfire_choices":[{"data":"Bone_Bullets","floor":7,"key":"SMITH"},{"floor":10,"key":"REST"},{"data":"Defend_W","floor":15,"key":"PURGE"},{"data":"Summon_Vampire_Lady","floor":30,"key":"SMITH"},{"data":"Whirlwind_of_Bones","floor":32,"key":"SMITH"},{"floor":47,"key":"REST"}],"circlet_count":0,"master_deck":["Strike_W","Strike_W","Strike_W","Negative_Energy_Arrows","Bone_Wall","Bone_Prison","Bone_Prison","Negative_Energy_Shield","Bone_Prison","Spectral_Armor","Shade_Step","Spectral_Armor","Slay_Living","Thousand_Bone_Knives","Summon_Vampire_Lady+1","Bone_Armor+1","Siphon_Strength","Whirlwind_of_Bones+1","Pot Of Greed","Pot Of Greed","Bone_Armor","Bone_Bullets","Thousand_Bone_Knives","Bone_Bullets","Pot Of Greed","Bone_Armor","Skeleton_Dragon","Siphon_Strength+1"],"relics":["Vampire_Amulet","Replay:Bottled Steam","Blood Vial","ReplayTheSpireMod:TigerMarble","InkBottle","SlaversCollar","Meat on the Bone","ReplayTheSpireMod:Ring of Exchange","Simple Rune","Dream Catcher","Grinning Jar","Pet Ghost","MawBank","Orrery","Bag of Preparation","Replay:Kaleidoscope","Replay:Accelerometer","Turnip","Anchor","Nunchaku"],"acts_visited":["Exordium","TheCity","TheBeyond"],"potions_floor_usage":[8,31,33,41],"damage_taken":[{"damage":1,"enemies":"Jaw Worm","floor":1,"turns":5},{"damage":0,"enemies":"Cultist","floor":4,"turns":5},{"damage":0,"enemies":"2 Louse","floor":5,"turns":3},{"damage":24,"enemies":"Gremlin Nob","floor":6,"turns":8},{"damage":22,"enemies":"Lagavulin","floor":8,"turns":8},{"damage":0,"enemies":"Large Slime","floor":11,"turns":8},{"damage":12,"enemies":"3 Sentries","floor":14,"turns":9},{"damage":2,"enemies":"Hexaghost","floor":16,"turns":12},{"damage":10,"enemies":"3 Byrds","floor":18,"turns":7},{"damage":3,"enemies":"Snake Plant","floor":21,"turns":7},{"damage":2,"enemies":"Replay:Snechameleon","floor":23,"turns":7},{"damage":2,"enemies":"HollowMod:Nosk","floor":25,"turns":10},{"damage":31,"enemies":"Shelled Parasite and Fungi","floor":28,"turns":9},{"damage":40,"enemies":"Cultist and Chosen","floor":29,"turns":9},{"damage":9,"enemies":"Slavers","floor":31,"turns":10},{"damage":18,"enemies":"Collector","floor":33,"turns":11},{"damage":10,"enemies":"Orb Walker","floor":35,"turns":5},{"damage":34,"enemies":"3 Darklings","floor":36,"turns":10},{"damage":40,"enemies":"Writhing Mass","floor":39,"turns":7},{"damage":1,"enemies":"Nemesis","floor":40,"turns":8},{"damage":25,"enemies":"Sphere and 2 Shapes","floor":41,"turns":5},{"damage":0,"enemies":"R_Hoarder","floor":42,"turns":7},{"damage":0,"enemies":"Mind Bloom Boss Battle","floor":44,"turns":6},{"damage":39,"enemies":"Spire Growth","floor":45,"turns":7},{"damage":92,"enemies":"Sphere and 2 Shapes","floor":48,"turns":7}],"seed_played":"7985822351697514758","potions_obtained":[{"floor":1,"key":"Fire Potion"},{"floor":5,"key":"SpeedPotion"},{"floor":11,"key":"LifebloodPotion"},{"floor":18,"key":"Dexterity Potion"},{"floor":21,"key":"Swift Potion"},{"floor":28,"key":"Weak Potion"},{"floor":31,"key":"SkillPotion"},{"floor":40,"key":"Explosive Potion"},{"floor":41,"key":"BlessingOfTheForge"}],"is_trial":false,"path_per_floor":["M","?","$","M","M","E","R","E","T","R","M","?","$","?","R","B",null,"M","?","?","M","?","E","$","E","T","T","M","M","R","E","R","B",null,"M","M","?","$","M","E","M","E","T","?","M","$","R","M"],"character_chosen":"NECROMANCER","items_purchased":["Bone_Prison","Spectral_Armor","Slay_Living","Whirlwind_of_Bones","Skeleton_Dragon","Anchor","Nunchaku"],"campfire_rested":2,"item_purchase_floors":[3,13,13,24,38,46,46],"current_hp_per_floor":[82,82,82,82,82,60,60,40,40,64,70,70,70,66,66,68,82,82,82,82,81,81,82,82,82,82,82,68,55,55,82,82,82,82,82,56,56,56,50,65,57,82,82,82,57,57,81,0,0],"gold":43,"neow_bonus":"TEN_PERCENT_HP_BONUS","is_daily":false,"chose_seed":false,"campfire_upgraded":3,"win_rate":0.0,"timestamp":1607692486,"path_taken":["M","?","$","?","M","E","R","E","T","R","M","?","?","?","R","BOSS","M","?","?","M","?","E","$","E","T","?","M","?","R","E","R","BOSS","M","M","?","$","M","E","M","E","T","?","M","?","R","M"],"items_purchased_type":["Card","Card","Card","Card","Card","Relic","Relic"],"build_version":"2020-11-30","purchased_purges":2,"victory":false,"max_hp_per_floor":[82,82,82,82,82,82,82,82,82,82,82,82,82,82,82,82,82,82,82,82,82,82,82,82,82,82,82,82,82,82,82,82,82,82,82,82,82,82,82,82,82,82,82,82,82,82,82,82,82],"card_choices":[{"not_picked":["Necrotic_Claws","Negative_Energy_Sphere"],"picked":"Bone_Prison","floor":1},{"not_picked":["Consume_Illness","Corrupt"],"picked":"Negative_Energy_Shield","floor":4},{"not_picked":["Negative_Energy_Shield","Acid_Javelin"],"picked":"Bone_Prison","floor":5},{"not_picked":["Chill_Blood","Deaths_Shadow"],"picked":"Bone_Bullets","floor":6},{"not_picked":["Blood_Shield","Death_Coil"],"picked":"Spectral_Armor","floor":8},{"not_picked":["Death_Coil","Epidemic","Negative_Energy_Mist"],"picked":"SKIP","floor":11},{"not_picked":["Strike_from_Beyond","Negative_Energy_Javelin"],"picked":"Thousand_Bone_Knives","floor":14},{"not_picked":["Negative_Energy_Bomb","Blood_Wake"],"picked":"Summon_Vampire_Lady","floor":16},{"not_picked":["Death_March_Dance","Chill_Blood","Blood_Whip"],"picked":"SKIP","floor":18},{"not_picked":["Consume_Illness+1","Bone_Prison+1"],"picked":"Bone_Armor+1","floor":21},{"not_picked":["Summon_Lich","Death_Coil"],"picked":"Siphon_Strength","floor":23},{"not_picked":["Negative_Energy_Mist","Blood_Is_Power","Shackles_Of_Pain+1"],"picked":"SKIP","floor":25},{"not_picked":["Negative_Energy_Sphere","Negative_Energy_Bomb"],"picked":"Bone_Armor","floor":28},{"not_picked":["Negative_Energy_Sphere","Negative_Energy_Burst+1","Blood_Curse"],"picked":"SKIP","floor":29},{"not_picked":["Blood_Shield","Blood_Is_Power","Blood_Curse"],"picked":"SKIP","floor":31},{"not_picked":["Stop_Heart+1","Violent_Necrosis"],"picked":"Bone_Bullets","floor":34},{"not_picked":["Blood_Whip","Necrotic_Claws"],"picked":"Thousand_Bone_Knives","floor":34},{"not_picked":["Blood_Is_Power","Blood_for_Blood"],"picked":"Bone_Bullets","floor":34},{"not_picked":["Shackles_Of_Pain","Acid_Javelin"],"picked":"Bone_Armor","floor":35},{"not_picked":["Life_Drain","Shackles_Of_Pain","Exploit"],"picked":"SKIP","floor":36},{"not_picked":["Bone_Shift","Bone_Spikes+1"],"picked":"Siphon_Strength+1","floor":39},{"not_picked":["Slay_Living+1","Necrotic_Claws+1","Toxic_Smoke_Screen+1"],"picked":"SKIP","floor":40},{"not_picked":["Death_March_Dance","Death_Coil+1","Consume_Illness+1"],"picked":"SKIP","floor":41},{"not_picked":["Blood_Wake","Toxic_Smoke_Screen","Negative_Energy_Shield"],"picked":"SKIP","floor":42},{"not_picked":["Death_March_Dance+1","Summon_Undead","Toxic_Smoke_Screen"],"picked":"SKIP","floor":45}],"player_experience":117311,"relics_obtained":[{"floor":6,"key":"Replay:Bottled Steam"},{"floor":8,"key":"Blood Vial"},{"floor":9,"key":"ReplayTheSpireMod:TigerMarble"},{"floor":14,"key":"InkBottle"},{"floor":22,"key":"ReplayTheSpireMod:Ring of Exchange"},{"floor":23,"key":"Simple Rune"},{"floor":25,"key":"Dream Catcher"},{"floor":26,"key":"Grinning Jar"},{"floor":27,"key":"Pet Ghost"},{"floor":31,"key":"MawBank"},{"floor":40,"key":"Bag of Preparation"},{"floor":42,"key":"Replay:Kaleidoscope"},{"floor":43,"key":"Replay:Accelerometer"},{"floor":44,"key":"Turnip"}],"event_choices":[{"cards_removed":["Defend_W"],"damage_healed":0,"gold_gain":0,"player_choice":"Offered Basic","damage_taken":0,"max_hp_gain":0,"max_hp_loss":0,"event_name":"Bonfire Elementals","floor":2,"gold_loss":0},{"damage_healed":0,"gold_gain":0,"cards_transformed":["Defend_W"],"player_choice":"Transformed","damage_taken":0,"max_hp_gain":0,"max_hp_loss":0,"event_name":"Transmorgrifier","floor":12,"gold_loss":0,"cards_obtained":["Shade_Step"]},{"damage_healed":0,"gold_gain":30,"player_choice":"Searched \u00272\u0027 times","damage_taken":0,"max_hp_gain":0,"max_hp_loss":0,"event_name":"Dead Adventurer","floor":14,"gold_loss":0},{"damage_healed":0,"gold_gain":0,"player_choice":"Ignored","damage_taken":0,"max_hp_gain":0,"max_hp_loss":0,"event_name":"Ghosts","floor":19,"gold_loss":0},{"damage_healed":0,"gold_gain":0,"player_choice":"Obtained Relic","damage_taken":0,"relics_obtained":["Meat on the Bone"],"max_hp_gain":0,"max_hp_loss":0,"event_name":"Addict","floor":20,"gold_loss":85},{"cards_removed":["Bone_Bullets"],"damage_healed":0,"gold_gain":0,"player_choice":"Removed Attack","damage_taken":0,"max_hp_gain":0,"max_hp_loss":0,"event_name":"Falling","floor":37,"gold_loss":0},{"damage_healed":0,"gold_gain":0,"player_choice":"Fight","damage_taken":0,"max_hp_gain":0,"max_hp_loss":0,"event_name":"MindBloom","floor":44,"gold_loss":0}],"is_beta":false,"boss_relics":[{"not_picked":["Replay:Drink Me","Fusion Hammer"],"picked":"SlaversCollar"},{"not_picked":["Velvet Choker","Cauldron"],"picked":"Orrery"}],"items_purged_floors":[13,38],"is_endless":false,"potions_floor_spawned":[1,5,11,18,21,28,31,40,41,42,44,45],"killed_by":"Sphere and 2 Shapes","ascension_level":0}}