{"host":"k8gerrcpv9xe1nxe","time":1607648858,"event":{"mods":["2.2 Compatiblity","AchievementEnabler","BaseMod","Bestiary","Minty Spire (QoL Compilation)","Relic Stats","StSLib"],"gold_per_floor":[166,183,70,90,103,137,137,156,182,207,207,207,246,259,259,382,382,407,423,338,357,456,494,494,525,525,525,525],"floor_reached":27,"playtime":926,"items_purged":["Strike_R"],"score":343,"play_id":"392a1caf-bdb0-4a03-a172-0fd0048acaa9","local_time":"20201210200738","is_ascension_mode":true,"campfire_choices":[{"data":"Wild Strike","floor":7,"key":"SMITH"},{"floor":15,"key":"REST"},{"floor":24,"key":"REST"}],"circlet_count":0,"master_deck":["Strike_R","Strike_R+1","Strike_R","Strike_R","Defend_R+1","Defend_R","Defend_R","Defend_R","Bash+1","Wild Strike+1","Combust+1","Offering","Carnage+1","Corruption","Demon Form","Shrug It Off","Limit Break","Power Through","Ghostly Armor","Burning Pact","Evolve","Doubt"],"relics":["Tiny House","Meat on the Bone","Lantern","Whetstone","Golden Idol","Bronze Scales","Cursed Key","White Beast Statue","Matryoshka","Kunai","Ancient Tea Set","Regal Pillow"],"acts_visited":["Exordium","TheCity"],"potions_floor_usage":[6,10,16,23,25,25,27],"damage_taken":[{"damage":0,"enemies":"Cultist","floor":1,"turns":4},{"damage":7,"enemies":"2 Louse","floor":2,"turns":2},{"damage":9,"enemies":"Small Slimes","floor":4,"turns":2},{"damage":8,"enemies":"2 Fungi Beasts","floor":5,"turns":3},{"damage":11,"enemies":"Lagavulin","floor":6,"turns":3},{"damage":10,"enemies":"Exordium Wildlife","floor":8,"turns":3},{"damage":6,"enemies":"Gremlin Nob","floor":10,"turns":2},{"damage":28,"enemies":"3 Sentries","floor":13,"turns":5},{"damage":6,"enemies":"Large Slime","floor":14,"turns":1},{"damage":25,"enemies":"Slime Boss","floor":16,"turns":8},{"damage":8,"enemies":"Shell Parasite","floor":18,"turns":2},{"damage":18,"enemies":"3 Byrds","floor":19,"turns":3},{"damage":16,"enemies":"Snecko","floor":21,"turns":4},{"damage":40,"enemies":"Slavers","floor":23,"turns":4},{"damage":36,"enemies":"Book of Stabbing","floor":25,"turns":4},{"damage":35,"enemies":"Gremlin Leader","floor":27,"turns":4}],"seed_played":"-4042741103990704915","potions_obtained":[{"floor":0,"key":"Weak Potion"},{"floor":1,"key":"DistilledChaos"},{"floor":5,"key":"Strength Potion"},{"floor":6,"key":"DistilledChaos"},{"floor":14,"key":"ColorlessPotion"},{"floor":16,"key":"Strength Potion"},{"floor":21,"key":"Swift Potion"},{"floor":23,"key":"BloodPotion"},{"floor":25,"key":"ElixirPotion"}],"is_trial":false,"path_per_floor":["M","M","$","M","M","E","R","M","T","E","?","?","E","M","R","B",null,"M","M","?","M","?","E","R","E","T","E"],"character_chosen":"IRONCLAD","items_purchased":["Carnage"],"campfire_rested":2,"item_purchase_floors":[3],"current_hp_per_floor":[85,78,78,69,61,50,50,52,52,46,46,30,14,20,43,30,79,71,53,53,49,49,21,44,35,35,0,0],"gold":525,"neow_bonus":"BOSS_RELIC","is_daily":false,"chose_seed":false,"campfire_upgraded":1,"win_rate":0.0,"timestamp":1607648858,"path_taken":["M","M","?","M","M","E","R","M","T","E","?","?","E","M","R","BOSS","M","M","?","M","?","E","R","E","T","E"],"items_purchased_type":["Card"],"build_version":"2020-11-30","purchased_purges":1,"victory":false,"max_hp_per_floor":[85,85,85,85,85,85,85,85,85,85,79,79,79,79,79,79,79,79,79,79,79,79,79,79,79,79,79,79],"relic_stats":{"Regal Pillow":0,"counters":[16,54],"Golden Idol":62,"Bronze Scales":[119],"Whetstone":["Bash","Carnage"],"Kunai":[1],"Cursed Key":1,"obtain_stats":[{"Lantern":9,"Regal Pillow":26,"Tiny House":0,"Golden Idol":11,"Whetstone":10,"Cursed Key":17,"Ancient Tea Set":26,"Burning Blood":0,"White Beast Statue":20,"Matryoshka":23,"Bronze Scales":13,"Kunai":25,"Meat on the Bone":6},{"Lantern":6,"Regal Pillow":15,"Tiny House":0,"Golden Idol":7,"Whetstone":7,"Cursed Key":10,"Ancient Tea Set":15,"Burning Blood":0,"White Beast Statue":12,"Matryoshka":14,"Bronze Scales":8,"Kunai":15,"Meat on the Bone":5},{"Lantern":17,"Regal Pillow":50,"Tiny House":0,"Golden Idol":19,"Whetstone":19,"Cursed Key":33,"Ancient Tea Set":50,"Burning Blood":0,"White Beast Statue":38,"Matryoshka":46,"Bronze Scales":24,"Kunai":50,"Meat on the Bone":14}],"Meat on the Bone":84},"card_choices":[{"not_picked":["Searing Blow","Havoc"],"picked":"Wild Strike","floor":0},{"not_picked":["Perfected Strike","Body Slam"],"picked":"Combust","floor":1},{"not_picked":["Flex","Ghostly Armor"],"picked":"Offering","floor":2},{"not_picked":["Clash","Evolve","Infernal Blade"],"picked":"SKIP","floor":4},{"not_picked":["Battle Trance","Infernal Blade","Havoc"],"picked":"SKIP","floor":5},{"not_picked":["Sentinel","Evolve","Dual Wield"],"picked":"SKIP","floor":6},{"not_picked":["Clash","Clothesline","True Grit"],"picked":"SKIP","floor":8},{"not_picked":["Wild Strike","Blood for Blood"],"picked":"Corruption","floor":10},{"not_picked":["Whirlwind","Pommel Strike"],"picked":"Demon Form","floor":13},{"not_picked":["Clothesline","Uppercut"],"picked":"Shrug It Off","floor":14},{"not_picked":["Exhume","Fiend Fire"],"picked":"Limit Break","floor":16},{"not_picked":["Rampage+1","Perfected Strike","Wild Strike"],"picked":"SKIP","floor":18},{"not_picked":["Havoc","Pommel Strike"],"picked":"Power Through","floor":19},{"not_picked":["Perfected Strike","Heavy Blade+1"],"picked":"Ghostly Armor","floor":21},{"not_picked":["Battle Trance","Iron Wave"],"picked":"Burning Pact","floor":23},{"not_picked":["Berserk","Perfected Strike+1"],"picked":"Evolve","floor":25}],"player_experience":23436,"relics_obtained":[{"floor":6,"key":"Meat on the Bone"},{"floor":9,"key":"Lantern"},{"floor":10,"key":"Whetstone"},{"floor":13,"key":"Bronze Scales"},{"floor":23,"key":"Matryoshka"},{"floor":25,"key":"Kunai"},{"floor":26,"key":"Ancient Tea Set"},{"floor":26,"key":"Regal Pillow"}],"event_choices":[{"damage_healed":0,"gold_gain":0,"player_choice":"Lose Max HP","damage_taken":0,"relics_obtained":["Golden Idol"],"max_hp_gain":0,"max_hp_loss":6,"event_name":"Golden Idol","floor":11,"gold_loss":0},{"damage_healed":0,"gold_gain":0,"player_choice":"Entered Light","damage_taken":16,"max_hp_gain":0,"max_hp_loss":0,"event_name":"Shining Light","floor":12,"gold_loss":0,"cards_upgraded":["Combust","Defend_R"]},{"damage_healed":0,"gold_gain":0,"player_choice":"Obtained Relic","damage_taken":0,"relics_obtained":["White Beast Statue"],"max_hp_gain":0,"max_hp_loss":0,"event_name":"Addict","floor":20,"gold_loss":85},{"damage_healed":0,"gold_gain":99,"player_choice":"Stole From Cult","damage_taken":0,"max_hp_gain":0,"max_hp_loss":0,"event_name":"Nest","floor":22,"gold_loss":0}],"is_beta":false,"boss_relics":[{"not_picked":["Empty Cage","SacredBark"],"picked":"Cursed Key"}],"items_purged_floors":[3],"is_endless":false,"potions_floor_spawned":[1,5,6,14,16,19,21,23,25],"killed_by":"Gremlin Leader","ascension_level":3}}