{"host":"lex35juvyv3iuesh","time":1607656736,"event":{"mods":["2.2 Compatiblity","AchievementEnabler","Act Like it!","Aspiration","Astrologer","BaseMod","BetterRewards","CatGirl Mod","Downfall","Energized Spire","Friendly Minions","Halation","Hallownest","Hubris","Infinite Spire","Mimic Mod","Minty Spire (QoL Compilation)","Permanent Neow","Remove Card Discount Mod","Replay The Spire","Robot Space Explorer","Shade Mod","Spikes Relics","StSLib","Strawberry Spire","Td1madao Mod","The Animator","The Bug Knight","The Disciple","The Druid","The Elementalist","The Vixen","vexMod"],"gold_per_floor":[367,378,393,393,393,393,411,23,23,35,70,84,84,102,102,204,204,215,215,190,209,226,252,252,252,252,266,266,266,280,299,339,179,179,276,276,313,473,22,37,37,37,67,84,129,178,217,63,63,79,79,189,189,189,35,64,64],"floor_reached":56,"playtime":5139,"items_purged":["Defend_B","Slimebound:Defend_Slimebound","Shade:Defend_Shade","Injury","Shade:Strike_Shade","Shade:Strike_Shade","Shade:Strike_Shade","Shade:Strike_Shade+1","Shade:Strike_Shade+1"],"score":1231,"play_id":"d29d6925-ded3-4190-8f23-799db421a528","local_time":"20201211041856","is_ascension_mode":false,"campfire_choices":[{"data":"Shade:SkeletonHug","floor":6,"key":"SMITH"},{"data":"expansioncontent:QuickStudy","floor":13,"key":"SMITH"},{"data":"Shade:SkeletonArmy","floor":15,"key":"SMITH"},{"data":"Shade:Carnophage","floor":24,"key":"SMITH"},{"floor":29,"key":"RECALL"},{"data":"Shade:UnbarTheGrave","floor":34,"key":"SMITH"},{"data":"Shade:UnbarTheGrave","floor":49,"key":"SMITH"},{"data":"Shade:CarefulCut","floor":51,"key":"SMITH"},{"data":"Shade:Coordination","floor":54,"key":"SMITH"}],"circlet_count":0,"master_deck":["Shade:Defend_Shade","Shade:Defend_Shade","Shade:Defend_Shade","Shade:CarefulCut+1","Shade:ExtraLimbs","Shade:SkeletonHug+1","Shade:ClawBack","Shade:SkeletonArmy+1","Shade:Bonestorm+1","expansioncontent:QuickStudy+1","Shade:FingerOfDeath+1","Shade:UnbarTheGrave+1","Shade:SoulToxin","Shade:Coordination+1","AbeCurse","Shade:Bonestorm+1","Shade:GraveStillness+1","Shade:Carnophage+1","Shade:SensePrey","Shade:GraveStillness+1","Shade:ExtraLimbs+1","Shade:PressTheAttack+1","Shade:UnbarTheGrave+1","Shade:Bite_Shade+1","Shade:Frenzy+1","Shade:Bonestorm+1","Shade:FreshBones+1","Shade:SensePrey","Shade:SensePrey","Shade:SensePrey","Shade:SensePrey","Shade:SensePrey","Shade:Frenzy","Shade:PressTheAttack+1"],"relics":["Shade:YorickSkull","Molten Egg 2","Pet Ghost","halation:LettersToHer","strawberrySpire:DirtyLipstick","Abe\u0027s Treasure","vexMod:FocusSash","Kunai","halation:LostSnail","Snecko Eye","infinitespire:EvilPickle","Hallownest:GodTamersBeastRelic","aspiration:Lifesprig","Ginger","aspiration:Legacy_Headhunter","Dream Catcher","MawBank","Guardian:PocketSentry","strawberrySpire:BrokenPrinter","sneckomod:BlankCard","Chameleon Ring"],"acts_visited":["Exordium","TheCity","TheCity","TheEnding"],"potions_floor_usage":[11,12,16,23,35,35,52,52,52],"damage_taken":[{"damage":9,"enemies":"Cultist","floor":1,"turns":4},{"damage":0,"enemies":"Small Slimes","floor":2,"turns":2},{"damage":1,"enemies":"infinitespire:Voidling","floor":3,"turns":3},{"damage":9,"enemies":"Gremlin Gang","floor":7,"turns":4},{"damage":0,"enemies":"2 Fungi Beasts","floor":10,"turns":2},{"damage":2,"enemies":"HollowMod:MossKnight","floor":11,"turns":6},{"damage":14,"enemies":"Exordium Wildlife","floor":12,"turns":3},{"damage":0,"enemies":"Blue Slaver","floor":14,"turns":2},{"damage":12,"enemies":"Slime Boss","floor":16,"turns":3},{"damage":6,"enemies":"Spheric Guardian","floor":18,"turns":3},{"damage":10,"enemies":"2 Thieves","floor":21,"turns":3},{"damage":0,"enemies":"Chosen and Byrds","floor":22,"turns":4},{"damage":2,"enemies":"Replay:Snechameleon","floor":23,"turns":7},{"damage":16,"enemies":"Centurion and Healer","floor":27,"turns":5},{"damage":14,"enemies":"Snecko","floor":30,"turns":4},{"damage":2,"enemies":"Snake Plant","floor":31,"turns":4},{"damage":0,"enemies":"Shelled Parasite and Fungi","floor":32,"turns":4},{"damage":0,"enemies":"Pondfish","floor":35,"turns":8},{"damage":0,"enemies":"Hallownest:Shield_Heavy","floor":37,"turns":3},{"damage":0,"enemies":"Hallownest:Shield_Heavy","floor":38,"turns":3},{"damage":0,"enemies":"Hallownest:Shield_Heavy","floor":38,"turns":3},{"damage":7,"enemies":"Hallownest:Shield_Heavy","floor":38,"turns":4},{"damage":0,"enemies":"Hallownest:Shield_Heavy","floor":38,"turns":2},{"damage":1,"enemies":"Hallownest:2_Littles","floor":40,"turns":4},{"damage":9,"enemies":"Hallownest:eliteCollector","floor":43,"turns":5},{"damage":0,"enemies":"Hallownest:2_Soldiers_and_1_Guardian","floor":44,"turns":3},{"damage":1,"enemies":"Hallownest:eliteHiveKnight","floor":46,"turns":4},{"damage":0,"enemies":"Hallownest:monsterPrimalAspid","floor":47,"turns":2},{"damage":3,"enemies":"Hallownest:2_Great","floor":50,"turns":4},{"damage":40,"enemies":"Hallownest:BossHollowKnight","floor":52,"turns":8},{"damage":2,"enemies":"Shield and Spear","floor":56,"turns":2}],"seed_played":"-4479999914441483149","potions_obtained":[{"floor":1,"key":"Regen Potion"},{"floor":5,"key":"SteroidPotion"},{"floor":5,"key":"Death Potion"},{"floor":10,"key":"PowerPotion"},{"floor":16,"key":"LifebloodPotion"},{"floor":21,"key":"Regen Potion"},{"floor":30,"key":"infinitespire:BlackPotion"},{"floor":35,"key":"BlessingOfTheForge"},{"floor":43,"key":"Energy Potion"},{"floor":50,"key":"Block Potion"},{"floor":52,"key":"Energy Potion"}],"is_trial":false,"path_per_floor":["M","M","M","?","?","R","M","$","T","M","E","M","R","M","R","B",null,"M","?","?","M","M","E","R","PTL","PTL","M","T","R","M","M","MIM","$","R","B",null,"M","?","$","M","AVR","?","E","M","T","E","M","$","R","M","R","B",null,"R","$","E"],"character_chosen":"SHADE","items_purchased":["Shade:Bonestorm+1","expansioncontent:QuickStudy","Pet Ghost","Shade:PressTheAttack+1","halation:LostSnail","aspiration:Lifesprig","Ginger","strawberrySpire:BrokenPrinter","sneckomod:BlankCard"],"campfire_rested":0,"item_purchase_floors":[8,8,8,33,33,39,39,48,55],"current_hp_per_floor":[56,56,55,55,55,55,46,46,46,46,44,39,39,39,39,27,65,59,59,59,49,49,62,62,62,62,46,46,46,32,38,38,38,38,38,65,65,61,61,60,60,60,54,57,57,56,56,56,56,53,53,16,65,65,65,63,63],"gold":64,"neow_bonus":"TWO_FIFTY_GOLD","is_daily":false,"chose_seed":false,"campfire_upgraded":8,"win_rate":0.0,"timestamp":1607656736,"path_taken":["M","M","M","?","?","R","M","$","T","M","E","?","R","?","R","BOSS","M","?","?","M","M","E","R","PTL","PTL","M","T","R","M","M","?","$","R","BOSS","M","?","?","M","AVR","?","E","M","T","E","M","$","R","M","R","BOSS","R","$","E"],"items_purchased_type":["Undefined","Card","Relic","Undefined","Relic","Relic","Relic","Relic","Relic"],"build_version":"2020-11-30","purchased_purges":9,"victory":false,"max_hp_per_floor":[65,65,65,65,65,65,65,65,65,65,65,65,65,65,65,65,65,65,65,65,65,65,65,65,65,65,65,65,65,65,65,65,65,65,65,65,65,65,65,65,65,65,65,65,65,65,65,65,65,65,65,65,65,65,65,65,65],"card_choices":[{"not_picked":["Shade:Premonition","Shade:AncientSpear"],"picked":"Shade:ExtraLimbs","floor":1},{"not_picked":["Shade:ClawBack","Shade:Bonestorm"],"picked":"Shade:SkeletonHug","floor":2},{"not_picked":["Shade:Excise","Shade:CloudOfShrapnel"],"picked":"Shade:ClawBack","floor":3},{"not_picked":["Shade:FeralStrike+1","Shade:GreyBargain"],"picked":"Shade:SkeletonArmy","floor":7},{"not_picked":["Shade:Carnophage","Shade:FuneraryArmor"],"picked":"Shade:FingerOfDeath+1","floor":10},{"not_picked":["Shade:Awaken","Shade:FeralStrike+1"],"picked":"Shade:UnbarTheGrave","floor":11},{"not_picked":["Shade:Awaken","Shade:Trample+1"],"picked":"Shade:SoulToxin","floor":12},{"not_picked":["Shade:GraveStillness","Shade:FeralStrike+1","Shade:BoneShards+1"],"picked":"SKIP","floor":14},{"not_picked":["Shade:MadHubris","Shade:LoseControl"],"picked":"Shade:Coordination","floor":16},{"not_picked":["Shade:OpenGraves+1","Shade:FingerOfDeath+1"],"picked":"Shade:Bonestorm+1","floor":18},{"not_picked":["Shade:Doomsay+1","Shade:Brains+1","Shade:LyeBath"],"picked":"SKIP","floor":21},{"not_picked":["Shade:PotionOfRestlessness","Shade:AblativeArmor+1"],"picked":"Shade:GraveStillness+1","floor":22},{"not_picked":["Shade:LyeBath","Shade:MadHubris"],"picked":"Shade:Carnophage","floor":23},{"not_picked":["Shade:Excise","Shade:FeralStrike+1"],"picked":"Shade:SensePrey","floor":27},{"not_picked":["Shade:SanguineRitual+1","Shade:GreyBargain"],"picked":"Shade:GraveStillness+1","floor":30},{"not_picked":["Shade:ClawBack+1","Shade:CloudOfShrapnel+1"],"picked":"Shade:ExtraLimbs+1","floor":31},{"not_picked":["Shade:Putrefaction","Shade:Coordination"],"picked":"Shade:UnbarTheGrave","floor":35},{"not_picked":["Shade:AncientSpear+1","Shade:ExtraLimbs+1"],"picked":"Shade:Bite_Shade+1","floor":37},{"not_picked":["Shade:GreyBargain+1","Shade:CloudOfShrapnel+1"],"picked":"Shade:Frenzy+1","floor":40},{"not_picked":["Shade:LoseControl","Shade:Asphyxiate+1"],"picked":"Shade:Bonestorm+1","floor":43},{"not_picked":["Shade:GreyBargain+1","Shade:SensePrey"],"picked":"Shade:FreshBones+1","floor":44},{"not_picked":["Shade:GreyBargain+1","Shade:FuneraryJewels","Shade:PoundOfFlesh+1"],"picked":"SKIP","floor":46},{"not_picked":["Shade:Brains","Shade:Awaken+1","Shade:FleshToFlesh+1"],"picked":"SKIP","floor":47},{"not_picked":["Shade:Brains","Shade:GreyBargain"],"picked":"Shade:Frenzy","floor":50},{"not_picked":["Shade:Bite_Shade+1","Shade:FeralStrike+1"],"picked":"Shade:PressTheAttack+1","floor":56}],"player_experience":357207,"relics_obtained":[{"floor":9,"key":"halation:LettersToHer"},{"floor":11,"key":"strawberrySpire:DirtyLipstick"},{"floor":23,"key":"vexMod:FocusSash"},{"floor":28,"key":"halation:LettersToHer"},{"floor":32,"key":"Kunai"},{"floor":32,"key":"halation:LettersToHer"},{"floor":43,"key":"Dream Catcher"},{"floor":45,"key":"halation:LettersToHer"},{"floor":45,"key":"MawBank"},{"floor":46,"key":"Guardian:PocketSentry"},{"floor":56,"key":"Chameleon Ring"}],"event_choices":[{"damage_healed":0,"gold_gain":0,"player_choice":"Got Potions","damage_taken":0,"max_hp_gain":0,"max_hp_loss":0,"event_name":"Lab","floor":5,"gold_loss":0},{"damage_healed":0,"gold_gain":0,"player_choice":"Ignored","damage_taken":0,"max_hp_gain":0,"max_hp_loss":0,"event_name":"Beggar","floor":19,"gold_loss":0}],"is_beta":false,"boss_relics":[{"not_picked":["aspiration:RitualDagger","aspiration:IroncladSkillbook"],"picked":"Abe\u0027s Treasure"},{"not_picked":["hubris:CrackedHourglass","hubris:ScarierMask"],"picked":"Snecko Eye"}],"items_purged_floors":[8,8,8,8,48,48,48,48,48],"is_endless":false,"potions_floor_spawned":[1,10,16,21,30,35,38,38,43,50,52],"killed_by":"Shield and Spear","ascension_level":0}}