{"host":"g53g9qlo34vrqi92","time":1607726579,"event":{"mods":["Aspiration","Bard","BaseMod","Beaked The Cultist","BetterRewards","Colored Map","Conspire","Downfall","Energized Spire","Fiend Mod","GifTheSpireLib","Googly Eyes","Gremlin Skip","Halation","Hermit","Hubris","Infinite Spire","Jedi Mod","Minty Spire (QoL Compilation)","Permanent Neow","Quick Restart","Relic Filter","Replay The Spire","Spikes Relics","StSLib","Stuff the Spire","Synergy Search","The Bladedancer","The Bug Knight","The Construct","The Cursed","The Factory","The Forsaken","The Jungle","The Necromancer","The Spell Scribe","The Trickster","Trackpad","slay the spire mod where everything is the same but ironclad has a cowboy hat","vexMod"],"gold_per_floor":[119,137,151,151,151,151,179,190,214,243,243,243,17,27,27,131,131,143,18,18,36,53,84,156,135,135,161,177,177,107,122,122,217,217,234,534,552,552,565,594,594,594,618,635,665,111,126,126,126,37,37,140,140,146,158,212,66,77,78,78,78,153,164,164,179,179,183,183,247,247,247],"floor_reached":70,"playtime":3241,"items_purged":["Spreading Infection"],"score":1340,"play_id":"afd47058-99be-46c2-9292-1b9504f6357b","local_time":"20201211144259","is_ascension_mode":false,"campfire_choices":[{"floor":6.0,"key":"REST"},{"floor":15.0,"key":"REST"},{"floor":29.0,"key":"REST"},{"data":"Fire Breathing","floor":32.0,"key":"SMITH"},{"floor":42.0,"key":"RECALL"},{"floor":51.0,"key":"REST"},{"data":"hubris:Lust","floor":61.0,"key":"PURGE"},{"data":"Strike_R","floor":68.0,"key":"PURGE"}],"circlet_count":0,"master_deck":["Strike_R","Strike_R","Strike_R","Defend_R+1","Defend_R+1","Defend_R+1","Defend_R+1","Bash+1","Ghostly Armor+1","Twin Strike+1","Run Through+1","Replay:Undeath\u0027s Touch+1","ReplayTheSpireMod:Restless Dread","ReplayTheSpireMod:Black Plague+1","Ghostly Armor","Reckless Charge+1","expansioncontent:DefensiveMode+1","jedi:bloodyhammer+1","Fiend Fire+1","ReplayTheSpireMod:Strike From Hell+1","Replay:Undeath\u0027s Touch+1","Reckless Charge+1","Sentinel+1","Seeing Red+1","StuffTheSpire:Slingshot+1","StuffTheSpire:Slingshot+1","Fire Breathing+1","jedi:controlledanger","jedi:harder+1","Battle Trance+1","StuffTheSpire:Incineration+1","jedi:fear+1","Blind+1","Burning Pact+1","Sharp Hide","Feed","Headbutt","Headbutt","Dark Embrace","Bloodletting","Fire Breathing","infinitespire:SealOfDarkness+","Limit Break"],"relics":["Burning Blood","vexMod:Dragonfruit","ReplayTheSpireMod:CursedCoin","construct:BoolHorns","GolemAmulet","Vajra","Blood Vial","Meat on the Bone","Omamori","RollingBoulder","aspiration:VileToxins","Matryoshka","hubris:Icosahedron","Gremlin Food","Replay:Fungal Core","jedi:crownofsimplicity","theForsaken:ScaryMask","HollowMod:PaleOreRelic","trackpad:BottledShadow","jedi:leech","vexMod:FocusSash","Pen Nib","CosmicIsotope","halation:EternalFortune","Peace Pipe","trackpad:Mousetrap","vexMod:CardConverter","vexMod:GhostlyGear","Whetstone","infinitespire:CheckeredPen","Cursed Key","Mango","vexMod:Spyglass","StuffTheSpire:NeowsTribute","StuffTheSpire:RubySignet","hubris:Towel","Odd Mushroom","hubris:Backtick","PreservedInsect","halation:Komachan"],"acts_visited":["Exordium","TheCity","TheBeyond","Exordium"],"potions_floor_usage":[],"damage_taken":[{"damage":0.0,"enemies":"conspire:RoseBush","floor":1.0,"turns":3.0},{"damage":5.0,"enemies":"Small Slimes","floor":2.0,"turns":3.0},{"damage":0.0,"enemies":"Jaw Worm","floor":3.0,"turns":2.0},{"damage":0.0,"enemies":"Gremlin Nob","floor":7.0,"turns":2.0},{"damage":11.0,"enemies":"Gremlin Gang","floor":8.0,"turns":5.0},{"damage":4.0,"enemies":"3 Sentries","floor":10.0,"turns":4.0},{"damage":0.0,"enemies":"Exordium Wildlife","floor":14.0,"turns":1.0},{"damage":26.0,"enemies":"The Guardian","floor":16.0,"turns":7.0},{"damage":8.0,"enemies":"3 Byrds","floor":18.0,"turns":2.0},{"damage":0.0,"enemies":"Spheric Guardian","floor":21.0,"turns":1.0},{"damage":23.0,"enemies":"3 Cultists","floor":22.0,"turns":5.0},{"damage":29.0,"enemies":"Replay:Snechameleon","floor":23.0,"turns":4.0},{"damage":26.0,"enemies":"HollowMod:Nosk","floor":25.0,"turns":5.0},{"damage":7.0,"enemies":"conspire:SneckoGhost","floor":27.0,"turns":3.0},{"damage":4.0,"enemies":"Cultist and Chosen","floor":28.0,"turns":3.0},{"damage":7.0,"enemies":"Centurion and Healer","floor":31.0,"turns":3.0},{"damage":24.0,"enemies":"conspire:MysteriousRune","floor":33.0,"turns":5.0},{"damage":30.0,"enemies":"3 Shapes","floor":35.0,"turns":4.0},{"damage":1.0,"enemies":"Orb Walker","floor":37.0,"turns":2.0},{"damage":7.0,"enemies":"Spire Growth","floor":39.0,"turns":3.0},{"damage":30.0,"enemies":"Reptomancer","floor":40.0,"turns":6.0},{"damage":13.0,"enemies":"Maw","floor":44.0,"turns":6.0},{"damage":7.0,"enemies":"Nightmare","floor":45.0,"turns":3.0},{"damage":15.0,"enemies":"Transient","floor":47.0,"turns":5.0},{"damage":82.0,"enemies":"conspire:OrnateMirror","floor":52.0,"turns":6.0},{"damage":0.0,"enemies":"Cultist","floor":54.0,"turns":2.0},{"damage":4.0,"enemies":"Jaw Worm","floor":55.0,"turns":1.0},{"damage":2.0,"enemies":"Gremlin Nob","floor":56.0,"turns":2.0},{"damage":0.0,"enemies":"2 Louse","floor":58.0,"turns":1.0},{"damage":17.0,"enemies":"3 Sentries","floor":59.0,"turns":5.0},{"damage":1.0,"enemies":"Exordium Thugs","floor":63.0,"turns":1.0},{"damage":8.0,"enemies":"The Mushroom Lair","floor":65.0,"turns":2.0},{"damage":8.0,"enemies":"Lots of Slimes","floor":67.0,"turns":2.0},{"damage":95.0,"enemies":"Hexaghost","floor":69.0,"turns":4.0}],"seed_played":"-664494940816394242","potions_obtained":[{"floor":1.0,"key":"BlessingOfTheForge"},{"floor":3.0,"key":"BloodPotion"},{"floor":10.0,"key":"Strength Potion"},{"floor":27.0,"key":"Languid Potion"}],"is_trial":false,"path_per_floor":["M","M","M","?","$","R","E","M","T","E","?","?","$","M","R","B",null,"M","$","?","M","M","E","T","E","T","E","M","R","$","M","R","B",null,"M","?","M","?","M","E","?","R","T","M","NM","$","M","PTL","PTL","$","R","B",null,"M","M","?","$","M","E","?","R","T","M","?","?","AVR","M","R","B",null],"character_chosen":"IRONCLAD","items_purchased":["vexMod:Dragonfruit","ReplayTheSpireMod:CursedCoin","construct:BoolHorns","Ghostly Armor+1","Vajra","Blood Vial","Meat on the Bone","Omamori","Gremlin Food","expansioncontent:DefensiveMode","Replay:Undeath\u0027s Touch","Reckless Charge","Fire Breathing","vexMod:GhostlyGear","Whetstone","infinitespire:CheckeredPen","Sharp Hide","vexMod:Spyglass"],"campfire_rested":4,"item_purchase_floors":[0,0,0,0,5,5,5,5,13,13,19,19,30,46,46,46,50,57],"current_hp_per_floor":[55,56,62,62,16,41,49,58,58,62,62,45,45,53,78,60,85,83,83,83,85,68,59,59,53,53,54,58,83,83,84,84,67,85,61,61,68,71,72,62,62,62,62,60,61,61,54,54,54,56,83,23,95,100,100,116,116,118,107,107,107,107,116,116,120,122,125,125,52,52,52],"gold":247,"neow_bonus":"","is_daily":false,"chose_seed":false,"campfire_upgraded":1,"win_rate":0.0,"timestamp":1607726579,"path_taken":["M","M","?","?","?","R","E","?","T","E","?","?","$","M","R","BOSS","M","$","?","M","M","E","?","E","T","E","?","R","$","M","R","BOSS","M","?","?","?","M","E","?","R","T","?","NM","$","?","PTL","PTL","?","R","BOSS","M","M","?","$","M","E","?","R","T","M","?","?","AVR","?","R","BOSS"],"items_purchased_type":["Relic","Relic","Relic","Card","Relic","Relic","Relic","Relic","Relic","Card","Card","Card","Card","Relic","Relic","Relic","Card","Relic"],"build_version":"2020-11-30","purchased_purges":1,"victory":false,"max_hp_per_floor":[85,85,85,85,85,85,85,85,85,85,85,85,85,85,85,85,85,85,85,85,85,85,85,85,85,85,85,85,85,85,85,85,85,85,85,85,85,88,88,88,88,88,88,91,91,91,91,91,91,93,93,95,95,100,100,116,116,118,118,118,118,118,120,120,122,124,127,127,129,129,129],"card_choices":[{"not_picked":["jedi:MakeshiftSword","Second Wind"],"picked":"Twin Strike","floor":1.0},{"not_picked":["Thunderclap","Clash"],"picked":"Run Through","floor":2.0},{"not_picked":["Headbutt","ReplayTheSpireMod:Muscle Training"],"picked":"Replay:Undeath\u0027s Touch","floor":3.0},{"not_picked":["infinitespire:UltimateForm","infinitespire:Fortify"],"picked":"ReplayTheSpireMod:Black Plague","floor":4.0},{"not_picked":["Iron Wave","Carnage","Flex"],"picked":"SKIP","floor":7.0},{"not_picked":["Headbutt","Warcry"],"picked":"Ghostly Armor","floor":8.0},{"not_picked":["Uppercut","Whirlwind"],"picked":"Reckless Charge","floor":10.0},{"not_picked":["Perfected Strike","Rupture"],"picked":"jedi:bloodyhammer","floor":14.0},{"not_picked":["Corruption","jedi:strikingstrike"],"picked":"Fiend Fire","floor":16.0},{"not_picked":["Pommel Strike+1","Anger"],"picked":"ReplayTheSpireMod:Strike From Hell","floor":18.0},{"not_picked":["Iron Wave","Armaments+1"],"picked":"Sentinel+1","floor":21.0},{"not_picked":["Run Through","Thunderclap"],"picked":"Seeing Red","floor":22.0},{"not_picked":["Twin Strike","Heavy Blade+1"],"picked":"StuffTheSpire:Slingshot","floor":23.0},{"not_picked":["jedi:fear","Warcry","Clothesline"],"picked":"SKIP","floor":25.0},{"not_picked":["jedi:bloodyhammer","StuffTheSpire:RockThrow+1","Brutality"],"picked":"SKIP","floor":27.0},{"not_picked":["Evolve","Shrug It Off+1"],"picked":"StuffTheSpire:Slingshot+1","floor":28.0},{"not_picked":["Clothesline+1","jedi:suffering+1"],"picked":"jedi:controlledanger","floor":31.0},{"not_picked":["jedi:strikingstrike","Immolate"],"picked":"jedi:harder","floor":33.0},{"not_picked":["Heavy Blade","Body Slam","Uppercut"],"picked":"SKIP","floor":35.0},{"not_picked":["Havoc+1","hubris:ReadiedAction+1"],"picked":"Battle Trance","floor":37.0},{"not_picked":["Combust","StuffTheSpire:Slingshot+1"],"picked":"StuffTheSpire:Incineration","floor":39.0},{"not_picked":["ReplayTheSpireMod:Stacked","Body Slam+1"],"picked":"jedi:fear+1","floor":40.0},{"not_picked":["Replay:Dark Deal","expansioncontent:Collect"],"picked":"Blind","floor":41.0},{"not_picked":["Flex+1","Iron Wave"],"picked":"Burning Pact+1","floor":44.0},{"not_picked":["Pommel Strike+1","Searing Blow+1","Wild Strike"],"picked":"SKIP","floor":45.0},{"not_picked":["Dropkick","Clash","ReplayTheSpireMod:Strike From Hell+1"],"picked":"SKIP","floor":47.0},{"not_picked":["conspire:HitWhereItHurts","jedi:harder"],"picked":"Feed","floor":52.0},{"not_picked":["Heavy Blade","Massacre"],"picked":"Headbutt","floor":54.0},{"not_picked":["Sword Boomerang","StuffTheSpire:BloodClot","Pommel Strike"],"picked":"SKIP","floor":55.0},{"not_picked":["Shrug It Off","Life Link"],"picked":"Headbutt","floor":56.0},{"not_picked":["Combust","True Grit"],"picked":"Dark Embrace","floor":58.0},{"not_picked":["Searing Blow","Thunderclap","Sentinel"],"picked":"SKIP","floor":59.0},{"not_picked":["Perfected Strike","StuffTheSpire:RockThrow"],"picked":"Bloodletting","floor":63.0},{"not_picked":["Invigoration","Flame Barrier"],"picked":"Fire Breathing","floor":65.0},{"not_picked":["Carnage","StuffTheSpire:Slingshot","Bludgeon"],"picked":"SKIP","floor":67.0},{"not_picked":["jedi:strikingstrike","Hemogenesis"],"picked":"Limit Break","floor":69.0}],"player_experience":972614,"relics_obtained":[{"floor":7.0,"key":"RollingBoulder"},{"floor":9.0,"key":"aspiration:VileToxins"},{"floor":10.0,"key":"Matryoshka"},{"floor":23.0,"key":"theForsaken:ScaryMask"},{"floor":24.0,"key":"HollowMod:PaleOreRelic"},{"floor":24.0,"key":"trackpad:BottledShadow"},{"floor":25.0,"key":"jedi:leech"},{"floor":26.0,"key":"vexMod:FocusSash"},{"floor":27.0,"key":"Pen Nib"},{"floor":40.0,"key":"Peace Pipe"},{"floor":43.0,"key":"trackpad:Mousetrap"},{"floor":44.0,"key":"halation:EternalFortune"},{"floor":45.0,"key":"vexMod:CardConverter"},{"floor":59.0,"key":"StuffTheSpire:NeowsTribute"},{"floor":62.0,"key":"StuffTheSpire:RubySignet"},{"floor":65.0,"key":"Odd Mushroom"}],"event_choices":[{"damage_healed":0.0,"max_hp_gain":0.0,"max_hp_loss":0.0,"gold_gain":0.0,"event_name":"Shining Light","player_choice":"Entered Light","floor":12.0,"gold_loss":0.0,"damage_taken":17.0,"cards_upgraded":["ReplayTheSpireMod:Black Plague","Defend_R"]},{"damage_healed":0.0,"max_hp_gain":0.0,"max_hp_loss":0.0,"gold_gain":0.0,"event_name":"Addict","player_choice":"Stole Relic","floor":20.0,"gold_loss":0.0,"damage_taken":0.0,"relics_obtained":["jedi:crownofsimplicity"],"cards_obtained":["Shame"]},{"damage_healed":0.0,"max_hp_gain":0.0,"max_hp_loss":0.0,"gold_gain":300.0,"event_name":"Wheel of Change","player_choice":"Gold","floor":36.0,"gold_loss":0.0,"damage_taken":0.0},{"damage_healed":0.0,"max_hp_gain":0.0,"max_hp_loss":0.0,"gold_gain":0.0,"event_name":"SensoryStone","player_choice":"Memory 1","floor":41.0,"gold_loss":0.0,"damage_taken":0.0},{"damage_healed":0.0,"max_hp_gain":0.0,"max_hp_loss":0.0,"gold_gain":0.0,"event_name":"Dead Adventurer","player_choice":"Searched \u00272\u0027 times","floor":56.0,"gold_loss":0.0,"damage_taken":0.0,"relics_obtained":["Mango"]},{"cards_removed":["Strike_R"],"damage_healed":0.0,"max_hp_gain":0.0,"max_hp_loss":0.0,"gold_gain":0.0,"event_name":"Bonfire Elementals","player_choice":"Offered Basic","floor":60.0,"gold_loss":0.0,"damage_taken":0.0},{"damage_healed":0.0,"max_hp_gain":0.0,"max_hp_loss":0.0,"gold_gain":0.0,"event_name":"Mushrooms","player_choice":"Fought Mushrooms","floor":65.0,"gold_loss":0.0,"damage_taken":0.0}],"is_beta":false,"boss_relics":[{"not_picked":["ReplayTheSpireMod:SealedPack","Busted Crown"],"picked":"Replay:Fungal Core"},{"not_picked":["construct:WeddingRing","Tiny House"],"picked":"CosmicIsotope"},{"not_picked":["Runic Cube","aspiration:RunicSpoon"],"picked":"Cursed Key"}],"items_purged_floors":[0],"is_endless":true,"potions_floor_spawned":[1,3,10,16,21,22,27,28,31,35,39,45,54,55,63,65,69],"ascension_level":0}}