{"host":"1s3zwrha01am7rbu","time":1607705324,"event":{"mods":["AchievementEnabler","BaseMod","Better Note","Block Reminder","Colored Map","Colored Powertips","Curses Come First","DeckTracker","Emptier Cage","Minty Spire (QoL Compilation)","Quick Restart","Rare Cards Sparkle","Relic Stats","StSLib","SuperFastMode","Uncapped","Unceasing Turn Reminder","everything is the same but u backflip on backflip"],"gold_per_floor":[109,284,304,229,239,239,252,3,3,3,16,16,16,28,28,125,125,135,10,21,36,53,6,6,6,6,6,26,26,26,38,38,38,38],"floor_reached":33,"playtime":1597,"items_purged":["Doubt","Strike_P","Strike_P"],"score":239,"play_id":"f59a5b70-90d6-4b3a-bbcc-70516c156d72","local_time":"20201211114844","is_ascension_mode":false,"campfire_choices":[{"data":"CrushJoints","floor":6,"key":"SMITH"},{"data":"Swivel","floor":13,"key":"SMITH"},{"data":"Vigilance","floor":15,"key":"SMITH"},{"floor":25,"key":"REST"},{"floor":27,"key":"REST"},{"floor":32,"key":"REST"}],"circlet_count":0,"master_deck":["Strike_P","Strike_P+1","Defend_P+1","Defend_P","Defend_P","Defend_P","Eruption","Vigilance+1","DeusExMachina+1","CrushJoints+1","Swivel+1","LessonLearned+1","SandsOfTime","ThirdEye","Evaluate+1"],"relics":["PureWater","TheAbacus","TungstenRod","Fusion Hammer","MealTicket"],"acts_visited":["Exordium","TheCity"],"potions_floor_usage":[7,7,14,21,28,33],"damage_taken":[{"damage":0,"enemies":"2 Louse","floor":1,"turns":2},{"damage":4,"enemies":"Cultist","floor":3,"turns":4},{"damage":0,"enemies":"Jaw Worm","floor":5,"turns":2},{"damage":0,"enemies":"Exordium Thugs","floor":7,"turns":4},{"damage":2,"enemies":"Lots of Slimes","floor":11,"turns":3},{"damage":10,"enemies":"Gremlin Gang","floor":14,"turns":5},{"damage":34,"enemies":"The Guardian","floor":16,"turns":12},{"damage":51,"enemies":"Chosen","floor":18,"turns":8},{"damage":0,"enemies":"Spheric Guardian","floor":20,"turns":3},{"damage":43,"enemies":"Chosen and Byrds","floor":21,"turns":12},{"damage":9,"enemies":"Snake Plant","floor":22,"turns":5},{"damage":64,"enemies":"3 Cultists","floor":28,"turns":9},{"damage":2,"enemies":"Snecko","floor":31,"turns":7},{"damage":57,"enemies":"Automaton","floor":33,"turns":8}],"seed_played":"3379003457063186235","potions_obtained":[{"floor":3,"key":"Ambrosia"},{"floor":5,"key":"Block Potion"},{"floor":10,"key":"FairyPotion"},{"floor":10,"key":"Ancient Potion"},{"floor":10,"key":"FairyPotion"},{"floor":11,"key":"Block Potion"},{"floor":18,"key":"DuplicationPotion"},{"floor":22,"key":"Swift Potion"},{"floor":28,"key":"Weak Potion"}],"is_trial":false,"path_per_floor":["M","?","M","$","M","R","M","$","T","?","M","$","R","M","R","B",null,"M","$","M","M","M","$","$","R","T","R","M","?","$","M","R","B"],"character_chosen":"WATCHER","items_purchased":["TheAbacus","ThirdEye"],"campfire_rested":3,"item_purchase_floors":[8,23],"current_hp_per_floor":[72,72,68,68,68,68,68,68,68,68,66,66,66,56,56,22,72,21,21,21,21,12,12,12,33,33,54,21,21,36,34,55,0,0],"gold":38,"neow_bonus":"ONE_RANDOM_RARE_CARD","is_daily":false,"chose_seed":false,"campfire_upgraded":3,"win_rate":0.0,"timestamp":1607705324,"path_taken":["M","?","M","$","M","R","M","$","T","?","M","$","R","M","R","BOSS","M","$","M","M","?","?","$","R","T","R","?","?","$","?","R","BOSS"],"items_purchased_type":["Relic","Card"],"build_version":"2020-11-30","purchased_purges":3,"victory":false,"max_hp_per_floor":[72,72,72,72,72,72,72,72,72,72,72,72,72,72,72,72,72,72,72,72,72,72,72,72,72,72,72,72,72,72,72,72,72,72],"relic_stats":{"TheAbacus":[162],"counters":[14,84],"MealTicket":15,"obtain_stats":[{"TheAbacus":8,"MealTicket":26,"Fusion Hammer":17,"PureWater":0,"TungstenRod":9},{"TheAbacus":4,"MealTicket":11,"Fusion Hammer":7,"PureWater":0,"TungstenRod":4},{"TheAbacus":12,"MealTicket":60,"Fusion Hammer":32,"PureWater":0,"TungstenRod":12}],"TungstenRod":30},"card_choices":[{"not_picked":["EmptyFist","FollowUp"],"picked":"CrushJoints","floor":1},{"not_picked":["Collect","EmptyBody","WaveOfTheHand"],"picked":"SKIP","floor":3},{"not_picked":["ClearTheMind","Perseverance","FollowUp"],"picked":"SKIP","floor":5},{"not_picked":["Evaluate","Halt"],"picked":"Swivel","floor":7},{"not_picked":["Halt","CrushJoints","Nirvana"],"picked":"SKIP","floor":11},{"not_picked":["Prostrate","MentalFortress","BattleHymn"],"picked":"SKIP","floor":14},{"not_picked":["Blasphemy","Brilliance"],"picked":"LessonLearned","floor":16},{"not_picked":["BowlingBash+1","Collect","Halt+1"],"picked":"SKIP","floor":18},{"not_picked":["WaveOfTheHand","ThirdEye","Indignation"],"picked":"SKIP","floor":20},{"not_picked":["ThirdEye+1","DevaForm"],"picked":"SandsOfTime","floor":21},{"not_picked":["Meditate","MentalFortress+1","Halt"],"picked":"SKIP","floor":22},{"not_picked":["EmptyFist","ForeignInfluence"],"picked":"Evaluate","floor":28},{"not_picked":["PathToVictory","SandsOfTime+1","FlurryOfBlows"],"picked":"SKIP","floor":31}],"player_experience":191835,"relics_obtained":[{"floor":9,"key":"TungstenRod"},{"floor":26,"key":"MealTicket"}],"event_choices":[{"damage_healed":0,"gold_gain":175,"player_choice":"AGREE","damage_taken":0,"max_hp_gain":0,"max_hp_loss":0,"event_name":"Liars Game","floor":2,"gold_loss":0,"cards_obtained":["Doubt"]},{"damage_healed":0,"gold_gain":0,"player_choice":"Got Potions","damage_taken":0,"max_hp_gain":0,"max_hp_loss":0,"event_name":"Lab","floor":10,"gold_loss":0},{"damage_healed":0,"gold_gain":0,"player_choice":"Ignored","damage_taken":0,"max_hp_gain":0,"max_hp_loss":0,"event_name":"betterNote:BetterNote","floor":29,"gold_loss":0,"cards_obtained":["CutThroughFate"]}],"is_beta":false,"boss_relics":[{"not_picked":["SacredBark","Velvet Choker"],"picked":"Fusion Hammer"}],"items_purged_floors":[4,8,19],"is_endless":false,"potions_floor_spawned":[3,5,11,18,22,28],"killed_by":"Automaton","ascension_level":0}}