{"host":"turdyikuxcak11ni","time":1607694415,"event":{"mods":["AchievementEnabler","BaseMod","Colored Map","Minty Spire (QoL Compilation)","SuperFastMode"],"gold_per_floor":[112,126,146,321,339,339,349,374,413,425,467,479,53,122,122,226,226,242,157,177,190,12,12,39,84,107,107,107],"floor_reached":27,"playtime":956,"items_purged":["Doubt","Defend_R"],"score":326,"play_id":"1b3ee07f-1aa1-41e6-ab03-383984d1cb3d","local_time":"20201211054655","is_ascension_mode":true,"campfire_choices":[{"floor":6,"key":"REST"},{"floor":10,"key":"REST"},{"data":"Rampage","floor":12,"key":"SMITH"},{"data":"Limit Break","floor":15,"key":"SMITH"},{"floor":23,"key":"REST"}],"circlet_count":0,"master_deck":["Strike_R","Strike_R","Strike_R","Strike_R","Strike_R","Defend_R","Defend_R+1","Defend_R","Bash","Rampage+1","Second Wind+1","Anger","Wild Strike","Limit Break+1","Inflame","True Grit","Feed","Pommel Strike","Metallicize"],"relics":["Burning Blood","MawBank","War Paint","MealTicket","Red Skull","White Beast Statue","Mark of Pain","Blood Vial","Dream Catcher","Centennial Puzzle","Strawberry"],"acts_visited":["Exordium","TheCity"],"potions_floor_usage":[8,8,8,16,16,20,21,21,24,27,27],"damage_taken":[{"damage":11,"enemies":"Cultist","floor":1,"turns":4},{"damage":7,"enemies":"2 Louse","floor":2,"turns":3},{"damage":9,"enemies":"Jaw Worm","floor":3,"turns":3},{"damage":14,"enemies":"Exordium Wildlife","floor":5,"turns":5},{"damage":10,"enemies":"3 Louse","floor":7,"turns":5},{"damage":26,"enemies":"Lagavulin","floor":8,"turns":7},{"damage":32,"enemies":"Gremlin Nob","floor":11,"turns":4},{"damage":35,"enemies":"Slime Boss","floor":16,"turns":10},{"damage":39,"enemies":"Chosen","floor":18,"turns":6},{"damage":12,"enemies":"Shell Parasite","floor":20,"turns":4},{"damage":17,"enemies":"3 Cultists","floor":21,"turns":5},{"damage":86,"enemies":"Book of Stabbing","floor":24,"turns":6},{"damage":22,"enemies":"Chosen and Byrds","floor":27,"turns":4}],"seed_played":"-3474400020984180345","potions_obtained":[{"floor":1,"key":"Strength Potion"},{"floor":2,"key":"ColorlessPotion"},{"floor":7,"key":"LiquidBronze"},{"floor":16,"key":"CultistPotion"},{"floor":18,"key":"SkillPotion"},{"floor":20,"key":"Explosive Potion"},{"floor":21,"key":"Swift Potion"},{"floor":24,"key":"BlessingOfTheForge"}],"is_trial":false,"path_per_floor":["M","M","M","?","M","R","M","E","T","R","E","R","$","T","R","B",null,"M","?","M","M","$","R","E","T","T","M"],"character_chosen":"IRONCLAD","items_purchased":["Inflame","Red Skull","True Grit","Weak Potion","EssenceOfSteel","ElixirPotion"],"campfire_rested":3,"item_purchase_floors":[13,13,13,13,13,22],"current_hp_per_floor":[67,66,63,63,55,83,79,59,59,87,61,61,76,76,76,47,84,51,51,47,41,56,85,7,7,14,0,0],"gold":107,"neow_bonus":"TWENTY_PERCENT_HP_BONUS","is_daily":false,"chose_seed":false,"campfire_upgraded":2,"win_rate":0.0,"timestamp":1607694415,"path_taken":["M","?","M","?","M","R","M","E","T","R","E","R","?","?","R","BOSS","M","?","M","M","$","R","E","?","T","M"],"items_purchased_type":["Card","Relic","Card","Potion","Potion","Potion"],"build_version":"2020-11-30","purchased_purges":2,"victory":false,"max_hp_per_floor":[96,96,96,96,96,96,96,96,96,96,96,96,96,96,96,96,96,96,96,96,99,99,99,99,99,106,106,106],"card_choices":[{"not_picked":["Fire Breathing","Havoc"],"picked":"Rampage","floor":1},{"not_picked":["Fire Breathing","True Grit"],"picked":"Second Wind","floor":2},{"not_picked":["Rage","Spot Weakness"],"picked":"Anger","floor":3},{"not_picked":["Rupture","Anger"],"picked":"Wild Strike","floor":5},{"not_picked":["Metallicize","Headbutt","Heavy Blade"],"picked":"SKIP","floor":7},{"not_picked":["Dual Wield","Pommel Strike"],"picked":"Limit Break","floor":8},{"not_picked":["Sever Soul","Sword Boomerang","Body Slam"],"picked":"SKIP","floor":11},{"not_picked":["Corruption","Fiend Fire"],"picked":"Feed","floor":16},{"not_picked":["Warcry","Whirlwind"],"picked":"Pommel Strike","floor":18},{"not_picked":["Rupture","Dual Wield","Pommel Strike"],"picked":"SKIP","floor":20},{"not_picked":["Searing Blow","Spot Weakness","Uppercut"],"picked":"SKIP","floor":21},{"not_picked":["Sword Boomerang+1","Reaper"],"picked":"Metallicize","floor":24}],"player_experience":200598,"relics_obtained":[{"floor":8,"key":"MawBank"},{"floor":9,"key":"War Paint"},{"floor":11,"key":"MealTicket"},{"floor":14,"key":"White Beast Statue"},{"floor":24,"key":"Dream Catcher"},{"floor":25,"key":"Centennial Puzzle"},{"floor":26,"key":"Strawberry"}],"event_choices":[{"damage_healed":0,"gold_gain":175,"player_choice":"AGREE","damage_taken":0,"max_hp_gain":0,"max_hp_loss":0,"event_name":"Liars Game","floor":4,"gold_loss":0,"cards_obtained":["Doubt"]},{"damage_healed":0,"gold_gain":0,"player_choice":"Obtained Relic","damage_taken":0,"relics_obtained":["Blood Vial"],"max_hp_gain":0,"max_hp_loss":0,"event_name":"Addict","floor":19,"gold_loss":85}],"is_beta":false,"boss_relics":[{"not_picked":["SacredBark","Sozu"],"picked":"Mark of Pain"}],"items_purged_floors":[13,22],"is_endless":false,"potions_floor_spawned":[1,2,7,16,18,20,21,24],"killed_by":"Chosen and Byrds","ascension_level":5}}