{"host":"9544bpadt41uu5ar","time":1607691593,"event":{"mods":["Act Like it!","Aspiration","BaseMod","Conspire","Gensokyo","Hallownest","Highlight Path","KinomotoSakuraMod(木之本樱)","KomeijiMod","Luminous","Marisa（F雨　魔理沙）","Minty Spire (QoL Compilation)","Reimu（博丽灵梦）","Remilia_Scarlet Moed（蕾米莉亚・斯卡雷特）3.3.5","Remilia（蕾米莉亚）","Replay The Spire","StSLib","The Bug Knight","The Gatherer","The Hierophant","The Servant 0.9.4","WarShipGirlsR/战舰少女R mod","Youmu（魂魄妖梦）","Yuyuko","【东方二次创作】八云紫mod","【遗物卡牌】REMEMod"],"gold_per_floor":[111,122,122,136,66,78,95,107,153,6,6,6,20,31,31,126,126,146,161,38,53,53,53],"floor_reached":22,"playtime":1333,"items_purged":[],"score":182,"play_id":"f8a58465-1d6c-494d-9b3f-6ed48aae220f","local_time":"20201211205953","is_ascension_mode":false,"campfire_choices":[],"circlet_count":0,"master_deck":["HollowMod:NailStrikeStart","HollowMod:NailStrikeStart","HollowMod:NailStrikeStart","HollowMod:QuickDashStart","HollowMod:QuickDashStart","HollowMod:QuickDashStart","HollowMod:QuickDashStart","HollowMod:FocusHealStart","HollowMod:PogoStrike","HisouTensoku","HollowMod:MothsMistake","HollowMod:ChannelNail","HollowMod:TaintedHusks","HollowMod:SoulEater","HollowMod:InfectionAssault","HollowMod:Grubsong","CommonCold","HollowMod:FastStrike+1","HollowMod:PerfectDash","HollowMod:Hiveblood","HollowMod:DoubleDash","HollowMod:InfectionAssault+1"],"relics":["HollowMod:VesselMask","REME_ComplimentaryCards","NeowsBlessing","Hallownest:DreamNailRelic","Hallownest:StagBellRelic1","Simple Rune","conspire:TreasureMap","Ring of Hypnosis","Ring of Fury","aspiration:FutureDiary","GoodDreamPillow"],"acts_visited":["Hallownest:Greenpath","Hallownest:CityofTears"],"potions_floor_usage":[],"damage_taken":[{"damage":0,"enemies":"Hallownest:monsterHuskWarrior","floor":1,"turns":1},{"damage":0,"enemies":"Hallownest:monsterHuskGuard","floor":2,"turns":1},{"damage":0,"enemies":"2_ Uuma","floor":4,"turns":1},{"damage":7,"enemies":"Hallownest:MossCreep_and_Mosskin","floor":6,"turns":5},{"damage":7,"enemies":"Hallownest:1_Baldur_1_Crawlid_1_Warrior","floor":7,"turns":3},{"damage":3,"enemies":"Hallownest:monsterFoolEater","floor":8,"turns":3},{"damage":11,"enemies":"Hallownest:2_Tiktiks_1_Baldur_1_Crawlid","floor":13,"turns":2},{"damage":9,"enemies":"Hallownest:1_Baldur_1_Crawlid_1_Warrior","floor":14,"turns":4},{"damage":52,"enemies":"Hallownest:BossFalseKnight","floor":16,"turns":8},{"damage":4,"enemies":"Hallownest:3_Youths","floor":18,"turns":5},{"damage":54,"enemies":"Hallownest:2_Mistakes","floor":19,"turns":7},{"damage":27,"enemies":"Hallownest:2_Husk_Sentries","floor":21,"turns":4},{"damage":11,"enemies":"Hallownest:Warrior_and_Youth","floor":22,"turns":2}],"seed_played":"7861589783193076598","potions_obtained":[{"floor":2,"key":"Swift Potion"},{"floor":4,"key":"DistilledChaos"},{"floor":6,"key":"Dexterity Potion"}],"is_trial":false,"path_per_floor":["M","M","?","M","?","M","M","M","T","$","?","?","M","M","R","B",null,"M","M","?","M","M"],"character_chosen":"THE_BUGKNIGHT","items_purchased":["conspire:TreasureMap"],"campfire_rested":0,"item_purchase_floors":[10],"current_hp_per_floor":[75,75,75,75,75,71,64,61,61,61,61,61,50,47,69,31,75,71,32,32,10,0,0],"gold":53,"neow_bonus":"THREE_ENEMY_KILL","is_daily":false,"chose_seed":false,"campfire_upgraded":0,"win_rate":0.0,"timestamp":1607691593,"path_taken":["M","M","?","?","?","M","M","M","T","?","?","?","M","M","R","BOSS","M","?","?","?","M"],"items_purchased_type":["Relic"],"build_version":"2020-11-30","purchased_purges":0,"victory":false,"max_hp_per_floor":[75,75,75,75,75,75,75,75,75,75,75,75,75,75,75,75,75,75,75,75,75,75,75],"card_choices":[{"not_picked":["HollowMod:ShapeofUnn","HollowMod:SoulStrike"],"picked":"HollowMod:MothsMistake","floor":1},{"not_picked":["HollowMod:LifebloodCocoon","HollowMod:WraithStrike"],"picked":"HollowMod:ChannelNail","floor":2},{"not_picked":["HollowMod:VengefulVoid","HollowMod:GoodIntentions","HollowMod:MidwifesHunger"],"picked":"SKIP","floor":4},{"not_picked":["HollowMod:NewLittleFool","HollowMod:ShadowDash"],"picked":"HollowMod:TaintedHusks","floor":6},{"not_picked":["HollowMod:DreamGate","HollowMod:BlackTendrils"],"picked":"HollowMod:SoulEater","floor":7},{"not_picked":["HollowMod:BaldurShell","HollowMod:RecoilStrike"],"picked":"HollowMod:InfectionAssault","floor":8},{"not_picked":["HollowMod:CycloneSlash","HollowMod:VengefulVoid"],"picked":"HollowMod:FastStrike","floor":13},{"not_picked":["HollowMod:FastStrike","HollowMod:LifebloodCocoon"],"picked":"HollowMod:PerfectDash","floor":14},{"not_picked":["HollowMod:ZotesMagnificence","HollowMod:MidwifesHunger"],"picked":"HollowMod:Hiveblood","floor":16},{"not_picked":["HollowMod:FallenFury+1","HollowMod:HowlingWraiths+1"],"picked":"HollowMod:DoubleDash","floor":18},{"not_picked":["HollowMod:SharpenedNail","HollowMod:DoubleDash","HollowMod:AbyssShriek"],"picked":"SKIP","floor":19},{"not_picked":["HollowMod:CloakDash","HollowMod:DreamGate"],"picked":"HollowMod:InfectionAssault+1","floor":21}],"player_experience":57960,"relics_obtained":[{"floor":9,"key":"Simple Rune"},{"floor":12,"key":"Ring of Hypnosis"},{"floor":12,"key":"Ring of Fury"}],"event_choices":[],"is_beta":false,"boss_relics":[{"not_picked":["conspire:RunicOctahedron","conspire:SpecialSausage"],"picked":"aspiration:FutureDiary"}],"items_purged_floors":[],"is_endless":false,"potions_floor_spawned":[2,4,6,16,21],"killed_by":"Hallownest:Warrior_and_Youth","ascension_level":0}}