{"host":"2pgz2fctomabfk86","time":1607685424,"event":{"mods":["AchievementEnabler","BaseMod","Colored Map","DeckTracker","Minty Spire (QoL Compilation)","StSLib","SuperFastMode"],"gold_per_floor":[111,121,121,134,150,150,183,205,205,205,218,218,218,143,143,143,143],"floor_reached":16,"playtime":552,"items_purged":["Strike_G"],"score":185,"play_id":"fedefd06-7e18-4972-aa93-dd028447d6a1","local_time":"20201211201704","is_ascension_mode":true,"campfire_choices":[{"data":"Bullet Time","floor":6.0,"key":"SMITH"},{"floor":10,"key":"REST"},{"data":"Bane","floor":12,"key":"SMITH"},{"floor":15,"key":"REST"}],"circlet_count":0,"master_deck":["AscendersBane","Strike_G","Defend_G","Defend_G","Defend_G","Defend_G","Defend_G","Survivor","Neutralize","Bullet Time+1","Corpse Explosion","Dagger Spray","Acrobatics","Leg Sweep","Bane+1"],"relics":["Ring of the Snake","Mummified Hand","Odd Mushroom","Peace Pipe"],"acts_visited":["Exordium"],"potions_floor_usage":[],"damage_taken":[{"damage":1.0,"enemies":"Small Slimes","floor":1.0,"turns":3.0},{"damage":0.0,"enemies":"2 Louse","floor":2.0,"turns":2.0},{"damage":7.0,"enemies":"Cultist","floor":4.0,"turns":5.0},{"damage":3.0,"enemies":"3 Louse","floor":5.0,"turns":2.0},{"damage":61.0,"enemies":"Gremlin Nob","floor":7.0,"turns":6.0},{"damage":12,"enemies":"The Mushroom Lair","floor":8,"turns":3},{"damage":10,"enemies":"Large Slime","floor":11,"turns":5},{"damage":34,"enemies":"Hexaghost","floor":16,"turns":12}],"seed_played":"3488474338201590347","potions_obtained":[{"floor":1.0,"key":"Regen Potion"},{"floor":5.0,"key":"FairyPotion"}],"is_trial":false,"path_per_floor":["M","M","?","M","M","R","E","?","T","R","M","R","?","$","R","B"],"character_chosen":"THE_SILENT","items_purchased":[],"campfire_rested":2,"item_purchase_floors":[],"current_hp_per_floor":[58,58,58,51,48,48,2,12,12,30,20,20,13,13,31,0,0],"gold":143,"neow_bonus":"TRANSFORM_TWO_CARDS","is_daily":false,"chose_seed":false,"campfire_upgraded":2,"win_rate":0.0,"timestamp":1607685424,"path_taken":["M","M","?","M","M","R","E","?","T","R","M","R","?","$","R","BOSS"],"items_purchased_type":[],"build_version":"2020-11-30","purchased_purges":1,"victory":false,"max_hp_per_floor":[60,60,60,60,60,60,60,60,60,60,60,60,60,60,60,60,60],"card_choices":[{"not_picked":["Skewer","Sucker Punch","Dagger Throw"],"picked":"SKIP","floor":1.0},{"not_picked":["Dodge and Roll","Slice"],"picked":"Dagger Spray","floor":2.0},{"not_picked":["Underhanded Strike","Calculated Gamble","Caltrops"],"picked":"SKIP","floor":4.0},{"not_picked":["Blade Dance","Sucker Punch"],"picked":"Acrobatics","floor":5.0},{"not_picked":["Dodge and Roll","Flying Knee","Quick Slash"],"picked":"SKIP","floor":7.0},{"not_picked":["Flying Knee","All Out Attack"],"picked":"Leg Sweep","floor":8},{"not_picked":["PiercingWail","Flying Knee"],"picked":"Bane","floor":11}],"player_experience":892854,"relics_obtained":[{"floor":7.0,"key":"Mummified Hand"},{"floor":8,"key":"Odd Mushroom"},{"floor":9,"key":"Peace Pipe"}],"event_choices":[{"damage_healed":0.0,"max_hp_gain":0.0,"max_hp_loss":0.0,"gold_gain":0.0,"event_name":"Liars Game","player_choice":"Ignored","floor":3.0,"gold_loss":0.0,"damage_taken":0.0},{"damage_healed":0,"gold_gain":0,"player_choice":"Fought Mushrooms","damage_taken":0,"max_hp_gain":0,"max_hp_loss":0,"event_name":"Mushrooms","floor":8,"gold_loss":0},{"cards_removed":["Strike_G"],"damage_healed":0,"gold_gain":0,"player_choice":"Card Removal","damage_taken":7,"max_hp_gain":0,"max_hp_loss":0,"event_name":"Golden Wing","floor":13,"gold_loss":0}],"is_beta":false,"boss_relics":[],"items_purged_floors":[14],"is_endless":false,"potions_floor_spawned":[1,5],"killed_by":"Hexaghost","ascension_level":17}}