{"host":"htqwg582tjjtn9p7","time":1607697008,"event":{"mods":["2.2 Compatiblity","AchievementEnabler","Act Like it!","Aspiration","BaseMod","Better Third Choice","Colored Map","Conspire","Curses Come First","Displayed Cursed Tome","Energized Spire","Force Act Four","GifTheSpireLib","Hermit","Highlight Path","JesterMod","Mad Scientist","Minty Spire (QoL Compilation)","Pale of the Ancients","Permanent Neow","Random Character Button","Relic Stats","Replay The Spire","Robot Space Explorer","Somnambulant","Spicy Shops","Spikes Relics","StSLib","Stuff the Spire","The Blue Laboratory","The Disciple","The Dragon Tamer","The Forsaken","The Gatherer","The Judge","The Jungle","The Runesmith","The Servant 0.9.4"],"gold_per_floor":[118,68,84,96,96,127,143,172,199,199,217,244,262,277,277,379,379,393,126,206,206,206,238,238,213,261,261,295,295,309,334,334,334,334],"floor_reached":33,"playtime":2072,"items_purged":[],"score":488,"play_id":"f89dca02-79ee-4053-a0e8-b9db7c048006","local_time":"20201211153008","is_ascension_mode":true,"campfire_choices":[{"data":"theForsaken:ShieldBash","floor":10,"key":"SMITH"},{"data":"theForsaken:NobleSacrifice","floor":15,"key":"SMITH"},{"data":"theForsaken:ShieldBash","floor":24,"key":"SMITH"},{"data":"theForsaken:BountifulSunlight","floor":24,"key":"SMITH"},{"floor":32,"key":"DIG"}],"circlet_count":0,"master_deck":["AscendersBane","theForsaken:TheForsaken_Strike+1","theForsaken:TheForsaken_Strike+1","theForsaken:TheForsaken_Strike+1","theForsaken:TheForsaken_Defend+1","theForsaken:TheForsaken_Defend+1","theForsaken:TheForsaken_Defend+1","theForsaken:TheForsaken_Defend+1","theForsaken:Smite+1","theForsaken:Penitence","theForsaken:InspiringBlow","theForsaken:ShieldBash+1","theForsaken:DefensiveStance","theForsaken:BountifulSunlight+1","theForsaken:NobleSacrifice+1","theForsaken:ShieldBash+1","theForsaken:DarkBargain+1","RobotSpaceExplorer:ScrapToss+1","BlueShift"],"relics":["theForsaken:JudgementScales","StuffTheSpire:Expresso","Pear","StuffTheSpire:Gunfinga","Tiny Chest","Replay:Wax Seal","ChewingGum","Frozen Egg 2","StuffTheSpire:Experiment12","Golden Egg","PrismaticShard","Replay:Arrowhead","Bag of Preparation","Replay:Multitool","MealTicket","Replay:Bottled Snecko"],"acts_visited":["Exordium","TheCity"],"potions_floor_usage":[7,8,23,28,28,31,33],"damage_taken":[{"damage":1,"enemies":"2 Louse","floor":1,"turns":3},{"damage":0,"enemies":"Jaw Worm","floor":3,"turns":3},{"damage":0,"enemies":"Cultist","floor":4,"turns":4},{"damage":20,"enemies":"3 Sentries","floor":6,"turns":10},{"damage":0,"enemies":"Gremlin Gang","floor":7,"turns":6},{"damage":11,"enemies":"Gremlin Nob","floor":8,"turns":6},{"damage":7,"enemies":"Lots of Slimes","floor":11,"turns":7},{"damage":29,"enemies":"Lagavulin","floor":12,"turns":9},{"damage":11,"enemies":"Exordium Wildlife","floor":13,"turns":5},{"damage":6,"enemies":"Large Slime","floor":14,"turns":6},{"damage":49,"enemies":"The Guardian","floor":16,"turns":13},{"damage":13,"enemies":"3 Byrds","floor":18,"turns":8},{"damage":51,"enemies":"Book of Stabbing","floor":23,"turns":7},{"damage":27,"enemies":"2 Thieves","floor":25,"turns":5},{"damage":34,"enemies":"Slavers","floor":28,"turns":12},{"damage":9,"enemies":"Sentry and Sphere","floor":30,"turns":6},{"damage":36,"enemies":"Gremlin Leader","floor":31,"turns":13},{"damage":161,"enemies":"Champ","floor":33,"turns":25}],"seed_played":"8959103603266871163","potions_obtained":[{"floor":1,"key":"LifebloodPotion"},{"floor":3,"key":"FearPotion"},{"floor":4,"key":"Flashbang"},{"floor":11,"key":"Elixir"},{"floor":13,"key":"Explosive Potion"},{"floor":18,"key":"LiquidBronze"},{"floor":28,"key":"SkillPotion"},{"floor":30,"key":"Swift Potion"}],"is_trial":false,"path_per_floor":["M","?","M","M","?","E","M","E","T","R","M","E","M","M","R","B",null,"M","$","T","?","?","E","R","M","T","?","E","R","M","E","R","B"],"character_chosen":"THE_FORSAKEN","items_purchased":["Frozen Egg 2","StuffTheSpire:Experiment12"],"campfire_rested":0,"item_purchase_floors":[19,19],"current_hp_per_floor":[63,63,65,65,65,75,75,71,71,71,75,69,75,75,75,75,75,75,75,75,67,75,45,45,53,53,53,55,75,74,71,71,0,0],"gold":334,"neow_bonus":"UPGRADE_CARD","is_daily":false,"chose_seed":false,"campfire_upgraded":4,"win_rate":0.0,"timestamp":1607697008,"path_taken":["M","?","M","M","?","E","M","E","T","R","?","E","M","?","R","BOSS","M","?","?","?","?","E","R","M","T","?","E","R","M","E","R","BOSS"],"items_purchased_type":["Relic","Relic"],"build_version":"2020-11-30","purchased_purges":0,"victory":false,"max_hp_per_floor":[65,65,65,65,65,75,75,75,75,75,75,75,75,75,75,75,75,75,75,75,75,75,75,75,75,75,75,75,75,75,75,75,75,75],"relic_stats":{"counters":[18,148],"Tiny Chest":1,"MealTicket":0,"Bag of Preparation":[8],"obtain_stats":[{"Golden Egg":20,"Pear":6,"StuffTheSpire:Expresso":5,"Bag of Preparation":26,"Replay:Multitool":28,"Frozen Egg 2":19,"PrismaticShard":21,"Replay:Arrowhead":23,"StuffTheSpire:Experiment12":19,"StuffTheSpire:Gunfinga":8,"Tiny Chest":9,"ChewingGum":17,"MealTicket":31,"Replay:Bottled Snecko":32,"Replay:Wax Seal":12,"theForsaken:JudgementScales":0},{"Golden Egg":12,"Pear":4,"StuffTheSpire:Expresso":3,"Bag of Preparation":14,"Replay:Multitool":15,"Frozen Egg 2":12,"PrismaticShard":12,"Replay:Arrowhead":13,"StuffTheSpire:Experiment12":12,"StuffTheSpire:Gunfinga":6,"Tiny Chest":6,"ChewingGum":11,"MealTicket":17,"Replay:Bottled Snecko":17,"Replay:Wax Seal":8,"theForsaken:JudgementScales":0},{"Golden Egg":80,"Pear":20,"StuffTheSpire:Expresso":10,"Bag of Preparation":92,"Replay:Multitool":104,"Frozen Egg 2":80,"PrismaticShard":80,"Replay:Arrowhead":87,"StuffTheSpire:Experiment12":80,"StuffTheSpire:Gunfinga":32,"Tiny Chest":32,"ChewingGum":72,"MealTicket":123,"Replay:Bottled Snecko":123,"Replay:Wax Seal":48,"theForsaken:JudgementScales":0}]},"card_choices":[{"not_picked":["theForsaken:CorruptedWord","theForsaken:WardingHymn"],"picked":"theForsaken:InspiringBlow","floor":1},{"not_picked":["theForsaken:PanicDive","theForsaken:BattleHymn","theForsaken:ShieldCharge"],"picked":"SKIP","floor":3},{"not_picked":["theForsaken:Riposte","theForsaken:Bolster"],"picked":"theForsaken:ShieldBash","floor":4},{"not_picked":["theForsaken:CreepingInfection","theForsaken:ChargeAttack","theForsaken:WrathOfGod"],"picked":"SKIP","floor":6},{"not_picked":["theForsaken:AncientWords","theForsaken:CleansingLight"],"picked":"theForsaken:DefensiveStance","floor":7},{"not_picked":["theForsaken:FatRoll","theForsaken:Tranquility"],"picked":"theForsaken:BountifulSunlight","floor":8},{"not_picked":["theForsaken:BindingThorns","theForsaken:Riposte"],"picked":"theForsaken:NobleSacrifice","floor":11},{"not_picked":["theForsaken:WordsOfMight","theForsaken:FuryStrikes","theForsaken:MagicWeapon"],"picked":"SKIP","floor":12},{"not_picked":["theForsaken:TearsOfSunlight","theForsaken:InspiringBlow","theForsaken:PanicDive"],"picked":"SKIP","floor":13},{"not_picked":["theForsaken:ShieldCharge","theForsaken:BlightOfFamine"],"picked":"theForsaken:ShieldBash","floor":14},{"not_picked":["theForsaken:ChargeAttack+1","theForsaken:LightRoll","theForsaken:Parry"],"picked":"SKIP","floor":18},{"not_picked":["theForsaken:ChargeAttack","theForsaken:HorrifyingStrike"],"picked":"theForsaken:DarkBargain+1","floor":21},{"not_picked":["Concentrate","Replay:Bootleg Shield Generator","theForsaken:Preservation"],"picked":"SKIP","floor":23},{"not_picked":["ReplayTheSpireMod:Exploit Weakness","jesterMod:Anticipation"],"picked":"RobotSpaceExplorer:ScrapToss","floor":25},{"not_picked":["somnambulantmod: Nosebleed","Alpha"],"picked":"BlueShift","floor":28},{"not_picked":["WatchCommand","Ball Lightning","hermit:Roulette"],"picked":"SKIP","floor":30},{"not_picked":["RobotSpaceExplorer:Asteroid","WordoMod:GivesYouHell","WordoMod:TheCure"],"picked":"SKIP","floor":31}],"player_experience":1641630,"relics_obtained":[{"floor":6,"key":"Pear"},{"floor":8,"key":"StuffTheSpire:Gunfinga"},{"floor":9,"key":"Tiny Chest"},{"floor":12,"key":"Replay:Wax Seal"},{"floor":20,"key":"Golden Egg"},{"floor":21,"key":"PrismaticShard"},{"floor":23,"key":"Replay:Arrowhead"},{"floor":26,"key":"Bag of Preparation"},{"floor":28,"key":"Replay:Multitool"},{"floor":31,"key":"MealTicket"},{"floor":32,"key":"Replay:Bottled Snecko"}],"event_choices":[{"cards_removed":["theForsaken:TheForsaken_Strike"],"damage_healed":0,"gold_gain":0,"player_choice":"Card Removal","damage_taken":0,"max_hp_gain":0,"max_hp_loss":0,"event_name":"The Cleric","floor":2,"gold_loss":50},{"damage_healed":0,"gold_gain":0,"player_choice":"Gave Potion","damage_taken":0,"relics_obtained":["StuffTheSpire:Expresso"],"max_hp_gain":0,"max_hp_loss":0,"event_name":"WeMeetAgain","floor":5,"gold_loss":0},{"damage_healed":0,"gold_gain":0,"player_choice":"Simplicity","damage_taken":0,"max_hp_gain":0,"max_hp_loss":7,"event_name":"betterThird:BetterWriting","floor":27,"gold_loss":0}],"is_beta":false,"boss_relics":[{"not_picked":["theForsaken:PaleLantern","Runesmith:UraniumAnvil"],"picked":"ChewingGum"}],"items_purged_floors":[],"is_endless":false,"potions_floor_spawned":[1,3,4,11,13,18,28,30],"killed_by":"Champ","ascension_level":10}}