{"host":"2xsfphy07xoqyoib","time":1607694793,"event":{"mods":["BaseMod","Minty Spire (QoL Compilation)","Quick Restart","Replay The Spire","Shop Mod","StSLib"],"gold_per_floor":[113,128,128,147,247,247,259,14,14,14,14,31,50,69,69,89,89,194,194,206,240,40,40,40,40,50,50,50,50,50,50,77,90,90,90,90],"floor_reached":35,"playtime":1747,"items_purged":[],"score":267,"play_id":"0e22f18d-5a8e-4d96-b751-f75e647afab1","local_time":"20201211215313","is_ascension_mode":false,"campfire_choices":[{"data":"Dagger Spray","floor":6,"key":"SMITH"},{"floor":15,"key":"REST"},{"data":"Noxious Fumes","floor":17,"key":"SMITH"},{"floor":25,"key":"REST"},{"floor":27,"key":"REST"},{"floor":30,"key":"REST"},{"floor":34,"key":"REST"}],"circlet_count":0,"master_deck":["Strike_G+1","Strike_G+1","Strike_G+1","Defend_G+1","Defend_G+1","Defend_G+1","Survivor","Neutralize","PiercingWail","Dagger Spray+1","Quick Slash","Backstab","ReplayTheSpireMod:Tripwire","Corpse Explosion","Noxious Fumes+1","Choke","Deadly Poison","All Out Attack","Deadly Poison","Night Terror","Prepared","Dagger Throw","Hidden Blade","RitualDagger","Pot Of Greed","Pot Of Greed","Atom Bomb","Replay:Sssssssssshield","Deadly Poison","Predator+1"],"relics":["Ring of the Snake","Snack Pack","Empty Cage","Red Mask","Juzu Bracelet","Grinning Jar","Nilry\u0027s Codex","Iron Hammer"],"acts_visited":["Exordium","TheCity"],"potions_floor_usage":[21,32,35,35,35],"damage_taken":[{"damage":0,"enemies":"Cultist","floor":1,"turns":5},{"damage":0,"enemies":"Small Slimes","floor":2,"turns":5},{"damage":2,"enemies":"Jaw Worm","floor":4,"turns":6},{"damage":4,"enemies":"Red Slaver","floor":7,"turns":2},{"damage":13,"enemies":"Exordium Thugs","floor":12,"turns":5},{"damage":7,"enemies":"Blue Slaver","floor":13,"turns":3},{"damage":9,"enemies":"Exordium Wildlife","floor":14,"turns":3},{"damage":0,"enemies":"2 Fungi Beasts","floor":16,"turns":2},{"damage":4,"enemies":"Hexaghost","floor":18,"turns":8},{"damage":15,"enemies":"Chosen","floor":20,"turns":4},{"damage":21,"enemies":"Masked Bandits","floor":21,"turns":3},{"damage":30,"enemies":"Shell Parasite","floor":26,"turns":5},{"damage":49,"enemies":"Gremlin Leader","floor":32,"turns":6},{"damage":2,"enemies":"Centurion and Healer","floor":33,"turns":3},{"damage":34,"enemies":"Pondfish","floor":35,"turns":7}],"seed_played":"-6092995510107058271","potions_obtained":[{"floor":1,"key":"Weak Potion"},{"floor":2,"key":"CunningPotion"},{"floor":14,"key":"Block Potion"},{"floor":26,"key":"Languid Potion"},{"floor":33,"key":"Reflective Coating"}],"is_trial":false,"path_per_floor":["M","M","?","M","?","R","M","$","T","PTL","PTL","M","M","M","R","M","R","B",null,"M","?","$","?","?","R","M","R","T","?","R","?","E","M","R","B"],"character_chosen":"THE_SILENT","items_purchased":["Corpse Explosion","Noxious Fumes","Elixir","Juzu Bracelet","Hidden Blade"],"campfire_rested":5,"item_purchase_floors":[8,8,8,22,22],"current_hp_per_floor":[77,77,77,75,75,75,71,71,71,71,71,60,53,44,67,67,67,67,77,62,41,41,41,35,58,28,51,51,51,74,58,11,11,34,0,0],"gold":90,"neow_bonus":"TEN_PERCENT_HP_BONUS","is_daily":false,"chose_seed":false,"campfire_upgraded":2,"win_rate":0.0,"timestamp":1607694793,"path_taken":["M","?","?","M","?","R","M","$","T","PTL","PTL","M","?","M","R","M","R","BOSS","M","?","$","?","?","R","M","R","T","?","R","?","E","M","R","BOSS"],"items_purchased_type":["Card","Card","Potion","Relic","Card"],"build_version":"2020-11-30","purchased_purges":0,"victory":false,"max_hp_per_floor":[77,77,77,77,77,77,77,77,77,77,77,77,77,77,77,77,77,77,77,77,77,77,77,77,77,77,77,77,77,77,77,77,77,77,77,77],"card_choices":[{"not_picked":["Masterful Stab","Cloak And Dagger"],"picked":"PiercingWail","floor":1},{"not_picked":["Outmaneuver","Blade Dance"],"picked":"Dagger Spray","floor":2},{"not_picked":["Prepared","Acrobatics"],"picked":"Backstab","floor":4},{"not_picked":["Draining Mist","Slice"],"picked":"ReplayTheSpireMod:Tripwire","floor":7},{"not_picked":["Outmaneuver","Blade Dance"],"picked":"Choke","floor":12},{"not_picked":["Poisoned Stab","Doppelganger"],"picked":"Deadly Poison","floor":13},{"not_picked":["Dagger Spray","Outmaneuver"],"picked":"All Out Attack","floor":14},{"not_picked":["Prepared","Expertise"],"picked":"Deadly Poison","floor":16},{"not_picked":["Phantasmal Killer","ReplayTheSpireMod:Necrosis"],"picked":"Night Terror","floor":18},{"not_picked":["Quick Slash+1","Underhanded Strike+1"],"picked":"Prepared","floor":20},{"not_picked":["ReplayTheSpireMod:Shiv Toss","ReplayTheSpireMod:Exploit Weakness"],"picked":"Dagger Throw","floor":21},{"not_picked":["Dagger Spray","Sucker Punch","Heel Hook"],"picked":"SKIP","floor":26},{"not_picked":["Backstab+1","Endless Agony+1"],"picked":"Deadly Poison","floor":32},{"not_picked":["Dodge and Roll","Cloak And Dagger"],"picked":"Predator+1","floor":33}],"player_experience":38684,"relics_obtained":[{"floor":9,"key":"Snack Pack"},{"floor":21,"key":"Red Mask"},{"floor":28,"key":"Grinning Jar"},{"floor":31,"key":"Nilry\u0027s Codex"},{"floor":32,"key":"Iron Hammer"}],"event_choices":[{"damage_healed":0,"gold_gain":0,"cards_transformed":["Defend_G"],"player_choice":"Change","damage_taken":0,"max_hp_gain":0,"max_hp_loss":0,"event_name":"Living Wall","floor":3,"gold_loss":0,"cards_obtained":["Quick Slash"]},{"damage_healed":0,"gold_gain":100,"player_choice":"Pray","damage_taken":0,"max_hp_gain":0,"max_hp_loss":0,"event_name":"Golden Shrine","floor":5,"gold_loss":0},{"damage_healed":0,"gold_gain":0,"player_choice":"Fought Bandits","damage_taken":0,"max_hp_gain":0,"max_hp_loss":0,"event_name":"Masked Bandits","floor":21,"gold_loss":0},{"damage_healed":0,"gold_gain":0,"player_choice":"Simplicity","damage_taken":0,"max_hp_gain":0,"max_hp_loss":0,"event_name":"Back to Basics","floor":23,"gold_loss":0,"cards_upgraded":["Strike_G","Strike_G","Strike_G","Strike_G","Defend_G","Defend_G","Defend_G"]},{"damage_healed":0,"gold_gain":0,"player_choice":"Joined the Cult","damage_taken":6,"max_hp_gain":0,"max_hp_loss":0,"event_name":"Nest","floor":24,"gold_loss":0,"cards_obtained":["RitualDagger"]},{"damage_healed":0,"gold_gain":0,"cards_transformed":["Strike_G","Pot Of Greed"],"player_choice":"Became Test Subject","damage_taken":0,"max_hp_gain":0,"max_hp_loss":0,"event_name":"Drug Dealer","floor":29,"gold_loss":0,"cards_obtained":["Atom Bomb","Replay:Sssssssssshield"]},{"damage_healed":0,"gold_gain":0,"player_choice":"Obtained Book","damage_taken":16,"max_hp_gain":0,"max_hp_loss":0,"event_name":"Cursed Tome","floor":31,"gold_loss":0}],"is_beta":false,"boss_relics":[{"not_picked":["Coffee Dripper","Sozu"],"picked":"Empty Cage"}],"items_purged_floors":[],"is_endless":false,"potions_floor_spawned":[1,2,14,18,26,33],"killed_by":"Pondfish","ascension_level":0}}