{"host":"pletss163z7s8pvv","time":1607666302,"event":{"mods":["AchievementEnabler","BaseMod","Colored Map","Colored Powertips","Minty Spire (QoL Compilation)"],"gold_per_floor":[114,114,129,304,319,334,364,379,379,379,394,394,1,16,16,116,116,131,46,145,160,16,16,31,86,86,86,86,13,28,43,43,143,143,158,8,8,8,23,23,53,53,53,83,83,98,123,138,138,138],"floor_reached":51,"playtime":1794,"items_purged":["Doubt"],"score":752,"play_id":"37bca851-3d89-4257-acf4-b0877ea2be06","local_time":"20201210235822","daily_mods":["Heirloom","Green Cards","DeadlyEvents"],"is_ascension_mode":false,"campfire_choices":[{"floor":10,"key":"REST"},{"floor":12,"key":"REST"},{"floor":15,"key":"REST"},{"floor":23,"key":"REST"},{"floor":28,"key":"REST"},{"floor":32,"key":"REST"},{"data":"Prostrate","floor":40,"key":"SMITH"},{"floor":42,"key":"REST"},{"floor":45,"key":"REST"},{"floor":49,"key":"REST"}],"circlet_count":0,"master_deck":["Strike_P+1","Strike_P+1","Strike_P+1","Defend_P+1","Defend_P+1","Defend_P+1","Defend_P+1","Eruption","Vigilance","Prostrate+1","EmptyFist","ReachHeaven","WreathOfFlame","BowlingBash","DeceiveReality","ClearTheMind","Consecrate","Bandage Up","Blade Dance","Consecrate","Alpha","CurseOfTheBell","FlurryOfBlows","Wish","EmptyFist+1","Worship","Devotion+1","CrushJoints+1","FlurryOfBlows+1","Backstab+1","Blade Dance"],"relics":["PureWater","Mango","Matryoshka","Bag of Marbles","Mummified Hand","Frozen Egg 2","Boot","Calling Bell","Orichalcum","Singing Bowl","Thread and Needle","MealTicket","Ornamental Fan","TeardropLocket","Shuriken","Busted Crown","Damaru","Lizard Tail","Bottled Flame","Akabeko","Dream Catcher"],"acts_visited":["Exordium","TheCity","TheBeyond"],"potions_floor_usage":[7,16,16,33,33,33,50,50,50],"damage_taken":[{"damage":0,"enemies":"2 Louse","floor":1,"turns":2},{"damage":11,"enemies":"Small Slimes","floor":3,"turns":2},{"damage":2,"enemies":"Jaw Worm","floor":5,"turns":3},{"damage":5,"enemies":"Looter","floor":6,"turns":4},{"damage":65,"enemies":"Lagavulin","floor":7,"turns":8},{"damage":0,"enemies":"3 Louse","floor":8,"turns":3},{"damage":9,"enemies":"Large Slime","floor":11,"turns":7},{"damage":0,"enemies":"Lots of Slimes","floor":14,"turns":2},{"damage":70,"enemies":"The Guardian","floor":16,"turns":8},{"damage":25,"enemies":"3 Byrds","floor":18,"turns":5},{"damage":8,"enemies":"Chosen","floor":21,"turns":4},{"damage":30,"enemies":"Sentry and Sphere","floor":24,"turns":7},{"damage":38,"enemies":"Book of Stabbing","floor":25,"turns":5},{"damage":18,"enemies":"Centurion and Healer","floor":30,"turns":7},{"damage":31,"enemies":"Shelled Parasite and Fungi","floor":31,"turns":7},{"damage":21,"enemies":"Automaton","floor":33,"turns":5},{"damage":10,"enemies":"Orb Walker","floor":35,"turns":4},{"damage":11,"enemies":"3 Darklings","floor":39,"turns":3},{"damage":37,"enemies":"Giant Head","floor":41,"turns":7},{"damage":53,"enemies":"Nemesis","floor":44,"turns":7},{"damage":16,"enemies":"Sphere and 2 Shapes","floor":46,"turns":5},{"damage":11,"enemies":"Maw","floor":48,"turns":5},{"damage":64,"enemies":"Awakened One","floor":50,"turns":6}],"seed_played":"-551933171069321123","potions_obtained":[{"floor":6,"key":"Regen Potion"},{"floor":11,"key":"Fire Potion"},{"floor":14,"key":"Energy Potion"},{"floor":16,"key":"Ancient Potion"},{"floor":24,"key":"Explosive Potion"},{"floor":25,"key":"Energy Potion"},{"floor":31,"key":"Ambrosia"},{"floor":35,"key":"Strength Potion"},{"floor":39,"key":"FearPotion"},{"floor":46,"key":"BlessingOfTheForge"}],"is_trial":false,"path_per_floor":["M","?","M","?","M","M","E","M","T","R","M","R","$","M","R","B",null,"M","?","?","M","$","R","M","E","T","?","R","$","M","M","R","B",null,"M","$","?","$","M","R","E","R","T","E","R","M","T","M","R","B",null],"character_chosen":"WATCHER","items_purchased":["Boot","Consecrate","Bandage Up","Blade Dance","Wish","Worship","Damaru"],"campfire_rested":9,"item_purchase_floors":[13,13,13,13,22,29,36],"current_hp_per_floor":[86,83,72,72,70,65,14,14,14,39,30,55,55,55,80,14,86,63,63,63,59,74,88,62,30,30,30,57,72,60,35,63,42,94,84,94,94,94,85,85,54,83,83,36,66,54,54,43,73,13],"gold":138,"neow_bonus":"","is_daily":true,"chose_seed":false,"campfire_upgraded":1,"win_rate":0.0,"timestamp":1607666302,"path_taken":["M","?","M","?","M","M","E","M","T","R","M","R","$","M","R","BOSS","M","?","?","M","$","R","?","?","T","?","R","?","M","?","R","BOSS","M","?","?","$","?","R","E","R","T","E","R","M","?","M","R","BOSS"],"items_purchased_type":["Relic","Card","Card","Card","Card","Card","Relic"],"build_version":"2020-11-30","purchased_purges":1,"victory":true,"max_hp_per_floor":[86,86,86,86,86,86,86,86,86,86,86,86,86,86,86,86,86,88,88,88,88,88,88,88,90,90,90,90,90,92,94,94,94,94,94,94,94,94,96,96,98,98,98,100,100,100,100,100,100,100],"card_choices":[{"not_picked":["SashWhip","Blade Dance"],"picked":"Prostrate","floor":1},{"not_picked":["Outmaneuver","Collect"],"picked":"EmptyFist","floor":3},{"not_picked":["Adaptation","Dash"],"picked":"ReachHeaven","floor":5},{"not_picked":["Sucker Punch","Protect"],"picked":"WreathOfFlame","floor":6},{"not_picked":["Crippling Poison","Adaptation"],"picked":"BowlingBash","floor":7},{"not_picked":["Tantrum","EmptyBody"],"picked":"DeceiveReality","floor":8},{"not_picked":["Concentrate","EmptyFist"],"picked":"ClearTheMind","floor":11},{"not_picked":["Protect","Dodge and Roll"],"picked":"Consecrate","floor":14},{"not_picked":["LessonLearned","Malaise"],"picked":"Alpha","floor":16},{"not_picked":["Dodge and Roll+1","Deadly Poison","SashWhip+1"],"picked":"Singing Bowl","floor":18},{"not_picked":["Crescendo","SandsOfTime"],"picked":"FlurryOfBlows","floor":21},{"not_picked":["Predator","Acrobatics"],"picked":"EmptyFist+1","floor":24},{"not_picked":["ThirdEye","Calculated Gamble","Bouncing Flask"],"picked":"Singing Bowl","floor":25},{"not_picked":["Underhanded Strike+1","Predator","Acrobatics"],"picked":"Singing Bowl","floor":30},{"not_picked":["Bane","Acrobatics","Poisoned Stab"],"picked":"Singing Bowl","floor":31},{"not_picked":["Blasphemy","Establishment+1"],"picked":"Devotion+1","floor":33},{"not_picked":[],"picked":"CrushJoints+1","floor":35},{"not_picked":["Leg Sweep"],"picked":"Singing Bowl","floor":39},{"not_picked":["DeceiveReality"],"picked":"Singing Bowl","floor":41},{"not_picked":["Sucker Punch"],"picked":"Singing Bowl","floor":44},{"not_picked":[],"picked":"FlurryOfBlows+1","floor":46},{"not_picked":[],"picked":"Backstab+1","floor":48},{"not_picked":[],"picked":"Blade Dance","floor":49}],"player_experience":374713,"relics_obtained":[{"floor":7,"key":"Bag of Marbles"},{"floor":9,"key":"Mummified Hand"},{"floor":9,"key":"Frozen Egg 2"},{"floor":17,"key":"Orichalcum"},{"floor":17,"key":"Singing Bowl"},{"floor":17,"key":"Thread and Needle"},{"floor":25,"key":"Ornamental Fan"},{"floor":26,"key":"TeardropLocket"},{"floor":26,"key":"Shuriken"},{"floor":41,"key":"Lizard Tail"},{"floor":43,"key":"Bottled Flame"},{"floor":44,"key":"Akabeko"},{"floor":47,"key":"Dream Catcher"}],"event_choices":[{"damage_healed":0,"gold_gain":0,"player_choice":"Success","damage_taken":3,"relics_obtained":["Matryoshka"],"max_hp_gain":0,"max_hp_loss":0,"event_name":"Scrap Ooze","floor":2,"gold_loss":0},{"damage_healed":0,"gold_gain":175,"player_choice":"AGREE","damage_taken":0,"max_hp_gain":0,"max_hp_loss":0,"event_name":"Liars Game","floor":4,"gold_loss":0,"cards_obtained":["Doubt"]},{"damage_healed":0,"gold_gain":0,"player_choice":"Obtained Relic","damage_taken":0,"relics_obtained":["MealTicket"],"max_hp_gain":0,"max_hp_loss":0,"event_name":"Addict","floor":19,"gold_loss":85},{"damage_healed":0,"gold_gain":99,"player_choice":"Stole From Cult","damage_taken":0,"max_hp_gain":0,"max_hp_loss":0,"event_name":"Nest","floor":20,"gold_loss":0},{"damage_healed":0,"gold_gain":0,"player_choice":"Simplicity","damage_taken":0,"max_hp_gain":0,"max_hp_loss":0,"event_name":"Back to Basics","floor":27,"gold_loss":0,"cards_upgraded":["Strike_P","Strike_P","Strike_P","Strike_P","Defend_P","Defend_P","Defend_P","Defend_P"]},{"cards_removed":["Strike_P"],"damage_healed":0,"gold_gain":0,"player_choice":"Removed Attack","damage_taken":0,"max_hp_gain":0,"max_hp_loss":0,"event_name":"Falling","floor":37,"gold_loss":0}],"is_beta":false,"boss_relics":[{"not_picked":["Black Star","Empty Cage"],"picked":"Calling Bell"},{"not_picked":["Snecko Eye","Sozu"],"picked":"Busted Crown"}],"items_purged_floors":[13],"is_endless":false,"potions_floor_spawned":[6,11,14,16,24,25,31,35,39,46],"ascension_level":0}}