{"host":"xenpv6dj5x1yxp66","time":1607690507,"event":{"mods":["AchievementEnabler","Aspiration","BaseMod","Better Altar","Better Sensory Stone","Better Skull","Better Third Choice","BetterRewards","Colored Map","Colored Powertips","Conspire","Downfall","Highlight Path","Hubris","Marisa????????","Minty Spire (QoL Compilation)","Quick Restart","READ ME - Guardian Mod","Replay The Spire","Shade Mod","StSLib","The Animator","The Bug Knight","The Construct","The Cursed","The Disciple","The Necromancer","The Runesmith","The Servant 0.9.4"],"gold_per_floor":[119,139,139,139,159,159,159,159,184,35,35,74,74,94,94,217,217,237,10,33,69,143,158,158,182,182,182,28,72,72,85,85,204,204,228,228,228],"floor_reached":36,"playtime":2215,"items_purged":[],"score":380,"play_id":"78f6a2c3-9930-4417-93bf-6c568966c0e8","local_time":"20201211134147","is_ascension_mode":false,"campfire_choices":[{"data":"Eruption","floor":6,"key":"SMITH"},{"data":"Indignation","floor":8,"key":"SMITH"},{"floor":13,"key":"REST"},{"floor":15,"key":"REST"},{"floor":24,"key":"REST"},{"floor":27,"key":"REST"},{"data":"Perseverance","floor":32,"key":"SMITH"}],"circlet_count":0,"master_deck":["Strike_P","Strike_P","Strike_P","Strike_P","Defend_P","Defend_P","Defend_P","Defend_P","Eruption+1","Vigilance","PathToVictory","CarveReality+1","Indignation+1","Replay:DivineShield","Perseverance+1","Replay:AllIn","Replay:AtTheReady","Panache","Halt","FearNoEvil","Prostrate","Collect","Vengeance+1","EmptyFist+1","Perseverance","Prostrate+1","DevaForm","EmptyFist"],"relics":["PureWater","Orichalcum","Tiny Chest","Toy Ornithopter","Golden Idol","Potion Belt","Ring of Chaos","Red Mask","construct:FoamFinger","hubris:64BitClover","HollowMod:PaleOreRelic","Simple Rune","hubris:TerracottaHorce"],"acts_visited":["Exordium","TheCity","TheBeyond"],"potions_floor_usage":[16,20,33,33,33],"damage_taken":[{"damage":2,"enemies":"2 Louse","floor":1,"turns":3},{"damage":2,"enemies":"Cultist","floor":2,"turns":3},{"damage":3,"enemies":"Jaw Worm","floor":5,"turns":3},{"damage":26,"enemies":"Gremlin Nob","floor":12,"turns":3},{"damage":8,"enemies":"Exordium Thugs","floor":14,"turns":4},{"damage":10,"enemies":"Fading Forest","floor":16,"turns":11},{"damage":4,"enemies":"Shell Parasite","floor":18,"turns":6},{"damage":9,"enemies":"3 Byrds","floor":20,"turns":6},{"damage":19,"enemies":"Masked Bandits","floor":21,"turns":5},{"damage":25,"enemies":"Shelled Parasite and Fungi","floor":23,"turns":6},{"damage":13,"enemies":"conspire:HollyBat","floor":25,"turns":8},{"damage":16,"enemies":"conspire:SneckoGhost","floor":29,"turns":7},{"damage":6,"enemies":"3 Cultists","floor":31,"turns":3},{"damage":40,"enemies":"hubris:MusketHawk","floor":33,"turns":7},{"damage":19,"enemies":"Orb Walker","floor":35,"turns":5},{"damage":37,"enemies":"3 Shapes","floor":36,"turns":4}],"seed_played":"-999730852222048814","potions_obtained":[{"floor":14,"key":"SteroidPotion"},{"floor":16,"key":"AttackPotion"},{"floor":23,"key":"Fire Potion"},{"floor":25,"key":"Adrenaline Potion"},{"floor":29,"key":"CultistPotion"}],"is_trial":false,"path_per_floor":["M","M","?","?","M","R","?","R","T","$","?","E","R","M","R","B",null,"M","$","M","?","T","M","R","M","T","R","$","E","?","M","R","B",null,"M","M"],"character_chosen":"WATCHER","items_purchased":["Toy Ornithopter","Panache","Halt","HollowMod:PaleOreRelic"],"campfire_rested":4,"item_purchase_floors":[10,19,19,28],"current_hp_per_floor":[70,68,68,68,65,65,65,65,65,65,47,21,42,34,55,62,72,68,68,63,44,44,19,40,27,27,48,48,32,32,26,26,1,54,35,0,0],"gold":228,"neow_bonus":"RANDOM_COMMON_RELIC","is_daily":false,"chose_seed":false,"campfire_upgraded":3,"win_rate":0.0,"timestamp":1607690507,"path_taken":["M","M","?","?","?","R","?","R","T","?","?","E","R","M","R","BOSS","M","$","M","?","?","M","R","M","T","R","$","E","?","M","R","BOSS","M","?"],"items_purchased_type":["Relic","Card","Card","Relic"],"build_version":"2020-11-30","purchased_purges":0,"victory":false,"max_hp_per_floor":[72,72,72,72,72,72,72,72,72,72,72,72,72,72,72,72,72,72,72,72,72,72,72,72,72,72,72,72,72,72,72,72,72,72,72,72,72],"card_choices":[{"not_picked":["BowlingBash","WreathOfFlame"],"picked":"PathToVictory","floor":1},{"not_picked":["Consecrate","ThirdEye"],"picked":"CarveReality","floor":2},{"not_picked":["Replay:Vibes","Weave"],"picked":"Indignation","floor":5},{"not_picked":["Adaptation","DeusExMachina"],"picked":"Replay:DivineShield","floor":12},{"not_picked":["Replay:DivineShield","CrushJoints"],"picked":"Perseverance","floor":14},{"not_picked":["Replay:LoomingThreat","Wish"],"picked":"Replay:AllIn","floor":16},{"not_picked":["ReachHeaven","ClearTheMind"],"picked":"Replay:AtTheReady","floor":18},{"not_picked":["ThirdEye","Protect"],"picked":"FearNoEvil","floor":20},{"not_picked":["Protect","CarveReality"],"picked":"Prostrate","floor":21},{"not_picked":["ClearTheMind+1","Replay:Vibes"],"picked":"Collect","floor":23},{"not_picked":["Consecrate","Sanctity"],"picked":"Vengeance+1","floor":25},{"not_picked":["WheelKick","JustLucky+1"],"picked":"EmptyFist+1","floor":29},{"not_picked":["Replay:BluntJabs","SashWhip+1"],"picked":"Prostrate+1","floor":31},{"not_picked":["Vault","Wish"],"picked":"DevaForm","floor":33},{"not_picked":["Protect","BowlingBash"],"picked":"EmptyFist","floor":35}],"player_experience":125215,"relics_obtained":[{"floor":9,"key":"Tiny Chest"},{"floor":12,"key":"Potion Belt"},{"floor":21,"key":"Red Mask"},{"floor":22,"key":"construct:FoamFinger"},{"floor":26,"key":"hubris:64BitClover"},{"floor":29,"key":"Simple Rune"}],"event_choices":[{"damage_healed":0,"gold_gain":0,"player_choice":"Ignored","damage_taken":0,"max_hp_gain":0,"max_hp_loss":0,"event_name":"NoteForYourself","floor":4,"gold_loss":0},{"damage_healed":0,"gold_gain":0,"player_choice":"Upgraded","damage_taken":0,"max_hp_gain":0,"max_hp_loss":0,"event_name":"Upgrade Shrine","floor":7,"gold_loss":0,"cards_upgraded":["CarveReality"]},{"damage_healed":0,"gold_gain":0,"player_choice":"Take Damage","damage_taken":18,"relics_obtained":["Golden Idol"],"max_hp_gain":0,"max_hp_loss":0,"event_name":"Golden Idol","floor":11,"gold_loss":0},{"damage_healed":0,"gold_gain":0,"player_choice":"Fought Bandits","damage_taken":0,"max_hp_gain":0,"max_hp_loss":0,"event_name":"Masked Bandits","floor":21,"gold_loss":0},{"damage_healed":0,"gold_gain":0,"player_choice":"Copied","damage_taken":0,"max_hp_gain":0,"max_hp_loss":0,"event_name":"Duplicator","floor":30,"gold_loss":0,"cards_obtained":["Perseverance"]}],"is_beta":false,"boss_relics":[{"not_picked":["Calling Bell","hubris:RunicObelisk"],"picked":"Ring of Chaos"},{"not_picked":["Abe\u0027s Treasure","Kintsugi"],"picked":"hubris:TerracottaHorce"}],"items_purged_floors":[],"is_endless":false,"potions_floor_spawned":[14,16,23,25,29],"killed_by":"3 Shapes","ascension_level":0}}