{"host":"xj1vcaj0kpg926bu","time":1607695302,"event":{"mods":["2.2 Compatiblity","Act Like it!","BaseMod","Downfall","Minty Spire (QoL Compilation)","StSLib","The Animator"],"gold_per_floor":[99,109,109,141,152,252,252,252,267,297,362,380,396,446,465,568,568,518,12,23,73,23,56,56,206,226,101,116,166,226,245,245,245],"floor_reached":32,"playtime":1758,"items_purged":[],"score":324,"play_id":"e57e04ef-95e3-409e-8674-ae98f6d5c43a","local_time":"20201211220142","is_ascension_mode":false,"campfire_choices":[{"data":"Slimebound:Split","floor":1,"key":"SMITH"},{"data":"Slimebound:SplitLeeching","floor":8,"key":"SMITH"},{"data":"Slimebound:LeechEnergy","floor":18,"key":"SMITH"},{"data":"expansioncontent:StudyTheSpire","floor":22,"key":"SMITH"},{"data":"Slimebound:Nibble","floor":27,"key":"SMITH"}],"circlet_count":0,"master_deck":["Slimebound:Strike_Slimebound+1","Slimebound:Tackle+1","Slimebound:Defend_Slimebound+1","Slimebound:Defend_Slimebound+1","Slimebound:Defend_Slimebound+1","Slimebound:Defend_Slimebound+1","Slimebound:Split+1","Slimebound:CorrosiveSpit","Slimebound:SplitLeeching+1","Slimebound:Gluttony","Slimebound:SplitMire","Slimebound:LeechEnergy+1","Slimebound:DisruptingSlam","Slimebound:MinionMaster","expansioncontent:StudyTheSpire+1","Slimebound:SplitMire","Slimebound:LevelUp+1","Slimebound:SplitMire","Slimebound:Nibble+1","Slimebound:HauntingLick","J.A.X.","Slimebound:CheckThePlaybook","Slimebound:Icky"],"relics":["Slimebound:AbsorbEndCombat","Ginger","downfall:CloakOfManyFaces","CultistMask","FaceOfCleric","NlothsMask","GremlinMask","SsserpentHead","Whetstone","Slimebound:GreedOozeRelic","SlaversCollar","Unceasing Top","Meat on the Bone","CaptainsWheel","MutagenicStrength","downfall:HeartBlessingGreen"],"acts_visited":["Exordium","TheCity"],"potions_floor_usage":[16,16,16,23,23],"damage_taken":[{"damage":10,"enemies":"Jaw Worm","floor":2,"turns":3},{"damage":47,"enemies":"Gremlin Nob","floor":4,"turns":5},{"damage":8,"enemies":"2 Louse","floor":5,"turns":3},{"damage":34,"enemies":"downfall:FaceTrader","floor":6,"turns":8},{"damage":12,"enemies":"Cultist","floor":9,"turns":4},{"damage":30,"enemies":"3 Sentries","floor":10,"turns":8},{"damage":22,"enemies":"Large Slime","floor":11,"turns":4},{"damage":13,"enemies":"2 Fungi Beasts","floor":12,"turns":3},{"damage":19,"enemies":"Exordium Wildlife","floor":13,"turns":3},{"damage":4,"enemies":"Large Slime","floor":15,"turns":3},{"damage":58,"enemies":"downfall:CharBossIronclad","floor":16,"turns":9},{"damage":16,"enemies":"downfall:FleeingMerchant","floor":19,"turns":4},{"damage":33,"enemies":"Shell Parasite","floor":20,"turns":5},{"damage":61,"enemies":"Slavers","floor":23,"turns":4},{"damage":29,"enemies":"downfall:Augmenter","floor":25,"turns":5},{"damage":21,"enemies":"Spheric Guardian","floor":26,"turns":4},{"damage":48,"enemies":"Shelled Parasite and Fungi","floor":28,"turns":3},{"damage":28,"enemies":"Snake Plant","floor":30,"turns":3},{"damage":28,"enemies":"Snecko","floor":31,"turns":3},{"damage":39,"enemies":"Shelled Parasite and Fungi","floor":32,"turns":2}],"seed_played":"-8041681915785132850","potions_obtained":[{"floor":4,"key":"BlessingOfTheForge"},{"floor":9,"key":"LiquidMemories"},{"floor":10,"key":"SpeedPotion"},{"floor":13,"key":"Block Potion"},{"floor":15,"key":"AttackPotion"},{"floor":16,"key":"Fruit Juice"},{"floor":20,"key":"Block Potion"},{"floor":30,"key":"Fire Potion"}],"is_trial":false,"path_per_floor":["R","M","?","E","M","?","T","R","M","E","M","M","M","?","M","B",null,"R","$","M","?","R","E","T","?","M","R","M","?","M","M","M"],"character_chosen":"SLIMEBOUND","items_purchased":["Unceasing Top","expansioncontent:StudyTheSpire"],"campfire_rested":0,"item_purchase_floors":[19,19],"current_hp_per_floor":[66,66,71,40,38,34,34,34,39,24,27,33,27,27,34,21,78,78,79,71,71,71,34,34,38,44,44,29,29,32,37,0,0],"gold":245,"neow_bonus":"TEN_PERCENT_HP_BONUS","is_daily":false,"chose_seed":false,"campfire_upgraded":5,"win_rate":0.0,"timestamp":1607695302,"path_taken":["R","M","?","E","M","?","T","R","M","E","?","M","M","?","M","BOSS","R","$","M","?","R","E","T","?","M","R","M","?","?","M","M"],"items_purchased_type":["Relic","Card"],"build_version":"2020-11-30","purchased_purges":0,"victory":false,"max_hp_per_floor":[66,66,71,71,71,71,71,71,72,73,74,75,76,76,77,78,78,78,79,80,80,80,86,86,87,88,88,89,89,90,91,91,91],"card_choices":[{"not_picked":["Slimebound:GoopSpray","Slimebound:LeechingTouch"],"picked":"Slimebound:SplitLeeching","floor":2},{"not_picked":["Slimebound:Grow","Slimebound:PressTheAttack"],"picked":"Slimebound:Gluttony","floor":4},{"not_picked":["Slimebound:RollThrough","Slimebound:ComboTackle","Slimebound:PressTheAttack"],"picked":"SKIP","floor":5},{"not_picked":["Slimebound:RainOfGoop","Slimebound:SlimeBarrage","Slimebound:LeechingTouch"],"picked":"SKIP","floor":9},{"not_picked":["Slimebound:SplitBruiser","Slimebound:SplitLeeching"],"picked":"Slimebound:SplitMire","floor":10},{"not_picked":["Slimebound:SamplingLick","Slimebound:Chomp"],"picked":"Slimebound:LeechEnergy","floor":11},{"not_picked":["Slimebound:ComboTackle","Slimebound:TongueLash","Slimebound:GoopSpray"],"picked":"SKIP","floor":12},{"not_picked":["Slimebound:FinishingTackle","Slimebound:PressTheAttack","Slimebound:SlimeSpikes"],"picked":"SKIP","floor":13},{"not_picked":["Slimebound:ViciousTackle","Slimebound:GrowthPunch"],"picked":"Slimebound:DisruptingSlam","floor":15},{"not_picked":["Slimebound:SlimeSlap","Slimebound:Teamwork"],"picked":"Slimebound:MinionMaster","floor":16},{"not_picked":["Slimebound:Nibble","Slimebound:DisruptingSlam+1"],"picked":"Slimebound:SplitMire","floor":20},{"not_picked":["Slimebound:MassRepurpose","Slimebound:ComboTackle"],"picked":"Slimebound:LevelUp+1","floor":23},{"not_picked":["Slimebound:FormOfPuddle","Slimebound:RejuvenatingLick+1"],"picked":"Slimebound:SplitMire","floor":25},{"not_picked":[],"picked":"J.A.X.","floor":25},{"not_picked":["Slimebound:ComboTackle","Slimebound:HauntingLick+1","Slimebound:SlimeSpikes"],"picked":"SKIP","floor":26},{"not_picked":["Slimebound:SamplingLick+1","Slimebound:SplitBruiser","Slimebound:ViciousTackle"],"picked":"SKIP","floor":28},{"not_picked":["Slimebound:FinishingTackle","Slimebound:SplitMire","Slimebound:AcidTongue"],"picked":"SKIP","floor":30},{"not_picked":["Slimebound:SamplingLick","Slimebound:SplitMire","Slimebound:Nibble+1"],"picked":"SKIP","floor":31}],"player_experience":411859,"relics_obtained":[{"floor":4,"key":"Ginger"},{"floor":6,"key":"downfall:CloakOfManyFaces"},{"floor":10,"key":"Whetstone"},{"floor":23,"key":"Meat on the Bone"},{"floor":24,"key":"CaptainsWheel"},{"floor":25,"key":"MutagenicStrength"}],"event_choices":[{"damage_healed":0,"gold_gain":0,"player_choice":"Donut","damage_taken":0,"max_hp_gain":5,"max_hp_loss":0,"event_name":"Big Fish","floor":3,"gold_loss":0},{"damage_healed":0,"gold_gain":0,"player_choice":"Simplicity","damage_taken":0,"max_hp_gain":0,"max_hp_loss":0,"event_name":"Back to Basics","floor":21,"gold_loss":0,"cards_upgraded":["Slimebound:Strike_Slimebound","Slimebound:Strike_Slimebound","Slimebound:Defend_Slimebound","Slimebound:Defend_Slimebound","Slimebound:Defend_Slimebound","Slimebound:Defend_Slimebound"]}],"is_beta":false,"boss_relics":[{"not_picked":["Coffee Dripper","Ectoplasm"],"picked":"SlaversCollar"}],"items_purged_floors":[],"is_endless":false,"potions_floor_spawned":[4,9,10,13,15,16,20,30],"killed_by":"Shelled Parasite and Fungi","ascension_level":0}}