{"host":"9vk21r6l9dtkpvh9","time":1607700469,"event":{"mods":["2.2 Compatiblity","AchievementEnabler","Act Like it!","Astrologer","Bartender","BaseMod","Better Altar","Better Match","Better Note","Better Sensory Stone","Better Skull","Better Third Choice","CapriCore","CatGirl Mod","Colored Map","Colored Powertips","Conspire","DeckTracker","Downfall","Energized Spire","Fiend Mod","Gensokyo","GifTheSpireLib","Hermit","Hubris","Infinite Spire","Jorbs\u0027s Wanderer Trilogy","Koishi","Luminous","Mad Scientist","Marisa????????","Mimic Mod","Minty Spire (QoL Compilation)","Potionbrewer","Rare Cards Sparkle","Relic Stats","Replay The Spire","SOS???????","Shade Mod","Somnambulant","Spicy Shops","StSLib","SuperFastMode","Td1madao Mod","The Animator","The Construct","The Forsaken","The Gatherer","The Hierophant","The Immortal","The Jungle","The Mystic","The Necromancer","The Runesmith","The Senshi","The Servant 0.9.4","The Trickster","The Valiant","The Wild Card","TheBandit","TheSwordswoman","TheWitcher","vexMod","???Mod??????Boss"],"gold_per_floor":[109,119,25,42,54,54,97,116,116,116,150,160,177,187,187,287,287,299,309,309,309,309,309,328,339,339,339,370,383,410,420,420,548,548,602,602,602,661,151,195,195,241,266,299,299,337,337,373,373,373,373,373,149,188,188],"floor_reached":56,"playtime":3852,"items_purged":[],"score":1717,"play_id":"b7261bb7-1594-4e44-8fdf-d81c7e896564","local_time":"20201211102749","is_ascension_mode":true,"campfire_choices":[{"data":"Dagger Spray","floor":6,"key":"SMITH"},{"data":"Footwork","floor":10,"key":"SMITH"},{"data":"Crippling Poison","floor":15,"key":"SMITH"},{"floor":23,"key":"RECALL"},{"floor":32,"key":"REST"},{"data":"Malaise","floor":41,"key":"SMITH"},{"data":"Replay:SS_hec_2","floor":47,"key":"SMITH"},{"floor":49,"key":"REST"},{"data":"Burst","floor":52,"key":"SMITH"}],"circlet_count":0,"master_deck":["Strike_G","Strike_G","Strike_G","Strike_G","Strike_G","Defend_G","Defend_G","Defend_G","Defend_G","Defend_G","Survivor","Neutralize","PiercingWail","Draining Mist","expansioncontent:DecasProtection","Footwork+1","Dagger Spray+1","Poisoned Stab","Replay:Poison Smokescreen","Hidden Blade","Leg Sweep","Crippling Poison+1","Burst+1","All Out Attack+1","Caltrops","hubris:SlightOfHand+1","infinitespire:FinalStrike","Blur+1","Noxious Fumes","Dodge and Roll","Malaise+1","Bouncing Flask+1","Jack Of All Trades","Replay:SS_hec_2+1","Deadly Poison+1","Caltrops","Deflect+1","Adrenaline","Backflip","Parasite","Caltrops","Noxious Fumes","Catalyst+1"],"relics":["Ring of the Snake","Bag of Marbles","TungstenRod","Meat on the Bone","vexMod:RetaliationKit","vexMod:CursedCompass","ReplayTheSpireMod:TigerMarble","Thread and Needle","infinitespire:EvilPickle","construct:ClawGrip","vexMod:GhostlyGear","Runesmith:AutoHammer","TheAbacus","Nunchaku","Snack Pack","Cleaning_Rag","Chemical X","hubris:SlimyHat"],"acts_visited":["Exordium","TheCity","TheBeyond","TheEnding"],"potions_floor_usage":[7,7,7,7,30,33,33,42,55,55,55],"damage_taken":[{"damage":0,"enemies":"Cultist","floor":1,"turns":4},{"damage":5,"enemies":"Jaw Worm","floor":2,"turns":6},{"damage":2,"enemies":"2 Louse","floor":4,"turns":3},{"damage":1,"enemies":"2 Fungi Beasts","floor":5,"turns":4},{"damage":12,"enemies":"Lagavulin","floor":7,"turns":10},{"damage":11,"enemies":"Blue Slaver","floor":8,"turns":5},{"damage":22,"enemies":"3 Sentries","floor":11,"turns":9},{"damage":6,"enemies":"Exordium Wildlife","floor":12,"turns":4},{"damage":1,"enemies":"Looter","floor":13,"turns":3},{"damage":0,"enemies":"2 Fungi Beasts","floor":14,"turns":5},{"damage":2,"enemies":"Hexaghost","floor":16,"turns":11},{"damage":9,"enemies":"2 Thieves","floor":18,"turns":4},{"damage":5,"enemies":"Spheric Guardian","floor":19,"turns":4},{"damage":20,"enemies":"Cultist and Chosen","floor":24,"turns":7},{"damage":4,"enemies":"Centurion and Healer","floor":25,"turns":8},{"damage":24,"enemies":"Nightmare","floor":28,"turns":12},{"damage":0,"enemies":"Snake Plant","floor":29,"turns":5},{"damage":17,"enemies":"Slavers","floor":30,"turns":5},{"damage":0,"enemies":"Snecko","floor":31,"turns":4},{"damage":18,"enemies":"Pondfish","floor":33,"turns":11},{"damage":0,"enemies":"3 Darklings","floor":35,"turns":6},{"damage":0,"enemies":"3 Shapes","floor":38,"turns":5},{"damage":0,"enemies":"Nightmare","floor":40,"turns":8},{"damage":47,"enemies":"Reptomancer","floor":42,"turns":8},{"damage":2,"enemies":"3 Darklings","floor":44,"turns":5},{"damage":3,"enemies":"Jaw Worm Horde","floor":46,"turns":5},{"damage":28,"enemies":"Writhing Mass","floor":48,"turns":5},{"damage":0,"enemies":"conspire:OrnateMirror","floor":50,"turns":10},{"damage":10,"enemies":"Shield and Spear","floor":54,"turns":9},{"damage":7,"enemies":"The Heart","floor":55,"turns":11}],"seed_played":"5700728389363624459","potions_obtained":[{"floor":1,"key":"potionbrewer:NoxiousPotion"},{"floor":2,"key":"EntropicBrew"},{"floor":4,"key":"Weak Potion"},{"floor":11,"key":"LiquidBronze"},{"floor":12,"key":"potionbrewer:MidasPotion"},{"floor":24,"key":"CunningPotion"},{"floor":30,"key":"Weak Potion"},{"floor":33,"key":"sneckomod:MuddlingPotion"},{"floor":38,"key":"potionbrewer:CleansingPotion"},{"floor":46,"key":"LiquidBronze"}],"is_trial":false,"path_per_floor":["M","M","$","M","M","R","E","M","T","R","E","M","M","M","R","B",null,"M","M","?","AVR","?","R","M","M","T","?","NM","M","E","M","R_BF","B",null,"M","?","?","M","$","NM","R","E","T","M","AVR","M","R","M","R","B",null,"R","$","E","B",null],"character_chosen":"THE_SILENT","items_purchased":["expansioncontent:DecasProtection","vexMod:GhostlyGear","Caltrops","Runesmith:AutoHammer","TheAbacus","Doom Potion","Chemical X","Noxious Fumes"],"campfire_rested":2,"item_purchase_floors":[3,39,39,39,39,39,53,53],"current_hp_per_floor":[70,65,65,63,62,62,50,39,39,39,29,35,46,46,46,44,70,61,56,56,56,56,56,36,44,44,44,32,44,39,39,60,42,70,70,70,70,70,70,70,70,35,35,45,45,42,42,27,48,50,71,71,71,65,58],"gold":188,"neow_bonus":"RANDOM_COMMON_RELIC","is_daily":false,"chose_seed":false,"campfire_upgraded":6,"win_rate":0.0,"timestamp":1607700469,"path_taken":["M","M","?","M","M","R","E","M","T","R","E","?","M","M","R","BOSS","M","M","?","AVR","?","R","M","M","T","?","NM","M","E","M","R_BF","BOSS","M","?","?","M","?","NM","R","E","T","M","AVR","M","R","M","R","BOSS","R","$","E","BOSS"],"items_purchased_type":["Card","Relic","Card","Relic","Relic","Potion","Relic","Card"],"build_version":"2020-11-30","purchased_purges":0,"victory":true,"max_hp_per_floor":[70,70,70,70,70,70,70,70,70,70,70,70,70,70,70,70,70,70,70,70,70,70,70,70,70,70,70,70,70,70,70,70,70,70,70,70,70,70,70,70,70,70,70,70,70,70,70,71,71,71,71,71,71,71,71],"relic_stats":{"Nunchaku":[6],"TheAbacus":[18],"counters":[30,195],"Chemical X":[3],"obtain_stats":[{"construct:ClawGrip":34,"Thread and Needle":30,"hubris:SlimyHat":54,"Cleaning_Rag":43,"infinitespire:EvilPickle":33,"vexMod:GhostlyGear":39,"Nunchaku":40,"TheAbacus":39,"Bag of Marbles":0,"vexMod:CursedCompass":17,"ReplayTheSpireMod:TigerMarble":28,"Snack Pack":42,"Runesmith:AutoHammer":39,"Chemical X":53,"vexMod:RetaliationKit":11,"TungstenRod":7,"Ring of the Snake":0,"Meat on the Bone":9},{"construct:ClawGrip":20,"Thread and Needle":18,"hubris:SlimyHat":29,"Cleaning_Rag":24,"infinitespire:EvilPickle":20,"vexMod:GhostlyGear":22,"Nunchaku":23,"TheAbacus":22,"Bag of Marbles":0,"vexMod:CursedCompass":11,"ReplayTheSpireMod:TigerMarble":16,"Snack Pack":24,"Runesmith:AutoHammer":22,"Chemical X":28,"vexMod:RetaliationKit":7,"TungstenRod":5,"Ring of the Snake":0,"Meat on the Bone":6},{"construct:ClawGrip":124,"Thread and Needle":109,"hubris:SlimyHat":185,"Cleaning_Rag":151,"infinitespire:EvilPickle":124,"vexMod:GhostlyGear":135,"Nunchaku":143,"TheAbacus":135,"Bag of Marbles":0,"vexMod:CursedCompass":64,"ReplayTheSpireMod:TigerMarble":99,"Snack Pack":151,"Runesmith:AutoHammer":135,"Chemical X":176,"vexMod:RetaliationKit":41,"TungstenRod":27,"Ring of the Snake":0,"Meat on the Bone":32}],"TungstenRod":69,"Ring of the Snake":[30],"Meat on the Bone":120},"card_choices":[{"not_picked":["Quick Slash","Outmaneuver"],"picked":"PiercingWail","floor":1},{"not_picked":["Blade Dance","Quick Slash"],"picked":"Draining Mist","floor":2},{"not_picked":["Acrobatics","Quick Slash"],"picked":"Footwork","floor":4},{"not_picked":["ReplayTheSpireMod:Scrap Shanks","Slice"],"picked":"Dagger Spray","floor":5},{"not_picked":["Underhanded Strike","Calculated Gamble"],"picked":"Poisoned Stab","floor":7},{"not_picked":["Flying Knee","Tools of the Trade"],"picked":"Replay:Poison Smokescreen","floor":8},{"not_picked":["Flechettes","Doppelganger","Dagger Spray"],"picked":"SKIP","floor":11},{"not_picked":["Concentrate","Slice"],"picked":"Hidden Blade","floor":12},{"not_picked":["Deadly Poison","Acrobatics"],"picked":"Leg Sweep","floor":13},{"not_picked":["Terror","Dodge and Roll"],"picked":"Crippling Poison","floor":14},{"not_picked":["Die Die Die","Doppelganger"],"picked":"Burst","floor":16},{"not_picked":["Prepared","hubris:SlightOfHand"],"picked":"All Out Attack+1","floor":18},{"not_picked":["conspire:DoublingDagger+1","Deadly Poison"],"picked":"Caltrops","floor":19},{"not_picked":["Flying Knee+1","Blur","Reflex"],"picked":"SKIP","floor":24},{"not_picked":["Deflect","Dagger Spray"],"picked":"hubris:SlightOfHand","floor":25},{"not_picked":["ReplayTheSpireMod:Chaos Vortex","ReplayTheSpireMod:Echoes of Time"],"picked":"infinitespire:FinalStrike","floor":28},{"not_picked":["Riddle With Holes+1","Phantasmal Killer"],"picked":"Blur+1","floor":28},{"not_picked":["Dodge and Roll","Underhanded Strike"],"picked":"Noxious Fumes","floor":29},{"not_picked":["hubris:Sniper+1","Underhanded Strike","Draining Mist"],"picked":"SKIP","floor":30},{"not_picked":["Flying Knee+1","Prepared"],"picked":"Dodge and Roll","floor":31},{"not_picked":["Adrenaline","ReplayTheSpireMod:Necrosis"],"picked":"Malaise","floor":33},{"not_picked":["Outmaneuver","hubris:SlightOfHand"],"picked":"Bouncing Flask+1","floor":35},{"not_picked":["vexMod:EmailVexCard","ReplayTheSpireMod:Uncanny Aura"],"picked":"Jack Of All Trades","floor":36},{"not_picked":["Replay:BasicMightCard","expansioncontent:ChargeUp"],"picked":"Replay:SS_hec_2","floor":36},{"not_picked":["Bane+1","Cloak And Dagger"],"picked":"Deadly Poison+1","floor":38},{"not_picked":["Blade Dance","Deadly Poison+1"],"picked":"Deflect+1","floor":40},{"not_picked":["Quick Slash+1","Outmaneuver"],"picked":"Adrenaline","floor":42},{"not_picked":["Deflect+1","conspire:DoublingDagger+1","Deadly Poison"],"picked":"SKIP","floor":44},{"not_picked":["Underhanded Strike+1","Blade Dance"],"picked":"Backflip","floor":46},{"not_picked":["Cloak And Dagger","PiercingWail"],"picked":"Caltrops","floor":48},{"not_picked":["ReplayTheSpireMod:The Works+1","Leg Sweep+1"],"picked":"Catalyst+1","floor":54}],"player_experience":562106,"relics_obtained":[{"floor":7,"key":"TungstenRod"},{"floor":9,"key":"Meat on the Bone"},{"floor":11,"key":"vexMod:RetaliationKit"},{"floor":28,"key":"ReplayTheSpireMod:TigerMarble"},{"floor":30,"key":"Thread and Needle"},{"floor":40,"key":"Nunchaku"},{"floor":42,"key":"Snack Pack"},{"floor":43,"key":"Cleaning_Rag"},{"floor":54,"key":"hubris:SlimyHat"}],"event_choices":[{"damage_healed":0,"gold_gain":3,"player_choice":"1","damage_taken":0,"max_hp_gain":0,"max_hp_loss":0,"event_name":"betterStone:BetterStone","floor":36,"gold_loss":0},{"damage_healed":0,"gold_gain":0,"player_choice":"Ignored","damage_taken":0,"max_hp_gain":0,"max_hp_loss":0,"event_name":"Tomb of Lord Red Mask","floor":37,"gold_loss":0}],"is_beta":false,"boss_relics":[{"not_picked":["Replay:Bronze Core","HoveringKite"],"picked":"vexMod:CursedCompass"},{"not_picked":["Fiend:Scarf","energizedSpire:RedRose"],"picked":"construct:ClawGrip"}],"items_purged_floors":[],"is_endless":false,"potions_floor_spawned":[1,2,4,11,12,18,24,30,31,33,38,46,48],"ascension_level":2}}