{"host":"j61pjxqytd94o6ng","time":1607662855,"event":{"mods":["BaseMod","Colored Map","Colored Powertips","Minty Spire (QoL Compilation)","StSLib"],"gold_per_floor":[116,8,83,83,98,131,131,145,145,180,180,180,180,198,198,328,328,346,359,458,266,280,324,324,324,347,347,363,396,414,32,32,155,155,179,179,195,220,245,245,259,259,259,315,331,331,346,346,346,346],"floor_reached":51,"playtime":7392,"items_purged":["Strike_G"],"score":1167,"play_id":"3322851c-63d9-44f1-8c48-3ee774e1dc10","local_time":"20201210220055","is_ascension_mode":true,"campfire_choices":[{"data":"Footwork","floor":7,"key":"SMITH"},{"data":"Riddle With Holes","floor":11,"key":"SMITH"},{"data":"Crippling Poison","floor":13,"key":"SMITH"},{"data":"Leg Sweep","floor":15,"key":"SMITH"},{"data":"Distraction","floor":24,"key":"SMITH"},{"floor":27,"key":"REST"},{"floor":32,"key":"REST"},{"data":"Noxious Fumes","floor":40,"key":"SMITH"},{"data":"Blade Dance","floor":42,"key":"SMITH"},{"data":"Blade Dance","floor":46,"key":"SMITH"},{"floor":49,"key":"REST"}],"circlet_count":0,"master_deck":["AscendersBane","Strike_G","Strike_G","Strike_G","Strike_G","Defend_G","Defend_G","Defend_G","Defend_G","Defend_G","Survivor","Neutralize","Backflip","Footwork+1","Riddle With Holes+1","Injury","Leg Sweep+1","Blade Dance+1","Crippling Poison+1","Wraith Form v2","Infinite Blades","Venomology","Backflip","Outmaneuver","Infinite Blades","Distraction+1","Backflip+1","Finisher+1","Pain","Terror","Well Laid Plans","Blade Dance+1","Accuracy+1","After Image","Riddle With Holes+1","Noxious Fumes+1","Deadly Poison+1","Writhe","Caltrops+1","Parasite","Noxious Fumes+1","Dramatic Entrance+1"],"relics":["Ring of the Serpent","NeowsBlessing","Golden Idol","Ornamental Fan","Du-Vu Doll","Turnip","GremlinMask","Cursed Key","Molten Egg 2","MutagenicStrength","Pen Nib","Question Card","Incense Burner","Frozen Egg 2","Mango"],"acts_visited":["Exordium","TheCity","TheBeyond"],"potions_floor_usage":[16,22,23,28,29,30,33,37,38,39,50,50,50],"damage_taken":[{"damage":0,"enemies":"Small Slimes","floor":1,"turns":1},{"damage":0,"enemies":"Jaw Worm","floor":5,"turns":1},{"damage":0,"enemies":"Gremlin Nob","floor":6,"turns":2},{"damage":0,"enemies":"2 Louse","floor":8,"turns":3},{"damage":7,"enemies":"3 Sentries","floor":10,"turns":10},{"damage":16,"enemies":"Gremlin Gang","floor":14,"turns":6},{"damage":5,"enemies":"Hexaghost","floor":16,"turns":14},{"damage":0,"enemies":"3 Byrds","floor":18,"turns":5},{"damage":4,"enemies":"Shell Parasite","floor":19,"turns":5},{"damage":6,"enemies":"Snake Plant","floor":22,"turns":7},{"damage":16,"enemies":"Slavers","floor":23,"turns":6},{"damage":2,"enemies":"3 Cultists","floor":28,"turns":6},{"damage":3,"enemies":"Gremlin Leader","floor":29,"turns":7},{"damage":11,"enemies":"Cultist and Chosen","floor":30,"turns":5},{"damage":17,"enemies":"Automaton","floor":33,"turns":8},{"damage":0,"enemies":"Orb Walker","floor":35,"turns":2},{"damage":3,"enemies":"3 Darklings","floor":37,"turns":5},{"damage":12,"enemies":"4 Shapes","floor":38,"turns":6},{"damage":1,"enemies":"Jaw Worm Horde","floor":39,"turns":5},{"damage":0,"enemies":"3 Darklings","floor":41,"turns":1},{"damage":3,"enemies":"2 Orb Walkers","floor":44,"turns":4},{"damage":15,"enemies":"Writhing Mass","floor":45,"turns":5},{"damage":22,"enemies":"Maw","floor":47,"turns":6},{"damage":60,"enemies":"Donu and Deca","floor":50,"turns":11}],"seed_played":"-8169455760695876549","potions_obtained":[{"floor":1,"key":"LiquidMemories"},{"floor":8,"key":"PowerPotion"},{"floor":16,"key":"ColorlessPotion"},{"floor":28,"key":"PowerPotion"},{"floor":29,"key":"SkillPotion"},{"floor":38,"key":"SteroidPotion"},{"floor":44,"key":"DistilledChaos"}],"is_trial":false,"path_per_floor":["M","$","?","?","M","E","R","M","T","E","R","?","R","M","R","B",null,"M","M","?","$","M","E","R","?","T","R","M","E","M","$","R","B",null,"M","?","M","M","M","R","M","R","T","?","M","R","M","?","R","B",null],"character_chosen":"THE_SILENT","items_purchased":["Footwork","Riddle With Holes","Infinite Blades","Distraction","Incense Burner","Accuracy"],"campfire_rested":3,"item_purchase_floors":[2,2,21,21,31,31],"current_hp_per_floor":[63,63,52,52,52,52,52,52,52,45,45,45,45,29,29,24,59,59,55,55,55,49,33,33,33,33,54,52,49,38,38,59,42,63,63,63,60,63,62,62,62,62,62,73,58,58,36,36,61,1],"gold":346,"neow_bonus":"THREE_ENEMY_KILL","is_daily":false,"chose_seed":false,"campfire_upgraded":8,"win_rate":0.0,"timestamp":1607662855,"path_taken":["M","$","?","?","M","E","R","M","T","E","R","?","R","M","R","BOSS","M","?","?","$","M","E","R","?","T","R","M","E","M","$","R","BOSS","M","?","?","M","M","R","M","R","T","?","M","R","M","?","R","BOSS"],"items_purchased_type":["Card","Card","Card","Card","Relic","Card"],"build_version":"2020-11-30","purchased_purges":1,"victory":true,"max_hp_per_floor":[70,70,70,70,70,70,70,70,70,70,70,70,70,70,70,70,70,70,70,70,70,70,70,70,70,70,70,70,70,70,70,70,70,70,70,70,70,70,70,70,70,70,70,84,84,84,84,84,84,84],"card_choices":[{"not_picked":["Escape Plan","Acrobatics"],"picked":"Backflip","floor":1},{"not_picked":["Poisoned Stab","Underhanded Strike"],"picked":"Leg Sweep","floor":5},{"not_picked":["Quick Slash","Backstab"],"picked":"Blade Dance","floor":6},{"not_picked":["Outmaneuver","Setup"],"picked":"Crippling Poison","floor":8},{"not_picked":["Bouncing Flask","Accuracy"],"picked":"Wraith Form v2","floor":10},{"not_picked":["Prepared","Underhanded Strike"],"picked":"Infinite Blades","floor":14},{"not_picked":["A Thousand Cuts","Corpse Explosion"],"picked":"Venomology","floor":16},{"not_picked":["Sucker Punch+1","Underhanded Strike"],"picked":"Backflip","floor":18},{"not_picked":["Deadly Poison","Slice+1"],"picked":"Outmaneuver","floor":19},{"not_picked":["Sucker Punch+1","Storm of Steel"],"picked":"Backflip+1","floor":22},{"not_picked":["Bouncing Flask","Deflect"],"picked":"Finisher+1","floor":23},{"not_picked":["Poisoned Stab+1","Leg Sweep"],"picked":"Terror","floor":28},{"not_picked":["Outmaneuver+1","Concentrate"],"picked":"Well Laid Plans","floor":29},{"not_picked":["Concentrate","Sucker Punch+1","Deadly Poison"],"picked":"Blade Dance","floor":30},{"not_picked":["Glass Knife+1","Phantasmal Killer","Bullet Time"],"picked":"After Image","floor":33},{"not_picked":["Quick Slash+1","Flying Knee+1","Slice+1"],"picked":"Riddle With Holes+1","floor":35},{"not_picked":["Reflex+1","Dagger Throw+1","Expertise+1"],"picked":"Noxious Fumes","floor":37},{"not_picked":["Underhanded Strike+1","Quick Slash+1","Dagger Throw+1","Flechettes+1"],"picked":"SKIP","floor":38},{"not_picked":["Bane+1","Setup","Sucker Punch+1"],"picked":"Deadly Poison+1","floor":39},{"not_picked":["PiercingWail","Concentrate","All Out Attack+1","Masterful Stab+1"],"picked":"SKIP","floor":41},{"not_picked":["Calculated Gamble+1","Poisoned Stab+1","Masterful Stab+1"],"picked":"Caltrops+1","floor":44},{"not_picked":["PiercingWail+1","Sucker Punch+1","Underhanded Strike+1"],"picked":"Noxious Fumes+1","floor":45},{"not_picked":["Concentrate","Deflect","Poisoned Stab+1","Flying Knee+1"],"picked":"SKIP","floor":47},{"not_picked":["Deep Breath","Flash of Steel+1","Good Instincts"],"picked":"Dramatic Entrance+1","floor":48}],"player_experience":425968,"relics_obtained":[{"floor":6,"key":"Ornamental Fan"},{"floor":9,"key":"Du-Vu Doll"},{"floor":10,"key":"Turnip"},{"floor":23,"key":"Molten Egg 2"},{"floor":26,"key":"Pen Nib"},{"floor":29,"key":"Question Card"},{"floor":43,"key":"Frozen Egg 2"},{"floor":44,"key":"Mango"}],"event_choices":[{"damage_healed":0,"gold_gain":75,"player_choice":"Gather Gold","damage_taken":11,"max_hp_gain":0,"max_hp_loss":0,"event_name":"World of Goop","floor":3,"gold_loss":0},{"damage_healed":0,"gold_gain":0,"player_choice":"Take Wound","damage_taken":0,"relics_obtained":["Golden Idol"],"max_hp_gain":0,"max_hp_loss":0,"event_name":"Golden Idol","floor":4,"gold_loss":0,"cards_obtained":["Injury"]},{"damage_healed":0,"gold_gain":0,"player_choice":"Trade","damage_taken":0,"relics_obtained":["GremlinMask"],"max_hp_gain":0,"max_hp_loss":0,"event_name":"FaceTrader","floor":12,"gold_loss":0},{"damage_healed":0,"gold_gain":99,"player_choice":"Stole From Cult","damage_taken":0,"max_hp_gain":0,"max_hp_loss":0,"event_name":"Nest","floor":20,"gold_loss":0},{"damage_healed":0,"gold_gain":0,"player_choice":"Inject Mutagens","damage_taken":0,"relics_obtained":["MutagenicStrength"],"max_hp_gain":0,"max_hp_loss":0,"event_name":"Drug Dealer","floor":25,"gold_loss":0},{"damage_healed":0,"gold_gain":0,"player_choice":"Upgraded","damage_taken":0,"max_hp_gain":0,"max_hp_loss":0,"event_name":"Upgrade Shrine","floor":36,"gold_loss":0,"cards_upgraded":["Accuracy"]},{"damage_healed":0,"gold_gain":0,"player_choice":"Fight","damage_taken":0,"max_hp_gain":0,"max_hp_loss":0,"event_name":"Mysterious Sphere","floor":44,"gold_loss":0},{"damage_healed":0,"gold_gain":0,"player_choice":"Memory 1","damage_taken":0,"max_hp_gain":0,"max_hp_loss":0,"event_name":"SensoryStone","floor":48,"gold_loss":0}],"is_beta":false,"boss_relics":[{"not_picked":["SlaversCollar","SacredBark"],"picked":"Cursed Key"},{"not_picked":["Velvet Choker","Coffee Dripper"],"picked":"Ring of the Serpent"}],"items_purged_floors":[21],"is_endless":false,"potions_floor_spawned":[1,8,16,22,23,28,29,38,39,41,44],"ascension_level":11}}