{"host":"be5hvki5gkosi5aw","time":1607670838,"event":{"mods":["AchievementEnabler","Act Like it!","Astrologer","BaseMod","Colored Map","Hallownest","Hermit","Hubris","Infinite Spire","Koishi","Minty Spire (QoL Compilation)","Replay The Spire","StSLib","The Administrix","The Alterego","The Vixen"],"gold_per_floor":[118,0,15,15,15,15,15,31,31,17,150,163,128,155,155,255,255],"floor_reached":16,"playtime":695,"items_purged":["alterego_mod:Strike"],"score":108,"play_id":"4be5abaa-bd89-4d53-ba5f-0e7702f589a7","local_time":"20201211021358","is_ascension_mode":false,"campfire_choices":[{"data":"alterego_mod:BiFurious","floor":6,"key":"SMITH"},{"floor":15,"key":"DIG"}],"circlet_count":0,"master_deck":["alterego_mod:Strike","alterego_mod:Strike","alterego_mod:Strike+1","alterego_mod:Defend","alterego_mod:Defend","alterego_mod:Defend","alterego_mod:Defend","alterego_mod:Impale+1","alterego_mod:BigMeatyClaws","alterego_mod:BrynhildrsRune","alterego_mod:BiFurious+1","alterego_mod:Complex","alterego_mod:SakuraLabyrinth","alterego_mod:Mirror","alterego_mod:PresenceConcealment","alterego_mod:Collar"],"relics":["alterego_mod:MasochisticConstitution","NeowsBlessing","Hallownest:BankAccountRelic","hubris:Icosahedron","Onion Ring","Blood Vial","Question Card","ReplayFunnel"],"acts_visited":["Exordium"],"potions_floor_usage":[16,16],"damage_taken":[{"damage":0,"enemies":"Hallownest:2_Baldur","floor":1,"turns":1},{"damage":0,"enemies":"Hallownest:monsterHuskGuard","floor":3,"turns":1},{"damage":0,"enemies":"Hallownest:2_MossCreeps","floor":8,"turns":1},{"damage":24,"enemies":"Hallownest:eliteMossKnight","floor":11,"turns":8},{"damage":14,"enemies":"Hallownest:1_Ooma_and_2_Uuma","floor":12,"turns":7},{"damage":61,"enemies":"Hallownest:eliteCrystalGuardian","floor":14,"turns":7},{"damage":27,"enemies":"Hallownest:BossHornet","floor":16,"turns":13}],"seed_played":"-5369691755254491129","potions_obtained":[{"floor":8,"key":"EssenceOfSteel"},{"floor":11,"key":"Languid Potion"}],"is_trial":false,"path_per_floor":["M","?","M","?","?","R","?","M","T","$","E","M","$","E","R_BF","B"],"character_chosen":"The_Alterego","items_purchased":["alterego_mod:Mirror"],"campfire_rested":0,"item_purchase_floors":[10],"current_hp_per_floor":[70,70,70,70,70,70,70,70,70,70,47,36,36,22,22,0,0],"gold":255,"neow_bonus":"THREE_ENEMY_KILL","is_daily":false,"chose_seed":false,"campfire_upgraded":1,"win_rate":0.0,"timestamp":1607670838,"path_taken":["M","?","M","?","?","R","?","M","T","?","E","M","?","E","R_BF","BOSS"],"items_purchased_type":["Card"],"build_version":"2020-11-30","purchased_purges":1,"victory":false,"max_hp_per_floor":[70,70,70,70,70,70,70,70,70,70,71,72,72,73,73,73,73],"card_choices":[{"not_picked":["alterego_mod:Birthday","alterego_mod:TrashNCrash"],"picked":"alterego_mod:BiFurious","floor":1},{"not_picked":["alterego_mod:DeftHands","alterego_mod:Crossover"],"picked":"alterego_mod:Complex","floor":3},{"not_picked":["alterego_mod:PerceptionDisorder","alterego_mod:Nekomimi"],"picked":"alterego_mod:SakuraLabyrinth","floor":8},{"not_picked":["alterego_mod:Cycle","alterego_mod:Undulate"],"picked":"alterego_mod:PresenceConcealment","floor":11},{"not_picked":["alterego_mod:Cycle","alterego_mod:DiscoLights"],"picked":"alterego_mod:Collar","floor":12},{"not_picked":["alterego_mod:HighServant","alterego_mod:Bunnysuit","alterego_mod:IndependentAction"],"picked":"SKIP","floor":14}],"player_experience":131371,"relics_obtained":[{"floor":9,"key":"Onion Ring"},{"floor":11,"key":"Blood Vial"},{"floor":14,"key":"Question Card"},{"floor":15,"key":"ReplayFunnel"}],"event_choices":[],"is_beta":false,"boss_relics":[],"items_purged_floors":[13],"is_endless":false,"potions_floor_spawned":[8,11],"killed_by":"Hallownest:BossHornet","ascension_level":0}}