{"host":"nn0usk9aafse27ii","time":1607707093,"event":{"mods":["BaseMod","Colored Map","Highlight Path","Minty Spire (QoL Compilation)","Shop Mod","StSLib","The Cursed"],"gold_per_floor":[364,25,45,64,64,64,77,77,77,87,103,130,205,225,225,330,330,360,384,412,424,450,462,474,396,435,457,498,529,551,563,563],"floor_reached":31,"playtime":2607,"items_purged":[],"score":263,"play_id":"fb12381f-94b6-4208-9699-7312d5849f47","local_time":"20201211091813","is_ascension_mode":false,"campfire_choices":[{"data":"TheCursedMod:SpreadPlague","floor":6.0,"key":"SMITH"},{"data":"TheCursedMod:Hemoplague","floor":8.0,"key":"SMITH"},{"floor":15.0,"key":"REST"},{"floor":23.0,"key":"REST"}],"circlet_count":0,"master_deck":["TheCursedMod:Strike_TheCursed","TheCursedMod:Strike_TheCursed","TheCursedMod:Strike_TheCursed+1","TheCursedMod:Defend_TheCursed","TheCursedMod:Defend_TheCursed","TheCursedMod:Defend_TheCursed","TheCursedMod:Defend_TheCursed","TheCursedMod:CursedWand","TheCursedMod:CleanUpWorkshop","TheCursedMod:Dregs","TheCursedMod:CursedSpellbook","TheCursedMod:Hemoplague+1","TheCursedMod:SpreadPlague+1","TheCursedMod:CursedBlade","TheCursedMod:SurpriseAttack","TheCursedMod:CursedShiv","TheCursedMod:CursedAmulet","TheCursedMod:VoidForm","CurseOfTheBell","TheCursedMod:ManaBullet","TheCursedMod:AshesToAshes+1","TheCursedMod:Grudge+1","Shame","TheCursedMod:DemonSword","TheCursedMod:CircleOfCorruption+1","TheCursedMod:Torture+1","TheCursedMod:FleshFromBone+1"],"relics":["TheCursedMod:BlackMagic101","Pen Nib","Strange Spoon","Shuriken","HornCleat","Calling Bell","MawBank","Toxic Egg 2","Du-Vu Doll","Ornamental Fan","PreservedInsect","Question Card"],"acts_visited":["Exordium","TheCity"],"potions_floor_usage":[28,29,31],"damage_taken":[{"damage":0.0,"enemies":"Cultist","floor":1.0,"turns":4.0},{"damage":1.0,"enemies":"2 Louse","floor":3.0,"turns":3.0},{"damage":4.0,"enemies":"Small Slimes","floor":4.0,"turns":4.0},{"damage":4.0,"enemies":"2 Fungi Beasts","floor":7.0,"turns":5.0},{"damage":6.0,"enemies":"Exordium Thugs","floor":10.0,"turns":3.0},{"damage":4.0,"enemies":"Blue Slaver","floor":11.0,"turns":3.0},{"damage":8.0,"enemies":"3 Sentries","floor":12.0,"turns":4.0},{"damage":5.0,"enemies":"Looter","floor":14.0,"turns":2.0},{"damage":4.0,"enemies":"Hexaghost","floor":16.0,"turns":9.0},{"damage":0.0,"enemies":"Spheric Guardian","floor":18.0,"turns":3.0},{"damage":7.0,"enemies":"Shell Parasite","floor":19.0,"turns":3.0},{"damage":13.0,"enemies":"Snecko","floor":20.0,"turns":4.0},{"damage":12.0,"enemies":"Centurion and Healer","floor":22.0,"turns":4.0},{"damage":11.0,"enemies":"Cultist and Chosen","floor":27.0,"turns":5.0},{"damage":11,"enemies":"Slavers","floor":28,"turns":4},{"damage":12,"enemies":"Snake Plant","floor":29,"turns":2},{"damage":3,"enemies":"Shelled Parasite and Fungi","floor":30,"turns":3},{"damage":19,"enemies":"Snecko","floor":31,"turns":3}],"seed_played":"-8130413559015722888","potions_obtained":[{"floor":1.0,"key":"SteroidPotion"},{"floor":3.0,"key":"BlessingOfTheForge"},{"floor":7.0,"key":"DistilledChaos"},{"floor":10.0,"key":"AttackPotion"},{"floor":16.0,"key":"FearPotion"},{"floor":18.0,"key":"PowerPotion"},{"floor":20.0,"key":"Swift Potion"},{"floor":28,"key":"TheCursedMod:DregsPotion"},{"floor":30,"key":"ColorlessPotion"}],"is_trial":false,"path_per_floor":["M","$","M","M","$","R","M","R","T","M","M","E","?","M","R","B",null,"M","M","M","?","M","R","?","?","T","M","E","M","M","M"],"character_chosen":"THE_CURSED","items_purchased":["Pen Nib","TheCursedMod:Hemoplague","Strange Spoon"],"campfire_rested":2,"item_purchase_floors":[2,2,2],"current_hp_per_floor":[68,68,67,63,63,63,59,59,59,53,49,41,30,25,45,41,68,68,61,48,48,36,56,56,56,56,45,34,22,19,0,0],"gold":563,"neow_bonus":"TWO_FIFTY_GOLD","is_daily":false,"chose_seed":false,"campfire_upgraded":2,"win_rate":0.0,"timestamp":1607707093,"path_taken":["M","$","M","M","?","R","?","R","T","M","M","E","?","M","R","BOSS","M","M","M","?","M","R","?","?","T","M","E","M","?","M"],"items_purchased_type":["Relic","Card","Relic"],"build_version":"2020-11-30","purchased_purges":0,"victory":false,"max_hp_per_floor":[68,68,68,68,68,68,68,68,68,68,68,68,68,68,68,68,68,68,68,68,68,68,68,68,68,68,68,68,68,68,68,68],"card_choices":[{"not_picked":["TheCursedMod:SaltUponWound","TheCursedMod:CursedAmulet"],"picked":"TheCursedMod:CursedSpellbook","floor":1.0},{"not_picked":["TheCursedMod:CursedAmulet","TheCursedMod:CircleOfCorruption"],"picked":"TheCursedMod:SpreadPlague","floor":3.0},{"not_picked":["TheCursedMod:Wield","TheCursedMod:RapidMovement","TheCursedMod:FuryStrike"],"picked":"SKIP","floor":4.0},{"not_picked":["TheCursedMod:SpitefulPray","TheCursedMod:Torture"],"picked":"TheCursedMod:CursedBlade","floor":7.0},{"not_picked":["TheCursedMod:SpitefulStrike","TheCursedMod:CursedShiv"],"picked":"TheCursedMod:SurpriseAttack","floor":10.0},{"not_picked":["TheCursedMod:CursedBlade","TheCursedMod:CircleOfCorruption"],"picked":"TheCursedMod:CursedShiv","floor":11.0},{"not_picked":["TheCursedMod:SpitefulStrike","TheCursedMod:ManaBullet","TheCursedMod:DemonicPact"],"picked":"SKIP","floor":12.0},{"not_picked":["TheCursedMod:SmokeScreen","TheCursedMod:CircleOfCorruption"],"picked":"TheCursedMod:CursedAmulet","floor":14.0},{"not_picked":["TheCursedMod:CollectTribute","TheCursedMod:DemonicPact"],"picked":"TheCursedMod:VoidForm","floor":16.0},{"not_picked":["TheCursedMod:Obscuration+1","TheCursedMod:CursedMace+1"],"picked":"TheCursedMod:ManaBullet","floor":18.0},{"not_picked":["TheCursedMod:Stretching+1","TheCursedMod:SoulCrush+1"],"picked":"TheCursedMod:AshesToAshes+1","floor":19.0},{"not_picked":["TheCursedMod:CursedMace","TheCursedMod:Stretching+1","TheCursedMod:TacticalStrike"],"picked":"SKIP","floor":20.0},{"not_picked":["TheCursedMod:SurpriseAttack","TheCursedMod:Stretching+1"],"picked":"TheCursedMod:Grudge+1","floor":22.0},{"not_picked":["TheCursedMod:Wield","TheCursedMod:WearCloak+1"],"picked":"TheCursedMod:DemonSword","floor":27.0},{"not_picked":["TheCursedMod:CursedArmor+1","TheCursedMod:SurpriseAttack"],"picked":"TheCursedMod:CircleOfCorruption+1","floor":28},{"not_picked":["TheCursedMod:Hemoplague","TheCursedMod:CircleOfFlame+1","TheCursedMod:SpreadPlague+1"],"picked":"TheCursedMod:Torture+1","floor":29},{"not_picked":["TheCursedMod:CursedRelics","TheCursedMod:CursedMace","TheCursedMod:RavingStaff"],"picked":"TheCursedMod:FleshFromBone+1","floor":30}],"player_experience":268163,"relics_obtained":[{"floor":9.0,"key":"Shuriken"},{"floor":12.0,"key":"HornCleat"},{"floor":17.0,"key":"MawBank"},{"floor":17.0,"key":"Toxic Egg 2"},{"floor":17.0,"key":"Du-Vu Doll"},{"floor":26.0,"key":"PreservedInsect"},{"floor":28,"key":"Question Card"}],"event_choices":[{"damage_healed":0.0,"max_hp_gain":0.0,"max_hp_loss":0.0,"gold_gain":75.0,"event_name":"World of Goop","player_choice":"Gather Gold","floor":13.0,"gold_loss":0.0,"damage_taken":11.0},{"damage_healed":0.0,"max_hp_gain":0.0,"max_hp_loss":0.0,"gold_gain":0.0,"event_name":"Ghosts","player_choice":"Ignored","floor":21.0,"gold_loss":0.0,"damage_taken":0.0},{"damage_healed":0.0,"max_hp_gain":0.0,"max_hp_loss":0.0,"gold_gain":0.0,"event_name":"Addict","player_choice":"Stole Relic","floor":24.0,"gold_loss":0.0,"damage_taken":0.0,"relics_obtained":["Ornamental Fan"],"cards_obtained":["Shame"]},{"cards_removed":["TheCursedMod:Strike_TheCursed"],"damage_healed":0.0,"max_hp_gain":0.0,"max_hp_loss":0.0,"gold_gain":0.0,"event_name":"Designer","player_choice":"Upgrade and Remove","floor":25.0,"gold_loss":90.0,"damage_taken":0.0,"cards_upgraded":["TheCursedMod:Strike_TheCursed"]}],"is_beta":false,"boss_relics":[{"not_picked":["Runic Pyramid","Fusion Hammer"],"picked":"Calling Bell"}],"items_purged_floors":[],"is_endless":false,"potions_floor_spawned":[1,3,7,10,16,18,20,28,30],"killed_by":"Snecko","ascension_level":0}}