{"host":"1tl36azeqm6yhdgj","time":1607728963,"event":{"mods":["AchievementEnabler","BaseMod","Minty Spire (QoL Compilation)","StSLib","The IronCluck","everything is the same but u backflip on backflip"],"gold_per_floor":[114,114,189,189,189,221,221,249,302,333,333,351,363,363,363,467,467,450,466,466,466],"floor_reached":20,"playtime":436,"items_purged":[],"score":372,"play_id":"d43e0038-eb64-48d0-b12f-a6d2cfe9366a","local_time":"20201211182243","is_ascension_mode":true,"campfire_choices":[{"data":"Searing Blow+1","floor":7.0,"key":"SMITH"},{"floor":11.0,"key":"RECALL"},{"data":"Searing Blow+2","floor":15.0,"key":"SMITH"}],"circlet_count":0,"master_deck":["AscendersBane","Strike_R","Strike_R","Strike_R","Defend_R","Defend_R","Defend_R+1","Defend_R","Bash","Searing Blow+3","Disarm","Fire Breathing","Rampage","Clash","Barricade","Feel No Pain+1","Cleave"],"relics":["Black Blood","NeowsBlessing","Akabeko","Regal Pillow","Nunchaku","Lantern"],"acts_visited":["Exordium","TheCity"],"potions_floor_usage":[16,20],"damage_taken":[{"damage":0.0,"enemies":"2 Louse","floor":1.0,"turns":1.0},{"damage":0.0,"enemies":"3 Sentries","floor":6.0,"turns":2.0},{"damage":0.0,"enemies":"Lagavulin","floor":8.0,"turns":1.0},{"damage":20.0,"enemies":"Gremlin Nob","floor":10.0,"turns":4.0},{"damage":5.0,"enemies":"Small Slimes","floor":12.0,"turns":3.0},{"damage":0.0,"enemies":"Cultist","floor":13.0,"turns":2.0},{"damage":40,"enemies":"The Guardian","floor":16,"turns":13},{"damage":24,"enemies":"2 Thieves","floor":18,"turns":4},{"damage":50,"enemies":"Spheric Guardian","floor":19,"turns":7},{"damage":29,"enemies":"Snecko","floor":20,"turns":4}],"seed_played":"-1089342762571227545","potions_obtained":[{"floor":1.0,"key":"PowerPotion"},{"floor":8.0,"key":"Explosive Potion"},{"floor":10.0,"key":"Block Potion"},{"floor":18,"key":"FearPotion"}],"is_trial":false,"path_per_floor":["M","?","?","?","?","E","R","E","T","E","R","M","M","?","R","B",null,"M","M","M"],"character_chosen":"IRONCLAD","items_purchased":[],"campfire_rested":0,"item_purchase_floors":[],"current_hp_per_floor":[78,62,51,51,51,57,57,63,63,49,49,50,56,56,56,22,66,54,16,0,0],"gold":466,"neow_bonus":"THREE_ENEMY_KILL","is_daily":false,"chose_seed":false,"campfire_upgraded":2,"win_rate":0.0,"timestamp":1607728963,"path_taken":["M","?","?","?","?","E","R","E","T","E","R","M","?","?","R","BOSS","M","?","M"],"items_purchased_type":[],"build_version":"2020-11-30","purchased_purges":0,"victory":false,"max_hp_per_floor":[80,80,80,80,80,80,80,80,80,80,80,80,80,80,80,80,80,80,80,80,80],"card_choices":[{"not_picked":["Clothesline","Sever Soul"],"picked":"Searing Blow","floor":1.0},{"not_picked":["Dual Wield","Pummel"],"picked":"Disarm","floor":6.0},{"not_picked":["Wild Strike","Hemokinesis","Sword Boomerang"],"picked":"SKIP","floor":8.0},{"not_picked":["Clothesline","Entrench"],"picked":"Fire Breathing","floor":10.0},{"not_picked":["Warcry","Heavy Blade"],"picked":"Rampage","floor":12.0},{"not_picked":["Armaments","Body Slam"],"picked":"Clash","floor":13.0},{"not_picked":["Corruption","Fiend Fire"],"picked":"Barricade","floor":16},{"not_picked":["Thunderclap+1","Reckless Charge+1"],"picked":"Feel No Pain+1","floor":18},{"not_picked":["Anger","Headbutt+1"],"picked":"Cleave","floor":19}],"player_experience":1911307,"relics_obtained":[{"floor":6.0,"key":"Akabeko"},{"floor":8.0,"key":"Regal Pillow"},{"floor":9.0,"key":"Nunchaku"},{"floor":10.0,"key":"Lantern"}],"event_choices":[{"damage_healed":0.0,"max_hp_gain":0.0,"max_hp_loss":0.0,"gold_gain":0.0,"event_name":"Shining Light","player_choice":"Entered Light","floor":2.0,"gold_loss":0.0,"damage_taken":16.0,"cards_upgraded":["Searing Blow","Defend_R"]},{"damage_healed":0.0,"max_hp_gain":0.0,"max_hp_loss":0.0,"gold_gain":75.0,"event_name":"World of Goop","player_choice":"Gather Gold","floor":3.0,"gold_loss":0.0,"damage_taken":11.0},{"damage_healed":0.0,"max_hp_gain":0.0,"max_hp_loss":0.0,"gold_gain":0.0,"event_name":"Scrap Ooze","player_choice":"Fled","floor":4.0,"gold_loss":0.0,"damage_taken":0.0},{"cards_removed":["Strike_R"],"damage_healed":0.0,"max_hp_gain":0.0,"max_hp_loss":0.0,"gold_gain":0.0,"event_name":"Purifier","player_choice":"Purged","floor":5.0,"gold_loss":0.0,"damage_taken":0.0},{"cards_removed":["Strike_R"],"damage_healed":0.0,"max_hp_gain":0.0,"max_hp_loss":0.0,"gold_gain":0.0,"event_name":"Purifier","player_choice":"Purged","floor":14.0,"gold_loss":0.0,"damage_taken":0.0}],"is_beta":false,"boss_relics":[{"not_picked":["Mark of Pain","SlaversCollar"],"picked":"Black Blood"}],"items_purged_floors":[],"is_endless":false,"potions_floor_spawned":[1,8,10,18],"killed_by":"Snecko","ascension_level":11}}