{"host":"8d3fefv2347kqkpz","time":1607680678,"event":{"mods":["BaseMod","Colored Map","Downfall","Minty Spire (QoL Compilation)","Quick Restart","StSLib","Waifu the Spire"],"gold_per_floor":[113,113,124,49,60,91,91,110,110,135,135,154,168,183,183,183,183],"floor_reached":16,"playtime":744,"items_purged":["Defend_R"],"score":114,"play_id":"8a097c01-96fc-44e1-aa5e-fb688584f2ce","local_time":"20201211175758","is_ascension_mode":false,"campfire_choices":[{"data":"Seeing Red","floor":11,"key":"SMITH"},{"data":"Combust","floor":15,"key":"SMITH"}],"circlet_count":0,"master_deck":["Strike_R","Strike_R","Strike_R","Strike_R","Strike_R","Defend_R","Defend_R","Bash+1","Clash","Iron Wave","Anger","Sword Boomerang","Seeing Red+1","Thunderclap+1","Combust+1","Bloodletting"],"relics":["Burning Blood","Potion Belt","Molten Egg 2","Bag of Preparation","Omamori"],"acts_visited":["Exordium"],"potions_floor_usage":[10,10,16],"damage_taken":[{"damage":0,"enemies":"2 Louse","floor":1,"turns":4},{"damage":0,"enemies":"Cultist","floor":3,"turns":2},{"damage":0,"enemies":"Small Slimes","floor":5,"turns":3},{"damage":16,"enemies":"Lagavulin","floor":6,"turns":4},{"damage":11,"enemies":"Exordium Wildlife","floor":8,"turns":3},{"damage":18,"enemies":"3 Sentries","floor":10,"turns":6},{"damage":7,"enemies":"Blue Slaver","floor":12,"turns":2},{"damage":0,"enemies":"Looter","floor":13,"turns":1},{"damage":8,"enemies":"3 Louse","floor":14,"turns":3},{"damage":65,"enemies":"The Guardian","floor":16,"turns":6}],"seed_played":"2574728361120820664","potions_obtained":[{"floor":6,"key":"AttackPotion"},{"floor":8,"key":"BloodPotion"},{"floor":13,"key":"EntropicBrew"},{"floor":14,"key":"Explosive Potion"}],"is_trial":false,"path_per_floor":["M","?","M","$","M","E","?","M","T","E","R","M","M","M","R","B"],"character_chosen":"IRONCLAD","items_purchased":[],"campfire_rested":0,"item_purchase_floors":[],"current_hp_per_floor":[80,80,80,80,80,70,63,58,58,62,62,61,67,65,65,0,0],"gold":183,"neow_bonus":"REMOVE_CARD","is_daily":false,"chose_seed":false,"campfire_upgraded":2,"win_rate":0.0,"timestamp":1607680678,"path_taken":["M","?","M","?","M","E","?","M","T","E","R","M","?","M","R","BOSS"],"items_purchased_type":[],"build_version":"2020-11-30","purchased_purges":1,"victory":false,"max_hp_per_floor":[80,80,80,80,80,80,80,80,80,80,80,80,80,80,80,80,80],"card_choices":[{"not_picked":["Armaments","Havoc"],"picked":"Clash","floor":1},{"not_picked":["Whirlwind","Disarm"],"picked":"Iron Wave","floor":3},{"not_picked":["Wild Strike","Heavy Blade"],"picked":"Anger","floor":5},{"not_picked":["Flame Barrier","Carnage"],"picked":"Sword Boomerang","floor":6},{"not_picked":["Wild Strike+1","Flame Barrier"],"picked":"Seeing Red","floor":8},{"not_picked":["Feed+1","Warcry"],"picked":"Thunderclap+1","floor":10},{"not_picked":["Flame Barrier","Heavy Blade+1"],"picked":"Combust","floor":12},{"not_picked":["Fire Breathing","Burning Pact","Heavy Blade+1"],"picked":"SKIP","floor":13},{"not_picked":["Heavy Blade+1","True Grit"],"picked":"Bloodletting","floor":14}],"player_experience":30014,"relics_obtained":[{"floor":6,"key":"Potion Belt"},{"floor":9,"key":"Bag of Preparation"},{"floor":10,"key":"Omamori"}],"event_choices":[{"damage_healed":0,"gold_gain":0,"player_choice":"Forge","damage_taken":0,"max_hp_gain":0,"max_hp_loss":0,"event_name":"Accursed Blacksmith","floor":2,"gold_loss":0,"cards_upgraded":["Bash"]},{"damage_healed":0,"gold_gain":0,"player_choice":"Success","damage_taken":7,"relics_obtained":["Molten Egg 2"],"max_hp_gain":0,"max_hp_loss":0,"event_name":"Scrap Ooze","floor":7,"gold_loss":0}],"is_beta":false,"boss_relics":[],"items_purged_floors":[4],"is_endless":false,"potions_floor_spawned":[6,8,13,14],"killed_by":"The Guardian","ascension_level":0}}