{"host":"q3i87yx2dgqr54co","time":1607694371,"event":{"mods":["BaseMod","Block Reminder","Colored Map","Colored Powertips","DeckTracker","Highlight Path","Minty Spire (QoL Compilation)","Permanent Neow","Quick Restart","Relic Sorter","Relic Stats"],"gold_per_floor":[109,122,139,149,166,166,184,219,219,219,68,78,108,121,121,218,218,234,159,178,178,198,198,212,223,223,223,240,273,273,273,273,372,372,385,400,420,439,7,34,34,51,119,119,130,0,0,25,25,25,25,25,25,57,57,57],"floor_reached":55,"playtime":4497,"items_purged":[],"score":815,"play_id":"7395c068-8e23-4bd4-8af6-a19433031e3b","local_time":"20201211084611","is_ascension_mode":false,"campfire_choices":[{"data":"Mayhem","floor":6.0,"key":"SMITH"},{"floor":10.0,"key":"REST"},{"data":"Feed","floor":15.0,"key":"SMITH"},{"floor":23.0,"key":"RECALL"},{"floor":27.0,"key":"REST"},{"floor":30.0,"key":"REST"},{"floor":32.0,"key":"REST"},{"floor":41.0,"key":"REST"},{"data":"Barricade","floor":44.0,"key":"SMITH"},{"data":"Demon Form","floor":47.0,"key":"SMITH"},{"data":"Impervious","floor":49.0,"key":"SMITH"},{"data":"Impervious","floor":52.0,"key":"SMITH"}],"circlet_count":0,"master_deck":["Strike_R","Strike_R+1","Strike_R","Strike_R","Strike_R","Defend_R","Defend_R","Defend_R","Bash","Mayhem+1","Entrench","Whirlwind+1","Rampage","Shrug It Off","Anger","Evolve","Thunderclap","Shrug It Off","Flex","Heavy Blade","Feed+1","Barricade+1","Spot Weakness+1","Inflame","RitualDagger","Heavy Blade","Iron Wave","Impervious+1","Shrug It Off","Impervious+1","Metallicize","Demon Form+1","Infernal Blade","Iron Wave+1","Whirlwind+1","Armaments+1","Pommel Strike","Blood for Blood","Feed","Body Slam","Parasite","Heavy Blade+1","Headbutt+1","Spot Weakness+1"],"relics":["Burning Blood","Whetstone","Orichalcum","Gremlin Horn","Philosopher\u0027s Stone","Potion Belt","Cursed Key","Lizard Tail","White Beast Statue","Eternal Feather","Red Mask","Bottled Lightning","Letter Opener"],"acts_visited":["Exordium","TheCity","TheBeyond","TheEnding"],"potions_floor_usage":[55,55,55,55],"damage_taken":[{"damage":1.0,"enemies":"Cultist","floor":1.0,"turns":3.0},{"damage":2.0,"enemies":"2 Louse","floor":2.0,"turns":3.0},{"damage":9.0,"enemies":"Jaw Worm","floor":3.0,"turns":4.0},{"damage":12.0,"enemies":"3 Louse","floor":4.0,"turns":2.0},{"damage":11.0,"enemies":"Large Slime","floor":5.0,"turns":7.0},{"damage":5.0,"enemies":"Looter","floor":7.0,"turns":3.0},{"damage":35.0,"enemies":"Gremlin Nob","floor":8.0,"turns":5.0},{"damage":9.0,"enemies":"Lots of Slimes","floor":12.0,"turns":3.0},{"damage":2.0,"enemies":"3 Sentries","floor":13.0,"turns":4.0},{"damage":0.0,"enemies":"Exordium Wildlife","floor":14.0,"turns":3.0},{"damage":41.0,"enemies":"Slime Boss","floor":16.0,"turns":8.0},{"damage":19.0,"enemies":"Spheric Guardian","floor":18.0,"turns":5.0},{"damage":16.0,"enemies":"2 Thieves","floor":20.0,"turns":3.0},{"damage":34.0,"enemies":"Centurion and Healer","floor":22.0,"turns":4.0},{"damage":20.0,"enemies":"Snecko","floor":24.0,"turns":4.0},{"damage":16.0,"enemies":"Chosen and Byrds","floor":25.0,"turns":3.0},{"damage":1.0,"enemies":"3 Cultists","floor":28.0,"turns":3.0},{"damage":15.0,"enemies":"Book of Stabbing","floor":29.0,"turns":4.0},{"damage":70.0,"enemies":"Collector","floor":33.0,"turns":11.0},{"damage":24.0,"enemies":"3 Shapes","floor":35.0,"turns":5.0},{"damage":41.0,"enemies":"3 Darklings","floor":36.0,"turns":5.0},{"damage":24.0,"enemies":"Jaw Worm Horde","floor":37.0,"turns":5.0},{"damage":0.0,"enemies":"Sphere and 2 Shapes","floor":38.0,"turns":3.0},{"damage":0.0,"enemies":"Giant Head","floor":40.0,"turns":10.0},{"damage":31.0,"enemies":"Maw","floor":42.0,"turns":8.0},{"damage":0.0,"enemies":"Spire Growth","floor":45.0,"turns":6.0},{"damage":25.0,"enemies":"Reptomancer","floor":48.0,"turns":7.0},{"damage":95.0,"enemies":"Time Eater","floor":50.0,"turns":10.0},{"damage":78.0,"enemies":"Shield and Spear","floor":54.0,"turns":4.0},{"damage":136,"enemies":"The Heart","floor":55,"turns":8}],"seed_played":"-2950749147074359187","potions_obtained":[{"floor":2.0,"key":"FearPotion"},{"floor":4.0,"key":"LiquidBronze"},{"floor":5.0,"key":"Regen Potion"},{"floor":8.0,"key":"Swift Potion"},{"floor":24.0,"key":"CultistPotion"},{"floor":25.0,"key":"Ancient Potion"},{"floor":28.0,"key":"PowerPotion"},{"floor":36.0,"key":"BlessingOfTheForge"},{"floor":40.0,"key":"BlessingOfTheForge"},{"floor":42.0,"key":"BlessingOfTheForge"},{"floor":45.0,"key":"FearPotion"},{"floor":48.0,"key":"ElixirPotion"},{"floor":54.0,"key":"ColorlessPotion"}],"is_trial":false,"path_per_floor":["M","M","M","M","M","R","M","E","T","R","$","M","E","M","R","B",null,"M","?","M","?","M","R","M","M","T","R","M","E","R","?","R","B",null,"M","M","M","M","$","E","R","M","T","R","M","?","R","E","R","B",null,"R","$","E","B"],"character_chosen":"IRONCLAD","items_purchased":["HeartOfIron","Shrug It Off","Lizard Tail","Pommel Strike","Blood for Blood","BloodPotion"],"campfire_rested":5,"item_purchase_floors":[11,11,39,39,39,39],"current_hp_per_floor":[61,65,62,56,51,51,52,37,37,61,61,58,62,68,68,37,84,71,71,61,55,31,31,17,7,7,33,38,29,55,55,81,17,88,74,39,21,31,31,37,65,40,40,64,70,70,94,75,96,7,96,96,96,24,0,0],"gold":57,"neow_bonus":"RANDOM_COLORLESS_2","is_daily":false,"chose_seed":false,"campfire_upgraded":6,"win_rate":0.0,"timestamp":1607694371,"path_taken":["M","M","M","M","M","R","M","E","T","R","?","M","E","M","R","BOSS","M","?","M","?","M","R","M","M","T","R","M","E","R","?","R","BOSS","M","M","M","M","$","E","R","M","T","R","M","?","R","E","R","BOSS","R","$","E","BOSS"],"items_purchased_type":["Potion","Card","Relic","Card","Card","Potion"],"build_version":"2020-11-30","purchased_purges":0,"victory":false,"max_hp_per_floor":[80,80,80,80,80,80,80,80,80,80,80,80,80,80,80,84,84,84,84,84,84,88,88,88,88,88,88,88,88,88,88,88,88,88,92,92,92,96,96,96,96,96,96,96,96,96,96,96,96,96,96,96,96,96,96,96],"relic_stats":{"Lizard Tail":48,"Gremlin Horn":[24,24],"counters":[30,153],"Eternal Feather":69,"Whetstone":["Strike_R","Whirlwind"],"Letter Opener":[5],"Orichalcum":[150],"Cursed Key":1,"obtain_stats":[{"Potion Belt":29,"Gremlin Horn":13,"Eternal Feather":43,"Whetstone":8,"Letter Opener":54,"Orichalcum":9,"Cursed Key":34,"Burning Blood":0,"White Beast Statue":40,"Lizard Tail":39,"Philosopher\u0027s Stone":17,"Red Mask":46,"Bottled Lightning":48},{"Potion Belt":18,"Gremlin Horn":9,"Eternal Feather":25,"Whetstone":7,"Letter Opener":29,"Orichalcum":7,"Cursed Key":19,"Burning Blood":0,"White Beast Statue":24,"Lizard Tail":23,"Philosopher\u0027s Stone":11,"Red Mask":26,"Bottled Lightning":27},{"Potion Belt":71,"Gremlin Horn":34,"Eternal Feather":118,"Whetstone":27,"Letter Opener":145,"Orichalcum":27,"Cursed Key":82,"Burning Blood":0,"White Beast Statue":110,"Lizard Tail":100,"Philosopher\u0027s Stone":45,"Red Mask":124,"Bottled Lightning":131}],"Burning Blood":174},"card_choices":[{"not_picked":["Thinking Ahead","The Bomb"],"picked":"Mayhem","floor":0.0},{"not_picked":["Clothesline","Searing Blow"],"picked":"Entrench","floor":1.0},{"not_picked":["Metallicize","Wild Strike"],"picked":"Whirlwind","floor":2.0},{"not_picked":["Clothesline","Wild Strike"],"picked":"Rampage","floor":3.0},{"not_picked":["Sword Boomerang","True Grit"],"picked":"Shrug It Off","floor":4.0},{"not_picked":["Heavy Blade","Disarm"],"picked":"Anger","floor":5.0},{"not_picked":["Armaments","Feel No Pain"],"picked":"Evolve","floor":7.0},{"not_picked":["Entrench","Wild Strike"],"picked":"Thunderclap","floor":8.0},{"not_picked":["Whirlwind","Twin Strike"],"picked":"Flex","floor":12.0},{"not_picked":["Clothesline","Body Slam"],"picked":"Heavy Blade","floor":13.0},{"not_picked":["Intimidate","Cleave"],"picked":"Feed","floor":14.0},{"not_picked":["Juggernaut","Bludgeon"],"picked":"Barricade","floor":16.0},{"not_picked":["True Grit","Thunderclap"],"picked":"Spot Weakness+1","floor":18.0},{"not_picked":["Anger+1","Searing Blow"],"picked":"Inflame","floor":20.0},{"not_picked":["Rupture+1","Clothesline"],"picked":"Heavy Blade","floor":22.0},{"not_picked":["Pommel Strike","Flex"],"picked":"Iron Wave","floor":24.0},{"not_picked":["Pommel Strike","Anger"],"picked":"Impervious","floor":25.0},{"not_picked":["Heavy Blade+1","Anger"],"picked":"Shrug It Off","floor":28.0},{"not_picked":["Heavy Blade","Entrench"],"picked":"Impervious","floor":29.0},{"not_picked":["Offering","Bludgeon"],"picked":"Demon Form","floor":33.0},{"not_picked":["Entrench","Wild Strike+1"],"picked":"Infernal Blade","floor":35.0},{"not_picked":["Armaments+1","Power Through"],"picked":"Iron Wave+1","floor":36.0},{"not_picked":["Carnage","Sword Boomerang"],"picked":"Whirlwind+1","floor":37.0},{"not_picked":["Shrug It Off","Twin Strike"],"picked":"Armaments+1","floor":38.0},{"not_picked":["Perfected Strike+1","Clash"],"picked":"Feed","floor":40.0},{"not_picked":["Twin Strike","Thunderclap"],"picked":"Body Slam","floor":42.0},{"not_picked":["Carnage+1","Armaments+1"],"picked":"Heavy Blade+1","floor":45.0},{"not_picked":["Second Wind","Clash"],"picked":"Headbutt+1","floor":48.0},{"not_picked":["Headbutt","Warcry"],"picked":"Spot Weakness+1","floor":54.0}],"player_experience":87419,"relics_obtained":[{"floor":8.0,"key":"Whetstone"},{"floor":9.0,"key":"Orichalcum"},{"floor":13.0,"key":"Gremlin Horn"},{"floor":29.0,"key":"Potion Belt"},{"floor":40.0,"key":"White Beast Statue"},{"floor":43.0,"key":"Eternal Feather"},{"floor":48.0,"key":"Bottled Lightning"},{"floor":54.0,"key":"Letter Opener"}],"event_choices":[{"cards_removed":["Defend_R"],"damage_healed":0.0,"max_hp_gain":0.0,"max_hp_loss":0.0,"gold_gain":0.0,"event_name":"Beggar","player_choice":"Gave Gold","floor":19.0,"gold_loss":75.0,"damage_taken":0.0},{"damage_healed":0.0,"max_hp_gain":0.0,"max_hp_loss":0.0,"gold_gain":0.0,"event_name":"Nest","player_choice":"Joined the Cult","floor":21.0,"gold_loss":0.0,"damage_taken":6.0,"cards_obtained":["RitualDagger"]},{"damage_healed":0.0,"max_hp_gain":0.0,"max_hp_loss":0.0,"gold_gain":0.0,"event_name":"The Library","player_choice":"Read","floor":31.0,"gold_loss":0.0,"damage_taken":0.0,"cards_obtained":["Metallicize"]},{"damage_healed":0.0,"max_hp_gain":0.0,"max_hp_loss":0.0,"gold_gain":0.0,"event_name":"Tomb of Lord Red Mask","player_choice":"Paid","floor":46.0,"gold_loss":130.0,"damage_taken":0.0,"relics_obtained":["Red Mask"]}],"is_beta":false,"boss_relics":[{"not_picked":["Coffee Dripper","Velvet Choker"],"picked":"Philosopher\u0027s Stone"},{"not_picked":["Runic Cube","Empty Cage"],"picked":"Cursed Key"}],"items_purged_floors":[],"is_endless":false,"potions_floor_spawned":[2,4,5,8,24,25,28,36,40,42,45,48,54],"killed_by":"The Heart","ascension_level":0}}