{"host":"zftkeu5v9gqs3wr3","time":1607721377,"event":{"mods":["Act Like it!","Bard","BaseMod","CapriCore","Elementarium","Gensokyo","Jorbs\u0027s Wanderer Trilogy","Mad Scientist","Minty Spire (QoL Compilation)","Potionbrewer","Rare Cards Sparkle","Shade Mod","StSLib","The Immortal","The Runesmith","TheSwordswoman"],"gold_per_floor":[118,118,133,133,152,152,170,170,241,260,106,135,163,163,163,260,260,275,275,286,50,68,99,116,116,166,166,197,212,212,226,226,226,226],"floor_reached":33,"playtime":2752,"items_purged":[],"score":337,"play_id":"1cd1fac7-8305-42c0-85f4-7b5137ac0efb","local_time":"20201211211617","is_ascension_mode":false,"campfire_choices":[{"data":"Shade:FingerOfDeath","floor":6,"key":"SMITH"},{"data":"Shade:AnimateDead","floor":8,"key":"SMITH"},{"floor":15,"key":"REST"},{"data":"Shade:SensePrey","floor":25,"key":"SMITH"},{"data":"Shade:FreshBones","floor":27,"key":"SMITH"},{"data":"Shade:Brains","floor":30,"key":"SMITH"},{"data":"Shade:AncientSpear","floor":32,"key":"SMITH"}],"circlet_count":0,"master_deck":["Shade:Strike_Shade","Shade:Strike_Shade","Shade:Strike_Shade","Shade:Strike_Shade","Shade:Defend_Shade+1","Shade:Defend_Shade","Shade:Defend_Shade+1","Shade:Defend_Shade","Shade:AnimateDead+1","Shade:CarefulCut","Shade:FingerOfDeath+1","Shade:SensePrey+1","Shade:ExtraLimbs","Shade:AncientSpear+1","Shade:Trample","Shade:SensePrey+1","Shade:Bonestorm","Shade:CallWraith","Shade:Brains+1","Shade:OpenGraves","Shade:FleshToFlesh","Shade:Frenzy","Shade:UnbarTheGrave","Shade:Trample","Shade:Asphyxiate","Shade:SkeletonHug","Shade:ScuttlingHand","Shade:FleshLikeOak","Shade:OpenGraves","Shade:FreshBones+1","Shade:GreaterAnimation","Shade:ClawBack","Shade:CoffinDance"],"relics":["Shade:YorickSkull","HornCleat","Orrery","Odd Mushroom","Bronze Scales","Ancient Tea Set","Runic Pyramid","Lee\u0027s Waffle","Nunchaku","Happy Flower"],"acts_visited":["Exordium","TheCity"],"potions_floor_usage":[12,16,18,28,29,33,33,33],"damage_taken":[{"damage":3,"enemies":"Jaw Worm","floor":1,"turns":2},{"damage":0,"enemies":"Cultist","floor":3,"turns":3},{"damage":0,"enemies":"2 Louse","floor":5,"turns":2},{"damage":0,"enemies":"2 Fungi Beasts","floor":7,"turns":3},{"damage":8,"enemies":"Exordium Thugs","floor":10,"turns":5},{"damage":0,"enemies":"The Mushroom Lair","floor":12,"turns":2},{"damage":5,"enemies":"Lagavulin","floor":13,"turns":5},{"damage":15,"enemies":"Slime Boss","floor":16,"turns":12},{"damage":5,"enemies":"Spheric Guardian","floor":18,"turns":4},{"damage":10,"enemies":"Chosen","floor":20,"turns":5},{"damage":11,"enemies":"Snake Plant","floor":22,"turns":4},{"damage":23,"enemies":"Book of Stabbing","floor":23,"turns":6},{"damage":0,"enemies":"Cultist and Chosen","floor":24,"turns":4},{"damage":0,"enemies":"Gremlin Leader","floor":28,"turns":4},{"damage":0,"enemies":"Chosen and Byrds","floor":29,"turns":4},{"damage":0,"enemies":"Shelled Parasite and Fungi","floor":31,"turns":3},{"damage":46,"enemies":"Collector","floor":33,"turns":6}],"seed_played":"2651099196426247478","potions_obtained":[{"floor":3,"key":"potionbrewer:AcidPotion"},{"floor":5,"key":"potionbrewer:DiscountPotion"},{"floor":7,"key":"Explosive Potion"},{"floor":10,"key":"DuplicationPotion"},{"floor":24,"key":"Explosive Potion"},{"floor":28,"key":"EntropicBrew"},{"floor":31,"key":"DuplicationPotion"}],"is_trial":false,"path_per_floor":["M","?","M","?","M","R","M","R","T","M","$","?","E","?","R","B",null,"M","?","M","$","M","E","M","R","T","R","E","M","R","M","R","B"],"character_chosen":"SHADE","items_purchased":["Orrery","Lee\u0027s Waffle","Shade:SkeletonHug","Shade:ScuttlingHand"],"campfire_rested":1,"item_purchase_floors":[11,21,21,21],"current_hp_per_floor":[68,54,54,54,54,54,54,54,54,46,46,46,41,8,29,14,71,66,59,49,78,67,44,44,44,44,44,44,44,44,44,44,0,0],"gold":226,"neow_bonus":"TEN_PERCENT_HP_BONUS","is_daily":false,"chose_seed":false,"campfire_upgraded":6,"win_rate":0.0,"timestamp":1607721377,"path_taken":["M","?","M","?","?","R","M","R","T","M","$","?","E","?","R","BOSS","M","?","M","?","?","E","M","R","T","R","E","M","R","M","R","BOSS"],"items_purchased_type":["Relic","Relic","Card","Card"],"build_version":"2020-11-30","purchased_purges":0,"victory":false,"max_hp_per_floor":[71,71,71,71,71,71,71,71,71,71,71,71,71,71,71,71,71,71,71,71,78,78,78,78,78,78,78,78,78,78,78,78,78,78],"card_choices":[{"not_picked":["Shade:FuneraryArmor","Shade:ScuttlingHand"],"picked":"Shade:FingerOfDeath","floor":1},{"not_picked":["Shade:SpontaneousRitual","Shade:PotionOfRestlessness"],"picked":"Shade:SensePrey","floor":3},{"not_picked":["Shade:Haruspicy","Shade:FeralStrike"],"picked":"Shade:ExtraLimbs","floor":5},{"not_picked":["Shade:SoulToxin","Shade:Excise"],"picked":"Shade:AncientSpear","floor":7},{"not_picked":["Shade:BoneShards","Shade:DangerousRitual"],"picked":"Shade:Trample","floor":10},{"not_picked":["Shade:FleshToFlesh","Shade:SkeletonHug"],"picked":"Shade:SensePrey","floor":11},{"not_picked":["Shade:FleshToFlesh","Shade:ClawBack"],"picked":"Shade:Bonestorm","floor":11},{"not_picked":["Shade:Premonition","Shade:AncientSpear"],"picked":"Shade:CallWraith","floor":11},{"not_picked":["Shade:FuneraryArmor","Shade:GreyBargain"],"picked":"Shade:Brains","floor":11},{"not_picked":["Shade:LoseControl","Shade:FreshBones"],"picked":"Shade:OpenGraves","floor":11},{"not_picked":["Shade:GoDigging","Shade:FuneraryArmor"],"picked":"Shade:FleshToFlesh","floor":12},{"not_picked":["Shade:AblativeArmor","Shade:ExtraLimbs"],"picked":"Shade:Frenzy","floor":13},{"not_picked":["Shade:GreaterAnimation","Shade:SoulPierce"],"picked":"Shade:UnbarTheGrave","floor":16},{"not_picked":["Shade:FuneraryArmor","Shade:FleshToFlesh"],"picked":"Shade:Trample","floor":18},{"not_picked":["Shade:FuneraryArmor","Shade:FleshToFlesh"],"picked":"Shade:Asphyxiate","floor":20},{"not_picked":["Shade:FleshOffering","Shade:SoulToxin"],"picked":"Shade:FleshLikeOak","floor":22},{"not_picked":["Shade:PoundOfFlesh","Shade:SoulToxin"],"picked":"Shade:OpenGraves","floor":23},{"not_picked":["Shade:AblativeArmor","Shade:SoulToxin"],"picked":"Shade:FreshBones","floor":24},{"not_picked":["Shade:FingerOfDeath","Shade:StitchTogether"],"picked":"Shade:GreaterAnimation","floor":28},{"not_picked":["Shade:FleshToFlesh","Shade:FleshLikeOak+1"],"picked":"Shade:ClawBack","floor":29},{"not_picked":["Shade:Brains","Shade:Awaken"],"picked":"Shade:CoffinDance","floor":31}],"player_experience":42435,"relics_obtained":[{"floor":9,"key":"HornCleat"},{"floor":12,"key":"Odd Mushroom"},{"floor":13,"key":"Bronze Scales"},{"floor":23,"key":"Nunchaku"},{"floor":28,"key":"Happy Flower"}],"event_choices":[{"damage_healed":0,"gold_gain":0,"player_choice":"Entered Light","damage_taken":14,"max_hp_gain":0,"max_hp_loss":0,"event_name":"Shining Light","floor":2,"gold_loss":0,"cards_upgraded":["Shade:Defend_Shade","Shade:Defend_Shade"]},{"damage_healed":0,"gold_gain":0,"player_choice":"Forge","damage_taken":0,"max_hp_gain":0,"max_hp_loss":0,"event_name":"Accursed Blacksmith","floor":4,"gold_loss":0,"cards_upgraded":["Shade:SensePrey"]},{"damage_healed":0,"gold_gain":0,"player_choice":"Fought Mushrooms","damage_taken":0,"max_hp_gain":0,"max_hp_loss":0,"event_name":"Mushrooms","floor":12,"gold_loss":0},{"damage_healed":0,"gold_gain":0,"player_choice":"Success","damage_taken":33,"relics_obtained":["Ancient Tea Set"],"max_hp_gain":0,"max_hp_loss":0,"event_name":"Scrap Ooze","floor":14,"gold_loss":0},{"damage_healed":0,"gold_gain":0,"player_choice":"Damaged","damage_taken":7,"max_hp_gain":0,"max_hp_loss":0,"event_name":"Wheel of Change","floor":19,"gold_loss":0}],"is_beta":false,"boss_relics":[{"not_picked":["Sozu","SlaversCollar"],"picked":"Runic Pyramid"}],"items_purged_floors":[],"is_endless":false,"potions_floor_spawned":[3,5,7,10,24,28,29,31],"killed_by":"Collector","ascension_level":0}}