{"host":"ez767vrydzojtnp0","time":1607699780,"event":{"mods":["Act Like it!","Aspiration","BaseMod","Better Note","BetterRewards","Challenge The Spire","Colored Powertips","Conspire","GifTheSpireLib","Hermit","Hubris","Infinite Spire","Minty Spire (QoL Compilation)","Quick Restart","Rare Cards Sparkle","Relic Stats","Replay The Spire","Shop Mod","Spikes Relics","StSLib","Stuff the Spire","SuperFastMode","everything is the same but u backflip on backflip","slay the spire mod where everything is the same but ironclad has a cowboy hat","vexMod"],"gold_per_floor":[114,114,114,128,128,154,154,165,165,165,165,175,175,190,190,293,293,304,322,338,613,511,529,529,559,627,627,648,648,648,667,667,867,867,956,956,1032,1032,1125,1143,1143],"floor_reached":40,"playtime":1540,"items_purged":["Regret"],"score":633,"play_id":"3527c2a7-91ce-4592-b601-73d892b5abf1","local_time":"20201211131620","is_ascension_mode":false,"campfire_choices":[{"floor":7,"key":"RECALL"},{"data":"hubris:StunningStrike","floor":10,"key":"SMITH"},{"data":"Bash","floor":15,"key":"SMITH"},{"floor":27,"key":"REST"},{"floor":30,"key":"REST"},{"floor":32,"key":"DIG"}],"circlet_count":0,"master_deck":["Strike_R","Strike_R","Strike_R","Strike_R","Strike_R","Defend_R","Defend_R","Defend_R","Defend_R+1","Bash+1","StuffTheSpire:RockThrow+1","ReplayTheSpireMod:Corrosion Curse","hubris:StunningStrike+1","Iron Wave","True Grit","Ghostly Armor","Juggernaut","Thunderclap","Dropkick","Searing Blow+1","Armaments+1","conspire:ExplosiveBarrier","Replay:Undeath\u0027s Touch","Warcry","Decay","Inflame"],"relics":["Burning Blood","aspiration:Nostalgia","infinitespire:DarkRift","Magic Flower","vexMod:CursedCompass","Torii","Sling","hubris:ScarierMask","Gremlin Food","infinitespire:Midas Blood","aspiration:ChemicalBlood","infinitespire:EvilPickle","Painkiller Herb","hubris:BottledRain","Black Blood"],"acts_visited":["Exordium","TheCity","TheBeyond"],"potions_floor_usage":[12,16,16,31,33,33,33,39,39,40,40,40,40,40,40],"damage_taken":[{"damage":0,"enemies":"2 Louse","floor":1,"turns":3},{"damage":1,"enemies":"Cultist","floor":4,"turns":3},{"damage":0,"enemies":"Lagavulin","floor":6,"turns":2},{"damage":1,"enemies":"Small Slimes","floor":8,"turns":6},{"damage":2,"enemies":"Blue Slaver","floor":12,"turns":4},{"damage":2,"enemies":"Large Slime","floor":14,"turns":8},{"damage":87,"enemies":"Hexaghost","floor":16,"turns":13},{"damage":10,"enemies":"3 Byrds","floor":18,"turns":6},{"damage":5,"enemies":"Shell Parasite","floor":19,"turns":6},{"damage":45,"enemies":"Cultist and Chosen","floor":20,"turns":8},{"damage":14,"enemies":"Shelled Parasite and Fungi","floor":23,"turns":6},{"damage":0,"enemies":"Nightmare","floor":25,"turns":2},{"damage":7,"enemies":"Centurion and Healer","floor":28,"turns":6},{"damage":10,"enemies":"3 Cultists","floor":31,"turns":5},{"damage":43,"enemies":"Pondfish","floor":33,"turns":14},{"damage":29,"enemies":"3 Shapes","floor":35,"turns":4},{"damage":0,"enemies":"Orb Walker","floor":37,"turns":1},{"damage":33,"enemies":"Maw","floor":39,"turns":9},{"damage":81,"enemies":"Nightmare","floor":40,"turns":5}],"seed_played":"8001525832144274835","potions_obtained":[{"floor":4,"key":"Fire Potion"},{"floor":8,"key":"AttackPotion"},{"floor":12,"key":"Death Potion"},{"floor":18,"key":"Milkshake"},{"floor":20,"key":"Weak Potion"},{"floor":28,"key":"SteroidPotion"},{"floor":31,"key":"Regen Potion"},{"floor":39,"key":"DuplicationPotion"},{"floor":39,"key":"ElixirPotion"},{"floor":39,"key":"Reflective Coating"},{"floor":40,"key":"Adrenaline Potion"},{"floor":40,"key":"PowerPotion"},{"floor":40,"key":"FearPotion"}],"is_trial":false,"path_per_floor":["M","?","$","M","$","E","R","M","T","R","?","M","$","M","R","B",null,"M","M","M","?","?","M","AVR","NM","T","R","M","?","R","M","R","B",null,"?","AVR","?","?","?","NM"],"character_chosen":"IRONCLAD","items_purchased":[],"campfire_rested":2,"item_purchase_floors":[],"current_hp_per_floor":[80,80,80,80,80,80,80,80,80,80,80,80,80,80,80,17,80,79,80,44,44,44,39,39,48,48,72,74,74,80,79,79,62,80,60,60,80,80,74,0,0],"gold":1143,"neow_bonus":"NOSTALGIA","is_daily":false,"chose_seed":false,"campfire_upgraded":2,"win_rate":0.0,"timestamp":1607699780,"path_taken":["M","?","$","M","$","E","R","M","T","R","?","M","$","?","R","BOSS","M","M","M","?","?","M","AVR","NM","T","R","M","?","R","M","R","BOSS","?","AVR","?","?","?","NM"],"items_purchased_type":[],"build_version":"2020-11-30","purchased_purges":1,"victory":false,"max_hp_per_floor":[80,80,80,80,80,80,80,80,80,80,80,80,80,80,80,80,80,80,80,80,80,80,80,80,80,80,80,80,80,80,80,80,80,80,80,80,80,80,80,80,80],"relic_stats":{"Torii":62,"counters":[19,111],"Magic Flower":[49],"Black Blood":140,"obtain_stats":[{"Gremlin Food":25,"Torii":22,"aspiration:Nostalgia":0,"Magic Flower":6,"Black Blood":36,"Painkiller Herb":34,"Sling":24,"Burning Blood":0,"infinitespire:EvilPickle":33,"infinitespire:DarkRift":0,"hubris:ScarierMask":24,"vexMod:CursedCompass":17,"infinitespire:Midas Blood":26,"aspiration:ChemicalBlood":32,"hubris:BottledRain":36},{"Gremlin Food":12,"Torii":10,"aspiration:Nostalgia":0,"Magic Flower":3,"Black Blood":16,"Painkiller Herb":15,"Sling":11,"Burning Blood":0,"infinitespire:EvilPickle":15,"infinitespire:DarkRift":0,"hubris:ScarierMask":11,"vexMod:CursedCompass":7,"infinitespire:Midas Blood":12,"aspiration:ChemicalBlood":14,"hubris:BottledRain":16},{"Gremlin Food":67,"Torii":59,"aspiration:Nostalgia":0,"Magic Flower":8,"Black Blood":96,"Painkiller Herb":92,"Sling":65,"Burning Blood":0,"infinitespire:EvilPickle":92,"infinitespire:DarkRift":0,"hubris:ScarierMask":65,"vexMod:CursedCompass":39,"infinitespire:Midas Blood":67,"aspiration:ChemicalBlood":78,"hubris:BottledRain":96}],"Burning Blood":140},"card_choices":[{"not_picked":["Perfected Strike","Bloodletting"],"picked":"StuffTheSpire:RockThrow","floor":1},{"not_picked":["Twin Strike","ReplayTheSpireMod:Strike From Hell"],"picked":"ReplayTheSpireMod:Corrosion Curse","floor":4},{"not_picked":["Hemokinesis","Massacre"],"picked":"hubris:StunningStrike","floor":6},{"not_picked":["Feel No Pain","Run Through"],"picked":"Iron Wave","floor":8},{"not_picked":["Anger","Clothesline"],"picked":"True Grit","floor":12},{"not_picked":["StuffTheSpire:RockThrow","Limit Break"],"picked":"Ghostly Armor","floor":14},{"not_picked":["Corruption","Double Tap"],"picked":"Juggernaut","floor":16},{"not_picked":["ReplayTheSpireMod:Muscle Training","Heavy Blade"],"picked":"Thunderclap","floor":18},{"not_picked":["Perfected Strike","Anger"],"picked":"Dropkick","floor":19},{"not_picked":["Headbutt+1","Thunderclap"],"picked":"Searing Blow+1","floor":20},{"not_picked":["Twin Strike","Anger"],"picked":"Armaments","floor":23},{"not_picked":["Abandon","Feel No Pain"],"picked":"conspire:ExplosiveBarrier","floor":25},{"not_picked":["Shrug It Off","True Grit+1"],"picked":"Replay:Undeath\u0027s Touch","floor":28},{"not_picked":["Eclipse","ReplayTheSpireMod:Strike From Hell"],"picked":"Warcry","floor":31},{"not_picked":["Run Through+1","Heavy Blade+1","Havoc"],"picked":"SKIP","floor":35},{"not_picked":["StuffTheSpire:Pyroclast","Sword Boomerang","Iron Wave"],"picked":"SKIP","floor":37},{"not_picked":["Replay:Undeath\u0027s Touch+1","Absolvement+1"],"picked":"Inflame","floor":39}],"player_experience":356965,"relics_obtained":[{"floor":6,"key":"Magic Flower"},{"floor":25,"key":"Gremlin Food"},{"floor":26,"key":"infinitespire:Midas Blood"},{"floor":32,"key":"aspiration:ChemicalBlood"}],"event_choices":[{"damage_healed":0,"gold_gain":0,"player_choice":"Ignored","damage_taken":0,"max_hp_gain":0,"max_hp_loss":0,"event_name":"Golden Wing","floor":2,"gold_loss":0},{"damage_healed":0,"gold_gain":0,"player_choice":"Bought 0 Potions","damage_taken":0,"max_hp_gain":0,"max_hp_loss":0,"event_name":"The Woman in Blue","floor":11,"gold_loss":0},{"damage_healed":0,"gold_gain":275,"player_choice":"Desecrate","damage_taken":0,"max_hp_gain":0,"max_hp_loss":0,"event_name":"Golden Shrine","floor":21,"gold_loss":0,"cards_obtained":["Regret"]},{"damage_healed":0,"gold_gain":0,"player_choice":"Paid Gold","damage_taken":0,"relics_obtained":["Torii"],"max_hp_gain":0,"max_hp_loss":0,"event_name":"WeMeetAgain","floor":22,"gold_loss":102},{"damage_healed":0,"gold_gain":0,"player_choice":"Upgraded","damage_taken":0,"max_hp_gain":0,"max_hp_loss":0,"event_name":"Upgrade Shrine","floor":29,"gold_loss":0,"cards_upgraded":["Armaments"]},{"damage_healed":0,"gold_gain":0,"player_choice":"Cursed","damage_taken":0,"max_hp_gain":0,"max_hp_loss":0,"event_name":"Wheel of Change","floor":38,"gold_loss":0,"cards_obtained":["Decay"]}],"is_beta":false,"boss_relics":[{"not_picked":["Abe\u0027s Treasure","hubris:VirtuousBlindfold"],"picked":"vexMod:CursedCompass"},{"not_picked":["Coffee Dripper","vexMod:MysteryBossChallenge"],"picked":"Painkiller Herb"}],"items_purged_floors":[24],"is_endless":true,"potions_floor_spawned":[4,8,12,18,20,28,31,37,39],"killed_by":"Nightmare","ascension_level":0}}