{"host":"7zb9v22qptw5vuf6","time":1607703362,"event":{"mods":["BaseMod","Luminous","Marisa（F雨　魔理沙）","Minty Spire (QoL Compilation)","Reimu（博丽灵梦）","Replay The Spire","Say the Spire","StSLib","The Jungle","Yuyuko","【东方二次创作】八云紫mod"],"gold_per_floor":[109,109,34,60,91,91,136,166,234,318,318,338,373,414,414,535,535,579,589,589,589,626,685,525,525,607,644,694,391,491,504,504,629,629,665,741,741,759,349,349,408,408,432,183,222,222,267,283,283,283,283,283,149,202,202],"floor_reached":56,"playtime":4276,"items_purged":["Poor:ReiMu","Strike_MRS","UpSweep","Strike_MRS","Strike_MRS"],"score":1474,"play_id":"1e76ca1a-7f51-4233-baee-ca46e00590f7","local_time":"20201212001602","is_ascension_mode":false,"campfire_choices":[{"data":"WitchOfGreed","floor":6,"key":"SMITH"},{"data":"DarkMatter","floor":11,"key":"SMITH"},{"data":"Strike_MRS","floor":15,"key":"PURGE"},{"data":"SuperNova","floor":25,"key":"SMITH"},{"data":"BinaryStars","floor":32,"key":"SMITH"},{"data":"MeteoricShower","floor":40,"key":"SMITH"},{"data":"Acceleration","floor":42,"key":"SMITH"},{"floor":46,"key":"RECALL"},{"floor":49,"key":"DIG"},{"data":"Orbital","floor":52,"key":"SMITH"}],"circlet_count":0,"master_deck":["Defend_MRS","Defend_MRS","Defend_MRS","Defend_MRS","MasterSpark","WitchOfGreed+1","DarkMatter+1","MeteoricShower+1","WitchLeyline","SuperNova+1","MagicAbsorber","WitchLeyline","Acceleration","BinaryStars+1","EnergyFlow","SprinkleStarSeal+1","GasGiant","PropBag","BinaryStars+1","GasGiant+1","ShootingEcho","WitchLeyline+1","Pot Of Greed+1","Pot Of Greed+1","Pot Of Greed+1","Orbital+1","EscapeVelocity+1","Acceleration+1","GasGiant+1","PropBag+1","DragonMeteor+1"],"relics":["MiniHakkero","YidongShenshe:ReiMu","SproutingBranch","Kunai","Orichalcum","Replay:Fungal Core","Iron Hammer","Golden Egg","Garlic","Gremlin Food","Grinning Jar","RampagingMagicTools","Torii","HornCleat","Bag of Marbles","Art of War","Replay:Bottled Steam"],"acts_visited":["Exordium","TheCity","TheBeyond","TheEnding"],"potions_floor_usage":[8,8,10,12,16,16,16,23,23,23,33,38,50,55,55],"damage_taken":[{"damage":0,"enemies":"2 Louse","floor":1,"turns":3},{"damage":3,"enemies":"Small Slimes","floor":4,"turns":3},{"damage":3,"enemies":"Jaw Worm","floor":5,"turns":6},{"damage":10,"enemies":"3 Louse","floor":7,"turns":5},{"damage":25,"enemies":"3 Sentries","floor":8,"turns":13},{"damage":18,"enemies":"3 Sentries","floor":10,"turns":7},{"damage":0,"enemies":"Gremlin Gang","floor":12,"turns":2},{"damage":1,"enemies":"2 Fungi Beasts","floor":13,"turns":4},{"damage":9,"enemies":"Blue Slaver","floor":14,"turns":3},{"damage":2,"enemies":"Hexaghost","floor":16,"turns":6},{"damage":17,"enemies":"3 Byrds","floor":18,"turns":6},{"damage":4,"enemies":"Chosen","floor":19,"turns":3},{"damage":12,"enemies":"3 Cultists","floor":22,"turns":5},{"damage":46,"enemies":"Gremlin Leader","floor":23,"turns":7},{"damage":13,"enemies":"Snecko","floor":27,"turns":5},{"damage":4,"enemies":"Centurion and Healer","floor":31,"turns":4},{"damage":10,"enemies":"Pondfish","floor":33,"turns":9},{"damage":15,"enemies":"3 Darklings","floor":35,"turns":7},{"damage":25,"enemies":"2 Orb Walkers","floor":36,"turns":5},{"damage":13,"enemies":"3 Shapes","floor":38,"turns":3},{"damage":1,"enemies":"Giant Head","floor":41,"turns":5},{"damage":10,"enemies":"Writhing Mass","floor":45,"turns":5},{"damage":0,"enemies":"3 Darklings","floor":47,"turns":3},{"damage":0,"enemies":"Maw","floor":48,"turns":5},{"damage":5,"enemies":"Time Eater","floor":50,"turns":6},{"damage":1,"enemies":"Shield and Spear","floor":54,"turns":5},{"damage":23,"enemies":"The Heart","floor":55,"turns":5}],"seed_played":"-1936315337819084155","potions_obtained":[{"floor":0,"key":"EssenceOfSteel"},{"floor":0,"key":"Swift Potion"},{"floor":0,"key":"Fire Potion"},{"floor":4,"key":"DistilledChaos"},{"floor":10,"key":"Toxic Potion"},{"floor":10,"key":"CultistPotion"},{"floor":12,"key":"Languid Potion"},{"floor":13,"key":"SpeedPotion"},{"floor":14,"key":"CultistPotion"},{"floor":16,"key":"GamblersBrew"},{"floor":16,"key":"BlessingOfTheForge"},{"floor":18,"key":"PowerPotion"},{"floor":22,"key":"Fire Potion"},{"floor":23,"key":"DuplicationPotion"},{"floor":27,"key":"Adrenaline Potion"},{"floor":27,"key":"Weak Potion"},{"floor":31,"key":"Death Potion"},{"floor":33,"key":"Ancient Potion"},{"floor":35,"key":"Energy Potion"},{"floor":36,"key":"Fruit Juice"},{"floor":41,"key":"Dexterity Potion"}],"is_trial":false,"path_per_floor":["M","?","$","M","M","R","M","E","T","?","R","M","M","M","R","B",null,"M","M","?","?","M","E","$","R","T","M","T","$","?","M","R","B",null,"M","?","?","M","$","R","E","R","T","$","M","R","M","M","R","B",null,"R","$","E","B",null],"character_chosen":"MARISA","items_purchased":["GasGiant+1","WitchLeyline","Grinning Jar","HornCleat","Venom Potion","DragonMeteor","PowerPotion"],"campfire_rested":0,"item_purchase_floors":[24,29,29,39,44,53,53],"current_hp_per_floor":[75,75,75,72,69,69,59,34,34,31,31,40,51,51,51,64,75,68,73,73,73,68,35,35,35,35,36,36,36,36,44,44,49,75,63,52,45,46,46,46,59,59,59,59,63,63,72,80,80,80,80,80,80,80,67],"gold":202,"neow_bonus":"THREE_SMALL_POTIONS","is_daily":false,"chose_seed":false,"campfire_upgraded":7,"win_rate":0.0,"timestamp":1607703362,"path_taken":["M","?","$","M","M","R","M","E","T","?","R","M","M","M","R","BOSS","M","M","?","?","M","E","$","R","T","M","?","$","?","?","R","BOSS","M","?","?","?","$","R","E","R","T","$","M","R","M","M","R","BOSS","R","$","E","BOSS"],"items_purchased_type":["Undefined","Card","Relic","Relic","Potion","Card","Potion"],"build_version":"2020-11-30","purchased_purges":5,"victory":true,"max_hp_per_floor":[75,75,75,75,75,75,75,75,75,75,75,75,75,75,75,75,75,75,75,75,75,75,75,75,75,75,75,75,75,75,75,75,75,75,75,75,75,80,80,80,80,80,80,80,80,80,80,80,80,80,80,80,80,80,80],"card_choices":[{"not_picked":["LuminesStrike","GalacticHalo"],"picked":"WitchOfGreed","floor":1},{"not_picked":["GravityBeat","EventHorizon"],"picked":"DarkMatter","floor":4},{"not_picked":["PowerUp","BigCrunch","MachineGunSpark"],"picked":"SKIP","floor":5},{"not_picked":["PowerUp","6A"],"picked":"MeteoricShower","floor":7},{"not_picked":["DeepEcoloBomb","Acceleration"],"picked":"WitchLeyline","floor":8},{"not_picked":["DoubleSpark","Singularity"],"picked":"SuperNova","floor":10},{"not_picked":["GrandCross","LuminesStrike"],"picked":"MagicAbsorber","floor":12},{"not_picked":["DC","StarBarrage"],"picked":"WitchLeyline","floor":13},{"not_picked":["GravityBeat","IllusionStar"],"picked":"Acceleration","floor":14},{"not_picked":["CasketOfStar","ManaRampage"],"picked":"BinaryStars","floor":16},{"not_picked":["MeteoricShower","SporeBomb"],"picked":"EnergyFlow","floor":18},{"not_picked":["EnergyFlow+1","MeteoricShower"],"picked":"SprinkleStarSeal+1","floor":19},{"not_picked":["DarkMatter","NonDirectionalLaser"],"picked":"PropBag","floor":22},{"not_picked":["WitchLeyline","OrrerysSun"],"picked":"BinaryStars","floor":23},{"not_picked":["PowerUp","AsteroidBelt"],"picked":"ShootingEcho","floor":27},{"not_picked":["RefractionSpark","PropBag+1"],"picked":"Orbital","floor":31},{"not_picked":["FinalSpark","SuperNova"],"picked":"EscapeVelocity","floor":33},{"not_picked":["WitchOfGreed+1","NonDirectionalLaser","LuminesStrike+1"],"picked":"SKIP","floor":35},{"not_picked":["FairyDestructionRay","WitchOfGreed"],"picked":"Acceleration","floor":36},{"not_picked":["MysteriousBeam+1","EventHorizon"],"picked":"GasGiant+1","floor":38},{"not_picked":["FinalSpark","ChargeUpSpray+1"],"picked":"PropBag+1","floor":41},{"not_picked":["GrandCross","MysteriousBeam+1","MilkyWay+1"],"picked":"SKIP","floor":45},{"not_picked":["WitchOfGreed+1","AsteroidBelt+1","GravityBeat"],"picked":"SKIP","floor":47},{"not_picked":["UnstableBomb+1","AbsoluteMagnitude","StarBarrage+1"],"picked":"SKIP","floor":48},{"not_picked":["DarkSpark","DarkMatter+1","IllusionStar+1"],"picked":"SKIP","floor":54}],"player_experience":210797,"relics_obtained":[{"floor":8,"key":"SproutingBranch"},{"floor":9,"key":"Kunai"},{"floor":10,"key":"Orichalcum"},{"floor":23,"key":"Golden Egg"},{"floor":26,"key":"Garlic"},{"floor":28,"key":"Gremlin Food"},{"floor":36,"key":"Torii"},{"floor":41,"key":"Bag of Marbles"},{"floor":49,"key":"Art of War"},{"floor":54,"key":"Replay:Bottled Steam"}],"event_choices":[{"damage_healed":0,"gold_gain":0,"player_choice":"带走神社","damage_taken":0,"relics_obtained":["YidongShenshe:ReiMu"],"max_hp_gain":0,"max_hp_loss":0,"event_name":"yidonshenshe","floor":2,"gold_loss":0,"cards_obtained":["Poor:ReiMu"]},{"damage_healed":0,"gold_gain":0,"player_choice":"Searched \u00271\u0027 times","damage_taken":0,"max_hp_gain":0,"max_hp_loss":0,"event_name":"Dead Adventurer","floor":10,"gold_loss":0},{"damage_healed":0,"gold_gain":0,"player_choice":"Read","damage_taken":0,"max_hp_gain":0,"max_hp_loss":0,"event_name":"The Library","floor":20,"gold_loss":0,"cards_obtained":["GasGiant"]},{"damage_healed":0,"gold_gain":0,"player_choice":"Opened","damage_taken":0,"relics_obtained":["Iron Hammer"],"max_hp_gain":0,"max_hp_loss":0,"event_name":"The Mausoleum","floor":21,"gold_loss":0},{"damage_healed":0,"gold_gain":100,"player_choice":"Pray","damage_taken":0,"max_hp_gain":0,"max_hp_loss":0,"event_name":"Golden Shrine","floor":30,"gold_loss":0},{"damage_healed":0,"gold_gain":0,"player_choice":"Fight","damage_taken":0,"max_hp_gain":0,"max_hp_loss":0,"event_name":"Mysterious Sphere","floor":36,"gold_loss":0},{"damage_healed":0,"gold_gain":0,"player_choice":"Damaged","damage_taken":7,"max_hp_gain":0,"max_hp_loss":0,"event_name":"Wheel of Change","floor":37,"gold_loss":0}],"is_beta":false,"boss_relics":[{"not_picked":["RedLine:ReiMu","Sozu"],"picked":"Replay:Fungal Core"},{"not_picked":["Velvet Choker","Tiny House"],"picked":"RampagingMagicTools"}],"items_purged_floors":[3,24,29,39,44],"is_endless":false,"potions_floor_spawned":[4,10,12,14,16,18,22,27,31,35,36,47,48],"ascension_level":0}}