{"host":"fbqvzfq8f1yzoo4u","time":1607691780,"event":{"mods":["BaseMod","Minty Spire (QoL Compilation)","Replay The Spire","StSLib"],"gold_per_floor":[369,519,16,16,29,29,63,75,75,75,92,106,18,18,18,111,111,124,148,163,2,2,2],"floor_reached":22,"playtime":946,"items_purged":["Doubt"],"score":422,"play_id":"eb16fe2f-5a0a-4c03-898a-3c7f58abc446","local_time":"20201211210300","is_ascension_mode":true,"campfire_choices":[{"data":"Loop","floor":6.0,"key":"SMITH"},{"data":"Echo Form","floor":10.0,"key":"SMITH"},{"data":"BasicCrystalCard","floor":15.0,"key":"SMITH"}],"circlet_count":0,"master_deck":["AscendersBane","Strike_B","Strike_B","Strike_B","Defend_B","Defend_B","Defend_B","Defend_B","Zap","Dualcast","Conserve Battery","Conserve Battery+1","Bandage Up+1","Loop+1","Rip and Tear","Echo Form+1","Auto Shields","Capacitor","BasicCrystalCard+1","Defragment","Injury","Thunder Strike+1"],"relics":["Cracked Core","Cables","Replay:Kaleidoscope","HornCleat","Golden Idol","Nuclear Battery","Guide Book"],"acts_visited":["Exordium","TheCity"],"potions_floor_usage":[22],"damage_taken":[{"damage":4.0,"enemies":"Jaw Worm","floor":1.0,"turns":4.0},{"damage":0.0,"enemies":"Cultist","floor":5.0,"turns":4.0},{"damage":16.0,"enemies":"3 Sentries","floor":7.0,"turns":6.0},{"damage":0.0,"enemies":"Small Slimes","floor":8.0,"turns":3.0},{"damage":0.0,"enemies":"Blue Slaver","floor":11.0,"turns":3.0},{"damage":1.0,"enemies":"Large Slime","floor":12.0,"turns":5.0},{"damage":46.0,"enemies":"Hexaghost","floor":16.0,"turns":10.0},{"damage":9.0,"enemies":"Spheric Guardian","floor":18.0,"turns":6.0},{"damage":28.0,"enemies":"Chosen","floor":19.0,"turns":6.0},{"damage":21.0,"enemies":"Snake Plant","floor":20.0,"turns":6.0},{"damage":30,"enemies":"Cultist and Chosen","floor":22,"turns":3}],"seed_played":"3997331255270896384","potions_obtained":[{"floor":1.0,"key":"Adrenaline Potion"},{"floor":5.0,"key":"Swift Potion"},{"floor":16.0,"key":"Languid Potion"},{"floor":20.0,"key":"Adrenaline Potion"}],"is_trial":false,"path_per_floor":["M","?","$","?","M","R","E","M","T","R","M","M","$","?","R","B",null,"M","M","M","$","M"],"character_chosen":"DEFECT","items_purchased":["Cables","Conserve Battery+1","Bandage Up","Defragment","Guide Book"],"campfire_rested":0,"item_purchase_floors":[3,3,3,13,21],"current_hp_per_floor":[60,60,60,60,64,64,51,55,55,55,63,63,63,63,63,25,54,49,29,12,12,0,0],"gold":2,"neow_bonus":"TWO_FIFTY_GOLD","is_daily":false,"chose_seed":false,"campfire_upgraded":3,"win_rate":0.0,"timestamp":1607691780,"path_taken":["M","?","$","?","M","R","E","M","T","R","?","M","$","?","R","BOSS","M","M","M","$","M"],"items_purchased_type":["Relic","Undefined","Card","Card","Relic"],"build_version":"2020-11-30","purchased_purges":1,"victory":false,"max_hp_per_floor":[64,64,64,64,64,64,64,64,64,64,64,64,64,64,64,64,64,64,64,64,64,64,64],"card_choices":[{"not_picked":["Consume","Skim"],"picked":"Conserve Battery","floor":1.0},{"not_picked":["Compile Driver","Hologram"],"picked":"Rip and Tear","floor":5.0},{"not_picked":["Beam Cell","Cold Snap"],"picked":"Echo Form","floor":7.0},{"not_picked":["Coolheaded","Cold Snap"],"picked":"Auto Shields","floor":8.0},{"not_picked":["Leap","Redo"],"picked":"Capacitor","floor":11.0},{"not_picked":["ReplaySolidLightProjector","Steam"],"picked":"BasicCrystalCard","floor":12.0},{"not_picked":["Amplify","Core Surge"],"picked":"Thunder Strike","floor":16.0},{"not_picked":["Conserve Battery","Streamline","Steam"],"picked":"SKIP","floor":18.0},{"not_picked":["Go for the Eyes","Streamline","Doom and Gloom"],"picked":"SKIP","floor":19.0},{"not_picked":["Barrage","Go for the Eyes","ReplayTheSpireMod:Repulse"],"picked":"SKIP","floor":20.0}],"player_experience":558866,"relics_obtained":[{"floor":7.0,"key":"Replay:Kaleidoscope"},{"floor":9.0,"key":"HornCleat"}],"event_choices":[{"damage_healed":0.0,"max_hp_gain":0.0,"max_hp_loss":0.0,"gold_gain":150.0,"event_name":"Liars Game","player_choice":"AGREE","floor":2.0,"gold_loss":0.0,"damage_taken":0.0,"cards_obtained":["Doubt"]},{"damage_healed":0.0,"max_hp_gain":0.0,"max_hp_loss":0.0,"gold_gain":0.0,"cards_transformed":["Strike_B"],"event_name":"Transmorgrifier","player_choice":"Transformed","floor":4.0,"gold_loss":0.0,"damage_taken":0.0,"cards_obtained":["Loop"]},{"damage_healed":0.0,"max_hp_gain":0.0,"max_hp_loss":0.0,"gold_gain":0.0,"event_name":"Golden Idol","player_choice":"Take Wound","floor":14.0,"gold_loss":0.0,"damage_taken":0.0,"relics_obtained":["Golden Idol"],"cards_obtained":["Injury"]}],"is_beta":false,"boss_relics":[{"not_picked":["Ectoplasm","Fusion Hammer"],"picked":"Nuclear Battery"}],"items_purged_floors":[3],"is_endless":false,"potions_floor_spawned":[1,5,16,20],"killed_by":"Cultist and Chosen","ascension_level":20}}