{"host":"xcuflocadasoaqda","time":1607657875,"event":{"mods":["BaseMod","Bestiary","Filter the Spire","Minty Spire (QoL Compilation)","Relic Stats"],"gold_per_floor":[117,117,117,133,145,170,95,122,194,34,44,73,87,122,122,193,193,211,136,22,42,42,74,74,100,152,28,44,44,44,61,61,138,138,158,169,180,1179,855,855,886,936,1015,1033,739,773,773,790,790,790,790,790,790,283,318,318],"floor_reached":57,"playtime":2897,"items_purged":["Finisher","Neutralize","Normality","PiercingWail","Venomology"],"score":3331,"play_id":"48899304-9e10-41bd-b59e-aa0448a88954","local_time":"20201210213755","is_ascension_mode":true,"campfire_choices":[{"data":"Wraith Form v2","floor":15.0,"key":"SMITH"},{"data":"Well Laid Plans","floor":24.0,"key":"SMITH"},{"data":"Predator","floor":30.0,"key":"PURGE"},{"data":"Unload","floor":32.0,"key":"PURGE"},{"data":"Normality","floor":40,"key":"PURGE"},{"floor":47,"key":"RECALL"},{"data":"Wraith Form v2","floor":49,"key":"SMITH"},{"data":"Grand Finale","floor":53,"key":"SMITH"}],"circlet_count":0,"master_deck":["AscendersBane","Survivor","Grand Finale+1","Backflip","Setup","Dagger Throw+1","Prepared","Well Laid Plans+1","Wraith Form v2+1","Adrenaline","Backflip","Terror","After Image","Acrobatics","Acrobatics","Phantasmal Killer","Wraith Form v2+1","Reflex+1","Grand Finale+1"],"relics":["Pandora\u0027s Box","Bird Faced Urn","Pen Nib","Ornamental Fan","Membership Card","StrikeDummy","Nunchaku","Coffee Dripper","Medical Kit","PreservedInsect","Peace Pipe","MawBank","SlaversCollar","Potion Belt","Lee\u0027s Waffle","Mummified Hand","Mango","Bottled Lightning","Bag of Preparation","MealTicket","Toxic Egg 2","OrangePellets","CaptainsWheel","Whetstone","Pantograph"],"acts_visited":["Exordium","TheCity","TheBeyond","TheEnding"],"potions_floor_usage":[42,44,56,56,56,56],"damage_taken":[{"damage":4.0,"enemies":"Jaw Worm","floor":1.0,"turns":3.0},{"damage":0.0,"enemies":"2 Louse","floor":4.0,"turns":3.0},{"damage":0.0,"enemies":"Cultist","floor":5.0,"turns":2.0},{"damage":5.0,"enemies":"Lagavulin","floor":6.0,"turns":5.0},{"damage":22.0,"enemies":"3 Sentries","floor":8.0,"turns":5.0},{"damage":0.0,"enemies":"3 Louse","floor":11.0,"turns":2.0},{"damage":1.0,"enemies":"Lagavulin","floor":12.0,"turns":5.0},{"damage":0.0,"enemies":"Exordium Wildlife","floor":13.0,"turns":2.0},{"damage":1.0,"enemies":"Gremlin Nob","floor":14.0,"turns":3.0},{"damage":0.0,"enemies":"Slime Boss","floor":16.0,"turns":5.0},{"damage":0.0,"enemies":"Chosen","floor":18.0,"turns":4.0},{"damage":0.0,"enemies":"2 Thieves","floor":21.0,"turns":4.0},{"damage":9.0,"enemies":"Slavers","floor":23.0,"turns":5.0},{"damage":2.0,"enemies":"Gremlin Leader","floor":25.0,"turns":5.0},{"damage":2.0,"enemies":"Centurion and Healer","floor":28.0,"turns":4.0},{"damage":0.0,"enemies":"3 Cultists","floor":31.0,"turns":2.0},{"damage":0.0,"enemies":"Automaton","floor":33.0,"turns":8.0},{"damage":2.0,"enemies":"3 Shapes","floor":35.0,"turns":3.0},{"damage":1.0,"enemies":"Orb Walker","floor":36.0,"turns":4.0},{"damage":0.0,"enemies":"4 Shapes","floor":37.0,"turns":5.0},{"damage":3,"enemies":"Nemesis","floor":41,"turns":5},{"damage":0,"enemies":"2 Orb Walkers","floor":42,"turns":2},{"damage":0,"enemies":"Sphere and 2 Shapes","floor":44,"turns":3},{"damage":0,"enemies":"Giant Head","floor":46,"turns":3},{"damage":0,"enemies":"3 Darklings","floor":48,"turns":3},{"damage":0,"enemies":"Awakened One","floor":50,"turns":4},{"damage":0,"enemies":"Donu and Deca","floor":51,"turns":2},{"damage":0,"enemies":"Shield and Spear","floor":55,"turns":2},{"damage":0,"enemies":"The Heart","floor":56,"turns":8}],"seed_played":"2966521665951249109","potions_obtained":[{"floor":1.0,"key":"Block Potion"},{"floor":8.0,"key":"Swift Potion"},{"floor":11.0,"key":"Swift Potion"},{"floor":14.0,"key":"GamblersBrew"},{"floor":36.0,"key":"DuplicationPotion"},{"floor":37,"key":"Block Potion"}],"is_trial":false,"path_per_floor":["M","?","?","M","M","E","$","E","T","$","M","E","M","E","R","B",null,"M","?","$","M","?","E","R","E","T","$","M","$","R","M","R","B",null,"M","M","M","?","$","R","E","?","T","M","$","E","R","M","R","B","B",null,"R","$","E","B",null],"character_chosen":"THE_SILENT","items_purchased":["Membership Card","Medical Kit","Acrobatics","Wraith Form v2","GhostInAJar","Potion Belt","Lee\u0027s Waffle","GamblersBrew","Bag of Preparation","MealTicket","GhostInAJar","OrangePellets","CaptainsWheel","Grand Finale","Whetstone"],"campfire_rested":0,"item_purchase_floors":[10,20,20,27,39,39,39,39,45,45,45,54,54,54,54],"current_hp_per_floor":[55,37,37,41,43,42,42,24,24,24,26,31,35,38,38,42,60,66,66,66,66,45,42,42,46,46,46,52,52,52,58,58,66,66,66,66,66,66,73,73,73,87,87,87,87,87,87,87,87,87,87,87,87,87,87,87],"gold":318,"neow_bonus":"BOSS_RELIC","is_daily":false,"chose_seed":false,"campfire_upgraded":4,"win_rate":0.0,"timestamp":1607657875,"path_taken":["M","?","?","M","M","E","$","E","T","$","M","E","M","E","R","BOSS","M","?","$","M","?","E","R","E","T","$","M","?","R","M","R","BOSS","M","M","M","?","$","R","E","?","T","M","?","E","R","M","R","BOSS","BOSS","R","$","E","BOSS"],"items_purchased_type":["Relic","Relic","Card","Card","Potion","Relic","Relic","Potion","Relic","Relic","Potion","Relic","Relic","Card","Relic"],"build_version":"2020-11-30","purchased_purges":5,"victory":true,"max_hp_per_floor":[66,66,66,66,66,66,66,66,66,66,66,66,66,66,66,66,66,66,66,66,66,66,66,66,66,66,66,66,66,66,66,66,66,66,66,66,66,66,73,73,73,87,87,87,87,87,87,87,87,87,87,87,87,87,87,87],"relic_stats":{"Lee\u0027s Waffle":7,"counters":[29,111],"Pen Nib":[10],"PreservedInsect":305,"Bag of Preparation":[12],"Whetstone":["Grand Finale","Dagger Throw"],"Medical Kit":[19],"MawBank":12,"Peace Pipe":3,"OrangePellets":[2],"Nunchaku":[8],"Ornamental Fan":[40],"Mummified Hand":[31],"Bird Faced Urn":[80],"Pantograph":0,"Pandora\u0027s Box":["Grand Finale","Envenom","Unload","Backflip","Setup","PiercingWail","Dagger Throw","Predator","Venomology","Finisher"],"MealTicket":0,"obtain_stats":[{"Mango":42,"Bag of Preparation":45,"Whetstone":54,"Nunchaku":14,"Mummified Hand":41,"Pantograph":55,"MealTicket":45,"Toxic Egg 2":46,"Ring of the Snake":0,"Potion Belt":39,"Lee\u0027s Waffle":39,"Pen Nib":6,"PreservedInsect":23,"Medical Kit":20,"MawBank":26,"Peace Pipe":25,"SlaversCollar":34,"OrangePellets":54,"CaptainsWheel":54,"Ornamental Fan":8,"Bird Faced Urn":2,"Pandora\u0027s Box":0,"Coffee Dripper":17,"Membership Card":10,"Bottled Lightning":43,"StrikeDummy":12},{"Mango":22,"Bag of Preparation":23,"Whetstone":27,"Nunchaku":9,"Mummified Hand":21,"Pantograph":28,"MealTicket":23,"Toxic Egg 2":24,"Ring of the Snake":0,"Potion Belt":20,"Lee\u0027s Waffle":20,"Pen Nib":4,"PreservedInsect":13,"Medical Kit":11,"MawBank":14,"Peace Pipe":14,"SlaversCollar":17,"OrangePellets":27,"CaptainsWheel":27,"Ornamental Fan":5,"Bird Faced Urn":1,"Pandora\u0027s Box":0,"Coffee Dripper":10,"Membership Card":5,"Bottled Lightning":22,"StrikeDummy":7},{"Mango":86,"Bag of Preparation":89,"Whetstone":101,"Nunchaku":30,"Mummified Hand":84,"Pantograph":103,"MealTicket":89,"Toxic Egg 2":92,"Ring of the Snake":0,"Potion Belt":79,"Lee\u0027s Waffle":79,"Pen Nib":13,"PreservedInsect":48,"Medical Kit":39,"MawBank":53,"Peace Pipe":53,"SlaversCollar":67,"OrangePellets":101,"CaptainsWheel":101,"Ornamental Fan":18,"Bird Faced Urn":3,"Pandora\u0027s Box":0,"Coffee Dripper":35,"Membership Card":18,"Bottled Lightning":86,"StrikeDummy":25}]},"card_choices":[{"not_picked":["Slice","Crippling Poison"],"picked":"Prepared","floor":1.0},{"not_picked":["Deadly Poison","Blade Dance","Prepared"],"picked":"SKIP","floor":4.0},{"not_picked":["Accuracy","Slice","Dodge and Roll"],"picked":"SKIP","floor":5.0},{"not_picked":["Leg Sweep","Sucker Punch","Concentrate"],"picked":"SKIP","floor":6.0},{"not_picked":["Infinite Blades","Deadly Poison"],"picked":"Wraith Form v2","floor":8.0},{"not_picked":["Footwork","Endless Agony","Deflect"],"picked":"SKIP","floor":11.0},{"not_picked":["Cloak And Dagger","Crippling Poison"],"picked":"Adrenaline","floor":12.0},{"not_picked":["Catalyst","Cloak And Dagger"],"picked":"Backflip","floor":13.0},{"not_picked":["Well Laid Plans","Flechettes"],"picked":"Terror","floor":14.0},{"not_picked":["Glass Knife","Doppelganger"],"picked":"After Image","floor":16.0},{"not_picked":["Dagger Throw","Slice"],"picked":"Acrobatics","floor":18.0},{"not_picked":["Dodge and Roll","Backflip+1"],"picked":"Phantasmal Killer","floor":21.0},{"not_picked":["Finisher","Terror","All Out Attack"],"picked":"SKIP","floor":23.0},{"not_picked":["Masterful Stab+1","Blur","Deflect"],"picked":"SKIP","floor":25.0},{"not_picked":["Dash+1","Crippling Poison","Caltrops"],"picked":"SKIP","floor":28.0},{"not_picked":["Dagger Throw","Bane","Underhanded Strike"],"picked":"SKIP","floor":31.0},{"not_picked":["Cloak And Dagger","Predator","Leg Sweep+1"],"picked":"SKIP","floor":35.0},{"not_picked":["Masterful Stab+1","Infinite Blades","PiercingWail"],"picked":"SKIP","floor":36.0},{"not_picked":["Prepared","Flechettes","Deadly Poison+1"],"picked":"SKIP","floor":37},{"not_picked":["Endless Agony+1","Blur+1","PiercingWail"],"picked":"SKIP","floor":41},{"not_picked":["Accuracy","Deflect+1","Venomology"],"picked":"SKIP","floor":44},{"not_picked":["Tactician+1","Skewer","Blur+1"],"picked":"SKIP","floor":46},{"not_picked":["Sucker Punch+1","PiercingWail+1"],"picked":"Reflex+1","floor":48},{"not_picked":["Deflect+1","Backstab","Catalyst+1"],"picked":"SKIP","floor":55}],"player_experience":1697790,"relics_obtained":[{"floor":6.0,"key":"Pen Nib"},{"floor":8.0,"key":"Ornamental Fan"},{"floor":12.0,"key":"StrikeDummy"},{"floor":14.0,"key":"Nunchaku"},{"floor":23.0,"key":"PreservedInsect"},{"floor":25.0,"key":"Peace Pipe"},{"floor":26.0,"key":"MawBank"},{"floor":41,"key":"Mummified Hand"},{"floor":42,"key":"Mango"},{"floor":43,"key":"Bottled Lightning"},{"floor":46,"key":"Toxic Egg 2"},{"floor":55,"key":"Pantograph"}],"event_choices":[{"damage_healed":0.0,"max_hp_gain":0.0,"max_hp_loss":0.0,"gold_gain":0.0,"event_name":"Scrap Ooze","player_choice":"Success","floor":2.0,"gold_loss":0.0,"damage_taken":18.0,"relics_obtained":["Bird Faced Urn"]},{"damage_healed":0.0,"max_hp_gain":0.0,"max_hp_loss":0.0,"gold_gain":0.0,"event_name":"Match and Keep!","player_choice":"1 cards matched","floor":3.0,"gold_loss":0.0,"damage_taken":0.0,"cards_obtained":["Well Laid Plans"]},{"cards_removed":["Envenom"],"damage_healed":0.0,"max_hp_gain":0.0,"max_hp_loss":0.0,"gold_gain":0.0,"event_name":"Beggar","player_choice":"Gave Gold","floor":19.0,"gold_loss":75.0,"damage_taken":0.0},{"damage_healed":0.0,"max_hp_gain":0.0,"max_hp_loss":0.0,"gold_gain":0.0,"event_name":"Cursed Tome","player_choice":"Obtained Book","floor":22.0,"gold_loss":0.0,"damage_taken":21.0},{"damage_healed":0,"gold_gain":999,"player_choice":"Gold","damage_taken":0,"max_hp_gain":0,"max_hp_loss":0,"event_name":"MindBloom","floor":38,"gold_loss":0,"cards_obtained":["Normality","Normality"]},{"damage_healed":0,"gold_gain":0,"player_choice":"Fight","damage_taken":0,"max_hp_gain":0,"max_hp_loss":0,"event_name":"Mysterious Sphere","floor":42,"gold_loss":0}],"is_beta":false,"boss_relics":[{"not_picked":["WristBlade","SacredBark"],"picked":"Coffee Dripper"},{"not_picked":["Cursed Key","Busted Crown"],"picked":"SlaversCollar"}],"items_purged_floors":[7,27,39,45,54],"is_endless":false,"potions_floor_spawned":[1,8,11,12,14,18,23,31,36,37,55],"ascension_level":20}}