{"host":"Jinnai","time":1607725999,"event":{"mods":["BaseMod","Bestiary","Block Reminder","Colored Map","Colored Powertips","Highlight Path","Keyboard Shortcuts","Minty Spire (QoL Compilation)","Quick Restart","Relic Stats"],"gold_per_floor":[117,38,38,38,52,63,63,63,63,88,88,104,104,122,122,193,193,210,210,229,60,76,76,76,92,142,171,88,88,118,133,133,133,133],"floor_reached":33,"playtime":1579,"items_purged":[],"score":574,"play_id":"12580848-6f42-462a-9184-340970578273","local_time":"20201211173319","is_ascension_mode":true,"campfire_choices":[{"data":"Dash","floor":8,"key":"SMITH"},{"data":"Malaise","floor":11,"key":"SMITH"},{"data":"Leg Sweep","floor":13,"key":"SMITH"},{"data":"Neutralize","floor":15,"key":"SMITH"},{"data":"Bullet Time","floor":23,"key":"SMITH"},{"floor":29,"key":"REST"},{"floor":32,"key":"REST"}],"circlet_count":0,"master_deck":["AscendersBane","Survivor","Neutralize+1","Blade Dance","Endless Agony","Deflect","Dash+1","Malaise+1","Leg Sweep+1","Underhanded Strike","Tools of the Trade+1","Bullet Time","Leg Sweep","Outmaneuver","Tactician","Bullet Time+1","Grand Finale","Phantasmal Killer","Acrobatics","Tactician","A Thousand Cuts+1","Underhanded Strike","Crippling Poison","Heel Hook","Dagger Throw+1","Acrobatics"],"relics":["Ring of the Snake","NeowsBlessing","WarpedTongs","Ninja Scroll","Frozen Egg 2","Centennial Puzzle","Pandora\u0027s Box","Blood Vial","FossilizedHelix","Boot"],"acts_visited":["Exordium","TheCity"],"potions_floor_usage":[10,16,30,30],"damage_taken":[{"damage":0,"enemies":"Jaw Worm","floor":1,"turns":1},{"damage":2,"enemies":"Small Slimes","floor":5,"turns":1},{"damage":1,"enemies":"Cultist","floor":6,"turns":1},{"damage":19,"enemies":"Gremlin Nob","floor":10,"turns":4},{"damage":0,"enemies":"2 Fungi Beasts","floor":12,"turns":3},{"damage":0,"enemies":"Exordium Wildlife","floor":14,"turns":2},{"damage":15,"enemies":"The Guardian","floor":16,"turns":17},{"damage":4,"enemies":"Spheric Guardian","floor":18,"turns":7},{"damage":1,"enemies":"3 Byrds","floor":20,"turns":5},{"damage":3,"enemies":"Snecko","floor":22,"turns":5},{"damage":21,"enemies":"Snake Plant","floor":25,"turns":4},{"damage":5,"enemies":"Gremlin Leader","floor":27,"turns":4},{"damage":18,"enemies":"Slavers","floor":30,"turns":5},{"damage":10,"enemies":"Cultist and Chosen","floor":31,"turns":6},{"damage":38,"enemies":"Champ","floor":33,"turns":9}],"seed_played":"-6917646701098196532","potions_obtained":[{"floor":6,"key":"CunningPotion"},{"floor":10,"key":"EssenceOfSteel"},{"floor":18,"key":"Strength Potion"},{"floor":27,"key":"SkillPotion"},{"floor":31,"key":"Swift Potion"}],"is_trial":false,"path_per_floor":["M","$","?","?","M","M","?","R","T","E","R","M","R","M","R","B",null,"M","?","M","$","M","R","?","M","T","E","$","R","E","M","R","B"],"character_chosen":"THE_SILENT","items_purchased":["Endless Agony","A Thousand Cuts+1","Heel Hook"],"campfire_rested":2,"item_purchase_floors":[2,21,28],"current_hp_per_floor":[59,59,52,52,50,49,49,49,49,30,30,30,30,30,30,15,53,49,49,48,48,45,45,45,24,24,21,21,40,24,16,35,0,0],"gold":133,"neow_bonus":"THREE_ENEMY_KILL","is_daily":false,"chose_seed":false,"campfire_upgraded":5,"win_rate":0.0,"timestamp":1607725999,"path_taken":["M","$","?","?","?","M","?","R","T","E","R","M","R","M","R","BOSS","M","?","?","?","M","R","?","M","T","E","$","R","E","M","R","BOSS"],"items_purchased_type":["Card","Card","Card"],"build_version":"2020-12-07","purchased_purges":0,"victory":false,"max_hp_per_floor":[66,66,66,66,66,66,66,66,66,66,66,66,66,66,66,66,66,66,66,66,66,66,66,66,66,66,66,66,66,66,66,66,66,66],"relic_stats":{"Blood Vial":8,"Centennial Puzzle":[25],"counters":[15,74],"Pandora\u0027s Box":["Bullet Time","Leg Sweep","Outmaneuver","Tactician","Bullet Time","Expertise","Grand Finale","Phantasmal Killer","Acrobatics"],"Boot":[34],"obtain_stats":[{"Blood Vial":26,"Centennial Puzzle":10,"NeowsBlessing":0,"Ninja Scroll":7,"Pandora\u0027s Box":17,"Frozen Egg 2":9,"Boot":30,"FossilizedHelix":27,"Ring of the Snake":0,"WarpedTongs":4},{"Blood Vial":11,"Centennial Puzzle":4,"NeowsBlessing":0,"Ninja Scroll":3,"Pandora\u0027s Box":7,"Frozen Egg 2":3,"Boot":13,"FossilizedHelix":12,"Ring of the Snake":0,"WarpedTongs":1},{"Blood Vial":50,"Centennial Puzzle":7,"NeowsBlessing":0,"Ninja Scroll":3,"Pandora\u0027s Box":29,"Frozen Egg 2":3,"Boot":59,"FossilizedHelix":54,"Ring of the Snake":0,"WarpedTongs":1}],"Ring of the Snake":[25],"WarpedTongs":[70]},"card_choices":[{"not_picked":["Flying Knee","Accuracy"],"picked":"Blade Dance","floor":1},{"not_picked":["Dodge and Roll","Expertise"],"picked":"Deflect","floor":5},{"not_picked":["Bane","Blade Dance"],"picked":"Dash","floor":6},{"not_picked":["Eviscerate","Poisoned Stab"],"picked":"Malaise","floor":10},{"not_picked":["Sucker Punch","Dagger Spray"],"picked":"Leg Sweep","floor":12},{"not_picked":["Distraction","Riddle With Holes"],"picked":"Underhanded Strike","floor":14},{"not_picked":["Malaise","Grand Finale"],"picked":"Tools of the Trade+1","floor":16},{"not_picked":["Skewer+1","Endless Agony"],"picked":"Tactician","floor":18},{"not_picked":["Slice","Backstab","Poisoned Stab"],"picked":"SKIP","floor":20},{"not_picked":["Heel Hook","Sucker Punch+1"],"picked":"Underhanded Strike","floor":22},{"not_picked":["Deadly Poison","Dagger Throw"],"picked":"Crippling Poison","floor":25},{"not_picked":["Deadly Poison","Glass Knife","Deflect"],"picked":"SKIP","floor":27},{"not_picked":["Bane","Cloak And Dagger"],"picked":"Dagger Throw+1","floor":30},{"not_picked":["All Out Attack","Tactician"],"picked":"Acrobatics","floor":31}],"player_experience":1474049,"relics_obtained":[{"floor":9,"key":"Frozen Egg 2"},{"floor":10,"key":"Centennial Puzzle"},{"floor":26,"key":"Blood Vial"},{"floor":27,"key":"FossilizedHelix"},{"floor":30,"key":"Boot"}],"event_choices":[{"cards_removed":["Defend_G"],"damage_healed":0,"gold_gain":0,"player_choice":"Card Removal","damage_taken":7,"max_hp_gain":0,"max_hp_loss":0,"event_name":"Golden Wing","floor":3,"gold_loss":0},{"damage_healed":0,"gold_gain":0,"player_choice":"Rummage","damage_taken":0,"relics_obtained":["WarpedTongs"],"max_hp_gain":0,"max_hp_loss":0,"event_name":"Accursed Blacksmith","floor":4,"gold_loss":0,"cards_obtained":["Pain"]},{"damage_healed":0,"gold_gain":0,"player_choice":"Searched \u00271\u0027 times","damage_taken":0,"relics_obtained":["Ninja Scroll"],"max_hp_gain":0,"max_hp_loss":0,"event_name":"Dead Adventurer","floor":7,"gold_loss":0},{"cards_removed":["Pain"],"damage_healed":0,"gold_gain":0,"player_choice":"Removed Curses","damage_taken":0,"max_hp_gain":0,"max_hp_loss":0,"event_name":"Fountain of Cleansing","floor":19,"gold_loss":0},{"cards_removed":["Expertise"],"damage_healed":0,"gold_gain":0,"player_choice":"Elegance","damage_taken":0,"max_hp_gain":0,"max_hp_loss":0,"event_name":"Back to Basics","floor":24,"gold_loss":0}],"is_beta":true,"boss_relics":[{"not_picked":["Astrolabe","Empty Cage"],"picked":"Pandora\u0027s Box"}],"items_purged_floors":[],"is_endless":false,"potions_floor_spawned":[6,10,18,27,31],"killed_by":"Champ","ascension_level":17}}