{"host":"m1ntkrf87179kmo6","time":1607724214,"event":{"mods":["BaseMod","Better Third Choice","Minty Spire (QoL Compilation)","Shade Mod","StSLib"],"gold_per_floor":[110,285,285,310,58,101,101,149,217,231,231,231,231,564,564,564,564],"floor_reached":16,"playtime":1779,"items_purged":[],"score":131,"play_id":"e0184334-6eeb-493b-a181-a82f09ed7aa2","local_time":"20201211170334","is_ascension_mode":false,"campfire_choices":[{"floor":7,"key":"RECALL"},{"data":"Shade:SensePrey","floor":11,"key":"SMITH"},{"floor":15,"key":"REST"}],"circlet_count":0,"master_deck":["Shade:Strike_Shade","Shade:Strike_Shade","Shade:Strike_Shade","Shade:Strike_Shade","Shade:Defend_Shade","Shade:Defend_Shade","Shade:Defend_Shade+1","Shade:Defend_Shade","Shade:AnimateDead","Shade:CarefulCut","Doubt","Injury","Shade:CloudOfShrapnel","Shade:SensePrey+1","Shade:AncientSpear+1","Parasite","Shade:Brains"],"relics":["Shade:YorickSkull","Juzu Bracelet","Golden Idol","Kunai","Frozen Egg 2","Regal Pillow","Matryoshka","Old Coin"],"acts_visited":["Exordium"],"potions_floor_usage":[6,16,16],"damage_taken":[{"damage":0,"enemies":"Cultist","floor":1,"turns":3},{"damage":0,"enemies":"2 Louse","floor":4,"turns":3},{"damage":10,"enemies":"Lagavulin","floor":6,"turns":6},{"damage":0,"enemies":"Jaw Worm","floor":10,"turns":3},{"damage":0,"enemies":"3 Sentries","floor":14,"turns":8},{"damage":66,"enemies":"Slime Boss","floor":16,"turns":12}],"seed_played":"6086913720344903135","potions_obtained":[{"floor":1,"key":"PowerPotion"},{"floor":6,"key":"Energy Potion"},{"floor":10,"key":"DistilledChaos"}],"is_trial":false,"path_per_floor":["M","?","?","M","$","E","R","T","T","M","R","?","?","E","R","B"],"character_chosen":"SHADE","items_purchased":["Kunai"],"campfire_rested":1,"item_purchase_floors":[5],"current_hp_per_floor":[65,65,65,65,65,55,55,55,55,55,55,65,52,52,65,0,0],"gold":564,"neow_bonus":"RANDOM_COMMON_RELIC","is_daily":false,"chose_seed":false,"campfire_upgraded":1,"win_rate":0.0,"timestamp":1607724214,"path_taken":["M","?","?","M","$","E","R","?","T","M","R","?","?","E","R","BOSS"],"items_purchased_type":["Relic"],"build_version":"2020-11-30","purchased_purges":0,"victory":false,"max_hp_per_floor":[65,65,65,65,65,65,65,65,65,65,65,65,65,65,65,65,65],"card_choices":[{"not_picked":["Shade:SoulToxin","Shade:FleshToFlesh","Shade:Patience"],"picked":"SKIP","floor":1},{"not_picked":["Shade:SkeletonHug","Shade:FreshBones"],"picked":"Shade:CloudOfShrapnel","floor":4},{"not_picked":["Shade:GreaterAnimation+1","Shade:FleshToFlesh"],"picked":"Shade:SensePrey","floor":6},{"not_picked":["Shade:Frenzy","Shade:FingerOfDeath"],"picked":"Shade:AncientSpear","floor":10},{"not_picked":["Shade:Frenzy","Shade:Bonestorm"],"picked":"Shade:Brains","floor":14}],"player_experience":957509,"relics_obtained":[{"floor":6,"key":"Frozen Egg 2"},{"floor":8,"key":"Regal Pillow"},{"floor":9,"key":"Matryoshka"},{"floor":14,"key":"Old Coin"}],"event_choices":[{"damage_healed":0,"gold_gain":175,"player_choice":"AGREE","damage_taken":110,"max_hp_gain":0,"max_hp_loss":0,"event_name":"betterThird:BetterSerpent","floor":2,"gold_loss":0},{"damage_healed":0,"gold_gain":0,"player_choice":"Take Wound","damage_taken":0,"relics_obtained":["Golden Idol"],"max_hp_gain":0,"max_hp_loss":0,"event_name":"Golden Idol","floor":3,"gold_loss":0,"cards_obtained":["Injury"]},{"damage_healed":16,"gold_gain":0,"player_choice":"Healed and dodged fight","damage_taken":0,"max_hp_gain":0,"max_hp_loss":0,"event_name":"Mushrooms","floor":12,"gold_loss":0,"cards_obtained":["Parasite"]},{"damage_healed":65,"gold_gain":0,"player_choice":"Upgrade","damage_taken":13,"max_hp_gain":0,"max_hp_loss":65,"event_name":"betterThird:BetterShining","floor":13,"gold_loss":0,"cards_upgraded":["Shade:Defend_Shade","Shade:AncientSpear"]}],"is_beta":false,"boss_relics":[],"items_purged_floors":[],"is_endless":false,"potions_floor_spawned":[1,6,10],"killed_by":"Slime Boss","ascension_level":0}}