{"host":"owox7x4ngjt9htcc","time":1607668428,"event":{"mods":["BaseMod","Colored Map","DeckTracker","Keyboard Shortcuts","Minty Spire (QoL Compilation)","SuperFastMode"],"gold_per_floor":[114,114,129,304,319,334,364,379,379,379,394,394,42,72,72,172,172,187,102,102,117,17,17,17],"floor_reached":23,"playtime":817,"items_purged":["Doubt","Strike_P"],"score":201,"play_id":"7375f360-c1d9-411b-97fd-36f957eab00d","local_time":"20201211153348","daily_mods":["Heirloom","Green Cards","DeadlyEvents"],"is_ascension_mode":false,"campfire_choices":[{"data":"Blade Dance","floor":10,"key":"SMITH"},{"data":"Vigilance","floor":12,"key":"SMITH"},{"floor":15,"key":"REST"}],"circlet_count":0,"master_deck":["Strike_P","Strike_P","Strike_P","Defend_P","Defend_P","Defend_P","Defend_P","Eruption","Vigilance+1","Blade Dance+1","EmptyFist","Adaptation","Sucker Punch","BowlingBash","Tantrum","Study+1","Blade Dance","Dodge and Roll","Wish","Dodge and Roll+1","RitualDagger","FlurryOfBlows"],"relics":["PureWater","Mango","Matryoshka","Bag of Marbles","Mummified Hand","Frozen Egg 2","Medical Kit","Orichalcum","Black Star","Singing Bowl"],"acts_visited":["Exordium","TheCity"],"potions_floor_usage":[],"damage_taken":[{"damage":0,"enemies":"2 Louse","floor":1,"turns":2},{"damage":4,"enemies":"Small Slimes","floor":3,"turns":3},{"damage":6,"enemies":"Jaw Worm","floor":5,"turns":3},{"damage":5,"enemies":"Looter","floor":6,"turns":3},{"damage":27,"enemies":"Lagavulin","floor":7,"turns":8},{"damage":0,"enemies":"3 Louse","floor":8,"turns":2},{"damage":1,"enemies":"Large Slime","floor":11,"turns":3},{"damage":5,"enemies":"3 Sentries","floor":14,"turns":4},{"damage":56,"enemies":"The Guardian","floor":16,"turns":11},{"damage":9,"enemies":"3 Byrds","floor":18,"turns":4},{"damage":17,"enemies":"Chosen","floor":21,"turns":9},{"damage":26,"enemies":"Book of Stabbing","floor":23,"turns":5}],"seed_played":"-551933171069321123","potions_obtained":[{"floor":6,"key":"Regen Potion"},{"floor":11,"key":"Fire Potion"},{"floor":14,"key":"Energy Potion"}],"is_trial":false,"path_per_floor":["M","?","M","?","M","M","E","M","T","R","M","R","$","E","R","B",null,"M","?","?","M","$","E"],"character_chosen":"WATCHER","items_purchased":["Study+1","Blade Dance","Medical Kit"],"campfire_rested":1,"item_purchase_floors":[13,13,13],"current_hp_per_floor":[86,83,79,79,73,68,41,41,41,41,40,40,40,35,60,4,86,77,77,71,54,54,28,28],"gold":17,"neow_bonus":"","is_daily":true,"chose_seed":false,"campfire_upgraded":2,"win_rate":0.0,"timestamp":1607668428,"path_taken":["M","?","M","?","M","M","E","M","T","R","M","R","$","E","R","BOSS","M","?","?","M","$","E"],"items_purchased_type":["Undefined","Card","Relic"],"build_version":"2020-11-30","purchased_purges":2,"victory":false,"max_hp_per_floor":[86,86,86,86,86,86,86,86,86,86,86,86,86,86,86,86,86,86,86,86,86,86,86,86],"card_choices":[{"not_picked":["Prostrate","SashWhip"],"picked":"Blade Dance","floor":1},{"not_picked":["Outmaneuver","Collect"],"picked":"EmptyFist","floor":3},{"not_picked":["ReachHeaven","Dash"],"picked":"Adaptation","floor":5},{"not_picked":["Protect","WreathOfFlame"],"picked":"Sucker Punch","floor":6},{"not_picked":["Crippling Poison","Adaptation"],"picked":"BowlingBash","floor":7},{"not_picked":["DeceiveReality","EmptyBody"],"picked":"Tantrum","floor":8},{"not_picked":["Concentrate","EmptyFist","ClearTheMind"],"picked":"SKIP","floor":11},{"not_picked":["Protect","Conclude"],"picked":"Dodge and Roll","floor":14},{"not_picked":["Tools of the Trade+1","Malaise"],"picked":"Wish","floor":16},{"not_picked":["Deadly Poison","SashWhip+1"],"picked":"Dodge and Roll+1","floor":18},{"not_picked":["Crescendo","SandsOfTime"],"picked":"FlurryOfBlows","floor":21}],"player_experience":834100,"relics_obtained":[{"floor":7,"key":"Bag of Marbles"},{"floor":9,"key":"Mummified Hand"},{"floor":9,"key":"Frozen Egg 2"},{"floor":14,"key":"Orichalcum"}],"event_choices":[{"damage_healed":0,"gold_gain":0,"player_choice":"Success","damage_taken":3,"relics_obtained":["Matryoshka"],"max_hp_gain":0,"max_hp_loss":0,"event_name":"Scrap Ooze","floor":2,"gold_loss":0},{"damage_healed":0,"gold_gain":175,"player_choice":"AGREE","damage_taken":0,"max_hp_gain":0,"max_hp_loss":0,"event_name":"Liars Game","floor":4,"gold_loss":0,"cards_obtained":["Doubt"]},{"damage_healed":0,"gold_gain":0,"player_choice":"Obtained Relic","damage_taken":0,"relics_obtained":["Singing Bowl"],"max_hp_gain":0,"max_hp_loss":0,"event_name":"Addict","floor":19,"gold_loss":85},{"damage_healed":0,"gold_gain":0,"player_choice":"Joined the Cult","damage_taken":6,"max_hp_gain":0,"max_hp_loss":0,"event_name":"Nest","floor":20,"gold_loss":0,"cards_obtained":["RitualDagger"]}],"is_beta":false,"boss_relics":[{"not_picked":["Empty Cage","Calling Bell"],"picked":"Black Star"}],"items_purged_floors":[13,22],"is_endless":false,"potions_floor_spawned":[6,11,14,16],"killed_by":"Book of Stabbing","ascension_level":0}}