{"host":"0ulgfg5uyx5zlmwg","time":1607688229,"event":{"mods":["Act Like it!","BaseMod","BetterRewards","Challenge The Spire","Custom Start","Grow up Mod","Marked Mod","Minty Spire (QoL Compilation)","RumiaBox-露米娅的神秘盒子","Spicy Shops","StSLib","TestMod","【功能Mod】混沌之环修复补丁","【遗物卡牌】REMEMod","篝火指南"],"gold_per_floor":[109,109,34,34,45,45,76,95,122,151,151,226,226,240,240,340,340,356,356,356,110,126,126,151,151,205,233,251,251,251,270,86,183,183,196,214,264,264,264,264,298,298,298,44,44,77,37,70,70,70,70,70,48,77,77],"floor_reached":56,"playtime":3156,"items_purged":["Strike_G","Strike_G","Strike_G"],"score":1636,"play_id":"19a77838-4964-4c35-8f1d-be68425a0645","local_time":"20201211200349","is_ascension_mode":true,"campfire_choices":[{"data":"Dagger Spray","floor":6.0,"key":"SMITH"},{"data":"Backstab","floor":11.0,"key":"SMITH"},{"data":"Dagger Spray","floor":15.0,"key":"SMITH"},{"floor":23.0,"key":"REST"},{"data":"Glass Knife","floor":29.0,"key":"SMITH"},{"floor":49.0,"key":"RECALL"},{"data":"Adrenaline","floor":52.0,"key":"SMITH"}],"circlet_count":0,"master_deck":["Strike_G","Defend_G","Defend_G","Defend_G","Defend_G","Defend_G","Survivor","Neutralize","Cloak And Dagger+1","A Thousand Cuts","Dagger Spray+1","Backflip","Quick Slash","Poisoned Stab","Backstab+1","Dagger Spray+1","Glass Knife+1","PiercingWail","Adrenaline+1","Deadly Poison","Caltrops+1","Prepared+1","Accuracy+1","Infinite Blades+1","Sadistic Nature","Phantasmal Killer+1","Bane","Noxious Fumes+1","Backstab+1","Deadly Poison","Bane","Deadly Poison+1","PiercingWail","Deflect+1"],"relics":["Ring of the Snake","testmod-TestBox","REME_ComplimentaryCards","testmod-ObsoleteBoomerang","AddBug","SecretRecord","SecretRecord","SecretRecord","SecretRecord","SecretRecord","SecretRecord","SecretRecord"],"acts_visited":["Exordium","TheCity","TheBeyond","TheEnding"],"potions_floor_usage":[],"damage_taken":[{"damage":0.0,"enemies":"2 Louse","floor":1.0,"turns":2.0},{"damage":0.0,"enemies":"Small Slimes","floor":5.0,"turns":2.0},{"damage":5.0,"enemies":"Lagavulin","floor":7.0,"turns":4.0},{"damage":0.0,"enemies":"Cultist","floor":8.0,"turns":2.0},{"damage":9.0,"enemies":"3 Sentries","floor":10.0,"turns":2.0},{"damage":0.0,"enemies":"Looter","floor":14.0,"turns":2.0},{"damage":0.0,"enemies":"Slime Boss","floor":16.0,"turns":3.0},{"damage":0.0,"enemies":"Chosen","floor":18.0,"turns":2.0},{"damage":0.0,"enemies":"Spheric Guardian","floor":22.0,"turns":1.0},{"damage":4.0,"enemies":"Gremlin Leader","floor":24.0,"turns":2.0},{"damage":37.0,"enemies":"REME_1_Revenger","floor":27.0,"turns":2.0},{"damage":0.0,"enemies":"Snecko","floor":28.0,"turns":2.0},{"damage":0.0,"enemies":"Cultist and Chosen","floor":31.0,"turns":1.0},{"damage":0.0,"enemies":"Collector","floor":33.0,"turns":2.0},{"damage":4.0,"enemies":"3 Darklings","floor":35.0,"turns":2.0},{"damage":0.0,"enemies":"3 Shapes","floor":36.0,"turns":1.0},{"damage":0.0,"enemies":"Mind Bloom Boss Battle","floor":37.0,"turns":2.0},{"damage":12.0,"enemies":"Nemesis","floor":41.0,"turns":3.0},{"damage":0.0,"enemies":"Reptomancer","floor":46.0,"turns":2.0},{"damage":0.0,"enemies":"Nemesis","floor":48.0,"turns":1.0},{"damage":0.0,"enemies":"Donu and Deca","floor":50.0,"turns":1.0},{"damage":0,"enemies":"Shield and Spear","floor":54,"turns":2},{"damage":102,"enemies":"The Heart","floor":55,"turns":4}],"seed_played":"6523668485656026213","potions_obtained":[{"floor":7.0,"key":"testmod-TestPotion"},{"floor":14.0,"key":"Ancient Potion"},{"floor":27.0,"key":"Energy Potion"},{"floor":33.0,"key":"SkillPotion"},{"floor":41.0,"key":"testmod-TestPotion"},{"floor":46.0,"key":"Strength Potion"}],"is_trial":false,"path_per_floor":["M","?","$","?","M","R","E","M","T","E","R","?","?","M","R","B",null,"M","?","?","$","M","R","E","?","T","E","M","R","$","M","R","B",null,"M","M","?","?","T","R","E","?","T","R","T","E","?","E","R","B",null,"R","$","E","B",null],"character_chosen":"THE_SILENT","items_purchased":["Adrenaline","Sadistic Nature","Deadly Poison","Bane","PiercingWail"],"campfire_rested":1,"item_purchase_floors":[21,32,44,44,53],"current_hp_per_floor":[90,100,110,120,130,140,145,155,165,166,176,175,185,195,205,215,234,244,254,205,215,225,299,305,315,325,298,308,318,328,338,348,358,409,415,425,435,445,455,465,463,473,483,493,503,513,523,533,543,553,579,589,599,609,527],"gold":77,"neow_bonus":"THREE_CARDS","is_daily":false,"chose_seed":false,"campfire_upgraded":5,"win_rate":0.0,"timestamp":1607688229,"path_taken":["M","?","$","?","?","R","E","M","T","E","R","?","?","M","R","BOSS","M","?","?","$","M","R","E","?","T","E","?","R","$","M","R","BOSS","M","M","?","?","?","R","E","?","T","R","?","E","?","E","R","BOSS","R","$","E","BOSS"],"items_purchased_type":["Card","Card","Card","Card","Card"],"build_version":"2020-11-30","purchased_purges":3,"victory":true,"max_hp_per_floor":[90,100,110,120,130,140,150,160,170,180,190,200,194,204,214,224,234,244,254,269,279,289,299,309,319,329,339,349,359,369,379,389,399,409,419,429,439,449,459,469,479,489,499,509,519,529,539,549,559,569,579,589,599,609,629],"card_choices":[{"not_picked":["Acrobatics","Dagger Throw"],"picked":"Cloak And Dagger","floor":0.0},{"not_picked":["Escape Plan","Dodge and Roll"],"picked":"Dagger Spray","floor":1.0},{"not_picked":["Skewer","Dagger Throw"],"picked":"Backflip","floor":5.0},{"not_picked":["Acrobatics","Sucker Punch"],"picked":"Quick Slash","floor":7.0},{"not_picked":["Outmaneuver","Masterful Stab"],"picked":"Poisoned Stab","floor":8.0},{"not_picked":["REME_ShadowStrike","Infinite Blades"],"picked":"Backstab","floor":10.0},{"not_picked":["Flying Knee","Masterful Stab"],"picked":"Dagger Spray","floor":14.0},{"not_picked":["Corpse Explosion","Burst"],"picked":"Glass Knife","floor":16.0},{"not_picked":["Sucker Punch","Quick Slash"],"picked":"PiercingWail","floor":18.0},{"not_picked":["Escape Plan","Bane"],"picked":"Deadly Poison","floor":22.0},{"not_picked":["Poisoned Stab","Tactician"],"picked":"Caltrops+1","floor":24.0},{"not_picked":["Flying Knee","Night Terror"],"picked":"Prepared+1","floor":27.0},{"not_picked":["Endless Agony+1","Deflect"],"picked":"Accuracy+1","floor":28.0},{"not_picked":["Deflect","Skewer+1"],"picked":"Infinite Blades+1","floor":31.0},{"not_picked":["Glass Knife","REME_ShadowForm"],"picked":"Phantasmal Killer","floor":33.0},{"not_picked":["Acrobatics","Escape Plan"],"picked":"Bane","floor":35.0},{"not_picked":["Slice+1","Acrobatics"],"picked":"Noxious Fumes+1","floor":36.0},{"not_picked":["Poisoned Stab","Endless Agony"],"picked":"Backstab+1","floor":37.0},{"not_picked":["All Out Attack","Terror","Acrobatics"],"picked":"SKIP","floor":41.0},{"not_picked":["Backstab","Endless Agony+1"],"picked":"Deadly Poison+1","floor":46.0},{"not_picked":["Dodge and Roll+1","Endless Agony+1","Phantasmal Killer"],"picked":"SKIP","floor":48.0},{"not_picked":["Acrobatics+1","Prepared+1"],"picked":"Deflect+1","floor":54}],"player_experience":442219,"relics_obtained":[{"floor":1.0,"key":"AddBug"},{"floor":7.0,"key":"Vajra"},{"floor":10.0,"key":"Blood Vial"},{"floor":14.0,"key":"SecretRecord"},{"floor":22.0,"key":"SecretRecord"},{"floor":24.0,"key":"Dream Catcher"},{"floor":26.0,"key":"Regal Pillow"},{"floor":27.0,"key":"SecretRecord"},{"floor":27.0,"key":"MagicDraw1"},{"floor":28.0,"key":"SecretRecord"},{"floor":37.0,"key":"WingedGreaves"},{"floor":39.0,"key":"Lantern"},{"floor":41.0,"key":"SSSystem"},{"floor":43.0,"key":"Mercury Hourglass"},{"floor":45.0,"key":"MawBank"},{"floor":46.0,"key":"SecretRecord"},{"floor":46.0,"key":"Juzu Bracelet"},{"floor":48.0,"key":"SecretRecord"},{"floor":48.0,"key":"MagicDraw2"},{"floor":54,"key":"GodSword7"}],"event_choices":[{"damage_healed":0.0,"max_hp_gain":0.0,"max_hp_loss":0.0,"gold_gain":0.0,"event_name":"Living Wall","player_choice":"Grow","floor":2.0,"gold_loss":0.0,"damage_taken":0.0,"cards_upgraded":["Cloak And Dagger"]},{"damage_healed":0.0,"max_hp_gain":0.0,"max_hp_loss":0.0,"gold_gain":0.0,"event_name":"NoteForYourself","player_choice":"Ignored","floor":4.0,"gold_loss":0.0,"damage_taken":0.0},{"damage_healed":0.0,"max_hp_gain":0.0,"max_hp_loss":0.0,"gold_gain":75.0,"event_name":"World of Goop","player_choice":"Gather Gold","floor":12.0,"gold_loss":0.0,"damage_taken":11.0},{"damage_healed":0.0,"max_hp_gain":0.0,"max_hp_loss":16.0,"gold_gain":0.0,"event_name":"Golden Idol","player_choice":"Lose Max HP","floor":13.0,"gold_loss":0.0,"damage_taken":0.0,"relics_obtained":["Golden Idol"]},{"damage_healed":0.0,"max_hp_gain":0.0,"max_hp_loss":0.0,"gold_gain":0.0,"event_name":"The Mausoleum","player_choice":"Ignored","floor":19.0,"gold_loss":0.0,"damage_taken":0.0},{"damage_healed":0.0,"max_hp_gain":5.0,"max_hp_loss":0.0,"gold_gain":0.0,"event_name":"Forgotten Altar","player_choice":"Shed Blood","floor":20.0,"gold_loss":0.0,"damage_taken":64.0},{"damage_healed":0.0,"max_hp_gain":0.0,"max_hp_loss":0.0,"gold_gain":0.0,"event_name":"MindBloom","player_choice":"Fight","floor":37.0,"gold_loss":0.0,"damage_taken":0.0},{"damage_healed":0.0,"max_hp_gain":0.0,"max_hp_loss":0.0,"gold_gain":0.0,"event_name":"Tomb of Lord Red Mask","player_choice":"Ignored","floor":38.0,"gold_loss":0.0,"damage_taken":0.0},{"cards_removed":["Strike_G"],"damage_healed":0.0,"max_hp_gain":0.0,"max_hp_loss":0.0,"gold_gain":0.0,"event_name":"Falling","player_choice":"Removed Attack","floor":42.0,"gold_loss":0.0,"damage_taken":0.0},{"damage_healed":0.0,"max_hp_gain":0.0,"max_hp_loss":0.0,"gold_gain":0.0,"event_name":"Designer","player_choice":"Upgrade","floor":47.0,"gold_loss":40.0,"damage_taken":0.0,"cards_upgraded":["Phantasmal Killer"]}],"is_beta":false,"boss_relics":[{"not_picked":["Pandora\u0027s Box","testmod-PortableAltar"],"picked":"Black Star"},{"not_picked":["REME_DuelDisc","Sozu"],"picked":"Cursed Key"}],"items_purged_floors":[3,21,44],"is_endless":false,"potions_floor_spawned":[7,14,27,28,33,41,46],"ascension_level":1}}