{"host":"wc8dlsuapnihxz7u","time":1607662264,"event":{"mods":["2.2 Compatiblity","AchievementEnabler","AlwaysNeverKeys","Aspiration","BaseMod","Better Altar","Energized Spire","GifTheSpireLib","Hubris","Minty Spire (QoL Compilation)","Permanent Neow","StSLib","SuperFastMode"],"gold_per_floor":[115,115,115,115,89,89,122,142,142,142,164,164,180,180,180,277,277,292,292,310,138,138,170,170,14,14,46,95,95,120,220,220,220,220],"floor_reached":33,"playtime":1072,"items_purged":[],"score":275,"play_id":"c02dbafc-e814-4c46-8840-c808e90e0ed9","local_time":"20201210235104","is_ascension_mode":false,"campfire_choices":[{"data":"Trip","floor":6,"key":"SMITH"},{"floor":15,"key":"REST"},{"floor":29,"key":"REST"},{"data":"Envenom","floor":32,"key":"SMITH"}],"circlet_count":0,"master_deck":["Strike_G+1","Strike_G+1","Strike_G+1","Strike_G+1","Strike_G+1","Defend_G+1","Defend_G+1","Defend_G+1","Defend_G+1","Defend_G+1","Survivor","Neutralize+1","Trip+1","Poisoned Stab+1","Regret","Poisoned Stab+1","Bouncing Flask","Deadly Poison","Dagger Spray","Backflip","Envenom+1","Expertise","Dagger Spray+1","Quick Slash+1"],"relics":["Ring of the Snake","hubris:Icosahedron","Bronze Scales","aspiration:ArtOfWarUpgrade","InkBottle","Odd Mushroom","Tiny Chest","energizedSpire:MagnifyingGlass","Anchor","Letter Opener","Pen Nib","Regal Pillow","Nunchaku","Whetstone","Ancient Tea Set"],"acts_visited":["Exordium","TheCity"],"potions_floor_usage":[23],"damage_taken":[{"damage":0,"enemies":"Small Slimes","floor":1,"turns":3},{"damage":14,"enemies":"Lagavulin","floor":7,"turns":5},{"damage":3,"enemies":"2 Louse","floor":8,"turns":2},{"damage":24,"enemies":"The Mushroom Lair","floor":11,"turns":3},{"damage":3,"enemies":"Jaw Worm","floor":13,"turns":2},{"damage":20,"enemies":"The Guardian","floor":16,"turns":8},{"damage":14,"enemies":"2 Thieves","floor":18,"turns":4},{"damage":1,"enemies":"3 Byrds","floor":20,"turns":4},{"damage":32,"enemies":"Slavers","floor":23,"turns":5},{"damage":8,"enemies":"Gremlin Leader","floor":27,"turns":5},{"damage":71,"enemies":"Automaton","floor":33,"turns":8}],"seed_played":"-883018465939702335","potions_obtained":[{"floor":8,"key":"SteroidPotion"},{"floor":16,"key":"EssenceOfSteel"},{"floor":23,"key":"CultistPotion"}],"is_trial":false,"path_per_floor":["M","?","?","?","$","R","E","M","T","R","?","?","M","?","R","B",null,"M","?","M","$","?","E","R","$","T","E","T","R","T","?","R","B"],"character_chosen":"THE_SILENT","items_purchased":["Poisoned Stab","Anchor","Dagger Spray","Pen Nib"],"campfire_rested":2,"item_purchase_floors":[5,21,21,25],"current_hp_per_floor":[70,70,70,70,70,70,56,53,53,53,29,29,26,19,40,20,70,56,56,55,55,70,38,38,38,38,30,30,66,66,66,66,0,0],"gold":220,"neow_bonus":"RANDOM_COLORLESS","is_daily":false,"chose_seed":false,"campfire_upgraded":2,"win_rate":0.0,"timestamp":1607662264,"path_taken":["M","?","?","?","?","R","E","?","T","R","?","?","?","?","R","BOSS","M","?","M","$","?","E","R","$","T","E","?","R","?","?","R","BOSS"],"items_purchased_type":["Card","Relic","Card","Relic"],"build_version":"2020-11-30","purchased_purges":0,"victory":false,"max_hp_per_floor":[70,70,70,70,70,70,70,70,70,70,70,70,70,70,70,70,70,70,70,70,70,70,70,70,70,70,70,70,70,70,70,70,70,70],"card_choices":[{"not_picked":["Purity","hubris:Ssssneak"],"picked":"Trip","floor":0},{"not_picked":["Dash","Dodge and Roll"],"picked":"Poisoned Stab","floor":1},{"not_picked":["Sucker Punch","Poisoned Stab"],"picked":"Bouncing Flask","floor":7},{"not_picked":["Dagger Throw","hubris:Sniper"],"picked":"Deadly Poison","floor":8},{"not_picked":["Deadly Poison","Backflip"],"picked":"Dagger Spray","floor":11},{"not_picked":["Deflect","All Out Attack"],"picked":"Backflip","floor":13},{"not_picked":["Corpse Explosion","Venomology"],"picked":"Envenom","floor":16},{"not_picked":["PiercingWail","Outmaneuver"],"picked":"Expertise","floor":18},{"not_picked":["Finisher","Skewer+1","Poisoned Stab"],"picked":"SKIP","floor":20},{"not_picked":["hubris:SlightOfHand","Prepared","Flying Knee"],"picked":"SKIP","floor":23},{"not_picked":["Riddle With Holes","Deadly Poison"],"picked":"Quick Slash+1","floor":27}],"player_experience":92245,"relics_obtained":[{"floor":7,"key":"Art of War"},{"floor":9,"key":"InkBottle"},{"floor":11,"key":"Odd Mushroom"},{"floor":23,"key":"Letter Opener"},{"floor":26,"key":"Regal Pillow"},{"floor":27,"key":"Nunchaku"},{"floor":28,"key":"Whetstone"},{"floor":30,"key":"Ancient Tea Set"}],"event_choices":[{"damage_healed":0,"gold_gain":0,"player_choice":"Box","damage_taken":0,"relics_obtained":["Bronze Scales"],"max_hp_gain":0,"max_hp_loss":0,"event_name":"Big Fish","floor":4,"gold_loss":0,"cards_obtained":["Regret"]},{"damage_healed":0,"gold_gain":0,"player_choice":"Fought Mushrooms","damage_taken":0,"max_hp_gain":0,"max_hp_loss":0,"event_name":"Mushrooms","floor":11,"gold_loss":0},{"damage_healed":0,"gold_gain":0,"player_choice":"Upgraded","damage_taken":0,"max_hp_gain":0,"max_hp_loss":0,"event_name":"Upgrade Shrine","floor":12,"gold_loss":0,"cards_upgraded":["Poisoned Stab"]},{"damage_healed":0,"gold_gain":0,"player_choice":"Success","damage_taken":7,"relics_obtained":["Tiny Chest"],"max_hp_gain":0,"max_hp_loss":0,"event_name":"Scrap Ooze","floor":14,"gold_loss":0},{"damage_healed":0,"gold_gain":0,"player_choice":"Simplicity","damage_taken":0,"max_hp_gain":0,"max_hp_loss":0,"event_name":"Back to Basics","floor":19,"gold_loss":0,"cards_upgraded":["Strike_G","Strike_G","Strike_G","Strike_G","Strike_G","Defend_G","Defend_G","Defend_G","Defend_G","Defend_G"]},{"damage_healed":23,"gold_gain":0,"player_choice":"Heal","damage_taken":0,"max_hp_gain":0,"max_hp_loss":0,"event_name":"The Library","floor":22,"gold_loss":0},{"damage_healed":0,"gold_gain":100,"player_choice":"Pray","damage_taken":0,"max_hp_gain":0,"max_hp_loss":0,"event_name":"Golden Shrine","floor":31,"gold_loss":0}],"is_beta":false,"boss_relics":[{"not_picked":["aspiration:SecretTechniqueScroll","hubris:HollowSoul"],"picked":"energizedSpire:MagnifyingGlass"}],"items_purged_floors":[],"is_endless":false,"potions_floor_spawned":[8,16,23],"killed_by":"Automaton","ascension_level":0}}