{"host":"Polo","time":1607656125,"event":{"gold_per_floor":[116,116,116,128,139,139,150,150,177,2,12,12,12,44,44,141,141,153,153,153,167,186,186,186,206,232,52,71,71,22,37,37,37,37],"floor_reached":33,"playtime":35323,"items_purged":[],"score":247,"play_id":"6e3063dc-132b-498b-a4e4-91fa585f3c97","local_time":"20201211130845","is_ascension_mode":false,"campfire_choices":[{"data":"HollowMod:WraithStrike","floor":6,"key":"SMITH"},{"data":"HollowMod:DescendingDark","floor":8,"key":"SMITH"},{"floor":13,"key":"REST"},{"floor":15,"key":"REST"},{"floor":23,"key":"REST"},{"floor":29,"key":"REST"},{"floor":32,"key":"REST"}],"neow_cost":"PERCENT_DAMAGE","seed_source_timestamp":637393059409700,"circlet_count":0,"master_deck":["HollowMod:NailStrikeStart","HollowMod:NailStrikeStart","HollowMod:NailStrikeStart","HollowMod:NailStrikeStart","HollowMod:QuickDashStart","HollowMod:QuickDashStart","HollowMod:QuickDashStart","HollowMod:QuickDashStart","HollowMod:FocusHealStart","HollowMod:PogoStrike","HollowMod:WraithStrike+1","HollowMod:SiblingsShadow","HollowMod:QuirrelsAssistance","HollowMod:HeavyBlow","HollowMod:DescendingDark+1","HollowMod:Weaversong+1","HollowMod:SharpenedNail","HollowMod:SoulStrike","HollowMod:DescendingDark","HollowMod:HornetsHelp","HollowMod:VoidDash","HollowMod:AbyssShriek+1","HollowMod:DashSlash","HollowMod:CloakDash","HollowMod:SlysStrikes","HollowMod:DoubleDash","HollowMod:GoodIntentions","HollowMod:CloakDash+1"],"relics":["HollowMod:VesselMask","HushsDoor","KeepersGift","GuppysPaw","Replay:Baseball","Chameleon Ring","beaked:SacredDeck","aspiration:RitualStick","hubris:TenFootPole"],"potions_floor_usage":[25],"damage_taken":[{"damage":4,"enemies":"Small Slimes","floor":1,"turns":5},{"damage":7,"enemies":"Cultist","floor":4,"turns":3},{"damage":0,"enemies":"2 Louse","floor":5,"turns":4},{"damage":8,"enemies":"Looter","floor":7,"turns":4},{"damage":9,"enemies":"Red Slaver","floor":11,"turns":3},{"damage":43,"enemies":"Lagavulin","floor":14,"turns":6},{"damage":35,"enemies":"HollowMod:FalseKnight","floor":16,"turns":8},{"damage":1,"enemies":"conspire:FuzzyDice","floor":18,"turns":5},{"damage":15,"enemies":"2 Thieves","floor":21,"turns":4},{"damage":20,"enemies":"Centurion and Healer","floor":22,"turns":6},{"damage":38,"enemies":"Snecko","floor":25,"turns":6},{"damage":19,"enemies":"conspire:HollyBat","floor":28,"turns":8},{"damage":18,"enemies":"Snake Plant","floor":31,"turns":5},{"damage":53,"enemies":"HollowMod:NKGrimm","floor":33,"turns":7}],"seed_played":"-5934852397409633629","potions_obtained":[{"floor":1,"key":"Explosive Potion"},{"floor":7,"key":"sneckomod:MuddlingPotion"},{"floor":16,"key":"SpeedPotion"}],"is_trial":false,"path_per_floor":["M","?","?","M","M","R","M","R","T","$","M","?","R","E","R_BF","B",null,"M","?","?","M","M","R","?","M","T","$","M","R","$","M","R","B"],"character_chosen":"THE_BUGKNIGHT","items_purchased":["HollowMod:Weaversong+1","HollowMod:SharpenedNail","HollowMod:CloakDash","HollowMod:SlysStrikes","HollowMod:GoodIntentions"],"campfire_rested":5,"item_purchase_floors":[10,10,27,27,30],"current_hp_per_floor":[74,74,74,67,67,67,59,59,59,59,50,38,64,21,47,12,89,88,88,70,55,35,61,61,23,23,23,4,30,30,18,44,0,0],"gold":37,"neow_bonus":"TWENTY_PERCENT_HP_BONUS","is_prod":false,"is_daily":false,"chose_seed":false,"campfire_upgraded":2,"win_rate":0.0,"timestamp":1607656125,"path_taken":["M","?","?","?","M","R","M","R","T","$","M","?","R","E","R_BF","BOSS","M","?","?","M","M","R","?","M","T","$","M","R","?","M","R","BOSS"],"build_version":"2020-11-17","purchased_purges":0,"victory":false,"max_hp_per_floor":[89,89,89,89,89,89,89,89,89,89,89,89,89,89,89,89,89,89,89,89,89,89,89,89,89,89,89,89,89,89,89,89,89,89],"card_choices":[{"not_picked":["HollowMod:ShadowDash","HollowMod:SiblingsSouls"],"picked":"HollowMod:WraithStrike","floor":1},{"not_picked":["HollowMod:InfectionAssault","Bomb"],"picked":"HollowMod:QuirrelsAssistance","floor":4},{"not_picked":["HollowMod:CloakDash","Bomb"],"picked":"HollowMod:HeavyBlow","floor":5},{"not_picked":["HollowMod:SharpenedNail","HollowMod:NewJinnsSoul"],"picked":"HollowMod:DescendingDark","floor":7},{"not_picked":["HollowMod:Hiveblood","HollowMod:InfectedCysts"],"picked":"HollowMod:SoulStrike","floor":11},{"not_picked":["HollowMod:AwokenDreamNail","HollowMod:SoulSplash"],"picked":"HollowMod:DescendingDark","floor":14},{"not_picked":["HollowMod:ElderbugsWisdom","HollowMod:AwokenDreamNail"],"picked":"HollowMod:HornetsHelp","floor":16},{"not_picked":["HollowMod:DesolateDive","HollowMod:Grubsong","HollowMod:NewJinnsSoul"],"picked":"SKIP","floor":18},{"not_picked":["HollowMod:NewLittleFool","HollowMod:CornifersMapStart+1","HollowMod:HeavyBlow"],"picked":"SKIP","floor":21},{"not_picked":["HollowMod:LifebloodCocoon","HollowMod:WraithStrike"],"picked":"HollowMod:AbyssShriek+1","floor":22},{"not_picked":["HollowMod:MothsMistake","HollowMod:LifebloodCocoon+1"],"picked":"HollowMod:DashSlash","floor":25},{"not_picked":["HollowMod:CornifersMapStart","HollowMod:AbyssShriek+1"],"picked":"HollowMod:DoubleDash","floor":28},{"not_picked":["HollowMod:DescendingDark","HollowMod:CycloneSlash"],"picked":"HollowMod:CloakDash+1","floor":31}],"player_experience":6990,"relics_obtained":[{"floor":9,"key":"GuppysPaw"},{"floor":14,"key":"Chameleon Ring"},{"floor":26,"key":"hubris:TenFootPole"}],"event_choices":[{"cards_removed":["HollowMod:WraithStrike"],"damage_healed":0,"gold_gain":0,"player_choice":"Give","damage_taken":0,"max_hp_gain":0,"max_hp_loss":0,"event_name":"betterNote:BetterNote","floor":2,"gold_loss":0,"cards_obtained":["None"]},{"damage_healed":0,"gold_gain":0,"player_choice":"Relic ","damage_taken":12,"max_hp_gain":0,"max_hp_loss":0,"event_name":"betterThird:BetterScrap","floor":12,"gold_loss":0,"cards_obtained":["Establishment"]}],"is_beta":true,"boss_relics":[{"not_picked":["hubris:VirtuousBlindfold","jedi:paperlyon"],"picked":"beaked:SacredDeck"},{"not_picked":[]}],"items_purged_floors":[],"is_endless":false,"potions_floor_spawned":[1,7,16,18,21,28],"killed_by":"HollowMod:NKGrimm","ascension_level":0}}