{"host":"65bhxfoqsqjg61le","time":1607701892,"event":{"mods":["2.2 Compatiblity","AchievementEnabler","BaseMod","Better Third Choice","Colored Powertips","Conspire","DeckTracker","Downfall","Energized Spire","GifTheSpireLib","Googly Eyes","Hubris","Infinite Spire","Minty Spire (QoL Compilation)","Quick Restart","RRrroohrrRGHHhhh!!","Random Character Button","Rare Cards Sparkle","Replay The Spire","Shade Mod","StSLib","Stuff the Spire","The IronCluck","Wandering Minibosses","egg","everything is the same but u backflip on backflip","slay the spire mod where everything is the same but ironclad has a cowboy hat","thorton"],"gold_per_floor":[114,114,0,0,18,18,18,50,50,50,50,78,78,78,78,174,174,157,157,25,25,35,35,68,68,68,84,84,84,32,46,46,147,147,161,103,119,119,133,253,253,253,253,357,370,380,380,380,380],"floor_reached":48,"playtime":2693,"items_purged":[],"score":616,"play_id":"e7e03c52-9ad9-4875-9abb-4b6367f7649b","local_time":"20201211105131","is_ascension_mode":true,"campfire_choices":[{"data":"Enlightenment","floor":6.0,"key":"SMITH"},{"data":"Dagger Spray","floor":10.0,"key":"SMITH"},{"data":"Defend_G","floor":13.0,"key":"SMITH"},{"data":"Neutralize","floor":15.0,"key":"SMITH"},{"data":"rorgmod:Slice","floor":23,"key":"SMITH"},{"floor":25,"key":"REST"},{"floor":29,"key":"REST"},{"floor":32,"key":"REST"},{"floor":42,"key":"REST"},{"floor":47,"key":"REST"}],"circlet_count":0,"master_deck":["Strike_G+1","Strike_G","Strike_G","Strike_G","Strike_G","Defend_G+1","Defend_G+1","Defend_G","Defend_G","Defend_G","Survivor","Neutralize+1","Enlightenment+1","Flying Knee","Dagger Spray+1","ReplayTheSpireMod:Scrap Shanks","rorgmod:Slice+1","Quick Slash+1","Noxious Fumes","Poisoned Stab","Envenom","Guardian:WeakpointTargeting","Backstab","Pot Of Greed","Pot Of Greed","Pot Of Greed","Guardian:SpikerProtocol"],"relics":["Guardian:ModeShifter","NeowsBlessing","infinitespire:Cubic Diamond","Art of War","hubris:64BitClover","Simple Rune","hubris:Backtick","infinitespire:Golems Mask","hubris:DisguiseKit","InkBottle","Replay:Blank Codex","Ring of Chaos","Replay:Accelerometer","Garlic","conspire:SpecialSausage","StuffTheSpire:TintedRock","Bag of Marbles","StuffTheSpire:EmeraldSignet","Grinning Jar"],"acts_visited":["Exordium","TheCity","TheBeyond"],"potions_floor_usage":[27,27,33,40,46],"damage_taken":[{"damage":0.0,"enemies":"2 Louse","floor":1.0,"turns":1.0},{"damage":0.0,"enemies":"Jaw Worm","floor":5.0,"turns":1.0},{"damage":0.0,"enemies":"Gremlin Nob","floor":8.0,"turns":1.0},{"damage":9.0,"enemies":"3 Sentries","floor":12.0,"turns":5.0},{"damage":31.0,"enemies":"Fading Forest","floor":16.0,"turns":11.0},{"damage":17,"enemies":"2 Thieves","floor":18,"turns":5},{"damage":12,"enemies":"Chosen","floor":22,"turns":5},{"damage":39,"enemies":"conspire:SneckoGhost","floor":24,"turns":10},{"damage":26,"enemies":"Centurion and Healer","floor":27,"turns":6},{"damage":23,"enemies":"conspire:HollyBat","floor":31,"turns":7},{"damage":35,"enemies":"conspire:MysteriousRune","floor":33,"turns":9},{"damage":19,"enemies":"3 Shapes","floor":35,"turns":5},{"damage":18,"enemies":"Orb Walker","floor":37,"turns":4},{"damage":41,"enemies":"Jaw Worm Horde","floor":39,"turns":5},{"damage":32,"enemies":"Nightmare","floor":40,"turns":10},{"damage":19,"enemies":"Nemesis","floor":44,"turns":6},{"damage":10,"enemies":"4 Shapes","floor":45,"turns":6},{"damage":0,"enemies":"Spire Growth","floor":46,"turns":2},{"damage":29,"enemies":"Writhing Mass","floor":48,"turns":5}],"seed_played":"695102402413771031","potions_obtained":[{"floor":1.0,"key":"PowerPotion"},{"floor":5.0,"key":"DistilledChaos"},{"floor":12.0,"key":"Swift Potion"},{"floor":16.0,"key":"Weak Potion"},{"floor":18,"key":"AttackPotion"},{"floor":31,"key":"SteroidPotion"},{"floor":33,"key":"Dexterity Potion"},{"floor":45,"key":"Dexterity Potion"},{"floor":46,"key":"ColorlessPotion"}],"is_trial":false,"path_per_floor":["M","?","?","?","M","R","?","E","T","R","$","E","R","$","R","B",null,"M","?","$","?","M","R","E","R","T","M","?","R","$","M","R","B",null,"M","?","M","AVR","M","NM","?","R","T","E","M","M","R","M"],"character_chosen":"THE_SILENT","items_purchased":["FairyPotion","ReplayTheSpireMod:Scrap Shanks","Poisoned Stab"],"campfire_rested":5,"item_purchase_floors":[20,20,30],"current_hp_per_floor":[70,70,76,76,76,76,76,76,76,76,76,67,67,67,67,58,76,59,59,59,86,74,74,35,60,60,34,18,43,43,20,45,10,86,67,67,49,49,8,5,5,30,30,11,1,1,26,0,0],"gold":380,"neow_bonus":"THREE_ENEMY_KILL","is_daily":false,"chose_seed":false,"campfire_upgraded":5,"win_rate":0.0,"timestamp":1607701891,"path_taken":["M","?","?","?","M","R","?","E","T","R","$","E","R","$","R","BOSS","M","?","$","?","M","R","E","R","T","?","?","R","$","M","R","BOSS","M","?","M","AVR","?","NM","?","R","T","E","M","M","R","M"],"items_purchased_type":["Potion","Card","Card"],"build_version":"2020-11-30","purchased_purges":0,"victory":false,"max_hp_per_floor":[70,70,76,76,76,76,76,76,76,76,76,76,76,76,76,76,76,76,76,76,86,86,86,86,86,86,86,86,86,86,86,86,86,86,86,86,86,86,86,86,86,86,86,86,86,86,86,86,86],"card_choices":[{"not_picked":["Bane","PiercingWail","StuffTheSpire:Incantation"],"picked":"SKIP","floor":1.0},{"not_picked":["Bane","Acrobatics"],"picked":"Flying Knee","floor":5.0},{"not_picked":["Concentrate","PiercingWail"],"picked":"Dagger Spray","floor":8.0},{"not_picked":["Bane","rorgmod:Tendon Slice","StuffTheSpire:Injection"],"picked":"SKIP","floor":12.0},{"not_picked":["Malaise","Poison Darts"],"picked":"rorgmod:Wraith Form","floor":16.0},{"not_picked":["StuffTheSpire:Shiver","Expertise","Dodge and Roll"],"picked":"SKIP","floor":18},{"not_picked":["hubris:SlightOfHand","Setup"],"picked":"rorgmod:Slice","floor":22},{"not_picked":["rorgmod:Tendon Slice","StuffTheSpire:Injection+1"],"picked":"Quick Slash+1","floor":24},{"not_picked":["hubris:SlightOfHand","StuffTheSpire:DoubleShiv+1","Guardian:ChargeCore"],"picked":"Noxious Fumes","floor":27},{"not_picked":["rorgmod:Slice","ReplayTheSpireMod:Scrap Shanks","Guardian:Recover"],"picked":"Envenom","floor":31},{"not_picked":["Grand Finale","Malaise","Poison Darts"],"picked":"Guardian:WeakpointTargeting","floor":33},{"not_picked":["ReplayTheSpireMod:Tripwire","Hidden Blade","conspire:PoisonWeapons+1","Guardian:ChargeCore"],"picked":"SKIP","floor":35},{"not_picked":["Dagger Throw","hubris:SlightOfHand+1","Hidden Blade","Guardian:Incinerate"],"picked":"SKIP","floor":37},{"not_picked":["Calculated Gamble","conspire:DoublingDagger+1","Guardian:DonusPower"],"picked":"Backstab","floor":39},{"not_picked":["StuffTheSpire:Repulse","rorgmod:Tendon Slice+1","hubris:TrickCloak+1","Guardian:BronzeOrb"],"picked":"SKIP","floor":40},{"not_picked":["PiercingWail+1","StuffTheSpire:Python+1","Acrobatics"],"picked":"Guardian:SpikerProtocol","floor":44},{"not_picked":["conspire:PoisonWeapons+1","Hidden Blade+1","Bane+1","Guardian:Recover"],"picked":"SKIP","floor":45},{"not_picked":["Replay:Bag of Tricks","hubris:Counter","Quick Slash","Guardian:Reroute"],"picked":"SKIP","floor":46}],"player_experience":997798,"relics_obtained":[{"floor":7.0,"key":"Art of War"},{"floor":8.0,"key":"hubris:64BitClover"},{"floor":12.0,"key":"Simple Rune"},{"floor":24,"key":"hubris:DisguiseKit"},{"floor":26,"key":"InkBottle"},{"floor":28,"key":"Replay:Blank Codex"},{"floor":35,"key":"Replay:Accelerometer"},{"floor":40,"key":"Bag of Marbles"},{"floor":43,"key":"StuffTheSpire:EmeraldSignet"},{"floor":44,"key":"Grinning Jar"}],"event_choices":[{"damage_healed":0.0,"max_hp_gain":0.0,"max_hp_loss":0.0,"gold_gain":0.0,"event_name":"betterThird:BetterSerpent","player_choice":"RENOUNCE","floor":3.0,"gold_loss":114.0,"damage_taken":114.0,"cards_obtained":["Enlightenment"]},{"damage_healed":0.0,"max_hp_gain":0.0,"max_hp_loss":0.0,"gold_gain":0.0,"event_name":"conspire:LoneGhost","player_choice":"Disagree","floor":4.0,"gold_loss":0.0,"damage_taken":0.0},{"cards_removed":["rorgmod:Wraith Form"],"damage_healed":17,"gold_gain":0,"player_choice":"Offered Rare","damage_taken":0,"max_hp_gain":10,"max_hp_loss":0,"event_name":"Bonfire Elementals","floor":21,"gold_loss":0},{"damage_healed":0,"gold_gain":0,"player_choice":"Obtained Book","damage_taken":16,"max_hp_gain":0,"max_hp_loss":0,"event_name":"Cursed Tome","floor":28,"gold_loss":0},{"damage_healed":0,"gold_gain":0,"player_choice":"Paid Gold","damage_taken":0,"relics_obtained":["Garlic"],"max_hp_gain":0,"max_hp_loss":0,"event_name":"WeMeetAgain","floor":36,"gold_loss":58}],"is_beta":false,"boss_relics":[{"not_picked":["ReplayTheSpireMod:SealedPack","Black Star"],"picked":"hubris:Backtick"},{"not_picked":["energizedSpire:DeadBattery","Kintsugi"],"picked":"Ring of Chaos"}],"items_purged_floors":[],"is_endless":true,"potions_floor_spawned":[1,5,12,16,18,31,33,45,46],"killed_by":"Writhing Mass","ascension_level":2}}