{"host":"sum4dy402bbv9y4o","time":1607728342,"event":{"mods":["Aspiration","BaseMod","Conspire","Highlight Path","Minty Spire (QoL Compilation)","StSLib"],"gold_per_floor":[109,125,125,15,31,66,66,66,66,96,115,126,2,12,12,12,12],"floor_reached":16,"playtime":512,"items_purged":["Strike_G"],"score":249,"play_id":"3d0ff6cc-cab4-47c9-a808-32d40da26dfe","local_time":"20201212021222","is_ascension_mode":true,"campfire_choices":[{"floor":7,"key":"REST"},{"floor":15,"key":"REST"}],"circlet_count":0,"master_deck":["AscendersBane","Strike_G","Strike_G","Strike_G","Defend_G","Defend_G","Defend_G","Defend_G","Defend_G","Survivor","Neutralize","Dagger Throw","Sucker Punch","Flying Knee","Poisoned Stab","Poisoned Stab","Poisoned Stab","Poisoned Stab","PiercingWail","Bane","Dodge and Roll","Footwork"],"relics":["Ring of the Snake","aspiration:Nostalgia","Burning Blood","Tiny Chest","Toy Ornithopter","Smiling Mask"],"acts_visited":["Exordium"],"potions_floor_usage":[12,16],"damage_taken":[{"damage":3,"enemies":"Cultist","floor":1,"turns":5},{"damage":0,"enemies":"Small Slimes","floor":2,"turns":4},{"damage":9,"enemies":"Jaw Worm","floor":5,"turns":2},{"damage":42,"enemies":"Gremlin Nob","floor":6,"turns":5},{"damage":22,"enemies":"Lagavulin","floor":10,"turns":5},{"damage":16,"enemies":"2 Fungi Beasts","floor":11,"turns":3},{"damage":3,"enemies":"Lots of Slimes","floor":12,"turns":4},{"damage":13,"enemies":"Blue Slaver","floor":14,"turns":3},{"damage":40,"enemies":"Hexaghost","floor":16,"turns":9}],"seed_played":"-4976978999860976236","potions_obtained":[{"floor":6,"key":"GamblersBrew"},{"floor":10,"key":"GhostInAJar"},{"floor":14,"key":"SmokeBomb"}],"is_trial":false,"path_per_floor":["M","M","?","$","M","E","R","?","T","E","M","M","$","M","R","B"],"character_chosen":"THE_SILENT","items_purchased":["Flying Knee","Poisoned Stab","Bane","Dodge and Roll"],"campfire_rested":2,"item_purchase_floors":[4,4,13,13],"current_hp_per_floor":[62,66,59,59,56,20,39,39,39,23,13,21,21,14,33,0,0],"gold":12,"neow_bonus":"NOSTALGIA","is_daily":false,"chose_seed":false,"campfire_upgraded":0,"win_rate":0.0,"timestamp":1607728342,"path_taken":["M","M","?","$","M","E","R","?","T","E","M","M","?","M","R","BOSS"],"items_purchased_type":["Card","Card","Card","Card"],"build_version":"2020-11-30","purchased_purges":1,"victory":false,"max_hp_per_floor":[66,66,66,66,66,66,66,66,66,66,66,66,66,66,66,66,66],"card_choices":[{"not_picked":["Dodge and Roll","Backflip"],"picked":"Dagger Throw","floor":1},{"not_picked":["Infinite Blades","Prepared"],"picked":"Sucker Punch","floor":2},{"not_picked":["Phantasmal Killer","Underhanded Strike"],"picked":"Poisoned Stab","floor":5},{"not_picked":["Blade Dance","Footwork"],"picked":"Poisoned Stab","floor":6},{"not_picked":["Flying Knee","Dagger Spray"],"picked":"Poisoned Stab","floor":10},{"not_picked":["Blade Dance","Escape Plan"],"picked":"PiercingWail","floor":11},{"not_picked":["Calculated Gamble","Prepared","Cloak And Dagger"],"picked":"SKIP","floor":12},{"not_picked":["Endless Agony","Blur"],"picked":"Footwork","floor":14}],"player_experience":2780964,"relics_obtained":[{"floor":6,"key":"Tiny Chest"},{"floor":9,"key":"Toy Ornithopter"},{"floor":10,"key":"Smiling Mask"}],"event_choices":[{"cards_removed":["Strike_G"],"damage_healed":0,"gold_gain":0,"player_choice":"Card Removal","damage_taken":7,"max_hp_gain":0,"max_hp_loss":0,"event_name":"Golden Wing","floor":3,"gold_loss":0},{"damage_healed":0,"gold_gain":0,"player_choice":"Ignored","damage_taken":0,"max_hp_gain":0,"max_hp_loss":0,"event_name":"Liars Game","floor":8,"gold_loss":0}],"is_beta":false,"boss_relics":[],"items_purged_floors":[13],"is_endless":false,"potions_floor_spawned":[6,10,14],"killed_by":"Hexaghost","ascension_level":20}}