{"host":"7g4k6gexjz765cnk","time":1607685489,"event":{"mods":["BaseMod","Colored Map","Minty Spire (QoL Compilation)","Shop Mod"],"gold_per_floor":[117,117,117,129,54,89,8,41,66,83,37,37,37,68,68,167,167,186,198,49,49,49,81,81,112,112,112,125,0,17,32,32,135,135,153,203,215,65,76,76,27,62,138,138,104,116,151,166,166,166,166,166,19,54,54,54],"floor_reached":55,"playtime":2897,"items_purged":["Defend_G","Strike_G","Strike_G","Defend_G"],"score":912,"play_id":"64e61b7e-0b4d-479d-a3b3-091353dda5a1","local_time":"20201211121809","is_ascension_mode":true,"campfire_choices":[{"data":"Accuracy","floor":12,"key":"SMITH"},{"data":"Accuracy","floor":15,"key":"SMITH"},{"data":"Footwork","floor":24,"key":"SMITH"},{"floor":32,"key":"RECALL"},{"data":"Footwork","floor":40,"key":"SMITH"},{"data":"Accuracy","floor":49,"key":"SMITH"},{"data":"Defend_G","floor":52,"key":"SMITH"}],"circlet_count":0,"master_deck":["Defend_G+1","Defend_G","Defend_G+1","Survivor+1","Neutralize+1","Accuracy+1","Accuracy+1","Accuracy+1","Calculated Gamble+1","Blade Dance+1","A Thousand Cuts","Phantasmal Killer+1","Backflip+1","Prepared+1","Blade Dance+1","Doppelganger+1","Footwork+1","Dodge and Roll+1","Backflip+1","Footwork+1","Bullet Time+1","Cloak And Dagger+1","Cloak And Dagger+1","Choke+1","Parasite","Storm of Steel+1"],"relics":["Ring of the Snake","NeowsBlessing","PreservedInsect","Toxic Egg 2","Prayer Wheel","WristBlade","War Paint","Boot","Art of War","Eternal Feather","Runic Pyramid","Mango","Nunchaku","Meat on the Bone","Whetstone","Bronze Scales"],"acts_visited":["Exordium","TheCity","TheBeyond","TheEnding"],"potions_floor_usage":[8,8,19,23,33,42,46,48,50,55],"damage_taken":[{"damage":0,"enemies":"Jaw Worm","floor":1,"turns":1},{"damage":0,"enemies":"2 Louse","floor":4,"turns":1},{"damage":0,"enemies":"Lagavulin","floor":6,"turns":2},{"damage":11,"enemies":"Gremlin Nob","floor":8,"turns":3},{"damage":13,"enemies":"Cultist","floor":10,"turns":5},{"damage":8,"enemies":"Lagavulin","floor":14,"turns":4},{"damage":23,"enemies":"The Guardian","floor":16,"turns":8},{"damage":0,"enemies":"Spheric Guardian","floor":18,"turns":2},{"damage":7,"enemies":"Chosen","floor":19,"turns":3},{"damage":19,"enemies":"Slavers","floor":23,"turns":4},{"damage":0,"enemies":"Book of Stabbing","floor":25,"turns":2},{"damage":0,"enemies":"Centurion and Healer","floor":28,"turns":2},{"damage":0,"enemies":"Snecko","floor":30,"turns":2},{"damage":0,"enemies":"Snake Plant","floor":31,"turns":3},{"damage":23,"enemies":"Collector","floor":33,"turns":5},{"damage":0,"enemies":"Orb Walker","floor":35,"turns":3},{"damage":0,"enemies":"Mind Bloom Boss Battle","floor":36,"turns":3},{"damage":7,"enemies":"3 Darklings","floor":37,"turns":5},{"damage":0,"enemies":"Jaw Worm Horde","floor":39,"turns":2},{"damage":16,"enemies":"Reptomancer","floor":42,"turns":4},{"damage":4,"enemies":"Sphere and 2 Shapes","floor":46,"turns":4},{"damage":0,"enemies":"Nemesis","floor":47,"turns":3},{"damage":0,"enemies":"Writhing Mass","floor":48,"turns":2},{"damage":85,"enemies":"Time Eater","floor":50,"turns":9},{"damage":12,"enemies":"Shield and Spear","floor":54,"turns":5},{"damage":88,"enemies":"The Heart","floor":55,"turns":6}],"seed_played":"866637310386903183","potions_obtained":[{"floor":1,"key":"Strength Potion"},{"floor":4,"key":"Fire Potion"},{"floor":16,"key":"Strength Potion"},{"floor":18,"key":"Fruit Juice"},{"floor":19,"key":"Poison Potion"},{"floor":25,"key":"EssenceOfSteel"},{"floor":30,"key":"FearPotion"},{"floor":31,"key":"SpeedPotion"},{"floor":37,"key":"Swift Potion"},{"floor":42,"key":"AttackPotion"},{"floor":46,"key":"Fruit Juice"},{"floor":48,"key":"SteroidPotion"}],"is_trial":false,"path_per_floor":["M","?","?","M","$","E","$","E","T","M","$","R","$","E","R","B",null,"M","M","$","?","?","E","R","E","T","$","M","$","M","M","R","B",null,"M","?","M","$","M","R","$","E","T","?","$","M","E","M","R","B",null,"R","$","E","B"],"character_chosen":"THE_SILENT","items_purchased":["Accuracy","Blade Dance+1","Blade Dance+1","Cloak And Dagger+1","Choke","Storm of Steel+1"],"campfire_rested":0,"item_purchase_floors":[7,11,20,41,45,53],"current_hp_per_floor":[70,70,75,75,75,75,75,64,64,51,51,51,51,43,43,20,75,75,73,73,73,73,54,54,54,54,54,54,54,54,54,66,43,80,80,94,87,87,87,94,94,78,78,78,78,79,79,79,94,21,99,99,99,87,0,0],"gold":54,"neow_bonus":"THREE_ENEMY_KILL","is_daily":false,"chose_seed":false,"campfire_upgraded":6,"win_rate":0.0,"timestamp":1607685489,"path_taken":["M","?","?","M","?","E","$","E","T","M","$","R","$","E","R","BOSS","M","M","?","?","?","E","R","E","T","$","M","?","?","M","R","BOSS","M","?","M","$","M","R","$","E","T","?","?","M","E","M","R","BOSS","R","$","E","BOSS"],"items_purchased_type":["Card","Undefined","Undefined","Undefined","Card","Undefined"],"build_version":"2020-11-30","purchased_purges":4,"victory":false,"max_hp_per_floor":[70,70,75,75,75,75,75,75,75,75,75,75,75,75,75,75,75,75,80,80,80,80,80,80,80,80,80,80,80,80,80,80,80,80,80,94,94,94,94,94,94,94,94,94,94,99,99,99,99,99,99,99,99,99,99,99],"card_choices":[{"not_picked":["Bouncing Flask","Deadly Poison"],"picked":"Accuracy","floor":1},{"not_picked":["Escape Plan","Catalyst"],"picked":"Accuracy","floor":4},{"not_picked":["Choke","Sucker Punch","Outmaneuver"],"picked":"SKIP","floor":6},{"not_picked":["Dodge and Roll+1","Eviscerate"],"picked":"Calculated Gamble+1","floor":8},{"not_picked":["Outmaneuver+1","Dagger Throw","Crippling Poison+1"],"picked":"SKIP","floor":10},{"not_picked":["Eviscerate","Endless Agony"],"picked":"A Thousand Cuts","floor":14},{"not_picked":["Envenom","Die Die Die"],"picked":"Phantasmal Killer+1","floor":16},{"not_picked":["PiercingWail+1","Concentrate+1"],"picked":"Backflip+1","floor":18},{"not_picked":["Quick Slash","Dagger Spray"],"picked":"Prepared+1","floor":18},{"not_picked":["Concentrate+1","Choke","Envenom"],"picked":"SKIP","floor":19},{"not_picked":["Setup+1","Well Laid Plans","Quick Slash+1"],"picked":"SKIP","floor":19},{"not_picked":["Deadly Poison+1","Catalyst+1"],"picked":"Dodge and Roll+1","floor":23},{"not_picked":["Noxious Fumes+1","Deadly Poison+1"],"picked":"Backflip+1","floor":25},{"not_picked":["Tactician+1","Outmaneuver+1"],"picked":"Footwork","floor":28},{"not_picked":["Quick Slash","Reflex+1","Tactician+1"],"picked":"SKIP","floor":28},{"not_picked":["Choke","Noxious Fumes","Slice+1"],"picked":"SKIP","floor":30},{"not_picked":["Phantasmal Killer+1","Distraction+1","Accuracy"],"picked":"SKIP","floor":30},{"not_picked":["Finisher","Endless Agony","Flechettes"],"picked":"SKIP","floor":31},{"not_picked":["Poisoned Stab","Noxious Fumes","Flying Knee"],"picked":"SKIP","floor":31},{"not_picked":["Phantasmal Killer+1","Wraith Form v2"],"picked":"Bullet Time+1","floor":33},{"not_picked":["Flying Knee+1","Backflip+1","Dagger Spray+1"],"picked":"SKIP","floor":35},{"not_picked":["Poisoned Stab","Dagger Throw+1","Bouncing Flask+1"],"picked":"SKIP","floor":35},{"not_picked":["Venomology+1","Tactician+1"],"picked":"Cloak And Dagger+1","floor":36},{"not_picked":["Dodge and Roll+1","Poisoned Stab","PiercingWail+1"],"picked":"SKIP","floor":37},{"not_picked":["Noxious Fumes+1","Skewer+1","PiercingWail+1"],"picked":"SKIP","floor":37},{"not_picked":["Outmaneuver+1","Concentrate+1","Noxious Fumes+1"],"picked":"SKIP","floor":39},{"not_picked":["Sucker Punch","Prepared+1","Deadly Poison+1"],"picked":"SKIP","floor":39},{"not_picked":["Leg Sweep+1","Flying Knee","Poisoned Stab"],"picked":"SKIP","floor":42},{"not_picked":["Underhanded Strike","Crippling Poison+1","Acrobatics+1"],"picked":"SKIP","floor":46},{"not_picked":["Infinite Blades+1","Outmaneuver+1","Flying Knee"],"picked":"SKIP","floor":46},{"not_picked":["Acrobatics+1","Prepared+1","Glass Knife"],"picked":"SKIP","floor":47},{"not_picked":["Slice+1","Backflip+1","Deflect+1"],"picked":"SKIP","floor":48},{"not_picked":["Dagger Spray+1","Envenom","Dash"],"picked":"SKIP","floor":48},{"not_picked":["Crippling Poison+1","Caltrops","Tools of the Trade"],"picked":"SKIP","floor":54}],"player_experience":351004,"relics_obtained":[{"floor":6,"key":"PreservedInsect"},{"floor":8,"key":"Toxic Egg 2"},{"floor":14,"key":"Prayer Wheel"},{"floor":23,"key":"Boot"},{"floor":25,"key":"Art of War"},{"floor":26,"key":"Eternal Feather"},{"floor":36,"key":"Mango"},{"floor":42,"key":"Nunchaku"},{"floor":43,"key":"Meat on the Bone"},{"floor":47,"key":"Whetstone"},{"floor":54,"key":"Bronze Scales"}],"event_choices":[{"cards_removed":["Strike_G"],"damage_healed":0,"gold_gain":0,"player_choice":"Forget","damage_taken":0,"max_hp_gain":0,"max_hp_loss":0,"event_name":"Living Wall","floor":2,"gold_loss":0},{"damage_healed":0,"gold_gain":0,"player_choice":"Donut","damage_taken":0,"max_hp_gain":5,"max_hp_loss":0,"event_name":"Big Fish","floor":3,"gold_loss":0},{"damage_healed":0,"gold_gain":0,"cards_transformed":["Strike_G","Strike_G"],"player_choice":"Became Test Subject","damage_taken":0,"max_hp_gain":0,"max_hp_loss":0,"event_name":"Drug Dealer","floor":21,"gold_loss":0,"cards_obtained":["Doppelganger","Footwork"]},{"damage_healed":0,"gold_gain":0,"player_choice":"Opened","damage_taken":0,"relics_obtained":["War Paint"],"max_hp_gain":0,"max_hp_loss":0,"event_name":"The Mausoleum","floor":22,"gold_loss":0},{"damage_healed":0,"gold_gain":0,"player_choice":"Fight","damage_taken":0,"max_hp_gain":0,"max_hp_loss":0,"event_name":"MindBloom","floor":36,"gold_loss":0},{"damage_healed":0,"gold_gain":0,"player_choice":"Memory 1","damage_taken":0,"max_hp_gain":0,"max_hp_loss":0,"event_name":"SensoryStone","floor":44,"gold_loss":0}],"is_beta":false,"boss_relics":[{"not_picked":["Astrolabe","Velvet Choker"],"picked":"WristBlade"},{"not_picked":["Busted Crown","Cursed Key"],"picked":"Runic Pyramid"}],"items_purged_floors":[5,20,29,38],"is_endless":false,"potions_floor_spawned":[1,4,16,18,19,25,30,31,37,39,42,46,48],"killed_by":"The Heart","ascension_level":2}}