{"host":"usrgk25etjl0nf5i","time":1607661885,"event":{"mods":["2.2 Compatiblity","BaseMod","Downfall","Hermit","Hubris","Minty Spire (QoL Compilation)","StSLib","SuperFastMode","The Disciple","The Hierophant"],"gold_per_floor":[111,111,111,111,111,111,146,166,166,7,34,48,112,141,141,246,246,246,246],"floor_reached":18,"playtime":745,"items_purged":[],"score":211,"play_id":"08b98612-6bfb-483d-a76b-28eb30bae2cd","local_time":"20201210204445","is_ascension_mode":true,"campfire_choices":[{"data":"hermit:Malice","floor":6,"key":"SMITH"},{"floor":15,"key":"REST"}],"circlet_count":0,"master_deck":["hermit:Strike_Hermit","hermit:Strike_Hermit","hermit:Strike_Hermit","hermit:Strike_Hermit","hermit:Defend_Hermit","hermit:Defend_Hermit","hermit:Defend_Hermit","hermit:Defend_Hermit","hermit:Snapshot","hermit:Covet","hermit:Malice+1","hermit:Midnight","hermit:Malice","hermit:Dissolve+1","hermit:Quickdraw","hermit:Misfire","hermit:Gestalt+1","hermit:HeroicBravado+1"],"relics":["hermit:Momento","hubris:Towel","Ginger","Darkstone Periapt","Toxic Egg 2","Vajra","hermit:RyeStalk","hubris:MedicalManual","hubris:BlackHole"],"acts_visited":["Exordium","TheCity"],"potions_floor_usage":[7,7,11,16],"damage_taken":[{"damage":0,"enemies":"2 Louse","floor":1,"turns":2},{"damage":13,"enemies":"Gremlin Nob","floor":7,"turns":3},{"damage":2,"enemies":"Jaw Worm","floor":8,"turns":4},{"damage":16,"enemies":"Lagavulin","floor":11,"turns":6},{"damage":1,"enemies":"Small Slimes","floor":12,"turns":2},{"damage":10,"enemies":"Lagavulin Event","floor":13,"turns":5},{"damage":2,"enemies":"3 Sentries","floor":14,"turns":4},{"damage":1,"enemies":"Slime Boss","floor":16,"turns":7},{"damage":98,"enemies":"3 Byrds","floor":18,"turns":11}],"seed_played":"3757312658729026949","potions_obtained":[{"floor":1,"key":"Slimebound:ThreeZeroPotion"},{"floor":5,"key":"SneckoOil"},{"floor":5,"key":"hermit:BlackBile"},{"floor":5,"key":"DuplicationPotion"},{"floor":8,"key":"LiquidMemories"},{"floor":16,"key":"Block Potion"}],"is_trial":false,"path_per_floor":["M","?","?","T","?","R","E","M","T","$","E","M","?","E","R","B",null,"M"],"character_chosen":"HERMIT","items_purchased":["hermit:Dissolve+1"],"campfire_rested":1,"item_purchase_floors":[10],"current_hp_per_floor":[82,82,82,82,82,82,69,67,67,67,51,50,40,38,62,61,82,0,0],"gold":246,"neow_bonus":"TEN_PERCENT_HP_BONUS","is_daily":false,"chose_seed":false,"campfire_upgraded":1,"win_rate":0.0,"timestamp":1607661885,"path_taken":["M","?","?","?","?","R","E","M","T","$","E","?","?","E","R","BOSS","M"],"items_purchased_type":["Undefined"],"build_version":"2020-11-30","purchased_purges":0,"victory":false,"max_hp_per_floor":[82,82,82,82,82,82,82,82,82,82,82,82,82,82,82,82,82,82,82],"card_choices":[{"not_picked":["hermit:WideOpen","hermit:TakeCover"],"picked":"hermit:Malice","floor":1},{"not_picked":["hermit:LowProfile","hermit:Roulette","hermit:ItchyTrigger"],"picked":"SKIP","floor":7},{"not_picked":["hermit:Combo","hermit:CursedWeapon"],"picked":"hermit:Malice","floor":8},{"not_picked":["hermit:Vantage+1","hermit:Maintenance+1"],"picked":"hermit:Quickdraw","floor":11},{"not_picked":["hermit:Coalescence+1","hermit:Malice"],"picked":"hermit:Misfire","floor":12},{"not_picked":["hermit:FlashPowder+1","hermit:Dive+1"],"picked":"hermit:Gestalt+1","floor":14},{"not_picked":["hermit:Magnum","hermit:Gambit+1"],"picked":"hermit:HeroicBravado+1","floor":16}],"player_experience":626823,"relics_obtained":[{"floor":4,"key":"Ginger"},{"floor":7,"key":"Darkstone Periapt"},{"floor":9,"key":"Toxic Egg 2"},{"floor":11,"key":"Vajra"},{"floor":13,"key":"hermit:RyeStalk"},{"floor":14,"key":"hubris:MedicalManual"}],"event_choices":[{"damage_healed":0,"gold_gain":0,"player_choice":"Got Potions","damage_taken":0,"max_hp_gain":0,"max_hp_loss":0,"event_name":"Lab","floor":5,"gold_loss":0},{"damage_healed":0,"gold_gain":0,"player_choice":"Searched \u00271\u0027 times","damage_taken":0,"max_hp_gain":0,"max_hp_loss":0,"event_name":"Dead Adventurer","floor":13,"gold_loss":0}],"is_beta":false,"boss_relics":[{"not_picked":["SacredBark","hubris:GrandSneckoEye"],"picked":"hubris:BlackHole"}],"items_purged_floors":[],"is_endless":false,"potions_floor_spawned":[1,8,16],"killed_by":"3 Byrds","ascension_level":4}}