{"host":"wshh0nphwn6jv7vj","time":1607647092,"event":{"mods":["BaseMod","Bestiary","Minty Spire (QoL Compilation)"],"gold_per_floor":[114,114,129,129,147,147,174,202,241,253,253],"floor_reached":10,"playtime":592,"items_purged":[],"score":119,"play_id":"46565d81-53a0-478b-9467-6abc1bea8ffa","local_time":"20201210193812","is_ascension_mode":true,"campfire_choices":[{"data":"Cleave","floor":6,"key":"SMITH"}],"circlet_count":0,"master_deck":["AscendersBane","Strike_R","Strike_R","Strike_R","Strike_R","Strike_R","Defend_R","Defend_R","Defend_R","Defend_R","Bash","CurseOfTheBell","True Grit","Burning Pact","Cleave+1","Cleave","Seeing Red"],"relics":["Calling Bell","Lantern","Shuriken","Bird Faced Urn","MawBank","Toy Ornithopter"],"acts_visited":["Exordium"],"potions_floor_usage":[7,7,10],"damage_taken":[{"damage":5,"enemies":"Cultist","floor":1,"turns":5},{"damage":13,"enemies":"Jaw Worm","floor":3,"turns":5},{"damage":0,"enemies":"2 Louse","floor":5,"turns":5},{"damage":38,"enemies":"Lagavulin","floor":7,"turns":9},{"damage":11,"enemies":"Large Slime","floor":8,"turns":6},{"damage":31,"enemies":"Gremlin Nob","floor":10,"turns":3}],"seed_played":"6951830369166516719","potions_obtained":[{"floor":3,"key":"SkillPotion"},{"floor":5,"key":"BlessingOfTheForge"},{"floor":7,"key":"GamblersBrew"}],"is_trial":false,"path_per_floor":["M","?","M","?","M","R","E","M","T","E"],"character_chosen":"IRONCLAD","items_purchased":[],"campfire_rested":0,"item_purchase_floors":[],"current_hp_per_floor":[63,63,50,75,75,75,37,26,26,0,0],"gold":253,"neow_bonus":"BOSS_RELIC","is_daily":false,"chose_seed":false,"campfire_upgraded":1,"win_rate":0.0,"timestamp":1607647092,"path_taken":["M","?","M","?","M","R","E","M","T","E"],"items_purchased_type":[],"build_version":"2020-11-30","purchased_purges":0,"victory":false,"max_hp_per_floor":[75,75,75,75,75,75,75,75,75,75,75],"card_choices":[{"not_picked":["Rupture","Body Slam"],"picked":"True Grit","floor":1},{"not_picked":["Bloodletting","Heavy Blade"],"picked":"Burning Pact","floor":3},{"not_picked":["Armaments","Heavy Blade"],"picked":"Cleave","floor":5},{"not_picked":["Headbutt","Heavy Blade"],"picked":"Cleave","floor":7},{"not_picked":["Warcry","Cleave"],"picked":"Seeing Red","floor":8}],"player_experience":1368867,"relics_obtained":[{"floor":0,"key":"Lantern"},{"floor":0,"key":"Shuriken"},{"floor":0,"key":"Bird Faced Urn"},{"floor":7,"key":"MawBank"},{"floor":9,"key":"Toy Ornithopter"}],"event_choices":[{"damage_healed":0,"gold_gain":0,"player_choice":"Ignored","damage_taken":0,"max_hp_gain":0,"max_hp_loss":0,"event_name":"Liars Game","floor":2,"gold_loss":0},{"damage_healed":25,"gold_gain":0,"player_choice":"Banana","damage_taken":0,"max_hp_gain":0,"max_hp_loss":0,"event_name":"Big Fish","floor":4,"gold_loss":0}],"is_beta":false,"boss_relics":[],"items_purged_floors":[],"is_endless":false,"potions_floor_spawned":[3,5,7],"killed_by":"Gremlin Nob","ascension_level":15}}