{"host":"ctlqibkg0sskiu65","time":1607691189,"event":{"mods":["2.2 Compatiblity","AchievementEnabler","Aspiration","BaseMod","BetterRewards","Colored Map","Colored Powertips","Conspire","Fiend Mod","Minty Spire (QoL Compilation)","Quick Restart","Shop Mod","StSLib","The Bladedancer","The Cursed","The Hierophant","The Jungle","The Kombatant","The Servant 0.9.4","TheBandit"],"gold_per_floor":[114,195,5,15,15,15,27,41,87,100,100,135,135,155,155,256,256,267,267,294,254,270,296,296,321,321,333,380,130,130,142,142,142,142],"floor_reached":33,"playtime":2194,"items_purged":["Strike_G"],"score":341,"play_id":"0feeaace-a020-45ed-b999-af4b1c928ed1","local_time":"20201211065309","is_ascension_mode":true,"campfire_choices":[{"data":"Dagger Spray","floor":6,"key":"SMITH"},{"data":"Dodge and Roll","floor":11,"key":"SMITH"},{"data":"Dagger Spray","floor":13,"key":"SMITH"},{"data":"Neutralize","floor":15,"key":"SMITH"},{"floor":24,"key":"REST"},{"floor":30,"key":"REST"},{"data":"Blade Dance","floor":32,"key":"SMITH"}],"circlet_count":0,"master_deck":["Strike_G","Strike_G","Defend_G","Defend_G","Defend_G","Defend_G+1","Survivor","Neutralize+1","Backstab","Dagger Spray+1","Slice","Slice","Deadly Poison","Dodge and Roll+1","Dagger Spray+1","Slice","Adrenaline","Storm of Steel+1","Cloak And Dagger+1","conspire:PoisonWeapons+1","Blade Dance+1","Dagger Spray","Backflip","Cloak And Dagger+1","conspire:DoublingDagger+1","Deadly Poison+1","Prepared","Blade Dance+1","Deflect"],"relics":["SlaversCollar","Ornamental Fan","Tiny Chest","MealTicket","Dream Catcher","Astrolabe","aspiration:Lifesprig","Ancient Tea Set","Bird Faced Urn","aspiration:HummingbirdHeart","Bag of Preparation","Membership Card"],"acts_visited":["Exordium","TheCity"],"potions_floor_usage":[12,12,16,25,33,33],"damage_taken":[{"damage":5,"enemies":"Cultist","floor":1,"turns":5},{"damage":0,"enemies":"Small Slimes","floor":4,"turns":3},{"damage":0,"enemies":"2 Louse","floor":7,"turns":2},{"damage":3,"enemies":"Exordium Thugs","floor":8,"turns":5},{"damage":2,"enemies":"3 Louse","floor":10,"turns":3},{"damage":4,"enemies":"3 Sentries","floor":12,"turns":5},{"damage":10,"enemies":"Lots of Slimes","floor":14,"turns":3},{"damage":19,"enemies":"Slime Boss","floor":16,"turns":10},{"damage":21,"enemies":"Spheric Guardian","floor":18,"turns":6},{"damage":0,"enemies":"Chosen","floor":22,"turns":4},{"damage":23,"enemies":"Slavers","floor":23,"turns":5},{"damage":0,"enemies":"Book of Stabbing","floor":25,"turns":4},{"damage":0,"enemies":"Snecko","floor":27,"turns":3},{"damage":31,"enemies":"conspire:MimicChest","floor":28,"turns":9},{"damage":0,"enemies":"3 Cultists","floor":31,"turns":4},{"damage":53,"enemies":"Automaton","floor":33,"turns":8}],"seed_played":"4843663236852124497","potions_obtained":[{"floor":1,"key":"Ancient Potion"},{"floor":4,"key":"Dexterity Potion"},{"floor":5,"key":"SkillPotion"},{"floor":5,"key":"Poison Potion"},{"floor":18,"key":"Strength Potion"},{"floor":28,"key":"Dexterity Potion"},{"floor":31,"key":"AttackPotion"}],"is_trial":false,"path_per_floor":["M","T","$","M","?","R","M","M","T","M","R","E","R","M","R","B",null,"M","?","T","?","M","E","R","E","T","M","?","$","R","M","R","B"],"character_chosen":"THE_SILENT","items_purchased":["Tiny Chest","Dagger Spray","Membership Card","Blade Dance"],"campfire_rested":2,"item_purchase_floors":[3,3,29,29],"current_hp_per_floor":[65,65,65,65,65,65,65,62,62,60,60,56,56,46,46,27,70,49,49,49,49,49,26,47,47,47,47,16,31,52,52,52,0,0],"gold":142,"neow_bonus":"BOSS_RELIC","is_daily":false,"chose_seed":false,"campfire_upgraded":5,"win_rate":0.0,"timestamp":1607691189,"path_taken":["M","?","$","M","?","R","M","M","T","?","R","E","R","M","R","BOSS","M","?","?","?","?","E","R","E","T","M","?","$","R","M","R","BOSS"],"items_purchased_type":["Relic","Card","Relic","Card"],"build_version":"2020-11-30","purchased_purges":1,"victory":false,"max_hp_per_floor":[70,70,70,70,70,70,70,70,70,70,70,70,70,70,70,70,70,70,70,70,70,70,70,70,70,70,70,70,70,70,70,70,70,70],"card_choices":[{"not_picked":["Accuracy","conspire:PoisonWeapons"],"picked":"Backstab","floor":1},{"not_picked":["conspire:DoublingDagger","Leg Sweep"],"picked":"Slice","floor":4},{"not_picked":["Sucker Punch","Terror"],"picked":"Slice","floor":7},{"not_picked":["Bane","Blur"],"picked":"Deadly Poison","floor":8},{"not_picked":["PiercingWail","Slice"],"picked":"Dodge and Roll","floor":10},{"not_picked":["Choke","Bane"],"picked":"Dagger Spray","floor":12},{"not_picked":["Bane","Terror"],"picked":"Slice","floor":14},{"not_picked":["Glass Knife","Storm of Steel"],"picked":"Adrenaline","floor":16},{"not_picked":["Outmaneuver","Deadly Poison+1"],"picked":"Blade Dance","floor":18},{"not_picked":["Poisoned Stab+1","Bane"],"picked":"Dagger Spray","floor":22},{"not_picked":["Venomology","Masterful Stab"],"picked":"Backflip","floor":23},{"not_picked":["Tactician","Flying Knee"],"picked":"Cloak And Dagger+1","floor":24},{"not_picked":["Dash+1","Bane+1"],"picked":"conspire:DoublingDagger+1","floor":25},{"not_picked":["Crippling Poison+1","Underhanded Strike+1"],"picked":"Deadly Poison+1","floor":27},{"not_picked":["Catalyst","Noxious Fumes+1"],"picked":"Prepared","floor":28},{"not_picked":["Blur","Bane+1"],"picked":"Deflect","floor":30},{"not_picked":["Acrobatics","Flying Knee","Well Laid Plans"],"picked":"SKIP","floor":31}],"player_experience":106779,"relics_obtained":[{"floor":2,"key":"Ornamental Fan"},{"floor":9,"key":"MealTicket"},{"floor":12,"key":"Dream Catcher"},{"floor":20,"key":"aspiration:Lifesprig"},{"floor":23,"key":"Ancient Tea Set"},{"floor":25,"key":"Bird Faced Urn"},{"floor":26,"key":"aspiration:HummingbirdHeart"},{"floor":28,"key":"Bag of Preparation"}],"event_choices":[{"damage_healed":0,"gold_gain":0,"player_choice":"Got Potions","damage_taken":0,"max_hp_gain":0,"max_hp_loss":0,"event_name":"Lab","floor":5,"gold_loss":0},{"damage_healed":0,"gold_gain":0,"player_choice":"Ignored","damage_taken":0,"max_hp_gain":0,"max_hp_loss":0,"event_name":"Transmorgrifier","floor":19,"gold_loss":0},{"damage_healed":0,"gold_gain":0,"player_choice":"Upgraded Two","damage_taken":0,"max_hp_gain":0,"max_hp_loss":0,"event_name":"Designer","floor":21,"gold_loss":40,"cards_upgraded":["Defend_G","Blade Dance"]}],"is_beta":false,"boss_relics":[{"not_picked":["aspiration:RitualDagger","aspiration:FutureDiary"],"picked":"Astrolabe"}],"items_purged_floors":[29],"is_endless":false,"potions_floor_spawned":[1,4,10,18,28,31],"killed_by":"Automaton","ascension_level":2}}