{"host":"usrgk25etjl0nf5i","time":1607667678,"event":{"mods":["2.2 Compatiblity","BaseMod","Downfall","Hermit","Hubris","Minty Spire (QoL Compilation)","StSLib","SuperFastMode","The Disciple","The Hierophant"],"gold_per_floor":[111,111,131,147,157,157,189,34,81,81,81,45,71,71,71,177,204,231,231,252,280,280,280,320,24,24,65,65,109,133,33,33,33,33],"floor_reached":33,"playtime":1255,"items_purged":["Defend_B","Strike_B"],"score":451,"play_id":"c57dc098-969c-4900-abc8-0b151d089157","local_time":"20201210222118","is_ascension_mode":true,"campfire_choices":[{"data":"Defragment","floor":6,"key":"SMITH"},{"floor":11,"key":"REST"},{"floor":15,"key":"REST"},{"floor":23,"key":"REST"},{"floor":28,"key":"REST"},{"floor":32,"key":"REST"}],"circlet_count":0,"master_deck":["Strike_B","Defend_B","Defend_B","Zap+1","Dualcast","Doom and Gloom","Go for the Eyes","Defragment+1","Leap","Seek","Conserve Battery","Meteor Strike","Chill+1","Turbo+1","Beam Cell","Conserve Battery","Hologram","Core Surge","Defragment","Force Field+1","Coolheaded+1","Storm"],"relics":["Cracked Core","Ice Cream","PreservedInsect","Regal Pillow","CeramicFish","hubris:Towel","hubris:Metronome","NlothsMask","Astrolabe","Omamori","Oddly Smooth Stone","Turnip","Molten Egg 2","Meat on the Bone"],"acts_visited":["Exordium","TheCity"],"potions_floor_usage":[7,16,16,18,21,24,27,33],"damage_taken":[{"damage":3,"enemies":"2 Louse","floor":1,"turns":3},{"damage":0,"enemies":"Cultist","floor":3,"turns":3},{"damage":0,"enemies":"Small Slimes","floor":4,"turns":1},{"damage":24,"enemies":"Exordium Thugs","floor":5,"turns":4},{"damage":36,"enemies":"3 Sentries","floor":7,"turns":7},{"damage":17,"enemies":"Gremlin Nob","floor":13,"turns":5},{"damage":17,"enemies":"Slime Boss","floor":16,"turns":8},{"damage":19,"enemies":"Chosen","floor":18,"turns":5},{"damage":24,"enemies":"3 Byrds","floor":20,"turns":6},{"damage":13,"enemies":"Snecko","floor":21,"turns":6},{"damage":23,"enemies":"Book of Stabbing","floor":24,"turns":4},{"damage":19,"enemies":"Slavers","floor":27,"turns":5},{"damage":49,"enemies":"Book of Stabbing","floor":29,"turns":6},{"damage":23,"enemies":"Centurion and Healer","floor":30,"turns":6},{"damage":54,"enemies":"hubris:MusketHawk","floor":33,"turns":8}],"seed_played":"-6389524238887624519","potions_obtained":[{"floor":4,"key":"CultistPotion"},{"floor":5,"key":"PowerPotion"},{"floor":7,"key":"Dexterity Potion"},{"floor":16,"key":"AttackPotion"},{"floor":18,"key":"Weak Potion"},{"floor":21,"key":"LiquidMemories"},{"floor":24,"key":"DistilledChaos"},{"floor":30,"key":"Weak Potion"}],"is_trial":false,"path_per_floor":["M","?","M","M","M","R","E","$","T","?","R","$","E","?","R","B",null,"M","?","M","M","?","R","E","$","T","E","R","E","M","$","R","B"],"character_chosen":"DEFECT","items_purchased":["Regal Pillow","Conserve Battery","Defragment","Oddly Smooth Stone"],"campfire_rested":5,"item_purchase_floors":[8,12,25,25],"current_hp_per_floor":[65,65,65,65,41,41,5,5,5,5,40,40,23,23,58,41,61,42,78,54,41,41,78,55,55,55,36,74,25,14,14,52,0,0],"gold":33,"neow_bonus":"ONE_RARE_RELIC","is_daily":false,"chose_seed":false,"campfire_upgraded":1,"win_rate":0.0,"timestamp":1607667678,"path_taken":["M","?","M","?","M","R","E","$","T","?","R","?","E","?","R","BOSS","M","?","?","M","?","R","E","$","T","E","R","E","M","$","R","BOSS"],"items_purchased_type":["Relic","Card","Card","Relic"],"build_version":"2020-11-30","purchased_purges":2,"victory":false,"max_hp_per_floor":[68,68,68,68,68,68,68,68,68,68,68,68,68,68,68,68,68,68,78,78,78,78,78,78,78,78,78,78,78,78,78,78,78,78],"card_choices":[{"not_picked":["Cold Snap","Glacier"],"picked":"Doom and Gloom","floor":1},{"not_picked":["Chill","Stack"],"picked":"Go for the Eyes","floor":3},{"not_picked":["Redo","Scrape"],"picked":"Defragment","floor":4},{"not_picked":["Stack","Blizzard"],"picked":"Leap","floor":5},{"not_picked":["Barrage","Rip and Tear"],"picked":"Seek","floor":7},{"not_picked":["Glacier","Scrape","Reprogram"],"picked":"SKIP","floor":13},{"not_picked":["Thunder Strike","Amplify"],"picked":"Meteor Strike","floor":16},{"not_picked":["Steam+1","Rebound"],"picked":"Beam Cell","floor":18},{"not_picked":["Rebound","Thunder Strike"],"picked":"Conserve Battery","floor":20},{"not_picked":["hubris:Ukulele+1","Coolheaded"],"picked":"Hologram","floor":21},{"not_picked":["Steam Power+1","Turbo+1"],"picked":"Core Surge","floor":24},{"not_picked":["Barrage+1","Recycle"],"picked":"Force Field+1","floor":27},{"not_picked":["All For One+1","Darkness"],"picked":"Coolheaded+1","floor":29},{"not_picked":["Glacier","Streamline+1"],"picked":"Storm","floor":30}],"player_experience":631745,"relics_obtained":[{"floor":7,"key":"PreservedInsect"},{"floor":9,"key":"CeramicFish"},{"floor":13,"key":"hubris:Metronome"},{"floor":24,"key":"Omamori"},{"floor":26,"key":"Turnip"},{"floor":27,"key":"Molten Egg 2"},{"floor":29,"key":"Meat on the Bone"}],"event_choices":[{"damage_healed":0,"gold_gain":0,"player_choice":"Upgraded","damage_taken":0,"max_hp_gain":0,"max_hp_loss":0,"event_name":"Upgrade Shrine","floor":2,"gold_loss":0,"cards_upgraded":["Zap"]},{"damage_healed":0,"gold_gain":0,"player_choice":"Trade","damage_taken":0,"relics_obtained":["NlothsMask"],"max_hp_gain":0,"max_hp_loss":0,"event_name":"FaceTrader","floor":14,"gold_loss":0},{"cards_removed":["hubris:DoWhile"],"damage_healed":26,"gold_gain":0,"player_choice":"Offered Rare","damage_taken":0,"max_hp_gain":10,"max_hp_loss":0,"event_name":"Bonfire Elementals","floor":19,"gold_loss":0},{"damage_healed":0,"gold_gain":0,"player_choice":"Ignored","damage_taken":0,"max_hp_gain":0,"max_hp_loss":0,"event_name":"Vampires","floor":22,"gold_loss":0}],"is_beta":false,"boss_relics":[{"not_picked":["hubris:ScarierMask","hubris:BlackHole"],"picked":"Astrolabe"}],"items_purged_floors":[25,31],"is_endless":false,"potions_floor_spawned":[4,5,7,16,18,21,24,30],"killed_by":"hubris:MusketHawk","ascension_level":9}}