{"host":"mszes4kzl3qk0fcx","time":1607702898,"event":{"mods":["BaseMod","Minty Spire (QoL Compilation)","StSLib","The Administrix","The Animator"],"gold_per_floor":[125,157,185,200,4,4,31,31,31,63,63,63,92,116,116,218,218,228,228,257,276,276,276],"floor_reached":22,"playtime":2784,"items_purged":[],"score":218,"play_id":"23c1eb71-8edd-4112-bd3e-c553dbc4083a","local_time":"20201211110818","is_ascension_mode":true,"campfire_choices":[{"data":"animator:Bozes","floor":6,"key":"SMITH"},{"floor":8,"key":"REST"},{"data":"animator:RoryMercury","floor":12,"key":"SMITH"},{"data":"animator:Azekura","floor":15,"key":"SMITH"}],"circlet_count":0,"master_deck":["animator:Strike_GATE","animator:Defend_GATE","animator:Strike","animator:Strike","animator:Strike","animator:Defend","animator:Defend","animator:Defend","animator:TukaLunaMarceau","animator:Kuribayashi","animator:Millim","animator:UneriGinkaku","animator:Bozes+1","animator:RoryMercury+1","animator:ZankiKiguchi","animator:FielNirvalen","animator:Giselle","animator:Azekura+1","animator:Hans","animator:TsurugaMeisai","animator:Arpeggio","animator:Tyuule"],"relics":["animator:VividPicture","animator:TheMissingPiece","animator:PurgingStone","Frozen Eye","Mummified Hand","Strawberry","animator:Buoy","Matryoshka","animator:CursedGlyph"],"acts_visited":["Exordium","TheCity"],"potions_floor_usage":[7,7,11,11,16,21],"damage_taken":[{"damage":0,"enemies":"2 Louse","floor":1,"turns":4},{"damage":7,"enemies":"Cultist","floor":2,"turns":4},{"damage":0,"enemies":"Small Slimes","floor":3,"turns":3},{"damage":12,"enemies":"Exordium Wildlife","floor":4,"turns":4},{"damage":13,"enemies":"Lagavulin","floor":7,"turns":3},{"damage":14,"enemies":"Gremlin Nob","floor":10,"turns":3},{"damage":2,"enemies":"Gremlin Gang","floor":11,"turns":3},{"damage":24,"enemies":"Lagavulin","floor":13,"turns":7},{"damage":10,"enemies":"2 Fungi Beasts","floor":14,"turns":3},{"damage":1,"enemies":"Slime Boss","floor":16,"turns":10},{"damage":23,"enemies":"Spheric Guardian","floor":18,"turns":4},{"damage":22,"enemies":"Shell Parasite","floor":20,"turns":5},{"damage":44,"enemies":"3 Cultists","floor":21,"turns":5},{"damage":7,"enemies":"Shelled Parasite and Fungi","floor":22,"turns":1}],"seed_played":"-2699781076999121423","potions_obtained":[{"floor":2,"key":"DuplicationPotion"},{"floor":4,"key":"SmokeBomb"},{"floor":7,"key":"EssenceOfSteel"},{"floor":14,"key":"Regen Potion"},{"floor":16,"key":"LiquidBronze"},{"floor":19,"key":"SteroidPotion"},{"floor":19,"key":"Regen Potion"},{"floor":21,"key":"Swift Potion"}],"is_trial":false,"path_per_floor":["M","M","M","M","$","R","E","R","T","E","M","R","E","M","R","B",null,"M","?","M","M","M"],"character_chosen":"THE_ANIMATOR","items_purchased":["Frozen Eye","Explosive Potion"],"campfire_rested":1,"item_purchase_floors":[5,5],"current_hp_per_floor":[72,65,65,54,54,54,42,64,71,57,55,55,31,21,21,35,77,55,55,33,2,0,0],"gold":276,"neow_bonus":"TEN_PERCENT_HP_BONUS","is_daily":false,"chose_seed":false,"campfire_upgraded":3,"win_rate":0.0,"timestamp":1607702898,"path_taken":["M","M","M","M","$","R","E","R","T","E","M","R","E","M","R","BOSS","M","?","M","M","M"],"items_purchased_type":["Relic","Potion"],"build_version":"2020-11-30","purchased_purges":0,"victory":false,"max_hp_per_floor":[72,72,72,73,73,73,74,74,81,81,81,81,77,77,77,77,77,78,78,78,79,79,79],"card_choices":[{"not_picked":["animator:Raven","animator:Viivi"],"picked":"animator:Millim","floor":1},{"not_picked":["animator:AcuraTooru","animator:Jibril"],"picked":"animator:UneriGinkaku","floor":2},{"not_picked":["animator:Tatsumaki","animator:Darkness"],"picked":"animator:Bozes","floor":3},{"not_picked":["animator:LeleiLaLalena","animator:Tyuule"],"picked":"animator:RoryMercury","floor":4},{"not_picked":["animator:Mikaela","animator:KrulTepes"],"picked":"animator:ZankiKiguchi","floor":7},{"not_picked":["animator:Viivi","animator:Darkness"],"picked":"animator:FielNirvalen","floor":10},{"not_picked":["animator:YaoHaDucy","animator:Kuribayashi"],"picked":"animator:Giselle","floor":13},{"not_picked":["animator:TukaLunaMarceau","animator:Kuribayashi"],"picked":"animator:Azekura","floor":14},{"not_picked":["animator:Elesis","animator:ChaikaTrabant"],"picked":"animator:Hans","floor":16},{"not_picked":["animator:Kuribayashi","animator:Raven"],"picked":"animator:TsurugaMeisai","floor":18},{"not_picked":["animator:Shigure","animator:Raven"],"picked":"animator:Arpeggio","floor":20},{"not_picked":["animator:Bozes","animator:RoryMercury"],"picked":"animator:Tyuule","floor":21}],"player_experience":473498,"relics_obtained":[{"floor":7,"key":"Mummified Hand"},{"floor":9,"key":"Strawberry"},{"floor":10,"key":"animator:Buoy"},{"floor":13,"key":"Matryoshka"},{"floor":13,"key":"animator:CursedGlyph"}],"event_choices":[{"damage_healed":0,"gold_gain":0,"player_choice":"Got Potions","damage_taken":0,"max_hp_gain":0,"max_hp_loss":0,"event_name":"Lab","floor":19,"gold_loss":0}],"is_beta":false,"boss_relics":[{"not_picked":["animator:CursedBlade","Cursed Key"],"picked":"animator:VividPicture"}],"items_purged_floors":[],"is_endless":false,"potions_floor_spawned":[2,4,7,14,16,21],"killed_by":"Shelled Parasite and Fungi","ascension_level":1}}