{"host":"cuc3wnex0wexwxxi","time":1607728607,"event":{"mods":["BaseMod","BetterRewards","Colored Powertips","Minty Spire (QoL Compilation)","Relic Stats","StSLib"],"gold_per_floor":[115,135,146,108,283,316,316,316,342,358,376,262,273,290,290,394,394,411,411,423,440,0,0,0,33,84,84,101,101,112,211,211,315,315,335,355,152,164,39,39,39,50,50,50,62,77,94,0,0,0,0],"floor_reached":50,"playtime":1990,"items_purged":["Doubt"],"score":1015,"play_id":"25fae4d1-db1a-4281-843c-8ba13c24e704","local_time":"20201211181647","is_ascension_mode":true,"campfire_choices":[{"data":"Armaments","floor":7.0,"key":"SMITH"},{"data":"Heavy Blade","floor":15.0,"key":"SMITH"},{"floor":23.0,"key":"REST"},{"floor":27.0,"key":"REST"},{"floor":29.0,"key":"REST"},{"data":"Heavy Blade","floor":32.0,"key":"SMITH"},{"floor":40,"key":"REST"},{"floor":49,"key":"REST"}],"circlet_count":0,"master_deck":["AscendersBane","Strike_R","Strike_R","Strike_R","Defend_R","Defend_R","Defend_R","Bash","Flex","Heavy Blade+1","Pommel Strike","Bloodletting+1","Thunderclap","Inflame","Flex","Cleave+1","Armaments+1","Battle Trance","Offering","Offering","Spot Weakness","Dropkick","Spot Weakness","Flex","Anger","Exhume","Armaments+1","Pommel Strike+1","Shrug It Off","Rampage+1","Heavy Blade+1","Limit Break","Flex","Flex+1","Battle Trance+1","Inflame","Warcry+1","Cleave","Finesse+1","Shrug It Off+1","Doubt","Pommel Strike+1","Flex+1","Anger","Dual Wield+1","Twin Strike+1","Ghostly Armor+1"],"relics":["Burning Blood","Membership Card","MealTicket","Oddly Smooth Stone","Orrery","Black Star","Kunai","Bag of Preparation","Bag of Marbles","Toxic Egg 2","Pantograph","Prayer Wheel","Red Mask"],"acts_visited":["Exordium","TheCity","TheBeyond"],"potions_floor_usage":[38,50],"damage_taken":[{"damage":1.0,"enemies":"Cultist","floor":1.0,"turns":3.0},{"damage":0.0,"enemies":"2 Louse","floor":2.0,"turns":2.0},{"damage":3.0,"enemies":"Small Slimes","floor":3.0,"turns":2.0},{"damage":30.0,"enemies":"3 Sentries","floor":6.0,"turns":6.0},{"damage":0.0,"enemies":"2 Fungi Beasts","floor":10.0,"turns":2.0},{"damage":0.0,"enemies":"Large Slime","floor":11.0,"turns":4.0},{"damage":6.0,"enemies":"Exordium Thugs","floor":13.0,"turns":3.0},{"damage":11.0,"enemies":"Looter","floor":14.0,"turns":2.0},{"damage":21.0,"enemies":"The Guardian","floor":16.0,"turns":4.0},{"damage":18.0,"enemies":"Chosen","floor":18.0,"turns":2.0},{"damage":24.0,"enemies":"2 Thieves","floor":20.0,"turns":3.0},{"damage":25.0,"enemies":"Snecko","floor":21.0,"turns":5.0},{"damage":29.0,"enemies":"Book of Stabbing","floor":25.0,"turns":3.0},{"damage":3.0,"enemies":"Shelled Parasite and Fungi","floor":28.0,"turns":2.0},{"damage":18.0,"enemies":"Chosen and Byrds","floor":30.0,"turns":3.0},{"damage":58.0,"enemies":"Collector","floor":33.0,"turns":6.0},{"damage":6.0,"enemies":"3 Darklings","floor":35.0,"turns":2.0},{"damage":13.0,"enemies":"Orb Walker","floor":36.0,"turns":2.0},{"damage":67,"enemies":"Sphere and 2 Shapes","floor":38,"turns":5},{"damage":35,"enemies":"Maw","floor":42,"turns":5},{"damage":0,"enemies":"4 Shapes","floor":45,"turns":1},{"damage":24,"enemies":"Spire Growth","floor":46,"turns":2},{"damage":48,"enemies":"Maw","floor":47,"turns":4},{"damage":97,"enemies":"Time Eater","floor":50,"turns":5}],"seed_played":"8712717282235692159","potions_obtained":[{"floor":1.0,"key":"SneckoOil"},{"floor":6.0,"key":"Energy Potion"},{"floor":10.0,"key":"Block Potion"},{"floor":13.0,"key":"SkillPotion"},{"floor":18.0,"key":"ColorlessPotion"},{"floor":21.0,"key":"LiquidMemories"},{"floor":25.0,"key":"Weak Potion"},{"floor":28.0,"key":"Block Potion"},{"floor":35.0,"key":"LiquidBronze"},{"floor":38,"key":"Explosive Potion"},{"floor":42,"key":"ElixirPotion"}],"is_trial":false,"path_per_floor":["M","M","M","$","?","E","R","?","T","M","M","$","M","M","R","B",null,"M","?","M","M","?","R","?","E","T","R","M","R","M","?","R","B",null,"M","M","$","M","$","R","?","M","T","?","M","M","M","?","R","B"],"character_chosen":"IRONCLAD","items_purchased":["Membership Card","Flex","Heavy Blade","Pommel Strike","Flex","Cleave","Orrery","Toxic Egg 2","Battle Trance+1","Inflame","Warcry+1","Pantograph"],"campfire_rested":5,"item_purchase_floors":[0,0,0,0,4,4,12,37,37,37,37,39],"current_hp_per_floor":[68,74,77,77,77,53,53,37,37,43,49,64,64,59,59,44,71,59,59,41,22,22,46,46,23,23,47,50,74,62,62,62,10,63,63,56,71,10,25,49,49,20,20,80,80,62,20,20,44,0,0],"gold":0,"neow_bonus":"","is_daily":false,"chose_seed":false,"campfire_upgraded":3,"win_rate":0.0,"timestamp":1607728607,"path_taken":["M","M","?","?","?","E","R","?","T","M","M","$","M","M","R","BOSS","M","?","M","M","?","R","?","E","T","R","M","R","?","?","R","BOSS","M","M","$","M","$","R","?","M","T","?","M","M","M","?","R","BOSS"],"items_purchased_type":["Relic","Card","Card","Card","Card","Card","Relic","Relic","Card","Card","Card","Relic"],"build_version":"2020-11-30","purchased_purges":1,"victory":false,"max_hp_per_floor":[80,80,80,80,80,80,80,80,80,80,80,80,80,80,80,80,80,80,80,80,80,80,80,80,80,80,80,80,80,80,80,80,80,80,80,80,80,80,80,80,80,80,80,80,80,80,80,80,80,80,80],"relic_stats":{"counters":[36,143],"Pantograph":25,"MealTicket":60,"Prayer Wheel":3,"Black Star":1,"Bag of Preparation":[22],"Kunai":[15],"obtain_stats":[{"SacredBark":17,"Oddly Smooth Stone":9,"Pen Nib":9,"Bag of Preparation":25,"Burning Blood":0,"Pantograph":39,"Orrery":12,"MealTicket":6,"Prayer Wheel":43,"Black Star":17,"Bag of Marbles":26,"Red Mask":48,"Membership Card":0,"Kunai":25,"Toxic Egg 2":37},{"SacredBark":9,"Oddly Smooth Stone":16,"Pen Nib":6,"Bag of Preparation":25,"Burning Blood":0,"Pantograph":31,"Orrery":18,"MealTicket":5,"Prayer Wheel":32,"Black Star":21,"Bag of Marbles":25,"Red Mask":35,"Membership Card":12,"Kunai":25,"Toxic Egg 2":30},{"SacredBark":46,"Oddly Smooth Stone":78,"Pen Nib":31,"Bag of Preparation":106,"Burning Blood":0,"Pantograph":126,"Orrery":84,"MealTicket":24,"Prayer Wheel":131,"Black Star":93,"Bag of Marbles":106,"Red Mask":138,"Membership Card":65,"Kunai":106,"Toxic Egg 2":121}],"Burning Blood":198},"card_choices":[{"not_picked":["Searing Blow","Havoc"],"picked":"Bloodletting","floor":1.0},{"not_picked":["Warcry","Body Slam"],"picked":"Thunderclap","floor":2.0},{"not_picked":["Clash","Headbutt"],"picked":"Inflame","floor":3.0},{"not_picked":["Clothesline","Combust"],"picked":"Armaments","floor":6.0},{"not_picked":["Havoc","Twin Strike"],"picked":"Battle Trance","floor":10.0},{"not_picked":["Uppercut","Warcry","True Grit"],"picked":"SKIP","floor":11.0},{"not_picked":["Sentinel","Pommel Strike"],"picked":"Offering","floor":12.0},{"not_picked":["Havoc","Iron Wave"],"picked":"Offering","floor":12.0},{"not_picked":["Inflame","Anger"],"picked":"Spot Weakness","floor":12.0},{"not_picked":["Flame Barrier","Rage"],"picked":"Dropkick","floor":12.0},{"not_picked":["Uppercut","Sever Soul"],"picked":"Spot Weakness","floor":12.0},{"not_picked":["Thunderclap","Sentinel"],"picked":"Flex","floor":13.0},{"not_picked":["Rupture","Shockwave"],"picked":"Anger","floor":14.0},{"not_picked":["Barricade","Juggernaut"],"picked":"Exhume","floor":16.0},{"not_picked":["Perfected Strike+1","Bloodletting"],"picked":"Armaments+1","floor":18.0},{"not_picked":["Shrug It Off","Flame Barrier+1"],"picked":"Pommel Strike+1","floor":20.0},{"not_picked":["Armaments","Dropkick","Uppercut"],"picked":"SKIP","floor":21.0},{"not_picked":["Burning Pact","Whirlwind"],"picked":"Shrug It Off","floor":25.0},{"not_picked":["Clash","Cleave"],"picked":"Rampage+1","floor":28.0},{"not_picked":["Dual Wield","Inflame+1"],"picked":"Heavy Blade","floor":30.0},{"not_picked":["Feed","Barricade"],"picked":"Limit Break","floor":33.0},{"not_picked":["Iron Wave+1","Perfected Strike"],"picked":"Flex","floor":35.0},{"not_picked":["Corruption","Havoc"],"picked":"Flex+1","floor":36.0},{"not_picked":["Whirlwind+1","Searing Blow+1"],"picked":"Cleave","floor":38},{"not_picked":["The Bomb+1","Jack Of All Trades+1"],"picked":"Finesse+1","floor":41},{"not_picked":["Bloodletting+1","Perfected Strike+1"],"picked":"Shrug It Off+1","floor":42},{"not_picked":["Thunderclap","Heavy Blade"],"picked":"Pommel Strike+1","floor":45},{"not_picked":["Entrench+1","Thunderclap"],"picked":"Flex+1","floor":45},{"not_picked":["Ghostly Armor+1","Sword Boomerang"],"picked":"Anger","floor":46},{"not_picked":["Clothesline+1","Shrug It Off+1"],"picked":"Dual Wield+1","floor":46},{"not_picked":["Cleave+1","Pommel Strike+1"],"picked":"Twin Strike+1","floor":47},{"not_picked":["Havoc+1","Clothesline"],"picked":"Ghostly Armor+1","floor":47}],"player_experience":579383,"relics_obtained":[{"floor":6.0,"key":"MealTicket"},{"floor":9.0,"key":"Oddly Smooth Stone"},{"floor":25.0,"key":"Kunai"},{"floor":25.0,"key":"Bag of Preparation"},{"floor":26.0,"key":"Bag of Marbles"},{"floor":43,"key":"Prayer Wheel"}],"event_choices":[{"damage_healed":0.0,"max_hp_gain":0.0,"max_hp_loss":0.0,"gold_gain":175.0,"event_name":"Liars Game","player_choice":"AGREE","floor":5.0,"gold_loss":0.0,"damage_taken":0.0,"cards_obtained":["Doubt"]},{"damage_healed":0.0,"max_hp_gain":0.0,"max_hp_loss":0.0,"gold_gain":0.0,"event_name":"Shining Light","player_choice":"Entered Light","floor":8.0,"gold_loss":0.0,"damage_taken":16.0,"cards_upgraded":["Bloodletting","Cleave"]},{"damage_healed":0.0,"max_hp_gain":0.0,"max_hp_loss":0.0,"gold_gain":0.0,"event_name":"Ghosts","player_choice":"Ignored","floor":19.0,"gold_loss":0.0,"damage_taken":0.0},{"damage_healed":0.0,"max_hp_gain":0.0,"max_hp_loss":0.0,"gold_gain":0.0,"event_name":"Masked Bandits","player_choice":"Paid Fearfully","floor":22.0,"gold_loss":440.0,"damage_taken":0.0},{"cards_removed":["Strike_R"],"damage_healed":0.0,"max_hp_gain":0.0,"max_hp_loss":0.0,"gold_gain":0.0,"event_name":"Purifier","player_choice":"Purged","floor":24.0,"gold_loss":0.0,"damage_taken":0.0},{"damage_healed":0.0,"max_hp_gain":0.0,"max_hp_loss":0.0,"gold_gain":99.0,"event_name":"Nest","player_choice":"Stole From Cult","floor":31.0,"gold_loss":0.0,"damage_taken":0.0},{"damage_healed":0,"gold_gain":0,"player_choice":"Memory 1","damage_taken":0,"max_hp_gain":0,"max_hp_loss":0,"event_name":"SensoryStone","floor":41,"gold_loss":0},{"damage_healed":60,"gold_gain":0,"player_choice":"Heal","damage_taken":0,"max_hp_gain":0,"max_hp_loss":0,"event_name":"MindBloom","floor":44,"gold_loss":0,"cards_obtained":["Doubt"]},{"damage_healed":0,"gold_gain":0,"player_choice":"Paid","damage_taken":0,"relics_obtained":["Red Mask"],"max_hp_gain":0,"max_hp_loss":0,"event_name":"Tomb of Lord Red Mask","floor":48,"gold_loss":94}],"is_beta":false,"boss_relics":[{"not_picked":["Ectoplasm","Busted Crown"],"picked":"Black Star"},{"not_picked":["Snecko Eye","Runic Pyramid","Runic Dome"]}],"items_purged_floors":[12],"is_endless":false,"potions_floor_spawned":[1,6,10,13,18,21,25,28,35,38,42],"killed_by":"Time Eater","ascension_level":10}}