{"host":"ea1gz0s8chhg5p89","time":1607687972,"event":{"mods":["Act Like it!","BaseMod","Gensokyo","Marisa£®ÏF”Í°°ƒß¿Ì…≥£©","Minty Spire (QoL Compilation)","Pale of the Ancients","Remilia£®¿Ÿ√◊¿Ú—«£©","StSLib","The Servant 0.9.4","Youmu£®ªÍ∆«—˝√Œ£©"],"gold_per_floor":[113,129,144,31,31,62,62,76,76,101,79,79,79],"floor_reached":12,"playtime":393,"items_purged":["Strike_RM"],"score":119,"play_id":"acdfc266-79d3-4b4f-ae0a-84d20969fd29","local_time":"20201211195932","is_ascension_mode":true,"campfire_choices":[{"data":"DemonKingCradle","floor":7,"key":"SMITH"}],"circlet_count":0,"master_deck":["Strike_RM","Strike_RM","Defend_RM","Defend_RM","Defend_RM","Defend_RM","RedMoon","ScarletShoot","BloodyMagicSquare","VampirishNight","BlasphemousPunishment","RedMagic","DemonKingCradle+1","RedRainbow","ScarletNetherworld"],"relics":["ScarletHat","Du-Vu Doll","Matryoshka","Kunai"],"acts_visited":["Exordium"],"potions_floor_usage":[10],"damage_taken":[{"damage":0,"enemies":"Cultist","floor":1,"turns":4},{"damage":0,"enemies":"2 Louse","floor":2,"turns":4},{"damage":35,"enemies":"Small Slimes","floor":3,"turns":3},{"damage":27,"enemies":"Lagavulin","floor":6,"turns":3},{"damage":10,"enemies":"Exordium Thugs","floor":8,"turns":4},{"damage":14,"enemies":"3 Sentries","floor":10,"turns":5},{"damage":8,"enemies":"Gremlin Nob","floor":12,"turns":3}],"seed_played":"-4905301896803863958","potions_obtained":[{"floor":1,"key":"Swift Potion"},{"floor":3,"key":"FearPotion"},{"floor":8,"key":"ColorlessPotion"}],"is_trial":false,"path_per_floor":["M","M","M","$","?","E","R","M","T","E","?","E"],"character_chosen":"REMILIA","items_purchased":["RedMagic"],"campfire_rested":0,"item_purchase_floors":[4],"current_hp_per_floor":[70,70,41,41,34,15,15,9,9,1,1,0,0],"gold":79,"neow_bonus":"TWENTY_PERCENT_HP_BONUS","is_daily":false,"chose_seed":false,"campfire_upgraded":1,"win_rate":0.0,"timestamp":1607687972,"path_taken":["M","M","M","?","?","E","R","M","T","E","?","E"],"items_purchased_type":["Card"],"build_version":"2020-11-30","purchased_purges":1,"victory":false,"max_hp_per_floor":[89,89,89,89,89,89,89,89,89,89,89,89,89],"card_choices":[{"not_picked":["BloodHunter","ScarletDream"],"picked":"BloodyMagicSquare","floor":1},{"not_picked":["DevilSight","ScarletImprint"],"picked":"VampirishNight","floor":2},{"not_picked":["MastersStateliness","BloodHunter"],"picked":"BlasphemousPunishment","floor":3},{"not_picked":["VampireKiss","BloodyMagicSquare"],"picked":"DemonKingCradle","floor":6},{"not_picked":["BombardNight","UnderTheZenith"],"picked":"RedRainbow","floor":8},{"not_picked":["AfternoonTea","ScarletSymphony"],"picked":"ScarletNetherworld","floor":10}],"player_experience":469344,"relics_obtained":[{"floor":6,"key":"Du-Vu Doll"},{"floor":9,"key":"Matryoshka"},{"floor":10,"key":"Kunai"}],"event_choices":[{"cards_removed":["Strike_RM"],"damage_healed":0,"gold_gain":0,"player_choice":"Card Removal","damage_taken":7,"max_hp_gain":0,"max_hp_loss":0,"event_name":"Golden Wing","floor":5,"gold_loss":0},{"damage_healed":0,"gold_gain":0,"player_choice":"Left Gold","damage_taken":0,"max_hp_gain":0,"max_hp_loss":0,"event_name":"World of Goop","floor":11,"gold_loss":22}],"is_beta":false,"boss_relics":[],"items_purged_floors":[4],"is_endless":false,"potions_floor_spawned":[1,3,8],"killed_by":"Gremlin Nob","ascension_level":1}}