{"host":"fdq5pmhluajjrf8d","time":1607729017,"event":{"mods":["BaseMod","Minty Spire (QoL Compilation)"],"gold_per_floor":[119,133,148,98,118,143,143,162,162,162,243,208,80,95,95,95,95],"floor_reached":16,"playtime":540,"items_purged":["Injury"],"score":199,"play_id":"7bf3d412-1626-48f4-87c2-52603bb4b035","local_time":"20201211182337","is_ascension_mode":true,"campfire_choices":[{"floor":15,"key":"REST"}],"circlet_count":0,"master_deck":["AscendersBane","Strike_B","Strike_B","Strike_B","Defend_B","Defend_B","Defend_B","Zap","Dualcast","Heatsinks","Sunder","Beam Cell","Recycle","Go for the Eyes","Go for the Eyes","Rebound","Genetic Algorithm","Multi-Cast","Gash","Gash"],"relics":["Cracked Core","Torii","Ice Cream","Golden Idol","Bottled Tornado"],"acts_visited":["Exordium"],"potions_floor_usage":[5,6,6,11,16],"damage_taken":[{"damage":1,"enemies":"Cultist","floor":1,"turns":3},{"damage":2,"enemies":"Jaw Worm","floor":2,"turns":3},{"damage":1,"enemies":"2 Louse","floor":3,"turns":2},{"damage":0,"enemies":"Large Slime","floor":5,"turns":3},{"damage":25,"enemies":"Lagavulin","floor":6,"turns":4},{"damage":10,"enemies":"2 Fungi Beasts","floor":8,"turns":3},{"damage":26,"enemies":"3 Sentries","floor":11,"turns":6},{"damage":27,"enemies":"Exordium Thugs","floor":14,"turns":5},{"damage":43,"enemies":"The Guardian","floor":16,"turns":6}],"seed_played":"7648078043267976185","potions_obtained":[{"floor":1,"key":"Energy Potion"},{"floor":2,"key":"Fire Potion"},{"floor":5,"key":"Swift Potion"},{"floor":8,"key":"Strength Potion"},{"floor":14,"key":"Regen Potion"}],"is_trial":false,"path_per_floor":["M","M","M","$","M","E","?","M","T","?","?","?","$","M","R","B"],"character_chosen":"DEFECT","items_purchased":["Go for the Eyes","Gash"],"campfire_rested":1,"item_purchase_floors":[4,13],"current_hp_per_floor":[63,61,60,60,60,35,56,46,46,46,20,36,36,9,28,0,0],"gold":95,"neow_bonus":"TRANSFORM_TWO_CARDS","is_daily":false,"chose_seed":false,"campfire_upgraded":0,"win_rate":0.0,"timestamp":1607729017,"path_taken":["M","M","M","?","?","E","?","M","T","?","?","?","?","?","R","BOSS"],"items_purchased_type":["Card","Card"],"build_version":"2020-11-30","purchased_purges":1,"victory":false,"max_hp_per_floor":[64,64,64,64,64,64,64,64,64,64,64,64,64,64,64,64,64],"card_choices":[{"not_picked":["Static Discharge","Sweeping Beam"],"picked":"Beam Cell","floor":1},{"not_picked":["Hologram","Go for the Eyes"],"picked":"Recycle","floor":2},{"not_picked":["Leap","Aggregate","Recycle"],"picked":"SKIP","floor":3},{"not_picked":["Force Field","Loop"],"picked":"Go for the Eyes","floor":5},{"not_picked":["Turbo","Redo"],"picked":"Rebound","floor":6},{"not_picked":["Undo","Hello World"],"picked":"Genetic Algorithm","floor":8},{"not_picked":["Auto Shields","Cold Snap"],"picked":"Multi-Cast","floor":11},{"not_picked":["Hologram","Sweeping Beam"],"picked":"Gash","floor":14}],"player_experience":1819744,"relics_obtained":[{"floor":6,"key":"Torii"},{"floor":9,"key":"Ice Cream"},{"floor":11,"key":"Bottled Tornado"}],"event_choices":[{"damage_healed":21,"gold_gain":0,"player_choice":"Banana","damage_taken":0,"max_hp_gain":0,"max_hp_loss":0,"event_name":"Big Fish","floor":7,"gold_loss":0},{"damage_healed":0,"gold_gain":0,"player_choice":"Take Wound","damage_taken":0,"relics_obtained":["Golden Idol"],"max_hp_gain":0,"max_hp_loss":0,"event_name":"Golden Idol","floor":10,"gold_loss":0,"cards_obtained":["Injury"]},{"damage_healed":0,"gold_gain":0,"player_choice":"Searched \u00271\u0027 times","damage_taken":0,"max_hp_gain":0,"max_hp_loss":0,"event_name":"Dead Adventurer","floor":11,"gold_loss":0},{"damage_healed":16,"gold_gain":0,"player_choice":"Healed","damage_taken":0,"max_hp_gain":0,"max_hp_loss":0,"event_name":"The Cleric","floor":12,"gold_loss":35}],"is_beta":false,"boss_relics":[],"items_purged_floors":[13],"is_endless":false,"potions_floor_spawned":[1,2,5,8,14],"killed_by":"The Guardian","ascension_level":19}}