{"host":"am0cr9xwekqmrere","time":1607649505,"event":{"mods":["AchievementEnabler","Act Like it!","BaseMod","Better Altar","Better Match","Better Note","Better Sensory Stone","Better Skull","Better Third Choice","BetterRewards","Conspire","Hubris","Infinite Spire","Minty Spire (QoL Compilation)","Rare Cards Sparkle","Robot Space Explorer","Spicy Shops","StSLib","Unceasing Turn Reminder"],"gold_per_floor":[109,121,132,132,142,142,158,158,158,193,193,223,237,237,237,341,341,360,379,399,417,417,417,21,51,123,123,133,145,245,245,245,347,347,347,347],"floor_reached":35,"playtime":2737,"items_purged":["Regret"],"score":664,"play_id":"196b8b25-539d-4e29-8ce4-80d053e54505","local_time":"20201210191825","is_ascension_mode":true,"campfire_choices":[{"floor":6.0,"key":"REST"},{"data":"RobotSpaceExplorer:MiniDrones","floor":8.0,"key":"SMITH"},{"floor":15.0,"key":"REST"},{"data":"RobotSpaceExplorer:Multitool","floor":23,"key":"SMITH"},{"data":"RobotSpaceExplorer:MiniBoosters","floor":32,"key":"SMITH"}],"circlet_count":0,"master_deck":["RobotSpaceExplorer:Strike+1","RobotSpaceExplorer:Strike","RobotSpaceExplorer:Strike","RobotSpaceExplorer:Strike","RobotSpaceExplorer:Defend","RobotSpaceExplorer:Defend","RobotSpaceExplorer:Defend","RobotSpaceExplorer:Defend","RobotSpaceExplorer:Scan","RobotSpaceExplorer:MiniLasers+1","RobotSpaceExplorer:MiniDrones+1","RobotSpaceExplorer:Counterblock","RobotSpaceExplorer:FrostMissile","RobotSpaceExplorer:GlueShot","RobotSpaceExplorer:SurgingShield","RobotSpaceExplorer:StunGrenade","RobotSpaceExplorer:MiniBoosters+1","RobotSpaceExplorer:MiniDrones","RobotSpaceExplorer:Fix","RobotSpaceExplorer:Multitool+1","CurseOfTheBell","RobotSpaceExplorer:Probe","RobotSpaceExplorer:Probe","RobotSpaceExplorer:Reload","RobotSpaceExplorer:Ammunition","RobotSpaceExplorer:StarLightning","RobotSpaceExplorer:PlasmaMissile","RobotSpaceExplorer:Counterblock","RobotSpaceExplorer:MiniDrones","RobotSpaceExplorer:Probe","infinitespire:Pacifist","Parasite","infinitespire:FinalStrike","RobotSpaceExplorer:TrailblazerForm"],"relics":["RobotSpaceExplorer:RoboCore","Blood Vial","Toy Ornithopter","infinitespire:Blanks Blanky","Mango","hubris:BottledRain","Matryoshka","Calling Bell","Boot","hubris:CrystalStatue","Du-Vu Doll","hubris:BottledHeart","Darkstone Periapt","Lantern","Akabeko","Kunai","Blue Candle","Dead Branch","Sundial","hubris:Backtick","TungstenRod"],"acts_visited":["Exordium","TheCity","TheBeyond"],"potions_floor_usage":[16,16,19,19,25,25,33,33],"damage_taken":[{"damage":0.0,"enemies":"Cultist","floor":1.0,"turns":4.0},{"damage":8.0,"enemies":"Small Slimes","floor":2.0,"turns":3.0},{"damage":3.0,"enemies":"conspire:RoseBush","floor":3.0,"turns":3.0},{"damage":2.0,"enemies":"Lots of Slimes","floor":5.0,"turns":3.0},{"damage":2.0,"enemies":"Blue Slaver","floor":7.0,"turns":4.0},{"damage":48.0,"enemies":"Nightmare","floor":10.0,"turns":15.0},{"damage":0.0,"enemies":"Looter","floor":13.0,"turns":3.0},{"damage":10,"enemies":"The Guardian","floor":16,"turns":10},{"damage":22,"enemies":"conspire:FuzzyDice","floor":18,"turns":7},{"damage":8,"enemies":"Shell Parasite","floor":19,"turns":5},{"damage":14,"enemies":"Snake Plant","floor":20,"turns":6},{"damage":31,"enemies":"3 Cultists","floor":21,"turns":6},{"damage":0,"enemies":"Book of Stabbing","floor":25,"turns":7},{"damage":0,"enemies":"Centurion and Healer","floor":28,"turns":5},{"damage":0,"enemies":"Shelled Parasite and Fungi","floor":29,"turns":6},{"damage":0,"enemies":"Colosseum Slavers","floor":30,"turns":5},{"damage":0,"enemies":"Colosseum Nobs","floor":30,"turns":4},{"damage":0,"enemies":"Collector","floor":33,"turns":10},{"damage":12,"enemies":"3 Darklings","floor":35,"turns":7}],"seed_played":"4697476351450990344","potions_obtained":[{"floor":1.0,"key":"CultistPotion"},{"floor":5.0,"key":"Explosive Potion"},{"floor":7.0,"key":"Block Potion"},{"floor":10.0,"key":"DuplicationPotion"},{"floor":14.0,"key":"FairyPotion"},{"floor":16,"key":"RobotSpaceExplorer:RecyclePotion"},{"floor":18,"key":"PowerPotion"},{"floor":21,"key":"LiquidMemories"},{"floor":29,"key":"Dexterity Potion"},{"floor":30,"key":"RobotSpaceExplorer:PlasmaFlask"}],"is_trial":false,"path_per_floor":["M","M","M","?","M","R","M","R","T","NM","?","?","M","?","R","B",null,"M","M","M","M","?","R","$","E","T","AVR","M","M","?","?","R","B",null,"M"],"character_chosen":"RobotSpaceExplorer","items_purchased":["Blood Vial","Toy Ornithopter","Regal Pillow","RobotSpaceExplorer:MiniDrones","RobotSpaceExplorer:Counterblock","Darkstone Periapt","RobotSpaceExplorer:StarLightning","LiquidMemories"],"campfire_rested":2,"item_purchase_floors":[0,0,0,0,0,24,24,24],"current_hp_per_floor":[53,47,46,31,31,68,68,68,82,46,46,46,48,48,89,79,89,71,79,71,46,1,1,1,1,1,1,1,1,1,1,1,1,1,0,0],"gold":347,"neow_bonus":"","is_daily":false,"chose_seed":false,"campfire_upgraded":3,"win_rate":0.0,"timestamp":1607649505,"path_taken":["M","M","M","?","M","R","M","R","T","NM","?","?","M","?","R","BOSS","M","M","?","M","?","R","$","E","T","AVR","M","M","?","?","R","BOSS","M"],"items_purchased_type":["Relic","Relic","Relic","Card","Card","Relic","Card","Potion"],"build_version":"2020-11-30","purchased_purges":1,"victory":false,"max_hp_per_floor":[75,75,75,75,75,75,75,75,89,89,89,89,89,89,89,89,89,89,89,89,89,1,1,1,1,1,1,1,1,1,1,1,1,1,1,1],"card_choices":[{"not_picked":["RobotSpaceExplorer:FranticSearch","RobotSpaceExplorer:ExhaustFan"],"picked":"RobotSpaceExplorer:FrostMissile","floor":1.0},{"not_picked":["RobotSpaceExplorer:FranticSearch","RobotSpaceExplorer:ShockKick"],"picked":"RobotSpaceExplorer:GlueShot","floor":2.0},{"not_picked":["RobotSpaceExplorer:SwiftStep","RobotSpaceExplorer:GlueShot"],"picked":"RobotSpaceExplorer:SurgingShield","floor":3.0},{"not_picked":["RobotSpaceExplorer:HighVoltage","RobotSpaceExplorer:ShovelStrike"],"picked":"RobotSpaceExplorer:StunGrenade","floor":5.0},{"not_picked":["RobotSpaceExplorer:StunGrenade","RobotSpaceExplorer:JunkDive"],"picked":"RobotSpaceExplorer:MiniBoosters","floor":7.0},{"not_picked":["RobotSpaceExplorer:ScrapMissile","RobotSpaceExplorer:ImprovisedAttack"],"picked":"RobotSpaceExplorer:MiniDrones","floor":10.0},{"not_picked":["RobotSpaceExplorer:GlueShot","RobotSpaceExplorer:Ammunition"],"picked":"RobotSpaceExplorer:Fix","floor":13.0},{"not_picked":["RobotSpaceExplorer:ChargingLaser","RobotSpaceExplorer:Exploration"],"picked":"RobotSpaceExplorer:Multitool","floor":16},{"not_picked":["RobotSpaceExplorer:Pulsar","RobotSpaceExplorer:MetalStrike"],"picked":"RobotSpaceExplorer:Probe","floor":18},{"not_picked":["RobotSpaceExplorer:ShockKick","RobotSpaceExplorer:MetalStrike"],"picked":"RobotSpaceExplorer:Probe","floor":19},{"not_picked":["RobotSpaceExplorer:SurgingStrike+1","RobotSpaceExplorer:Calculate"],"picked":"RobotSpaceExplorer:Reload","floor":20},{"not_picked":["RobotSpaceExplorer:ScrapShield","RobotSpaceExplorer:SurgingStrike+1"],"picked":"RobotSpaceExplorer:Ammunition","floor":21},{"not_picked":["RobotSpaceExplorer:Arsenal","RobotSpaceExplorer:Counterblock"],"picked":"RobotSpaceExplorer:PlasmaMissile","floor":25},{"not_picked":["RobotSpaceExplorer:ImprovisedAttack","RobotSpaceExplorer:FrostMissile"],"picked":"RobotSpaceExplorer:Counterblock","floor":28},{"not_picked":["RobotSpaceExplorer:ScrapToss+1","RobotSpaceExplorer:ShockKick"],"picked":"RobotSpaceExplorer:MiniDrones","floor":29},{"not_picked":["RobotSpaceExplorer:SurgingShield+1","RobotSpaceExplorer:Electropulse"],"picked":"RobotSpaceExplorer:Probe","floor":30},{"not_picked":["infinitespire:NeuralNetwork","hubris:Rewind"],"picked":"infinitespire:FinalStrike","floor":31},{"not_picked":["RobotSpaceExplorer:Accelerator","RobotSpaceExplorer:Asteroid"],"picked":"RobotSpaceExplorer:TrailblazerForm","floor":33}],"player_experience":2349804,"relics_obtained":[{"floor":9.0,"key":"Mango"},{"floor":10.0,"key":"hubris:BottledRain"},{"floor":17,"key":"Boot"},{"floor":17,"key":"hubris:CrystalStatue"},{"floor":17,"key":"Du-Vu Doll"},{"floor":25,"key":"Lantern"},{"floor":26,"key":"Akabeko"},{"floor":26,"key":"Kunai"},{"floor":30,"key":"Dead Branch"},{"floor":30,"key":"Sundial"}],"event_choices":[{"damage_healed":46.0,"max_hp_gain":0.0,"max_hp_loss":75.0,"gold_gain":0.0,"event_name":"betterThird:BetterShining","player_choice":"Upgrade","floor":4.0,"gold_loss":0.0,"damage_taken":15.0,"cards_upgraded":["RobotSpaceExplorer:Strike","RobotSpaceExplorer:MiniLasers"]},{"damage_healed":0.0,"max_hp_gain":0.0,"max_hp_loss":0.0,"gold_gain":30.0,"event_name":"Dead Adventurer","player_choice":"Searched \u00273\u0027 times","floor":12.0,"gold_loss":0.0,"damage_taken":0.0,"relics_obtained":["Matryoshka"]},{"damage_healed":0.0,"max_hp_gain":0.0,"max_hp_loss":0.0,"gold_gain":0.0,"event_name":"Lab","player_choice":"Got Potions","floor":14.0,"gold_loss":0.0,"damage_taken":0.0},{"damage_healed":0,"gold_gain":0,"player_choice":"Fight","damage_taken":0,"max_hp_gain":0,"max_hp_loss":0,"event_name":"Colosseum","floor":30,"gold_loss":0},{"damage_healed":0,"gold_gain":0,"player_choice":"Fought Nobs","damage_taken":0,"max_hp_gain":0,"max_hp_loss":0,"event_name":"Colosseum","floor":30,"gold_loss":0}],"is_beta":false,"boss_relics":[{"not_picked":["SlaversCollar","hubris:ScarierMask"],"picked":"Calling Bell"},{"not_picked":["Tiny House","Black Star"],"picked":"hubris:Backtick"}],"items_purged_floors":[0],"is_endless":true,"potions_floor_spawned":[1,5,7,10,16,18,21,29,30,30],"killed_by":"3 Darklings","ascension_level":2}}