{"host":"49c2zf0lajbcs427","time":1607671782,"event":{"mods":["AchievementEnabler","BaseMod","Colored Map","Colored Powertips","Highlight Path","Minty Spire (QoL Compilation)","Relic Stats","StSLib"],"gold_per_floor":[112,126,141,161,93,128,128,156,156,172,172,183,183,41,41,120,120,130,147,174,174,191,220,220,235,235,268,279,279,204,222,222,295,295,333,378,378,402,248,298,344,566,566,566,621,661,184,184,184,184],"floor_reached":51,"playtime":2951,"items_purged":["Strike_P","Defend_P"],"score":1592,"play_id":"b5109d7b-adcc-4898-8464-6381294cb14a","local_time":"20201211202942","is_ascension_mode":true,"campfire_choices":[{"data":"TalkToTheHand","floor":7,"key":"SMITH"},{"data":"TalkToTheHand","floor":13,"key":"SMITH"},{"data":"SandsOfTime","floor":15,"key":"SMITH"},{"data":"Vault","floor":24,"key":"SMITH"},{"data":"Prostrate","floor":29,"key":"SMITH"},{"floor":32,"key":"DIG"},{"floor":49,"key":"REST"}],"circlet_count":0,"master_deck":["AscendersBane","Defend_P+1","Defend_P+1","Eruption","Vigilance","TalkToTheHand+1","FlyingSleeves","SandsOfTime+1","CutThroughFate","TalkToTheHand+1","WheelKick","WheelKick","Brilliance","Vault+1","FlyingSleeves+1","Brilliance+1","SashWhip+1","InnerPeace","Prostrate+1","EmptyMind","Prostrate","Wish","TalkToTheHand","Scrawl"],"relics":["Velvet Choker","Happy Flower","Gremlin Horn","White Beast Statue","Astrolabe","Red Mask","Bird Faced Urn","Shovel","Matryoshka","Regal Pillow","Busted Crown","CeramicFish","Ancient Tea Set","Strange Spoon","Art of War","Damaru","Prayer Wheel","InkBottle","Turnip"],"acts_visited":["Exordium","TheCity","TheBeyond"],"potions_floor_usage":[16,16,18,23,23,27,35,41,50,50],"damage_taken":[{"damage":0.0,"enemies":"Cultist","floor":1.0,"turns":3.0},{"damage":3.0,"enemies":"2 Louse","floor":2.0,"turns":4.0},{"damage":8.0,"enemies":"Small Slimes","floor":3.0,"turns":4.0},{"damage":12.0,"enemies":"Exordium Thugs","floor":4.0,"turns":4.0},{"damage":8,"enemies":"Gremlin Nob","floor":6,"turns":5},{"damage":0,"enemies":"Lagavulin","floor":8,"turns":6},{"damage":0,"enemies":"Exordium Wildlife","floor":10,"turns":3},{"damage":0,"enemies":"3 Louse","floor":12,"turns":2},{"damage":0,"enemies":"Slime Boss","floor":16,"turns":6},{"damage":0,"enemies":"2 Thieves","floor":18,"turns":3},{"damage":3,"enemies":"Spheric Guardian","floor":19,"turns":4},{"damage":0,"enemies":"Masked Bandits","floor":20,"turns":3},{"damage":0,"enemies":"Snake Plant","floor":22,"turns":5},{"damage":0,"enemies":"Slavers","floor":23,"turns":4},{"damage":0,"enemies":"Sentry and Sphere","floor":25,"turns":3},{"damage":1,"enemies":"Book of Stabbing","floor":27,"turns":5},{"damage":0,"enemies":"Centurion and Healer","floor":28,"turns":4},{"damage":3,"enemies":"Snake Plant","floor":31,"turns":5},{"damage":0,"enemies":"Champ","floor":33,"turns":8},{"damage":0,"enemies":"3 Darklings","floor":35,"turns":7},{"damage":0,"enemies":"3 Shapes","floor":36,"turns":3},{"damage":0,"enemies":"Giant Head","floor":40,"turns":7},{"damage":2,"enemies":"Sphere and 2 Shapes","floor":41,"turns":4},{"damage":11,"enemies":"Nemesis","floor":45,"turns":5},{"damage":7,"enemies":"Writhing Mass","floor":46,"turns":5},{"damage":40,"enemies":"Time Eater","floor":50,"turns":6}],"seed_played":"-9145749106200443490","potions_obtained":[{"floor":1.0,"key":"Ancient Potion"},{"floor":4.0,"key":"GamblersBrew"},{"floor":6,"key":"FearPotion"},{"floor":12,"key":"Swift Potion"},{"floor":16,"key":"SneckoOil"},{"floor":18,"key":"Fire Potion"},{"floor":19,"key":"EssenceOfSteel"},{"floor":20,"key":"Fire Potion"},{"floor":22,"key":"StancePotion"},{"floor":23,"key":"Block Potion"},{"floor":25,"key":"AttackPotion"},{"floor":27,"key":"LiquidBronze"},{"floor":31,"key":"SkillPotion"},{"floor":33,"key":"Strength Potion"},{"floor":35,"key":"Weak Potion"},{"floor":40,"key":"Swift Potion"},{"floor":41,"key":"LiquidMemories"}],"is_trial":false,"path_per_floor":["M","M","M","M","$","E","R","E","T","M","?","M","R","$","R","B",null,"M","M","?","?","M","E","R","M","T","E","M","R","$","M","R","B",null,"M","M","?","T","$","E","M","?","T","?","E","M","$","?","R","B",null],"character_chosen":"WATCHER","items_purchased":["TalkToTheHand","Brilliance","Strange Spoon","Scrawl","Turnip"],"campfire_rested":1,"item_purchase_floors":[5,14,39,47,47],"current_hp_per_floor":[61,58,50,38,38,30,30,30,30,30,16,16,16,16,16,16,55,55,52,52,52,52,52,52,52,52,53,55,55,55,54,54,56,65,67,68,65,65,65,65,63,63,63,63,54,49,49,49,65,25],"gold":184,"neow_bonus":"BOSS_RELIC","is_daily":false,"chose_seed":false,"campfire_upgraded":5,"win_rate":0.0,"timestamp":1607671782,"path_taken":["M","M","M","M","$","E","R","E","T","?","?","M","R","$","R","BOSS","M","M","?","?","M","E","R","M","T","E","?","R","$","M","R","BOSS","M","M","?","?","?","E","M","?","T","?","E","?","$","?","R","BOSS"],"items_purchased_type":["Card","Card","Relic","Card","Relic"],"build_version":"2020-11-30","purchased_purges":2,"victory":true,"max_hp_per_floor":[68,68,68,68,68,68,68,68,68,68,68,68,68,68,68,68,68,68,68,68,68,68,68,68,68,68,68,68,68,68,68,68,68,68,68,68,65,65,65,65,65,65,65,65,65,65,65,65,65,65],"relic_stats":{"Regal Pillow":0,"Happy Flower":[32],"Gremlin Horn":[18,19],"counters":[26,118],"Astrolabe":["FlyingSleeves","Brilliance","SashWhip"],"CeramicFish":18,"Strange Spoon":[11],"Shovel":1,"Busted Crown":14,"Bird Faced Urn":[15],"Prayer Wheel":1,"Turnip":[0],"Art of War":[1],"obtain_stats":[{"Regal Pillow":32,"Happy Flower":6,"Gremlin Horn":8,"Astrolabe":17,"CeramicFish":38,"Velvet Choker":0,"Damaru":43,"Ancient Tea Set":38,"White Beast Statue":9,"Strange Spoon":39,"Shovel":26,"Matryoshka":27,"Busted Crown":34,"Bird Faced Urn":23,"Prayer Wheel":43,"Turnip":47,"Red Mask":20,"Art of War":40,"PureWater":0,"InkBottle":45},{"Regal Pillow":18,"Happy Flower":5,"Gremlin Horn":6,"Astrolabe":9,"CeramicFish":21,"Velvet Choker":0,"Damaru":23,"Ancient Tea Set":21,"White Beast Statue":6,"Strange Spoon":21,"Shovel":15,"Matryoshka":16,"Busted Crown":19,"Bird Faced Urn":14,"Prayer Wheel":23,"Turnip":25,"Red Mask":12,"Art of War":22,"PureWater":0,"InkBottle":24},{"Regal Pillow":73,"Happy Flower":20,"Gremlin Horn":26,"Astrolabe":37,"CeramicFish":91,"Velvet Choker":0,"Damaru":102,"Ancient Tea Set":91,"White Beast Statue":26,"Strange Spoon":91,"Shovel":59,"Matryoshka":64,"Busted Crown":81,"Bird Faced Urn":56,"Prayer Wheel":102,"Turnip":112,"Red Mask":47,"Art of War":98,"PureWater":0,"InkBottle":107}],"InkBottle":[4]},"card_choices":[{"not_picked":["Wallop","EmptyBody"],"picked":"TalkToTheHand","floor":1.0},{"not_picked":["LikeWater","Vengeance"],"picked":"FlyingSleeves","floor":2.0},{"not_picked":["Protect","Wallop"],"picked":"SandsOfTime","floor":3.0},{"not_picked":["Crescendo","FlurryOfBlows"],"picked":"CutThroughFate","floor":4.0},{"not_picked":["Alpha","PathToVictory","WreathOfFlame"],"picked":"SKIP","floor":6},{"not_picked":["CarveReality","CutThroughFate","FlurryOfBlows"],"picked":"SKIP","floor":8},{"not_picked":["FlurryOfBlows","ForeignInfluence"],"picked":"WheelKick","floor":10},{"not_picked":["BowlingBash","JustLucky"],"picked":"WheelKick","floor":12},{"not_picked":["SpiritShield","ConjureBlade"],"picked":"Vault","floor":16},{"not_picked":["FlurryOfBlows+1","ClearTheMind+1","PathToVictory+1"],"picked":"SKIP","floor":18},{"not_picked":["DeceiveReality+1","ThirdEye+1"],"picked":"InnerPeace","floor":19},{"not_picked":["Halt","Evaluate","SashWhip"],"picked":"SKIP","floor":22},{"not_picked":["EmptyBody","CutThroughFate"],"picked":"Wireheading+1","floor":23},{"not_picked":["DevaForm","PathToVictory"],"picked":"Prostrate","floor":25},{"not_picked":["WheelKick","Evaluate+1"],"picked":"EmptyMind","floor":27},{"not_picked":["Halt","Protect"],"picked":"Prostrate","floor":28},{"not_picked":["Fasting2","BattleHymn","EmptyBody"],"picked":"SKIP","floor":31},{"not_picked":["ConjureBlade","Brilliance"],"picked":"Wish","floor":33},{"not_picked":["ClearTheMind"],"picked":"SKIP","floor":35},{"not_picked":["SashWhip+1"],"picked":"SKIP","floor":36},{"not_picked":["PathToVictory"],"picked":"SKIP","floor":40},{"not_picked":[],"picked":"TalkToTheHand","floor":41},{"not_picked":["Pray"],"picked":"SKIP","floor":45},{"not_picked":["JustLucky+1"],"picked":"SKIP","floor":46},{"not_picked":["ThirdEye"],"picked":"SKIP","floor":46}],"player_experience":2064982,"relics_obtained":[{"floor":6,"key":"Happy Flower"},{"floor":8,"key":"Gremlin Horn"},{"floor":9,"key":"White Beast Statue"},{"floor":20,"key":"Red Mask"},{"floor":23,"key":"Bird Faced Urn"},{"floor":26,"key":"Shovel"},{"floor":27,"key":"Matryoshka"},{"floor":32,"key":"Regal Pillow"},{"floor":38,"key":"CeramicFish"},{"floor":38,"key":"Ancient Tea Set"},{"floor":40,"key":"Art of War"},{"floor":43,"key":"Damaru"},{"floor":43,"key":"Prayer Wheel"},{"floor":45,"key":"InkBottle"}],"event_choices":[{"damage_healed":0,"gold_gain":0,"player_choice":"Entered Light","damage_taken":14,"max_hp_gain":0,"max_hp_loss":0,"event_name":"Shining Light","floor":11,"gold_loss":0,"cards_upgraded":["Defend_P","Defend_P"]},{"damage_healed":0,"gold_gain":0,"player_choice":"Fought Bandits","damage_taken":0,"max_hp_gain":0,"max_hp_loss":0,"event_name":"Masked Bandits","floor":20,"gold_loss":0},{"damage_healed":0,"gold_gain":0,"player_choice":"Got Potions","damage_taken":0,"max_hp_gain":0,"max_hp_loss":0,"event_name":"Lab","floor":21,"gold_loss":0},{"damage_healed":0,"gold_gain":0,"player_choice":"Max HP","damage_taken":0,"max_hp_gain":0,"max_hp_loss":3,"event_name":"Winding Halls","floor":37,"gold_loss":0},{"damage_healed":0,"gold_gain":222,"player_choice":"Wore Mask","damage_taken":0,"max_hp_gain":0,"max_hp_loss":0,"event_name":"Tomb of Lord Red Mask","floor":42,"gold_loss":0},{"cards_removed":["Strike_P"],"damage_healed":0,"gold_gain":0,"player_choice":"Offered Basic","damage_taken":0,"max_hp_gain":0,"max_hp_loss":0,"event_name":"Bonfire Elementals","floor":44,"gold_loss":0},{"cards_removed":["Wireheading"],"damage_healed":0,"gold_gain":0,"player_choice":"Removed Power","damage_taken":0,"max_hp_gain":0,"max_hp_loss":0,"event_name":"Falling","floor":48,"gold_loss":0}],"is_beta":false,"boss_relics":[{"not_picked":["Ectoplasm","SlaversCollar"],"picked":"Astrolabe"},{"not_picked":["Tiny House","Cursed Key"],"picked":"Busted Crown"}],"items_purged_floors":[30,47],"is_endless":false,"potions_floor_spawned":[1,4,6,10,12,16,18,19,20,22,23,25,27,28,31,33,35,36,40,41,45,46],"ascension_level":14}}