{"host":"9z9bilz90zy1bfdt","time":1607678040,"event":{"mods":["BaseMod","Minty Spire (QoL Compilation)","StSLib","SuperFastMode"],"gold_per_floor":[360,310,310,78,91,91,22,56,56,56,56,99,73,96,96,96,96],"floor_reached":16,"playtime":349,"items_purged":["Defend_R"],"score":143,"play_id":"eaedc12a-b3de-4a43-bca1-87d93769d221","local_time":"20201211181400","is_ascension_mode":true,"campfire_choices":[{"data":"Body Slam","floor":6,"key":"SMITH"},{"data":"Flex","floor":15,"key":"SMITH"}],"circlet_count":0,"master_deck":["Strike_R","Strike_R","Strike_R","Strike_R","Defend_R","Defend_R","Defend_R","Bash+1","Pommel Strike+1","Body Slam+1","Reckless Charge","Ghostly Armor","Dropkick","Flex+1","Cleave"],"relics":["Burning Blood","Medical Kit","Question Card","Mercury Hourglass","Golden Idol","Calipers"],"acts_visited":["Exordium"],"potions_floor_usage":[16,16,16,16],"damage_taken":[{"damage":7,"enemies":"Small Slimes","floor":1,"turns":5},{"damage":0,"enemies":"2 Louse","floor":5,"turns":2},{"damage":24,"enemies":"Gremlin Nob","floor":8,"turns":4},{"damage":10,"enemies":"3 Sentries","floor":12,"turns":6},{"damage":0,"enemies":"Cultist","floor":14,"turns":2},{"damage":41,"enemies":"The Guardian","floor":16,"turns":12}],"seed_played":"-9181009816989196717","potions_obtained":[{"floor":8,"key":"Dexterity Potion"},{"floor":12,"key":"EntropicBrew"}],"is_trial":false,"path_per_floor":["M","?","?","$","M","R","$","E","T","?","?","E","$","M","R","B"],"character_chosen":"IRONCLAD","items_purchased":["Medical Kit","Reckless Charge","Flex"],"campfire_rested":0,"item_purchase_floors":[4,7,13],"current_hp_per_floor":[50,50,50,50,56,56,56,38,38,38,38,34,34,40,40,0,0],"gold":96,"neow_bonus":"TWO_FIFTY_GOLD","is_daily":false,"chose_seed":false,"campfire_upgraded":2,"win_rate":0.0,"timestamp":1607678040,"path_taken":["M","?","?","$","?","R","$","E","T","?","?","E","?","?","R","BOSS"],"items_purchased_type":["Relic","Card","Card"],"build_version":"2020-11-30","purchased_purges":1,"victory":false,"max_hp_per_floor":[80,80,80,80,80,80,80,80,80,80,74,74,74,74,74,74,74],"card_choices":[{"not_picked":["Cleave","True Grit"],"picked":"Pommel Strike","floor":1},{"not_picked":["Combust","Iron Wave"],"picked":"Body Slam","floor":5},{"not_picked":["Seeing Red","Rampage"],"picked":"Ghostly Armor","floor":8},{"not_picked":["Sword Boomerang","Perfected Strike","Headbutt"],"picked":"Dropkick","floor":12},{"not_picked":["Heavy Blade","Perfected Strike","Sever Soul"],"picked":"Cleave","floor":14}],"player_experience":311715,"relics_obtained":[{"floor":8,"key":"Question Card"},{"floor":9,"key":"Mercury Hourglass"},{"floor":12,"key":"Calipers"}],"event_choices":[{"cards_removed":["Strike_R"],"damage_healed":0,"gold_gain":0,"player_choice":"Card Removal","damage_taken":0,"max_hp_gain":0,"max_hp_loss":0,"event_name":"The Cleric","floor":2,"gold_loss":50},{"damage_healed":0,"gold_gain":0,"player_choice":"Forge","damage_taken":0,"max_hp_gain":0,"max_hp_loss":0,"event_name":"Accursed Blacksmith","floor":3,"gold_loss":0,"cards_upgraded":["Bash"]},{"damage_healed":0,"gold_gain":0,"player_choice":"Grow","damage_taken":0,"max_hp_gain":0,"max_hp_loss":0,"event_name":"Living Wall","floor":10,"gold_loss":0,"cards_upgraded":["Pommel Strike"]},{"damage_healed":0,"gold_gain":0,"player_choice":"Lose Max HP","damage_taken":0,"relics_obtained":["Golden Idol"],"max_hp_gain":0,"max_hp_loss":6,"event_name":"Golden Idol","floor":11,"gold_loss":0}],"is_beta":false,"boss_relics":[],"items_purged_floors":[4],"is_endless":false,"potions_floor_spawned":[8,12],"killed_by":"The Guardian","ascension_level":7}}