{"host":"wghdsg8ym2wc7ov9","time":1607721599,"event":{"mods":["AchievementEnabler","BaseMod","Better Altar","Better Note","Colored Map","Highlight Path","Minty Spire (QoL Compilation)","Random Character Button","Relic Stats","Shop Mod","StSLib"],"gold_per_floor":[118,138,148,148,148,182,182,213,286,10,29,29,49,63,63,165,165,175,175,175,191,208,208,220,255,255,255,60,95,95,121,121,225,225,237,255,274,320,320,320,348,368,368,381,14,14,48,59,59,59],"floor_reached":51,"playtime":6619,"items_purged":[],"score":838,"play_id":"80ffc2b5-8572-44dc-9aaa-6d1fe7da88b9","local_time":"20201211131959","is_ascension_mode":true,"campfire_choices":[{"data":"Rampage","floor":7,"key":"SMITH"},{"data":"Uppercut","floor":12,"key":"SMITH"},{"data":"Armaments","floor":15,"key":"SMITH"},{"data":"Feed","floor":23,"key":"SMITH"},{"floor":27,"key":"REST"},{"floor":32,"key":"REST"},{"floor":40,"key":"REST"},{"floor":49,"key":"REST"}],"circlet_count":0,"master_deck":["Strike_R+1","Strike_R+1","Strike_R+1","Defend_R+1","Defend_R+1","Defend_R+1","Defend_R+1","Bash+1","Carnage","Heavy Blade","Power Through","Rampage+1","Uppercut+1","Fire Breathing+1","Power Through","Armaments+1","Power Through","Feed+1","Feel No Pain+1","Double Tap","Searing Blow","Necronomicurse","Sword Boomerang+1","Feel No Pain+1","Flame Barrier","Reaper","Fire Breathing+1","Disarm","Rampage+1","Bludgeon","Armaments+1","Anger+1","Parasite","Rampage+1","Flame Barrier+1","Madness","Enlightenment","Apotheosis","Whirlwind+1","Dual Wield","Infernal Blade+1","Transmutation","Berserk+1","Transmutation","Clash","Parasite","Pummel+1"],"relics":["Burning Blood","Oddly Smooth Stone","Bag of Preparation","Frozen Egg 2","SlaversCollar","Necronomicon","Eternal Feather","Ginger","MerchantsRug","Ornamental Fan","Mercury Hourglass","Fusion Hammer","Regal Pillow","DollysMirror","Self Forming Clay","Kunai","Smiling Mask"],"acts_visited":["Exordium","TheCity","TheBeyond"],"potions_floor_usage":[16,16,16,25,33,50],"damage_taken":[{"damage":5,"enemies":"Jaw Worm","floor":1,"turns":5},{"damage":0,"enemies":"2 Louse","floor":2,"turns":3},{"damage":0,"enemies":"Cultist","floor":3,"turns":2},{"damage":11,"enemies":"Gremlin Nob","floor":6,"turns":3},{"damage":18,"enemies":"3 Sentries","floor":8,"turns":8},{"damage":13,"enemies":"Lots of Slimes","floor":11,"turns":6},{"damage":0,"enemies":"Large Slime","floor":13,"turns":3},{"damage":1,"enemies":"3 Louse","floor":14,"turns":5},{"damage":21,"enemies":"Slime Boss","floor":16,"turns":7},{"damage":0,"enemies":"Chosen","floor":18,"turns":5},{"damage":20,"enemies":"2 Thieves","floor":21,"turns":5},{"damage":0,"enemies":"Centurion and Healer","floor":22,"turns":5},{"damage":36,"enemies":"3 Cultists","floor":24,"turns":5},{"damage":32,"enemies":"Slavers","floor":25,"turns":6},{"damage":66,"enemies":"Gremlin Leader","floor":29,"turns":8},{"damage":10,"enemies":"Book of Stabbing","floor":31,"turns":6},{"damage":33,"enemies":"Collector","floor":33,"turns":8},{"damage":14,"enemies":"3 Darklings","floor":35,"turns":7},{"damage":0,"enemies":"3 Shapes","floor":36,"turns":5},{"damage":0,"enemies":"Writhing Mass","floor":37,"turns":6},{"damage":38,"enemies":"2 Orb Walkers","floor":38,"turns":5},{"damage":33,"enemies":"Reptomancer","floor":41,"turns":8},{"damage":5,"enemies":"Sphere and 2 Shapes","floor":42,"turns":6},{"damage":20,"enemies":"Spire Growth","floor":44,"turns":6},{"damage":5,"enemies":"Nemesis","floor":47,"turns":7},{"damage":12,"enemies":"Writhing Mass","floor":48,"turns":5},{"damage":100,"enemies":"Awakened One","floor":50,"turns":13}],"seed_played":"464637446725358103","potions_obtained":[{"floor":1,"key":"Regen Potion"},{"floor":6,"key":"Fire Potion"},{"floor":8,"key":"ColorlessPotion"},{"floor":13,"key":"ColorlessPotion"},{"floor":21,"key":"PowerPotion"},{"floor":31,"key":"SkillPotion"},{"floor":33,"key":"EssenceOfSteel"},{"floor":36,"key":"FairyPotion"},{"floor":42,"key":"FearPotion"},{"floor":48,"key":"BloodPotion"}],"is_trial":false,"path_per_floor":["M","M","M","?","?","E","R","E","T","$","M","R","M","M","R","B",null,"M","?","?","M","M","R","M","E","T","R","$","E","?","E","R","B",null,"M","M","M","?","?","R","E","M","T","M","$","T","E","M","R","B",null],"character_chosen":"IRONCLAD","items_purchased":["Frozen Egg 2","Fire Breathing+1","MerchantsRug","Fire Breathing+1","Transmutation","Berserk+1","DollysMirror","Self Forming Clay"],"campfire_rested":4,"item_purchase_floors":[10,10,28,28,45,45,45,45],"current_hp_per_floor":[80,80,80,62,62,57,57,45,45,45,38,38,44,49,49,49,80,83,83,73,59,65,65,35,9,9,50,50,26,26,34,75,64,89,89,89,95,63,53,95,84,89,89,87,87,87,88,82,99,44],"gold":59,"neow_bonus":"UPGRADE_CARD","is_daily":false,"chose_seed":false,"campfire_upgraded":4,"win_rate":0.0,"timestamp":1607721599,"path_taken":["M","M","M","?","?","E","R","E","T","$","M","R","M","M","R","BOSS","M","?","?","M","M","R","M","E","T","R","$","E","?","E","R","BOSS","M","M","M","?","?","R","E","M","T","M","$","?","E","M","R","BOSS"],"items_purchased_type":["Relic","Card","Relic","Card","Card","Card","Relic","Relic"],"build_version":"2020-11-30","purchased_purges":0,"victory":true,"max_hp_per_floor":[80,80,80,80,80,80,80,80,80,80,80,80,80,80,80,80,80,83,83,89,89,89,89,89,89,89,89,89,89,89,89,89,89,89,89,89,95,95,95,95,95,99,99,99,99,99,99,99,99,99],"relic_stats":{"Regal Pillow":0,"counters":[27,158],"Self Forming Clay":[48],"Eternal Feather":68,"Bag of Preparation":[44],"Ginger":[18],"Smiling Mask":0,"Burning Blood":129,"Mercury Hourglass":[342],"Ornamental Fan":[104],"Necronomicon":[61],"Kunai":[9],"obtain_stats":[{"Darkstone Periapt":9,"MerchantsRug":28,"Regal Pillow":41,"Self Forming Clay":45,"Oddly Smooth Stone":6,"Eternal Feather":25,"Bag of Preparation":8,"Ginger":26,"Whetstone":43,"Frozen Egg 2":10,"Smiling Mask":47,"Burning Blood":0,"Mercury Hourglass":31,"Peace Pipe":4,"SlaversCollar":17,"Ornamental Fan":29,"DollysMirror":45,"Fusion Hammer":34,"Necronomicon":20,"Kunai":46,"Unceasing Top":38},{"Darkstone Periapt":5,"MerchantsRug":14,"Regal Pillow":22,"Self Forming Clay":24,"Oddly Smooth Stone":4,"Eternal Feather":14,"Bag of Preparation":5,"Ginger":14,"Whetstone":23,"Frozen Egg 2":5,"Smiling Mask":25,"Burning Blood":0,"Mercury Hourglass":16,"Peace Pipe":3,"SlaversCollar":9,"Ornamental Fan":15,"DollysMirror":24,"Fusion Hammer":17,"Necronomicon":10,"Kunai":24,"Unceasing Top":21},{"Darkstone Periapt":21,"MerchantsRug":68,"Regal Pillow":121,"Self Forming Clay":133,"Oddly Smooth Stone":13,"Eternal Feather":68,"Bag of Preparation":21,"Ginger":68,"Whetstone":127,"Frozen Egg 2":21,"Smiling Mask":140,"Burning Blood":0,"Mercury Hourglass":82,"Peace Pipe":10,"SlaversCollar":42,"Ornamental Fan":76,"DollysMirror":133,"Fusion Hammer":90,"Necronomicon":47,"Kunai":133,"Unceasing Top":113}]},"card_choices":[{"not_picked":["Combust","Clothesline"],"picked":"Carnage","floor":1},{"not_picked":["Twin Strike","Evolve"],"picked":"Heavy Blade","floor":2},{"not_picked":["Clothesline","Iron Wave"],"picked":"Power Through","floor":3},{"not_picked":["Fiend Fire","Twin Strike"],"picked":"Rampage","floor":6},{"not_picked":["Pommel Strike","Thunderclap"],"picked":"Uppercut","floor":8},{"not_picked":["True Grit","Thunderclap"],"picked":"Power Through","floor":11},{"not_picked":["Anger","Sword Boomerang"],"picked":"Armaments","floor":13},{"not_picked":["Clash","Thunderclap"],"picked":"Power Through","floor":14},{"not_picked":["Limit Break","Exhume"],"picked":"Feed","floor":16},{"not_picked":["Combust+1","Havoc"],"picked":"Feel No Pain+1","floor":18},{"not_picked":["Flex","Body Slam"],"picked":"Sword Boomerang","floor":21},{"not_picked":["Shrug It Off","Pommel Strike"],"picked":"Feel No Pain+1","floor":22},{"not_picked":["Headbutt","Iron Wave"],"picked":"Flame Barrier","floor":24},{"not_picked":["Clash","Sword Boomerang"],"picked":"Reaper","floor":25},{"not_picked":["Wild Strike","Flex"],"picked":"Disarm","floor":29},{"not_picked":["Iron Wave","Reckless Charge"],"picked":"Rampage","floor":31},{"not_picked":["Double Tap","Fiend Fire"],"picked":"Bludgeon","floor":33},{"not_picked":["Flex","True Grit+1"],"picked":"Armaments+1","floor":35},{"not_picked":["Flame Barrier","Body Slam+1"],"picked":"Anger+1","floor":36},{"not_picked":["Warcry+1","Armaments"],"picked":"Rampage+1","floor":37},{"not_picked":["Battle Trance+1","Wild Strike"],"picked":"Flame Barrier+1","floor":38},{"not_picked":["Dramatic Entrance","Deep Breath"],"picked":"Madness","floor":39},{"not_picked":["Mind Blast","Jack Of All Trades"],"picked":"Enlightenment","floor":39},{"not_picked":["Swift Strike","Dramatic Entrance"],"picked":"Apotheosis","floor":39},{"not_picked":["Shrug It Off","Heavy Blade+1"],"picked":"Whirlwind+1","floor":41},{"not_picked":["Feel No Pain+1","Havoc"],"picked":"Dual Wield","floor":42},{"not_picked":["Dark Embrace+1","Carnage"],"picked":"Infernal Blade+1","floor":44},{"not_picked":["True Grit+1","Feel No Pain+1"],"picked":"Clash","floor":47},{"not_picked":["Iron Wave","Battle Trance+1"],"picked":"Pummel+1","floor":48}],"player_experience":321882,"relics_obtained":[{"floor":6,"key":"Oddly Smooth Stone"},{"floor":8,"key":"Bag of Preparation"},{"floor":9,"key":"Darkstone Periapt"},{"floor":20,"key":"Necronomicon"},{"floor":25,"key":"Eternal Feather"},{"floor":26,"key":"Ginger"},{"floor":29,"key":"Ornamental Fan"},{"floor":31,"key":"Mercury Hourglass"},{"floor":38,"key":"Unceasing Top"},{"floor":41,"key":"Regal Pillow"},{"floor":43,"key":"Whetstone"},{"floor":46,"key":"Kunai"},{"floor":47,"key":"Smiling Mask"}],"event_choices":[{"damage_healed":0,"gold_gain":0,"player_choice":"Success","damage_taken":18,"relics_obtained":["Peace Pipe"],"max_hp_gain":0,"max_hp_loss":0,"event_name":"Scrap Ooze","floor":4,"gold_loss":0},{"damage_healed":0,"gold_gain":0,"player_choice":"Leave","damage_taken":0,"max_hp_gain":0,"max_hp_loss":0,"event_name":"The Cleric","floor":5,"gold_loss":0},{"damage_healed":0,"gold_gain":0,"cards_transformed":["Strike_R","Strike_R"],"player_choice":"Became Test Subject","damage_taken":0,"max_hp_gain":0,"max_hp_loss":0,"event_name":"Drug Dealer","floor":19,"gold_loss":0,"cards_obtained":["Double Tap","Searing Blow"]},{"damage_healed":0,"gold_gain":0,"player_choice":"Obtained Book","damage_taken":16,"max_hp_gain":0,"max_hp_loss":0,"event_name":"Cursed Tome","floor":20,"gold_loss":0},{"damage_healed":0,"gold_gain":0,"player_choice":"Simplicity","damage_taken":0,"max_hp_gain":0,"max_hp_loss":0,"event_name":"Back to Basics","floor":30,"gold_loss":0,"cards_upgraded":["Strike_R","Strike_R","Strike_R","Defend_R","Defend_R","Defend_R","Defend_R"]},{"damage_healed":0,"gold_gain":0,"player_choice":"Fight","damage_taken":0,"max_hp_gain":0,"max_hp_loss":0,"event_name":"Mysterious Sphere","floor":38,"gold_loss":0},{"damage_healed":0,"gold_gain":0,"player_choice":"Memory 3","damage_taken":10,"max_hp_gain":0,"max_hp_loss":0,"event_name":"SensoryStone","floor":39,"gold_loss":0}],"is_beta":false,"boss_relics":[{"not_picked":["SacredBark","Busted Crown"],"picked":"SlaversCollar"},{"not_picked":["Empty Cage","Runic Pyramid"],"picked":"Fusion Hammer"}],"items_purged_floors":[],"is_endless":false,"potions_floor_spawned":[1,6,8,13,21,31,33,36,42,44,48],"ascension_level":1}}