{"host":"xb2tau8pgi8aflss","time":1607701217,"event":{"mods":["AchievementEnabler","BaseMod","Hermit","Minty Spire (QoL Compilation)","StSLib","SuperFastMode"],"gold_per_floor":[111,122,133,133,133,133,133,166,166,186,196,215,65,80,80,180,180,170,85,102,116,16,41,41,0,0,19,52,70,82,116,116,219,219,229,229,247,122,141,141,141,141,187,222,222,232,251,266,266,266],"floor_reached":51,"playtime":2472,"items_purged":["Defend_R","Barricade","Perfected Strike+1"],"score":948,"play_id":"ab7e6bea-643d-4ca8-8e84-08b07716a760","local_time":"20201212004017","is_ascension_mode":true,"campfire_choices":[{"data":"Body Slam","floor":6,"key":"SMITH"},{"data":"Armaments","floor":15,"key":"SMITH"},{"data":"Barricade","floor":24,"key":"SMITH"},{"floor":32,"key":"REST"},{"data":"True Grit","floor":42,"key":"SMITH"},{"data":"Feel No Pain","floor":45,"key":"SMITH"},{"data":"Fiend Fire","floor":49,"key":"SMITH"}],"circlet_count":0,"master_deck":["Bash","Finesse","Disarm","Warcry","Body Slam+1","Fire Breathing","Spot Weakness","Metallicize","Armaments+1","Feel No Pain+1","True Grit+1","Barricade+1","Battle Trance","Infernal Blade","Wild Strike","Shockwave+1","Sentinel","Flame Barrier","Seeing Red+1","Fiend Fire+1","Body Slam+1","Corruption+1","Reaper+1","Fire Breathing+1","Bandage Up","Second Wind+1"],"relics":["Burning Blood","Bottled Flame","Thread and Needle","Pandora\u0027s Box","Dead Branch","Juzu Bracelet","White Beast Statue","Red Skull","Eternal Feather","Astrolabe","Nunchaku","Pen Nib"],"acts_visited":["Exordium","TheCity","TheBeyond"],"potions_floor_usage":[8,8,20,23,28,28,28,30,31,31,37,37,39,46,50],"damage_taken":[{"damage":7.0,"enemies":"2 Louse","floor":1.0,"turns":3.0},{"damage":10,"enemies":"Jaw Worm","floor":2,"turns":5},{"damage":0,"enemies":"Small Slimes","floor":3,"turns":3},{"damage":38,"enemies":"Gremlin Nob","floor":8,"turns":5},{"damage":8,"enemies":"3 Louse","floor":10,"turns":5},{"damage":7,"enemies":"Blue Slaver","floor":11,"turns":3},{"damage":27,"enemies":"Gremlin Gang","floor":12,"turns":7},{"damage":0,"enemies":"Looter","floor":14,"turns":4},{"damage":17,"enemies":"The Guardian","floor":16,"turns":13},{"damage":33,"enemies":"2 Thieves","floor":18,"turns":4},{"damage":0,"enemies":"Chosen","floor":20,"turns":7},{"damage":24,"enemies":"Snake Plant","floor":21,"turns":5},{"damage":6,"enemies":"Book of Stabbing","floor":23,"turns":5},{"damage":12,"enemies":"Centurion and Healer","floor":27,"turns":9},{"damage":29,"enemies":"Slavers","floor":28,"turns":3},{"damage":7,"enemies":"Cultist and Chosen","floor":29,"turns":6},{"damage":0,"enemies":"Shelled Parasite and Fungi","floor":30,"turns":7},{"damage":7,"enemies":"Book of Stabbing","floor":31,"turns":7},{"damage":14,"enemies":"Champ","floor":33,"turns":8},{"damage":3,"enemies":"Orb Walker","floor":35,"turns":4},{"damage":1,"enemies":"3 Shapes","floor":37,"turns":3},{"damage":42,"enemies":"Jaw Worm Horde","floor":39,"turns":5},{"damage":23,"enemies":"Reptomancer","floor":44,"turns":7},{"damage":0,"enemies":"3 Darklings","floor":46,"turns":5},{"damage":0,"enemies":"Maw","floor":47,"turns":5},{"damage":4,"enemies":"4 Shapes","floor":48,"turns":6},{"damage":16,"enemies":"Donu and Deca","floor":50,"turns":5}],"seed_played":"3918699782375872821","potions_obtained":[{"floor":2,"key":"LiquidBronze"},{"floor":3,"key":"Energy Potion"},{"floor":8,"key":"BloodPotion"},{"floor":16,"key":"Block Potion"},{"floor":21,"key":"PowerPotion"},{"floor":23,"key":"Explosive Potion"},{"floor":27,"key":"BlessingOfTheForge"},{"floor":28,"key":"SpeedPotion"},{"floor":29,"key":"LiquidMemories"},{"floor":30,"key":"BlessingOfTheForge"},{"floor":31,"key":"Strength Potion"},{"floor":33,"key":"Explosive Potion"},{"floor":35,"key":"ColorlessPotion"},{"floor":37,"key":"Explosive Potion"},{"floor":39,"key":"EntropicBrew"},{"floor":44,"key":"BloodPotion"},{"floor":46,"key":"ElixirPotion"},{"floor":47,"key":"HeartOfIron"}],"is_trial":false,"path_per_floor":["M","M","M","?","?","R","?","E","T","M","M","M","$","M","R","B",null,"M","?","M","M","$","E","R","?","T","M","E","M","M","E","R","B",null,"M","?","M","$","M","?","$","R","T","E","R","M","M","M","R","B",null],"character_chosen":"IRONCLAD","items_purchased":["Feel No Pain"],"campfire_rested":1,"item_purchase_floors":[13],"current_hp_per_floor":[79,75,80,85,78,78,78,46,46,44,43,22,22,28,28,17,68,41,41,47,29,29,29,29,29,29,23,17,16,22,21,58,50,76,79,79,85,85,49,49,49,64,64,69,84,85,85,85,85,85],"gold":266,"neow_bonus":"RANDOM_COLORLESS","is_daily":false,"chose_seed":false,"campfire_upgraded":6,"win_rate":0.0,"timestamp":1607701217,"path_taken":["M","M","M","?","?","R","?","E","T","M","M","M","$","?","R","BOSS","M","?","M","M","$","E","R","?","T","M","E","M","M","E","R","BOSS","M","?","M","$","M","?","$","R","T","E","R","M","M","M","R","BOSS"],"items_purchased_type":["Card"],"build_version":"2020-11-30","purchased_purges":3,"victory":true,"max_hp_per_floor":[80,80,80,85,85,85,85,85,85,85,85,85,85,85,85,85,85,85,85,85,85,85,85,85,85,85,85,85,85,85,85,85,85,85,85,85,85,85,85,85,85,85,85,85,85,85,85,85,85,85],"card_choices":[{"not_picked":["Panacea","Dark Shackles"],"picked":"Finesse","floor":0.0},{"not_picked":["Rupture","Iron Wave"],"picked":"Disarm","floor":1.0},{"not_picked":["True Grit","Thunderclap"],"picked":"Warcry","floor":2},{"not_picked":["Clothesline","Inflame"],"picked":"Body Slam","floor":3},{"not_picked":["Clash","Sword Boomerang"],"picked":"Fire Breathing","floor":8},{"not_picked":["Sword Boomerang","Anger"],"picked":"Spot Weakness","floor":10},{"not_picked":["Uppercut","Sword Boomerang"],"picked":"Metallicize","floor":11},{"not_picked":["Anger","Rampage"],"picked":"Armaments","floor":12},{"not_picked":["Flex","Clothesline"],"picked":"True Grit","floor":14},{"not_picked":["Exhume","Impervious"],"picked":"Barricade","floor":16},{"not_picked":["True Grit","Headbutt"],"picked":"Shockwave+1","floor":18},{"not_picked":["Bloodletting","Cleave"],"picked":"Sentinel","floor":20},{"not_picked":["Body Slam","Havoc","Iron Wave+1"],"picked":"SKIP","floor":21},{"not_picked":["Pommel Strike+1","True Grit+1"],"picked":"Flame Barrier","floor":23},{"not_picked":["Heavy Blade","Hemokinesis"],"picked":"Seeing Red+1","floor":27},{"not_picked":["Feel No Pain","Carnage"],"picked":"Fiend Fire","floor":28},{"not_picked":["Anger","Sword Boomerang","Twin Strike"],"picked":"SKIP","floor":29},{"not_picked":["Inflame","Body Slam","Shrug It Off"],"picked":"SKIP","floor":30},{"not_picked":["Clash","Warcry"],"picked":"Body Slam+1","floor":31},{"not_picked":["Impervious","Juggernaut"],"picked":"Corruption","floor":33},{"not_picked":["Fire Breathing","Heavy Blade","Anger"],"picked":"SKIP","floor":35},{"not_picked":["Discovery","Dark Shackles"],"picked":"Bandage Up","floor":36},{"not_picked":["Heavy Blade+1","Wild Strike+1","Disarm+1"],"picked":"SKIP","floor":37},{"not_picked":["Intimidate+1","Twin Strike","True Grit"],"picked":"SKIP","floor":39},{"not_picked":["Carnage","Iron Wave","Armaments"],"picked":"SKIP","floor":44},{"not_picked":["Sword Boomerang+1","Body Slam","Thunderclap+1"],"picked":"SKIP","floor":46},{"not_picked":["Fire Breathing+1","Whirlwind","Havoc"],"picked":"SKIP","floor":47},{"not_picked":["Wild Strike+1","Heavy Blade"],"picked":"Second Wind+1","floor":48}],"player_experience":735576,"relics_obtained":[{"floor":8,"key":"Bottled Flame"},{"floor":9,"key":"Thread and Needle"},{"floor":23,"key":"Juzu Bracelet"},{"floor":26,"key":"White Beast Statue"},{"floor":28,"key":"Red Skull"},{"floor":31,"key":"Eternal Feather"},{"floor":43,"key":"Nunchaku"},{"floor":44,"key":"Pen Nib"}],"event_choices":[{"damage_healed":0,"gold_gain":0,"player_choice":"Donut","damage_taken":0,"max_hp_gain":5,"max_hp_loss":0,"event_name":"Big Fish","floor":4,"gold_loss":0},{"cards_removed":["Strike_R"],"damage_healed":0,"gold_gain":0,"player_choice":"Card Removal","damage_taken":7,"max_hp_gain":0,"max_hp_loss":0,"event_name":"Golden Wing","floor":5,"gold_loss":0},{"damage_healed":0,"gold_gain":0,"player_choice":"Ignored","damage_taken":0,"max_hp_gain":0,"max_hp_loss":0,"event_name":"Liars Game","floor":7,"gold_loss":0},{"damage_healed":0,"gold_gain":0,"player_choice":"Obtained Relic","damage_taken":0,"relics_obtained":["Dead Branch"],"max_hp_gain":0,"max_hp_loss":0,"event_name":"Addict","floor":19,"gold_loss":85},{"damage_healed":0,"gold_gain":0,"player_choice":"Paid Fearfully","damage_taken":0,"max_hp_gain":0,"max_hp_loss":0,"event_name":"Masked Bandits","floor":25,"gold_loss":41},{"damage_healed":0,"gold_gain":0,"player_choice":"Memory 1","damage_taken":0,"max_hp_gain":0,"max_hp_loss":0,"event_name":"SensoryStone","floor":36,"gold_loss":0},{"damage_healed":0,"gold_gain":0,"player_choice":"Upgraded","damage_taken":0,"max_hp_gain":0,"max_hp_loss":0,"event_name":"Upgrade Shrine","floor":40,"gold_loss":0,"cards_upgraded":["Corruption"]}],"is_beta":false,"boss_relics":[{"not_picked":["Cursed Key","Sozu"],"picked":"Pandora\u0027s Box"},{"not_picked":["Velvet Choker","Black Blood"],"picked":"Astrolabe"}],"items_purged_floors":[13,22,38],"is_endless":false,"potions_floor_spawned":[2,3,8,16,21,23,27,28,29,30,31,33,35,37,39,44,46,47,48],"ascension_level":5}}