{"host":"r5cycnjhcbwgkpkf","time":1607711905,"event":{"mods":["2.2 Compatiblity","AchievementEnabler","BaseMod","Bestiary","Better Match","Better Note","Better Skull","Better Third Choice","BetterRewards","Colored Map","Colored Powertips","Downfall","Infinite Spire","Minty Spire (QoL Compilation)","Replay The Spire","Spicy Shops","StSLib"],"gold_per_floor":[118,118,41,41,41,41,62,75,75,89,89,89],"floor_reached":11,"playtime":297,"items_purged":[],"score":69,"play_id":"a950e6d2-365a-445f-9c79-566ce319519d","local_time":"20201211103825","is_ascension_mode":true,"campfire_choices":[{"data":"Replay:Fractal Strike","floor":6,"key":"SMITH"}],"circlet_count":0,"master_deck":["Strike_G","Strike_G","Strike_G","Strike_G","Strike_G","Defend_G","Defend_G","Defend_G","Defend_G","Defend_G","Survivor","Neutralize","Sucker Punch","Quick Slash","Replay:Fractal Strike+1","Footwork+1","Caltrops+1","Deadly Poison"],"relics":["Ring of the Snake","Ice Cream","Frozen Egg 2","Golden Idol"],"acts_visited":["Exordium"],"potions_floor_usage":[],"damage_taken":[{"damage":0,"enemies":"2 Louse","floor":1,"turns":3},{"damage":1,"enemies":"Jaw Worm","floor":7,"turns":4},{"damage":0,"enemies":"Cultist","floor":8,"turns":3},{"damage":7,"enemies":"3 Louse","floor":10,"turns":3},{"damage":0,"enemies":"3 Sentries","floor":11,"turns":1}],"seed_played":"7107327267616331542","potions_obtained":[{"floor":1,"key":"Venom Potion"},{"floor":5,"key":"FairyPotion"},{"floor":5,"key":"infinitespire:BlackPotion"}],"is_trial":false,"path_per_floor":["M","?","$","?","?","R","M","M","T","M","E"],"character_chosen":"THE_SILENT","items_purchased":["Ice Cream","Frozen Egg 2","Sucker Punch","Footwork+1"],"campfire_rested":0,"item_purchase_floors":[0,0,0,3],"current_hp_per_floor":[70,52,52,52,52,52,51,51,51,44,44,44],"gold":89,"neow_bonus":"","is_daily":false,"chose_seed":false,"campfire_upgraded":1,"win_rate":0.0,"timestamp":1607711905,"path_taken":["M","?","$","?","?","R","M","M","T","?","E"],"items_purchased_type":["Relic","Relic","Card","Card"],"build_version":"2020-11-30","purchased_purges":0,"victory":false,"max_hp_per_floor":[70,70,70,65,65,65,65,65,65,65,65,65],"card_choices":[{"not_picked":["Cloak And Dagger","Calculated Gamble"],"picked":"Quick Slash","floor":1},{"not_picked":["infinitespire:Punishment","infinitespire:UltimateForm"],"picked":"Replay:Fractal Strike","floor":2},{"not_picked":["Outmaneuver","Expertise","Slice"],"picked":"SKIP","floor":7},{"not_picked":["Poison Darts","Acrobatics"],"picked":"Caltrops+1","floor":8},{"not_picked":["Tactician","Quick Slash"],"picked":"Deadly Poison","floor":10}],"player_experience":339006,"relics_obtained":[],"event_choices":[{"damage_healed":0,"gold_gain":0,"player_choice":"Lose Max HP","damage_taken":0,"relics_obtained":["Golden Idol"],"max_hp_gain":0,"max_hp_loss":5,"event_name":"Golden Idol","floor":4,"gold_loss":0},{"damage_healed":0,"gold_gain":0,"player_choice":"Got Potions","damage_taken":0,"max_hp_gain":0,"max_hp_loss":0,"event_name":"Lab","floor":5,"gold_loss":0}],"is_beta":false,"boss_relics":[],"items_purged_floors":[],"is_endless":false,"potions_floor_spawned":[1,7],"killed_by":"3 Sentries","ascension_level":2}}