{"host":"adt9pv9dmmkchns7","time":1607705799,"event":{"mods":["AchievementEnabler","BaseMod","Beaked The Cultist","Better Third Choice","Downfall","Energized Spire","Hermit","Infinite Spire","Jorbs\u0027s Wanderer Trilogy","Minty Spire (QoL Compilation)","Potionbrewer","Replay The Spire","Shade Mod","Spicy Shops","StSLib","The Blackbeard","The Construct","The Cursed","The Forsaken","The Necromancer","Wandering Minibosses"],"gold_per_floor":[118,130,130,143,159,187,204,237,237,337,355,372,386,417,417,514,464,476,476,476,476,499,535,535,554,554,583,274,292,320,356,356,466,466,492,492,492,492],"floor_reached":37,"playtime":7808,"items_purged":["stsjorbsmod:Hurt","Normality"],"score":508,"play_id":"0963c8e2-2803-457d-aded-ee3d1a687403","local_time":"20201211175639","is_ascension_mode":false,"campfire_choices":[{"floor":15,"key":"RECALL"},{"data":"stsjorbsmod:ArcaneForm","floor":24,"key":"SMITH"},{"data":"stsjorbsmod:MagicMirror","floor":32,"key":"SMITH"},{"data":"stsjorbsmod:FranticSearch","floor":32,"key":"SMITH"}],"circlet_count":0,"master_deck":["stsjorbsmod:ForbiddenGrimoire+1","stsjorbsmod:Strike_Wanderer","stsjorbsmod:Strike_Wanderer","stsjorbsmod:Strike_Wanderer","stsjorbsmod:Strike_Wanderer+1","stsjorbsmod:Defend_Wanderer","stsjorbsmod:Defend_Wanderer","stsjorbsmod:FreshAdventure","stsjorbsmod:EyeOfTheStorm","stsjorbsmod:Hibernate","stsjorbsmod:BookOfTongues","stsjorbsmod:ColorSpray+1","stsjorbsmod:ChainLightning","stsjorbsmod:ArcaneForm+1","stsjorbsmod:FracturedMind","stsjorbsmod:AnimateObjects","stsjorbsmod:Firebolt","stsjorbsmod:Counterspell","stsjorbsmod:Banish","stsjorbsmod:Strike_Wanderer","stsjorbsmod:FlameWard","infinitespire:UltimateForm","stsjorbsmod:FranticSearch+1","stsjorbsmod:Firebolt+1","stsjorbsmod:SmithingStrike+1","stsjorbsmod:RefuseToForget","stsjorbsmod:MagicMirror+1","stsjorbsmod:Aid","stsjorbsmod:CorrodingBarrier","stsjorbsmod:Inferno","stsjorbsmod:Aid+1","stsjorbsmod:SiphonEnergy","stsjorbsmod:Counterspell+1"],"relics":["stsjorbsmod:GrimoireRelic","ReplayTheSpireMod:Shallot","infinitespire:Satchel","Replay:Wax Seal","energizedSpire:HugeHouse","ReplayTheSpireMod:Lightbulb","CeramicFish","potionbrewer:Torch","Replay:Arrowhead","Medical Kit","Lantern","Pen Nib","Philosopher\u0027s Stone","Replay:Towering Pillar of Hats"],"acts_visited":["Exordium","TheCity","TheBeyond"],"potions_floor_usage":[5,8,8,14,23,31,33],"damage_taken":[{"damage":0,"enemies":"2 Louse","floor":1,"turns":3},{"damage":1,"enemies":"Jaw Worm","floor":2,"turns":5},{"damage":2,"enemies":"Cultist","floor":4,"turns":7},{"damage":8,"enemies":"Looter","floor":5,"turns":3},{"damage":15,"enemies":"Replay:BlueRogue","floor":6,"turns":7},{"damage":0,"enemies":"3 Louse","floor":7,"turns":3},{"damage":18,"enemies":"Lagavulin","floor":8,"turns":7},{"damage":0,"enemies":"Blue Slaver","floor":11,"turns":5},{"damage":0,"enemies":"Large Slime","floor":12,"turns":5},{"damage":0,"enemies":"Exordium Wildlife","floor":13,"turns":2},{"damage":3,"enemies":"Gremlin Nob","floor":14,"turns":3},{"damage":15,"enemies":"Slime Boss","floor":16,"turns":7},{"damage":0,"enemies":"3 Byrds","floor":18,"turns":5},{"damage":0,"enemies":"Chosen","floor":22,"turns":6},{"damage":0,"enemies":"Replay:Snechameleon","floor":23,"turns":6},{"damage":9,"enemies":"Shelled Parasite and Fungi","floor":25,"turns":7},{"damage":0,"enemies":"Snake Plant","floor":27,"turns":5},{"damage":1,"enemies":"Centurion and Healer","floor":30,"turns":6},{"damage":16,"enemies":"Gremlin Leader","floor":31,"turns":5},{"damage":38,"enemies":"Automaton","floor":33,"turns":8},{"damage":4,"enemies":"3 Darklings","floor":35,"turns":3},{"damage":20,"enemies":"infinitespire:Three Voidlings","floor":37,"turns":4},{"damage":73,"enemies":"Nightmare_Alpha","floor":37,"turns":7}],"seed_played":"-3624785069308039768","potions_obtained":[{"floor":4,"key":"FearPotion"},{"floor":5,"key":"construct:ShiftPotion"},{"floor":6,"key":"stsjorbsmod:LiquidVirtue"},{"floor":7,"key":"SteroidPotion"},{"floor":12,"key":"Dexterity Potion"},{"floor":16,"key":"Adrenaline Potion"},{"floor":22,"key":"sneckomod:MuddlingPotion"},{"floor":23,"key":"Toxic Potion"},{"floor":31,"key":"FearPotion"}],"is_trial":false,"path_per_floor":["M","M","?","M","M","E","M","E","T","?","M","M","M","E","R","B",null,"M","AVR","?","?","M","E","R","M","T","M","$","?","M","E","R","B",null,"M","AVR","?"],"character_chosen":"WANDERER","items_purchased":["stsjorbsmod:MagicMirror","Medical Kit","Lantern"],"campfire_rested":0,"item_purchase_floors":[28,28,28],"current_hp_per_floor":[76,76,76,74,67,52,57,39,39,39,43,44,44,45,45,30,75,75,75,75,75,75,75,75,73,73,77,77,77,77,66,66,28,77,76,76,0,0],"gold":492,"neow_bonus":"TEN_PERCENT_HP_BONUS","is_daily":false,"chose_seed":false,"campfire_upgraded":3,"win_rate":0.0,"timestamp":1607705799,"path_taken":["M","M","?","M","M","E","M","E","T","?","M","M","M","E","R","BOSS","M","AVR","?","?","M","E","R","M","T","M","$","?","?","E","R","BOSS","M","AVR","?"],"items_purchased_type":["Card","Relic","Relic"],"build_version":"2020-11-30","purchased_purges":2,"victory":false,"max_hp_per_floor":[76,76,76,76,76,76,80,80,80,80,80,80,80,80,80,80,75,75,75,75,75,75,75,75,77,77,77,77,77,77,77,77,77,77,77,77,77,77],"card_choices":[{"not_picked":["stsjorbsmod:Mending","stsjorbsmod:Will"],"picked":"stsjorbsmod:Hibernate","floor":1},{"not_picked":["stsjorbsmod:ChatteringStrike","stsjorbsmod:BurningFlask"],"picked":"stsjorbsmod:BookOfTongues","floor":2},{"not_picked":["stsjorbsmod:WeightOfMemory","stsjorbsmod:FracturedMind"],"picked":"stsjorbsmod:ColorSpray","floor":4},{"not_picked":["stsjorbsmod:DoubleCheck","stsjorbsmod:Hibernate","stsjorbsmod:Fear"],"picked":"SKIP","floor":5},{"not_picked":["stsjorbsmod:WeightOfMemory","stsjorbsmod:Mania"],"picked":"stsjorbsmod:Channel","floor":6},{"not_picked":["stsjorbsmod:TrueStrike","stsjorbsmod:Prepare"],"picked":"stsjorbsmod:ChainLightning","floor":7},{"not_picked":["stsjorbsmod:ScorchingRay","stsjorbsmod:Hibernate"],"picked":"stsjorbsmod:ArcaneForm","floor":8},{"not_picked":["stsjorbsmod:ChainLightning","stsjorbsmod:Will"],"picked":"stsjorbsmod:FracturedMind","floor":11},{"not_picked":["stsjorbsmod:ArcaneWeapon","stsjorbsmod:DoubleCheck"],"picked":"stsjorbsmod:AnimateObjects","floor":12},{"not_picked":["stsjorbsmod:Index","stsjorbsmod:DoubleCheck"],"picked":"stsjorbsmod:Firebolt","floor":13},{"not_picked":["stsjorbsmod:Message","stsjorbsmod:BookOfTongues"],"picked":"stsjorbsmod:Counterspell","floor":14},{"not_picked":["stsjorbsmod:GatherPower","stsjorbsmod:Determination"],"picked":"stsjorbsmod:Banish","floor":16},{"not_picked":["stsjorbsmod:Aid","stsjorbsmod:Inferno"],"picked":"stsjorbsmod:FlameWard","floor":18},{"not_picked":["stsjorbsmod:Prepare+1","stsjorbsmod:AnimateObjects"],"picked":"stsjorbsmod:FranticSearch","floor":22},{"not_picked":["stsjorbsmod:ParryingBlow","stsjorbsmod:Index"],"picked":"stsjorbsmod:Firebolt+1","floor":23},{"not_picked":["stsjorbsmod:HedgeWizard","stsjorbsmod:FracturedMind"],"picked":"stsjorbsmod:SmithingStrike","floor":25},{"not_picked":["stsjorbsmod:LocateObject","stsjorbsmod:Message"],"picked":"stsjorbsmod:RefuseToForget","floor":27},{"not_picked":["stsjorbsmod:TrueStrike","stsjorbsmod:ChatteringStrike"],"picked":"stsjorbsmod:Inferno","floor":30},{"not_picked":["stsjorbsmod:Inferno","stsjorbsmod:Hibernate"],"picked":"stsjorbsmod:Aid+1","floor":31},{"not_picked":["stsjorbsmod:Rediscovery","stsjorbsmod:ArcaneForm"],"picked":"stsjorbsmod:SiphonEnergy","floor":33},{"not_picked":["stsjorbsmod:BurningFlask","stsjorbsmod:Inferno+1"],"picked":"stsjorbsmod:Counterspell+1","floor":35}],"player_experience":809246,"relics_obtained":[{"floor":6,"key":"ReplayTheSpireMod:Shallot"},{"floor":8,"key":"infinitespire:Satchel"},{"floor":14,"key":"Replay:Wax Seal"},{"floor":23,"key":"potionbrewer:Torch"},{"floor":26,"key":"Replay:Arrowhead"},{"floor":31,"key":"Pen Nib"}],"event_choices":[{"damage_healed":0,"gold_gain":0,"player_choice":"Leave","damage_taken":0,"max_hp_gain":0,"max_hp_loss":0,"event_name":"The Cleric","floor":3,"gold_loss":0},{"damage_healed":0,"gold_gain":100,"player_choice":"Gold","damage_taken":0,"max_hp_gain":0,"max_hp_loss":0,"event_name":"Wheel of Change","floor":10,"gold_loss":0},{"damage_healed":0,"gold_gain":0,"player_choice":"Ignored","damage_taken":0,"max_hp_gain":0,"max_hp_loss":0,"event_name":"Ghosts","floor":21,"gold_loss":0},{"damage_healed":0,"gold_gain":0,"cards_transformed":["stsjorbsmod:Defend_Wanderer","stsjorbsmod:Defend_Wanderer"],"player_choice":"Became Test Subject","damage_taken":0,"max_hp_gain":0,"max_hp_loss":0,"event_name":"Drug Dealer","floor":29,"gold_loss":0,"cards_obtained":["stsjorbsmod:Aid","stsjorbsmod:CorrodingBarrier"]}],"is_beta":false,"boss_relics":[{"not_picked":["Tiny House","Abe\u0027s Treasure"],"picked":"energizedSpire:HugeHouse"},{"not_picked":["construct:ClawGrip","Empty Cage"],"picked":"Philosopher\u0027s Stone"}],"items_purged_floors":[19,28],"is_endless":false,"potions_floor_spawned":[4,5,6,7,12,16,22,23,31],"killed_by":"Nightmare_Alpha","ascension_level":0}}