{"host":"p7j7o00jacnw7qzt","time":1607657499,"event":{"mods":["BaseMod","Colored Map","Colored Powertips","DeckTracker","Highlight Path","Minty Spire (QoL Compilation)","Relic Stats"],"gold_per_floor":[113,188,203,213,228,228,228],"floor_reached":6,"playtime":233,"items_purged":[],"score":76,"play_id":"03cce879-8d2c-4347-9c21-a8510a9b4513","local_time":"20201210223139","is_ascension_mode":true,"campfire_choices":[],"circlet_count":0,"master_deck":["AscendersBane","Strike_R","Strike_R","Strike_R","Strike_R","Strike_R","Defend_R","Defend_R","Defend_R","Defend_R","Bash","Dark Embrace","Whirlwind","Battle Trance"],"relics":["Coffee Dripper"],"acts_visited":[],"potions_floor_usage":[5],"damage_taken":[{"damage":2.0,"enemies":"2 Louse","floor":1.0,"turns":3.0},{"damage":7.0,"enemies":"Jaw Worm","floor":3.0,"turns":4.0},{"damage":0.0,"enemies":"Cultist","floor":4.0,"turns":2.0},{"damage":19,"enemies":"Gremlin Gang","floor":5,"turns":5},{"damage":25,"enemies":"Lagavulin","floor":6,"turns":7}],"seed_played":"5149255214107541873","potions_obtained":[{"floor":3.0,"key":"CultistPotion"},{"floor":5,"key":"Swift Potion"}],"is_trial":false,"path_per_floor":["M","?","M","M","M","E"],"character_chosen":"IRONCLAD","items_purchased":[],"campfire_rested":0,"item_purchase_floors":[],"current_hp_per_floor":[66,55,48,48,29,4,4],"gold":228,"neow_bonus":"BOSS_RELIC","is_daily":false,"chose_seed":false,"campfire_upgraded":0,"win_rate":0.0,"timestamp":1607657499,"path_taken":["M","?","M","M","M","E"],"items_purchased_type":[],"build_version":"2020-11-30","purchased_purges":0,"victory":false,"max_hp_per_floor":[75,75,75,75,75,75,75],"relic_stats":{"counters":[5,21],"obtain_stats":[{"Coffee Dripper":0,"Burning Blood":0},{"Coffee Dripper":0,"Burning Blood":0},{"Coffee Dripper":0,"Burning Blood":0}]},"card_choices":[{"not_picked":["Cleave","Iron Wave","Anger"],"picked":"SKIP","floor":1.0},{"not_picked":["Flame Barrier","Cleave"],"picked":"Dark Embrace","floor":3.0},{"not_picked":["Dark Embrace","Flame Barrier"],"picked":"Whirlwind","floor":4.0},{"not_picked":["Pommel Strike","Whirlwind"],"picked":"Battle Trance","floor":5}],"player_experience":758897,"relics_obtained":[],"event_choices":[{"damage_healed":0.0,"max_hp_gain":0.0,"max_hp_loss":0.0,"gold_gain":75.0,"event_name":"World of Goop","player_choice":"Gather Gold","floor":2.0,"gold_loss":0.0,"damage_taken":11.0}],"is_beta":false,"boss_relics":[],"items_purged_floors":[],"is_endless":false,"potions_floor_spawned":[3,5],"killed_by":"Lagavulin","ascension_level":20}}