{"host":"m6aaltr68g9tvoay","time":1607719733,"event":{"mods":["AchievementEnabler","BaseMod","Colored Map","Minty Spire (QoL Compilation)","StSLib"],"gold_per_floor":[118,134,147,147,160,160,193,193,193,225,236,246,246,246,246,344,344,358,382,28,28,49,49,49],"floor_reached":23,"playtime":917,"items_purged":["Injury"],"score":396,"play_id":"177ceab6-3199-4019-90a4-17fefe21a509","local_time":"20201211124853","is_ascension_mode":true,"campfire_choices":[{"data":"Finisher","floor":6,"key":"SMITH"},{"floor":8,"key":"REST"},{"floor":15,"key":"REST"}],"circlet_count":0,"master_deck":["AscendersBane","Strike_G+1","Strike_G+1","Strike_G+1","Strike_G+1","Defend_G+1","Defend_G+1","Defend_G+1","Defend_G+1","Defend_G+1","Survivor","Neutralize","Tools of the Trade","Backstab","Backstab","Finisher+1","Slice","Tactician","Dagger Spray","Blade Dance","Dodge and Roll","Envenom","CurseOfTheBell"],"relics":["Ring of the Snake","Smiling Mask","Regal Pillow","Meat on the Bone","Golden Idol","Calling Bell","CeramicFish","The Courier","Mango","Orichalcum","Potion Belt"],"acts_visited":["Exordium","TheCity"],"potions_floor_usage":[7,10,10,12,16,19,22,23],"damage_taken":[{"damage":5,"enemies":"Small Slimes","floor":1,"turns":5},{"damage":4,"enemies":"Cultist","floor":2,"turns":4},{"damage":1,"enemies":"2 Louse","floor":3,"turns":3},{"damage":0,"enemies":"Exordium Wildlife","floor":5,"turns":1},{"damage":20,"enemies":"3 Sentries","floor":7,"turns":8},{"damage":18,"enemies":"Lagavulin","floor":10,"turns":5},{"damage":0,"enemies":"2 Fungi Beasts","floor":11,"turns":1},{"damage":10,"enemies":"Large Slime","floor":12,"turns":4},{"damage":9,"enemies":"Slime Boss","floor":16,"turns":11},{"damage":11,"enemies":"3 Byrds","floor":18,"turns":7},{"damage":46,"enemies":"Chosen","floor":19,"turns":6},{"damage":0,"enemies":"Snake Plant","floor":22,"turns":3},{"damage":48,"enemies":"Gremlin Leader","floor":23,"turns":5}],"seed_played":"-8193876725091651015","potions_obtained":[{"floor":1,"key":"Block Potion"},{"floor":3,"key":"Block Potion"},{"floor":5,"key":"Regen Potion"},{"floor":7,"key":"Fire Potion"},{"floor":10,"key":"SkillPotion"},{"floor":14,"key":"BlessingOfTheForge"},{"floor":14,"key":"Weak Potion"},{"floor":19,"key":"SkillPotion"}],"is_trial":false,"path_per_floor":["M","M","M","$","M","R","E","R","T","E","M","M","?","?","R","B",null,"M","M","$","?","M","E"],"character_chosen":"THE_SILENT","items_purchased":["Block Potion","Orichalcum","Potion Belt"],"campfire_rested":2,"item_purchase_floors":[20,20,20],"current_hp_per_floor":[54,50,49,49,49,49,38,57,57,39,39,41,41,41,66,57,78,67,33,33,33,45,0,0],"gold":49,"neow_bonus":"TRANSFORM_CARD","is_daily":false,"chose_seed":false,"campfire_upgraded":1,"win_rate":0.0,"timestamp":1607719733,"path_taken":["M","M","M","$","M","R","E","R","T","E","M","M","?","?","R","BOSS","M","?","$","?","M","E"],"items_purchased_type":["Potion","Relic","Relic"],"build_version":"2020-11-30","purchased_purges":1,"victory":false,"max_hp_per_floor":[66,66,66,66,66,66,66,66,66,66,66,66,66,66,66,66,80,80,80,80,80,80,80,80],"card_choices":[{"not_picked":["Heel Hook","Dagger Throw"],"picked":"Backstab","floor":1},{"not_picked":["Noxious Fumes","Deflect"],"picked":"Backstab","floor":2},{"not_picked":["Dodge and Roll","Bouncing Flask"],"picked":"Finisher","floor":3},{"not_picked":["Dodge and Roll","Footwork"],"picked":"Slice","floor":5},{"not_picked":["Slice","Setup"],"picked":"Tactician","floor":7},{"not_picked":["Expertise","Concentrate"],"picked":"Dagger Spray","floor":10},{"not_picked":["Deadly Poison","Deflect"],"picked":"Blade Dance","floor":11},{"not_picked":["Flechettes","Deadly Poison"],"picked":"Dodge and Roll","floor":12},{"not_picked":["A Thousand Cuts","After Image"],"picked":"Envenom","floor":16},{"not_picked":["Deadly Poison","Dodge and Roll","Dagger Throw"],"picked":"SKIP","floor":18},{"not_picked":["Infinite Blades","Prepared","Tactician"],"picked":"SKIP","floor":19},{"not_picked":["Underhanded Strike","Backflip","Deadly Poison"],"picked":"SKIP","floor":22}],"player_experience":1220803,"relics_obtained":[{"floor":7,"key":"Smiling Mask"},{"floor":9,"key":"Regal Pillow"},{"floor":10,"key":"Meat on the Bone"},{"floor":17,"key":"CeramicFish"},{"floor":17,"key":"The Courier"},{"floor":17,"key":"Mango"}],"event_choices":[{"damage_healed":0,"gold_gain":0,"player_choice":"Take Wound","damage_taken":0,"relics_obtained":["Golden Idol"],"max_hp_gain":0,"max_hp_loss":0,"event_name":"Golden Idol","floor":13,"gold_loss":0,"cards_obtained":["Injury"]},{"damage_healed":0,"gold_gain":0,"player_choice":"Got Potions","damage_taken":0,"max_hp_gain":0,"max_hp_loss":0,"event_name":"Lab","floor":14,"gold_loss":0},{"damage_healed":0,"gold_gain":0,"player_choice":"Simplicity","damage_taken":0,"max_hp_gain":0,"max_hp_loss":0,"event_name":"Back to Basics","floor":21,"gold_loss":0,"cards_upgraded":["Strike_G","Strike_G","Strike_G","Strike_G","Defend_G","Defend_G","Defend_G","Defend_G","Defend_G"]}],"is_beta":false,"boss_relics":[{"not_picked":["Runic Pyramid","Snecko Eye"],"picked":"Calling Bell"}],"items_purged_floors":[20],"is_endless":false,"potions_floor_spawned":[1,3,5,7,10,19],"killed_by":"Gremlin Leader","ascension_level":19}}