{"host":"6qo42zgaknezulyg","time":1607692372,"event":{"mods":["2.2 Compatiblity","BaseMod","Jorbs\u0027s Wanderer Trilogy","Keyboard Shortcuts","Minty Spire (QoL Compilation)","Permanent Neow","Quick Restart","StSLib","SuperFastMode"],"gold_per_floor":[110,128,138,156,156,218,218,231,306,21,34,59,72,72,72,144,144,159,176,190,240,140,171,171,200,226,258,273,273,188,221,221,299,299,311,311,22,38,0,0,33,33,33,58,58,72,85,99,99,99,99],"floor_reached":52,"playtime":2781,"items_purged":["stsjorbsmod:Strike_Wanderer","stsjorbsmod:Strike_Wanderer","stsjorbsmod:Defend_Wanderer"],"score":2294,"play_id":"785d23fd-601e-49c2-9b63-96d8885f19e8","local_time":"20201211221252","is_ascension_mode":true,"campfire_choices":[{"data":"stsjorbsmod:RayOfFrost","floor":7.0,"key":"SMITH"},{"data":"stsjorbsmod:TrueStrike","floor":15.0,"key":"SMITH"},{"data":"stsjorbsmod:FlameWard","floor":24.0,"key":"SMITH"},{"data":"stsjorbsmod:RayOfFrost","floor":32.0,"key":"SMITH"},{"floor":40.0,"key":"REST"},{"floor":45.0,"key":"REST"},{"data":"stsjorbsmod:ArcaneForm","floor":49,"key":"SMITH"}],"circlet_count":0,"master_deck":["AscendersBane","stsjorbsmod:ForbiddenGrimoire+1","stsjorbsmod:Defend_Wanderer","stsjorbsmod:Defend_Wanderer","stsjorbsmod:FreshAdventure","stsjorbsmod:EyeOfTheStorm","stsjorbsmod:RayOfFrost+1","stsjorbsmod:Banish","stsjorbsmod:TrueStrike+1","Apotheosis","stsjorbsmod:Pyromancy","stsjorbsmod:RayOfFrost+1","stsjorbsmod:ArcaneForm+1","CurseOfTheBell","stsjorbsmod:FlameWard+1","stsjorbsmod:Rest","stsjorbsmod:TrueStrike","stsjorbsmod:TinyHut+1","stsjorbsmod:Firebolt+1","stsjorbsmod:RayOfFrost+1","stsjorbsmod:ParryingBlow+1","stsjorbsmod:Withdraw","stsjorbsmod:Trauma+1","stsjorbsmod:FlameWard+1","stsjorbsmod:LocateObject+1","stsjorbsmod:Firebolt+1","stsjorbsmod:Entangle"],"relics":["Snecko Eye","Nunchaku","Blue Candle","Mango","Centennial Puzzle","Calling Bell","Bag of Marbles","Pear","Ice Cream","InkBottle","Molten Egg 2","Akabeko","stsjorbsmod:MindGlassRelic","Kunai","Lantern","SlaversCollar","DollysMirror","Red Mask","Dead Branch","stsjorbsmod:MindPalaceRelic","FossilizedHelix","Turnip"],"acts_visited":["Exordium","TheCity","TheBeyond"],"potions_floor_usage":[51],"damage_taken":[{"damage":3.0,"enemies":"Small Slimes","floor":1.0,"turns":2.0},{"damage":0.0,"enemies":"Cultist","floor":2.0,"turns":3.0},{"damage":0.0,"enemies":"2 Louse","floor":3.0,"turns":4.0},{"damage":2.0,"enemies":"Gremlin Gang","floor":4.0,"turns":3.0},{"damage":0.0,"enemies":"3 Sentries","floor":6.0,"turns":6.0},{"damage":1.0,"enemies":"Exordium Thugs","floor":8.0,"turns":6.0},{"damage":0.0,"enemies":"Blue Slaver","floor":11.0,"turns":2.0},{"damage":0.0,"enemies":"Lagavulin","floor":12.0,"turns":4.0},{"damage":6.0,"enemies":"3 Louse","floor":13.0,"turns":3.0},{"damage":24.0,"enemies":"The Guardian","floor":16.0,"turns":7.0},{"damage":0.0,"enemies":"Spheric Guardian","floor":18.0,"turns":2.0},{"damage":0.0,"enemies":"Chosen","floor":19.0,"turns":3.0},{"damage":0.0,"enemies":"3 Cultists","floor":20.0,"turns":4.0},{"damage":10.0,"enemies":"Slavers","floor":23.0,"turns":4.0},{"damage":4.0,"enemies":"Gremlin Leader","floor":25.0,"turns":3.0},{"damage":0.0,"enemies":"Slavers","floor":27.0,"turns":4.0},{"damage":6.0,"enemies":"Shelled Parasite and Fungi","floor":28.0,"turns":2.0},{"damage":0.0,"enemies":"Book of Stabbing","floor":31.0,"turns":6.0},{"damage":30.0,"enemies":"Collector","floor":33.0,"turns":7.0},{"damage":20.0,"enemies":"3 Darklings","floor":35.0,"turns":3.0},{"damage":18.0,"enemies":"3 Shapes","floor":38.0,"turns":6.0},{"damage":0.0,"enemies":"Giant Head","floor":41.0,"turns":6.0},{"damage":0.0,"enemies":"Mind Bloom Boss Battle","floor":44.0,"turns":4.0},{"damage":0,"enemies":"Spire Growth","floor":46,"turns":6},{"damage":0,"enemies":"Sphere and 2 Shapes","floor":47,"turns":5},{"damage":0,"enemies":"Maw","floor":48,"turns":7},{"damage":0,"enemies":"Time Eater","floor":50,"turns":7},{"damage":31,"enemies":"Awakened One","floor":51,"turns":7}],"seed_played":"5725241159797291243","potions_obtained":[{"floor":2.0,"key":"Explosive Potion"},{"floor":4.0,"key":"FairyPotion"},{"floor":8.0,"key":"SkillPotion"},{"floor":19.0,"key":"AttackPotion"},{"floor":23.0,"key":"SpeedPotion"},{"floor":27.0,"key":"BlessingOfTheForge"},{"floor":33.0,"key":"FearPotion"},{"floor":35.0,"key":"Strength Potion"}],"is_trial":false,"path_per_floor":["M","M","M","M","?","E","R","M","T","$","M","E","M","?","R","B",null,"M","M","M","?","$","E","R","E","T","E","M","?","?","E","R","B",null,"M","?","$","M","?","R","E","T","T","?","R","M","M","M","R","B","B",null],"character_chosen":"WANDERER","items_purchased":["Apotheosis","DollysMirror"],"campfire_rested":2,"item_purchase_floors":[10,37],"current_hp_per_floor":[55,55,55,53,53,53,53,52,52,52,52,66,60,60,60,36,78,78,78,78,78,78,68,68,64,64,64,58,58,58,58,58,28,73,53,53,53,35,35,60,62,62,62,62,86,86,86,86,86,86,55],"gold":99,"neow_bonus":"BOSS_RELIC","is_daily":false,"chose_seed":false,"campfire_upgraded":5,"win_rate":0.0,"timestamp":1607692372,"path_taken":["M","M","M","M","?","E","R","M","T","$","M","E","?","?","R","BOSS","M","?","M","?","$","E","R","E","T","E","M","?","?","E","R","BOSS","M","?","$","M","?","R","E","?","T","?","R","M","M","M","R","BOSS","BOSS"],"items_purchased_type":["Card","Relic"],"build_version":"2020-11-30","purchased_purges":3,"victory":true,"max_hp_per_floor":[64,64,64,64,64,64,64,64,64,64,64,78,78,78,78,78,88,88,88,88,88,88,88,88,88,88,88,88,88,88,88,88,88,88,88,84,84,84,84,84,86,86,86,86,86,86,86,86,86,86,86],"card_choices":[{"not_picked":["stsjorbsmod:BlackTentacles","stsjorbsmod:Will"],"picked":"stsjorbsmod:Channel","floor":1.0},{"not_picked":["stsjorbsmod:Hurt","stsjorbsmod:ChainLightning"],"picked":"stsjorbsmod:RayOfFrost","floor":2.0},{"not_picked":["stsjorbsmod:RefuseToForget","stsjorbsmod:FaerieFire","stsjorbsmod:ChainLightning"],"picked":"SKIP","floor":3.0},{"not_picked":["stsjorbsmod:RefuseToForget","stsjorbsmod:FaerieFire","stsjorbsmod:ChainLightning"],"picked":"SKIP","floor":3.0},{"not_picked":["stsjorbsmod:Prestidigitation","stsjorbsmod:DisguiseSelf","stsjorbsmod:Will"],"picked":"SKIP","floor":4.0},{"not_picked":["stsjorbsmod:OldPocket","stsjorbsmod:MistyStep","stsjorbsmod:Prestidigitation"],"picked":"SKIP","floor":6.0},{"not_picked":["stsjorbsmod:DoubleCheck","stsjorbsmod:WanderingMind"],"picked":"stsjorbsmod:TrueStrike","floor":8.0},{"not_picked":["stsjorbsmod:ChatteringStrike","stsjorbsmod:Mending"],"picked":"stsjorbsmod:Pyromancy","floor":11.0},{"not_picked":["stsjorbsmod:MagicMirror","stsjorbsmod:DeathThroes"],"picked":"stsjorbsmod:RayOfFrost","floor":12.0},{"not_picked":["stsjorbsmod:Prepare","stsjorbsmod:Counterspell","stsjorbsmod:OldPocket"],"picked":"SKIP","floor":13.0},{"not_picked":["stsjorbsmod:Withdraw","stsjorbsmod:MirrorImage"],"picked":"stsjorbsmod:ArcaneForm","floor":16.0},{"not_picked":["stsjorbsmod:MageArmor","stsjorbsmod:DisguiseSelf"],"picked":"stsjorbsmod:FlameWard","floor":18.0},{"not_picked":["stsjorbsmod:MistyStep","stsjorbsmod:ArcaneWeapon"],"picked":"stsjorbsmod:Rest","floor":19.0},{"not_picked":["stsjorbsmod:Message+1","stsjorbsmod:ChatteringStrike"],"picked":"stsjorbsmod:TrueStrike","floor":20.0},{"not_picked":["stsjorbsmod:FindFamiliar","stsjorbsmod:Hibernate"],"picked":"stsjorbsmod:TinyHut+1","floor":23.0},{"not_picked":["stsjorbsmod:AnimateObjects+1","stsjorbsmod:BookOfTongues"],"picked":"stsjorbsmod:Firebolt+1","floor":25.0},{"not_picked":["stsjorbsmod:Aid","stsjorbsmod:DoubleCheck","stsjorbsmod:RefuseToForget"],"picked":"SKIP","floor":27.0},{"not_picked":["stsjorbsmod:Prepare","stsjorbsmod:ScorchingRay"],"picked":"stsjorbsmod:RayOfFrost+1","floor":28.0},{"not_picked":["stsjorbsmod:BlackTentacles+1","stsjorbsmod:Fear","stsjorbsmod:UnseenServant"],"picked":"SKIP","floor":31.0},{"not_picked":["stsjorbsmod:DeathThroes+1","stsjorbsmod:GatherPower"],"picked":"stsjorbsmod:Trauma+1","floor":33.0},{"not_picked":["stsjorbsmod:ParryingBlow+1","stsjorbsmod:Inferno","stsjorbsmod:MagicMirror"],"picked":"SKIP","floor":35.0},{"not_picked":["stsjorbsmod:AnimateObjects+1","stsjorbsmod:Message","stsjorbsmod:DoubleCheck"],"picked":"SKIP","floor":38.0},{"not_picked":["stsjorbsmod:WanderingMind+1","stsjorbsmod:MistyStep"],"picked":"stsjorbsmod:LocateObject+1","floor":41.0},{"not_picked":["stsjorbsmod:TrueStrike+1","stsjorbsmod:LocateObject"],"picked":"stsjorbsmod:Firebolt+1","floor":46},{"not_picked":["stsjorbsmod:DisguiseSelf","stsjorbsmod:Counterspell"],"picked":"stsjorbsmod:Entangle","floor":47},{"not_picked":["stsjorbsmod:MagicMirror","stsjorbsmod:FaerieFire","stsjorbsmod:Mending"],"picked":"SKIP","floor":48}],"player_experience":738684,"relics_obtained":[{"floor":6.0,"key":"Nunchaku"},{"floor":9.0,"key":"Blue Candle"},{"floor":12.0,"key":"Mango"},{"floor":17.0,"key":"Bag of Marbles"},{"floor":17.0,"key":"Pear"},{"floor":17.0,"key":"Ice Cream"},{"floor":23.0,"key":"InkBottle"},{"floor":25.0,"key":"Molten Egg 2"},{"floor":26.0,"key":"Akabeko"},{"floor":27.0,"key":"stsjorbsmod:MindGlassRelic"},{"floor":31.0,"key":"Lantern"},{"floor":41.0,"key":"Dead Branch"},{"floor":42.0,"key":"stsjorbsmod:MindPalaceRelic"},{"floor":43.0,"key":"FossilizedHelix"},{"floor":44.0,"key":"Turnip"}],"event_choices":[{"damage_healed":0.0,"max_hp_gain":0.0,"max_hp_loss":0.0,"gold_gain":0.0,"cards_transformed":["stsjorbsmod:Strike_Wanderer"],"event_name":"Transmorgrifier","player_choice":"Transformed","floor":5.0,"gold_loss":0.0,"damage_taken":0.0,"cards_obtained":["stsjorbsmod:Banish"]},{"cards_removed":["stsjorbsmod:Channel"],"damage_healed":0.0,"max_hp_gain":0.0,"max_hp_loss":0.0,"gold_gain":0.0,"event_name":"WeMeetAgain","player_choice":"Gave Card","floor":14.0,"gold_loss":0.0,"damage_taken":0.0,"relics_obtained":["Centennial Puzzle"]},{"damage_healed":0.0,"max_hp_gain":0.0,"max_hp_loss":0.0,"gold_gain":50.0,"event_name":"Nest","player_choice":"Stole From Cult","floor":21.0,"gold_loss":0.0,"damage_taken":0.0},{"damage_healed":0.0,"max_hp_gain":0.0,"max_hp_loss":0.0,"gold_gain":0.0,"cards_transformed":["stsjorbsmod:Strike_Wanderer","stsjorbsmod:Defend_Wanderer"],"event_name":"Drug Dealer","player_choice":"Became Test Subject","floor":29.0,"gold_loss":0.0,"damage_taken":0.0,"cards_obtained":["stsjorbsmod:ParryingBlow","stsjorbsmod:Withdraw"]},{"damage_healed":0.0,"max_hp_gain":0.0,"max_hp_loss":0.0,"gold_gain":0.0,"event_name":"Addict","player_choice":"Obtained Relic","floor":30.0,"gold_loss":85.0,"damage_taken":0.0,"relics_obtained":["Kunai"]},{"damage_healed":0.0,"max_hp_gain":0.0,"max_hp_loss":4.0,"gold_gain":0.0,"event_name":"Winding Halls","player_choice":"Max HP","floor":36.0,"gold_loss":0.0,"damage_taken":0.0},{"damage_healed":0.0,"max_hp_gain":0.0,"max_hp_loss":0.0,"gold_gain":0.0,"event_name":"Tomb of Lord Red Mask","player_choice":"Paid","floor":39.0,"gold_loss":38.0,"damage_taken":0.0,"relics_obtained":["Red Mask"]},{"damage_healed":0.0,"max_hp_gain":0.0,"max_hp_loss":0.0,"gold_gain":0.0,"event_name":"MindBloom","player_choice":"Fight","floor":44.0,"gold_loss":0.0,"damage_taken":0.0}],"is_beta":false,"boss_relics":[{"not_picked":["Velvet Choker","Busted Crown"],"picked":"Calling Bell"},{"not_picked":["Coffee Dripper","Empty Cage"],"picked":"SlaversCollar"}],"items_purged_floors":[10,22,37],"is_endless":false,"potions_floor_spawned":[2,4,8,16,19,23,27,33,35,44,46,48],"ascension_level":20}}