{"host":"hv7kizhq70ne3zsy","time":1607717699,"event":{"mods":["AchievementEnabler","AlwaysNeverKeys","BaseMod","Better Match","Better-Laid Plans","BetterRewards","Block Reminder","Challenge The Spire","Colored Map","Colored Powertips","Conspire","GifTheSpireLib","Gold Saver","Googly Eyes","Gremlin Skip","Grow up Mod","Halation","Highlight Path","Key Reminder","Marisa????????","Minty Spire (QoL Compilation)","Quick Restart","Rare Cards Sparkle","Relic Sorter","Replay The Spire","StSLib","Stuff the Spire","The Construct","The Disciple","The IronCluck","The Jungle","The Servant 0.9.4","The Wild Card","slay the spire mod where everything is the same but ironclad has a cowboy hat"],"gold_per_floor":[194,194,194,209,209,209,209,209,224,239,239,78,93,123,138,153,153,253,253,268,268,283,283,298,298,298,298],"floor_reached":26,"playtime":1500,"items_purged":["Regret"],"score":285,"play_id":"bdc59328-3051-44cc-9cf4-eac135c99e17","local_time":"20201211211459","daily_mods":["Cursed Run","Diverse","DeadlyEvents"],"is_ascension_mode":false,"campfire_choices":[{"floor":6.0,"key":"REST"},{"floor":17.0,"key":"REST"},{"floor":25.0,"key":"REST"}],"circlet_count":0,"master_deck":["Defend_P","Defend_P","Defend_P","Defend_P","Eruption","Vigilance","Leap","Bouncing Flask","TickedOff","construct:Reinforce","Spreading Infection","Enlightenment","Parity","Unruled","PiercingWail","Blizzard","Doubt","Sunlight","Catalyst","Bite","Bite","Bite","Bite","Bite","MentalFortress+1","ReplayTheSpireMod:The Works+1"],"relics":["Cursed Key","Darkstone Periapt","Du-Vu Doll","Gremlin Horn","Matryoshka","conspire:Flyswatter","NlothsMask"],"acts_visited":[],"potions_floor_usage":[],"damage_taken":[{"damage":9.0,"enemies":"Jaw Worm","floor":1.0,"turns":4.0},{"damage":6.0,"enemies":"conspire:RoseBush","floor":4.0,"turns":1.0},{"damage":2.0,"enemies":"Small Slimes","floor":9.0,"turns":3.0},{"damage":13.0,"enemies":"Exordium Wildlife","floor":10.0,"turns":4.0},{"damage":5.0,"enemies":"3 Louse","floor":13.0,"turns":6.0},{"damage":60.0,"enemies":"Gremlin Nob","floor":14.0,"turns":4.0},{"damage":2.0,"enemies":"Red Slaver","floor":15.0,"turns":4.0},{"damage":16.0,"enemies":"Exordium Thugs","floor":16.0,"turns":4.0},{"damage":50.0,"enemies":"The Guardian","floor":18.0,"turns":10.0},{"damage":14.0,"enemies":"Spheric Guardian","floor":20.0,"turns":3.0},{"damage":17.0,"enemies":"Chosen","floor":22.0,"turns":5.0},{"damage":54.0,"enemies":"Snake Plant","floor":24.0,"turns":7.0},{"damage":0,"enemies":"Slavers","floor":26,"turns":1}],"seed_played":"-5827054459984035710","potions_obtained":[{"floor":10.0,"key":"SneckoOil"},{"floor":13.0,"key":"Elixir"},{"floor":14.0,"key":"Death Potion"}],"is_trial":false,"path_per_floor":["M","?","T","M","?","R","PTL","PTL","M","M","T","$","M","E","M","M","R","B",null,"M","?","M","?","M","R","E"],"character_chosen":"WATCHER","items_purchased":["Enlightenment"],"campfire_rested":3,"item_purchase_floors":[12],"current_hp_per_floor":[83,93,109,113,123,148,158,168,176,173,189,199,204,154,162,156,242,208,290,286,220,219,229,197,260,260,260],"gold":298,"neow_bonus":"","is_daily":true,"chose_seed":false,"campfire_upgraded":0,"win_rate":0.0,"timestamp":1607717699,"path_taken":["M","?","?","M","?","R","PTL","PTL","M","M","T","$","M","?","?","M","R","BOSS","M","?","?","?","M","R","?"],"items_purchased_type":["Card"],"build_version":"2020-11-30","purchased_purges":1,"victory":false,"max_hp_per_floor":[92,102,118,128,138,148,158,168,178,188,204,214,224,234,244,254,264,280,290,300,220,230,240,250,260,260,260],"card_choices":[{"not_picked":["StuffTheSpire:LoadUp","Engulf"],"picked":"Leap","floor":1.0},{"not_picked":["construct:ClusterMines","Turbo"],"picked":"Bouncing Flask","floor":4.0},{"not_picked":["Tantrum","theWildCard:Safeguard"],"picked":"TickedOff","floor":9.0},{"not_picked":["EnergyFlow","Armaments"],"picked":"construct:Reinforce","floor":10.0},{"not_picked":["Sanctity","Stack"],"picked":"Parity","floor":13.0},{"not_picked":["Hightail","CutThroughFate"],"picked":"Unruled","floor":14.0},{"not_picked":["Hightail","construct:HeavyBolt"],"picked":"PiercingWail","floor":15.0},{"not_picked":["theWildCard:SacrificialStroke","ReplayTheSpireMod:Shiv Toss"],"picked":"Blizzard","floor":16.0},{"not_picked":["conspire:HitWhereItHurts","CasketOfStar"],"picked":"Sunlight","floor":18.0},{"not_picked":["Replay:Hum","theWildCard:StalwartBlade"],"picked":"Catalyst","floor":20.0},{"not_picked":["construct:ClusterMines+1","LockedPlans"],"picked":"MentalFortress+1","floor":22.0},{"not_picked":["Dagger Spray+1","theWildCard:StalwartBlade"],"picked":"ReplayTheSpireMod:The Works+1","floor":24.0}],"player_experience":94891,"relics_obtained":[{"floor":3.0,"key":"Gremlin Horn"},{"floor":11.0,"key":"Matryoshka"},{"floor":14.0,"key":"conspire:Flyswatter"}],"event_choices":[{"damage_healed":0.0,"max_hp_gain":0.0,"max_hp_loss":90.0,"gold_gain":0.0,"event_name":"Vampires","player_choice":"Became a vampire","floor":21.0,"gold_loss":0.0,"damage_taken":0.0,"cards_obtained":["Bite","Bite","Bite","Bite","Bite"]},{"damage_healed":0.0,"max_hp_gain":0.0,"max_hp_loss":0.0,"gold_gain":0.0,"event_name":"FaceTrader","player_choice":"Trade","floor":23.0,"gold_loss":0.0,"damage_taken":0.0,"relics_obtained":["NlothsMask"]}],"is_beta":false,"boss_relics":[{"not_picked":["StuffTheSpire:RunicHypercube","halation:CatFaceCupcake","halation:PlatinumPhoenix"]}],"items_purged_floors":[12],"is_endless":false,"potions_floor_spawned":[10,13,14,16],"killed_by":"Slavers","ascension_level":0}}