{"host":"0ojbcjhl22e0lupc","time":1607728882,"event":{"mods":["AchievementEnabler","BaseMod","Better Altar","Better Note","Better Sensory Stone","Better Skull","Better Third Choice","BetterRewards","Colored Map","Colored Powertips","Custom Start","Hermit","Highlight Path","Marked Mod","Minty Spire (QoL Compilation)","Permanent Neow","QueenMod","Random Character Button","Random Character Mod","Replay The Spire","Spicy Shops","StSLib","The Cursed","The Forsaken","The Hierophant","The Jungle","Transform Curses"],"gold_per_floor":[116,116,31,42,42,77,96,121,200,200,174,208,383,20,20,125,125,139,139,87,87,103,129,129,163,163,173,28,113,113,133,133,228,228,246,300,300,300,9,9,44,44,44,63,81,93,418,468,468,468],"floor_reached":51,"playtime":5731,"items_purged":["Normality"],"score":1087,"play_id":"79ba3d08-1dc2-46e0-b5ee-d9a91e2a314a","local_time":"20201211182122","is_ascension_mode":true,"campfire_choices":[{"floor":10,"key":"REST"},{"data":"theForsaken:DarkBarrier","floor":15,"key":"SMITH"},{"data":"theForsaken:DivineGuidance","floor":24,"key":"SMITH"},{"data":"theForsaken:DarkBargain","floor":32,"key":"SMITH"},{"data":"theForsaken:StoreUp","floor":40,"key":"SMITH"},{"data":"theForsaken:Temperance","floor":42,"key":"SMITH"},{"data":"theForsaken:WordsOfMight","floor":49,"key":"SMITH"}],"circlet_count":0,"master_deck":["theForsaken:Smite","theForsaken:Penitence","theForsaken:DarkBarrier+1","Replay:Bootleg Shield Generator","CommonCold","theForsaken:Riposte","theForsaken:Parry","theForsaken:Eulogy","theForsaken:FatRoll","theForsaken:RainingSunlight","theForsaken:DefensiveStance","Doubt","theForsaken:DivineGuidance+1","theForsaken:BountifulSunlight","theForsaken:Terrorize","theForsaken:TearsOfSunlight","theForsaken:Devotion","theForsaken:RainingSunlight","theForsaken:Terrorize","theForsaken:DarkBargain+1","theForsaken:Temperance+1","theForsaken:QuickAttack","The Bomb","theForsaken:MagicWeapon+1","J.A.X.","theForsaken:FuryStrikes+1","theForsaken:WordsOfMight+1","theForsaken:NobleSacrifice","theForsaken:StoreUp+1","theForsaken:PanicDive+1","theForsaken:HealingLight+1","theForsaken:Mantra+1","CurseOfTheBell","theForsaken:LightRoll+1","theForsaken:FuryStrikes+1","Languid","theForsaken:DarkBarrier+1","theForsaken:WordsOfMight","theForsaken:Retribution+1","theForsaken:PreciseStrike","theForsaken:HymnOfPatience+1","theForsaken:FuryStrikes+1","theForsaken:DarkBargain+1","theForsaken:PreciseStrike+1"],"relics":["Replay:Fungal Core","ReplayTheSpireMod:CursedCoin","Frozen Eye","Dead Branch","theForsaken:Gavel","Eternal Feather","betterThird:SlimedRelic","Matryoshka","ReplayTheSpireMod:TigerMarble","Potion Belt","Lee\u0027s Waffle","Pandora\u0027s Box","StoneCalendar","MealTicket","Replay:Rubber Ducky","Blue Candle","Blue Doll","Toxic Egg 2","Replay:Accelerometer","Calling Bell","Lantern","Ornamental Fan","Pocketwatch","Counterbalance","Ring of Panic","ReplayFunnel","Orichalcum","FossilizedHelix","Old Coin","Replay:Multitool"],"acts_visited":["Exordium","TheCity","TheBeyond"],"potions_floor_usage":[8,8,16,23,23,30,30,33,36,45,45,50],"damage_taken":[{"damage":7,"enemies":"Jaw Worm","floor":1,"turns":4},{"damage":0,"enemies":"Cultist","floor":4,"turns":5},{"damage":24,"enemies":"Lagavulin","floor":6,"turns":12},{"damage":0,"enemies":"2 Louse","floor":7,"turns":4},{"damage":34,"enemies":"3 Sentries","floor":8,"turns":13},{"damage":0,"enemies":"Lagavulin","floor":12,"turns":10},{"damage":61,"enemies":"Hexaghost","floor":16,"turns":20},{"damage":0,"enemies":"Chosen","floor":18,"turns":8},{"damage":4,"enemies":"Spheric Guardian","floor":22,"turns":3},{"damage":19,"enemies":"Gremlin Leader","floor":23,"turns":8},{"damage":21,"enemies":"Slavers","floor":25,"turns":4},{"damage":4,"enemies":"Cultist and Chosen","floor":27,"turns":4},{"damage":2,"enemies":"Gremlin Leader","floor":30,"turns":3},{"damage":6,"enemies":"Centurion and Healer","floor":31,"turns":4},{"damage":60,"enemies":"Champ","floor":33,"turns":13},{"damage":0,"enemies":"Orb Walker","floor":35,"turns":4},{"damage":58,"enemies":"2 Orb Walkers","floor":36,"turns":7},{"damage":0,"enemies":"Giant Head","floor":41,"turns":7},{"damage":0,"enemies":"3 Shapes","floor":44,"turns":4},{"damage":0,"enemies":"Transient","floor":45,"turns":5},{"damage":0,"enemies":"Spire Growth","floor":46,"turns":7},{"damage":4,"enemies":"Reptomancer","floor":47,"turns":7},{"damage":0,"enemies":"Mind Bloom Boss Battle","floor":48,"turns":5},{"damage":15,"enemies":"Awakened One","floor":50,"turns":12}],"seed_played":"-707913013409250709","potions_obtained":[{"floor":6,"key":"LifebloodPotion"},{"floor":7,"key":"FearPotion"},{"floor":8,"key":"GamblersBrew"},{"floor":18,"key":"Weak Potion"},{"floor":22,"key":"BlessingOfTheForge"},{"floor":29,"key":"SkillPotion"},{"floor":29,"key":"SmokeBomb"},{"floor":31,"key":"Cursed Concoction"},{"floor":33,"key":"Block Potion"},{"floor":36,"key":"Adrenaline Potion"},{"floor":41,"key":"SneckoOil"},{"floor":44,"key":"Energy Potion"}],"is_trial":false,"path_per_floor":["M","?","$","M","$","E","M","E","T","R","?","E","?","$","R","B",null,"M","?","$","?","M","E","R","E","T","M","$","?","E","M","R","B",null,"M","?","?","?","$","R","E","R","T","M","M","M","E","?","R","B",null],"character_chosen":"THE_FORSAKEN","items_purchased":["ReplayTheSpireMod:CursedCoin","Frozen Eye","theForsaken:Riposte","ReplayTheSpireMod:TigerMarble","Potion Belt","Lee\u0027s Waffle","theForsaken:MagicWeapon+1","Blue Doll","ReplayFunnel","theForsaken:DarkBarrier+1","theForsaken:WordsOfMight"],"campfire_rested":1,"item_purchase_floors":[3,3,3,14,14,14,20,28,39,39,39],"current_hp_per_floor":[59,59,59,62,62,41,41,10,10,38,27,33,33,72,72,14,72,72,72,72,72,68,66,72,55,55,53,68,39,37,43,61,40,74,76,24,24,24,39,60,84,84,84,84,84,87,87,87,87,87],"gold":468,"neow_bonus":"BOSS_RELIC","is_daily":false,"chose_seed":false,"campfire_upgraded":6,"win_rate":0.0,"timestamp":1607728882,"path_taken":["M","?","$","M","$","E","?","E","T","R","?","E","?","$","R","BOSS","M","?","$","?","M","E","R","E","T","M","$","?","E","?","R","BOSS","M","?","?","?","$","R","E","R","T","M","M","M","E","?","R","BOSS"],"items_purchased_type":["Relic","Relic","Card","Relic","Relic","Relic","Card","Relic","Relic","Card","Card"],"build_version":"2020-11-30","purchased_purges":1,"victory":true,"max_hp_per_floor":[65,65,65,65,65,65,65,65,65,65,65,65,65,72,72,72,72,72,72,72,72,72,72,72,72,72,74,74,74,74,74,74,74,74,76,82,82,82,82,82,84,84,84,84,84,87,87,87,87,87],"card_choices":[{"not_picked":["theForsaken:ShieldCharge","theForsaken:Preservation"],"picked":"theForsaken:DarkBarrier","floor":1},{"not_picked":["Madness","Purity"],"picked":"Replay:Bootleg Shield Generator","floor":2},{"not_picked":["theForsaken:CreepingInfection","theForsaken:HorrifyingStrike"],"picked":"theForsaken:Parry","floor":4},{"not_picked":["theForsaken:NobleSacrifice","theForsaken:SolarFlare"],"picked":"theForsaken:Eulogy","floor":6},{"not_picked":["theForsaken:PowerUp","theForsaken:PanicDive"],"picked":"theForsaken:FatRoll","floor":7},{"not_picked":["theForsaken:SacrificeSoul","theForsaken:CleansingLight"],"picked":"theForsaken:RainingSunlight","floor":8},{"not_picked":["theForsaken:PowerUp","theForsaken:Eulogy"],"picked":"theForsaken:DefensiveStance","floor":12},{"not_picked":["theForsaken:Temperance","theForsaken:Retribution"],"picked":"theForsaken:DivineGuidance","floor":16},{"not_picked":["theForsaken:WordOfPower+1","theForsaken:RainingSunlight"],"picked":"theForsaken:QuickAttack","floor":18},{"not_picked":["theForsaken:StoreUp","theForsaken:CreepingInfection"],"picked":"theForsaken:FuryStrikes+1","floor":22},{"not_picked":["theForsaken:FatRoll+1","theForsaken:InspiringBlow"],"picked":"theForsaken:WordsOfMight","floor":23},{"not_picked":["theForsaken:HorrifyingStrike+1","theForsaken:FuryStrikes"],"picked":"theForsaken:NobleSacrifice","floor":25},{"not_picked":["theForsaken:BlindFaith+1","theForsaken:NobleSacrifice"],"picked":"theForsaken:StoreUp","floor":27},{"not_picked":["theForsaken:AncientWords","theForsaken:CowardsBrand+1"],"picked":"theForsaken:PanicDive+1","floor":29},{"not_picked":["theForsaken:ShieldCharge+1","theForsaken:Backlash+1"],"picked":"theForsaken:HealingLight+1","floor":31},{"not_picked":["theForsaken:Temperance","theForsaken:Retribution+1"],"picked":"theForsaken:Mantra+1","floor":33},{"not_picked":["theForsaken:ScorchingSunlight+1","theForsaken:BlessedWeapon+1"],"picked":"theForsaken:LightRoll+1","floor":35},{"not_picked":["theForsaken:CreepingInfection+1","theForsaken:CowardsBrand+1"],"picked":"theForsaken:FuryStrikes+1","floor":36},{"not_picked":["theForsaken:DesperatePlea","theForsaken:ScorchingSunlight+1"],"picked":"theForsaken:Retribution+1","floor":41},{"not_picked":["theForsaken:ShieldCharge+1","theForsaken:PowerUp+1"],"picked":"theForsaken:PreciseStrike","floor":44},{"not_picked":["theForsaken:FatRoll+1","theForsaken:AncientWords"],"picked":"theForsaken:HymnOfPatience+1","floor":45},{"not_picked":["theForsaken:Backlash+1","theForsaken:FatRoll+1"],"picked":"theForsaken:FuryStrikes+1","floor":46},{"not_picked":["theForsaken:Preservation+1","theForsaken:InspiringBlow+1"],"picked":"theForsaken:DarkBargain+1","floor":47},{"not_picked":["theForsaken:ScorchingSunlight+1","theForsaken:WardingHymn+1"],"picked":"theForsaken:PreciseStrike+1","floor":48}],"player_experience":289783,"relics_obtained":[{"floor":6,"key":"Dead Branch"},{"floor":8,"key":"theForsaken:Gavel"},{"floor":9,"key":"Eternal Feather"},{"floor":12,"key":"Matryoshka"},{"floor":23,"key":"StoneCalendar"},{"floor":25,"key":"MealTicket"},{"floor":26,"key":"Replay:Rubber Ducky"},{"floor":26,"key":"Blue Candle"},{"floor":29,"key":"Toxic Egg 2"},{"floor":29,"key":"Replay:Accelerometer"},{"floor":34,"key":"Lantern"},{"floor":34,"key":"Ornamental Fan"},{"floor":34,"key":"Pocketwatch"},{"floor":36,"key":"Counterbalance"},{"floor":38,"key":"Ring of Panic"},{"floor":41,"key":"Orichalcum"},{"floor":43,"key":"FossilizedHelix"},{"floor":47,"key":"Old Coin"},{"floor":48,"key":"Replay:Multitool"}],"event_choices":[{"damage_healed":0,"gold_gain":1,"player_choice":"1","damage_taken":0,"max_hp_gain":0,"max_hp_loss":0,"event_name":"betterStone:BetterStone","floor":2,"gold_loss":0},{"damage_healed":0,"gold_gain":0,"player_choice":"Slimed","damage_taken":11,"max_hp_gain":0,"max_hp_loss":0,"event_name":"betterThird:BetterGoop","floor":11,"gold_loss":26},{"damage_healed":0,"gold_gain":175,"player_choice":"AGREE","damage_taken":208,"max_hp_gain":0,"max_hp_loss":0,"event_name":"betterThird:BetterSerpent","floor":13,"gold_loss":0},{"cards_removed":["theForsaken:DivineGuidance"],"damage_healed":0,"gold_gain":0,"player_choice":"Take \u0026 Give","damage_taken":0,"max_hp_gain":0,"max_hp_loss":0,"event_name":"betterNote:BetterNote","floor":19,"gold_loss":0,"cards_obtained":["The Bomb"]},{"damage_healed":0,"gold_gain":0,"player_choice":"Obtain J.A.X.","damage_taken":0,"max_hp_gain":0,"max_hp_loss":0,"event_name":"Drug Dealer","floor":21,"gold_loss":0,"cards_obtained":["J.A.X."]},{"damage_healed":0,"gold_gain":0,"player_choice":"Fight","damage_taken":0,"max_hp_gain":0,"max_hp_loss":0,"event_name":"Mysterious Sphere","floor":36,"gold_loss":0},{"damage_healed":0,"gold_gain":0,"player_choice":"Ignored","damage_taken":0,"max_hp_gain":0,"max_hp_loss":0,"event_name":"Tomb of Lord Red Mask","floor":37,"gold_loss":0},{"damage_healed":0,"gold_gain":0,"player_choice":"Fight","damage_taken":0,"max_hp_gain":0,"max_hp_loss":0,"event_name":"MindBloom","floor":48,"gold_loss":0}],"is_beta":false,"boss_relics":[{"not_picked":["SacredBark","Abe\u0027s Treasure"],"picked":"Pandora\u0027s Box"},{"not_picked":["ReplayTheSpireMod:DimensionalGlitch","Replay:Ancient Bell"],"picked":"Calling Bell"}],"items_purged_floors":[14],"is_endless":false,"potions_floor_spawned":[6,7,8,18,22,31,33,36,41,44],"ascension_level":4}}