{"host":"g1wmg2w41xhsnw8g","time":1607726632,"event":{"mods":["2.2 Compatiblity","Act Like it!","BaseMod","Better Altar","Better Match","Better Note","Better Sensory Stone","Better Skull","Better Third Choice","BetterRewards","Booster Modes","CapriCore","Colored Map","Colored Powertips","Curses Come First","Defuse TimeMaze Blight","Displayed Cursed Tome","Friendly Minions","GifTheSpireLib","Googly Eyes","Infinite Spire","Jedi Mod","Minty Spire (QoL Compilation)","Red Circlet Mod","Relic Sorter","SCP261 Mod","Shop Mod","Spicy Shops","StSLib","The Florist","The Sage","Transform Curses","Wandering Minibosses","????"],"gold_per_floor":[113,131,146,157,157,114,114,140,166,199,229,248,248,260,41,137,137,150,150,75,75,75,0,17,37,37,70,86,97,130,147,65,166,166,184,184,196,196,196,222,79,79,126,126,159,178,191,191,7,15],"floor_reached":51,"playtime":4152,"items_purged":["Agrypnos:Autumn","jedi:BattleThirst"],"score":845,"play_id":"b4000d32-10aa-4fcc-be04-a990b776a77f","local_time":"20201211174352","daily_mods":["SealedDeck","Specialized","Heirloom","Elite Swarm"],"is_ascension_mode":true,"campfire_choices":[{"data":"Agrypnos:Snapdragon","floor":7,"key":"SMITH"}],"circlet_count":0,"master_deck":["Agrypnos:Restock","Agrypnos:Restock","Agrypnos:Restock","Agrypnos:Pollen","Agrypnos:FloralScent","Agrypnos:CombTheEarth","Agrypnos:Wolfsbane","Agrypnos:Rose","Agrypnos:Rake+1","Agrypnos:Snapdragon+1","Agrypnos:Fertilize","Agrypnos:MorningSun","Agrypnos:SeedPacket+1","Agrypnos:Winter","Agrypnos:Rue","Agrypnos:Summer","Agrypnos:Till","Bandage Up","Enlightenment","Agrypnos:Tumbleweed+1","Agrypnos:RoseGarden+1","Agrypnos:SunZenith","Agrypnos:Composting","Agrypnos:Rose","Agrypnos:Camellia","Agrypnos:Watering","Agrypnos:Wolffia","wanderingMiniBosses:FinaleOfPromise","Agrypnos:CombTheEarth","Agrypnos:QueenOfTheNight","Agrypnos:Sunbeam","Agrypnos:EntanglingVines","infinitespire:SevenWalls"],"relics":["Agrypnos:Floristry","jedi:firstaidkit","betterThird:SlimedRelic","Bag of Marbles","Centennial Puzzle","Ice Cream","jedi:shrinkray","ClockworkSouvenir","Fusion Hammer","Agrypnos:Flower Pot","Anchor","MerchantsRug","Bronze Scales","Black Star","wanderingMiniBosses:Blackblade","PreservedInsect","Smiling Mask","jedi:purplefairy","infinitespire:Beetle Shell","Blood Vial","infinitespire:Midas Blood","jedi:heavyjacket"],"acts_visited":["Exordium","TheCity","TheBeyond"],"potions_floor_usage":[8,10,10,24,35,37,46],"damage_taken":[{"damage":0,"enemies":"Cultist","floor":1,"turns":3},{"damage":12,"enemies":"Small Slimes","floor":2,"turns":5},{"damage":2,"enemies":"2 Louse","floor":3,"turns":2},{"damage":14,"enemies":"Looter","floor":4,"turns":3},{"damage":15,"enemies":"3 Sentries","floor":8,"turns":5},{"damage":17,"enemies":"Lagavulin","floor":10,"turns":5},{"damage":16,"enemies":"Red Slaver","floor":12,"turns":6},{"damage":5,"enemies":"Exordium Thugs","floor":14,"turns":4},{"damage":6,"enemies":"Hexaghost","floor":16,"turns":7},{"damage":13,"enemies":"Chosen","floor":18,"turns":4},{"damage":0,"enemies":"Spheric Guardian","floor":24,"turns":5},{"damage":14,"enemies":"Snake Plant","floor":25,"turns":2},{"damage":0,"enemies":"Slavers","floor":27,"turns":2},{"damage":6,"enemies":"Snecko","floor":28,"turns":3},{"damage":15,"enemies":"Centurion and Healer","floor":29,"turns":4},{"damage":13,"enemies":"Gremlin Leader","floor":30,"turns":5},{"damage":0,"enemies":"Cultist and Chosen","floor":31,"turns":2},{"damage":26,"enemies":"Champ","floor":33,"turns":7},{"damage":20,"enemies":"3 Darklings","floor":35,"turns":5},{"damage":8,"enemies":"3 Shapes","floor":37,"turns":4},{"damage":4,"enemies":"Nemesis","floor":40,"turns":3},{"damage":1,"enemies":"Giant Head","floor":45,"turns":5},{"damage":0,"enemies":"Maw","floor":46,"turns":5},{"damage":0,"enemies":"Spire Growth","floor":47,"turns":3},{"damage":24,"enemies":"infinitespire:MassOfShapes","floor":50,"turns":7}],"seed_played":"-8074337080461139975","potions_obtained":[{"floor":1,"key":"Fire Potion"},{"floor":3,"key":"Energy Potion"},{"floor":4,"key":"Energy Potion"},{"floor":14,"key":"Dexterity Potion"},{"floor":16,"key":"SCP261:GirlTearsPotion"},{"floor":18,"key":"FairyPotion"},{"floor":25,"key":"SCP261:GirlTearsPotion"},{"floor":28,"key":"jedi:wingpotion"},{"floor":30,"key":"Dexterity Potion"},{"floor":33,"key":"EssenceOfSteel"},{"floor":35,"key":"LiquidMemories"},{"floor":44,"key":"jedi:hoardpotion"},{"floor":44,"key":"Strength Potion"},{"floor":46,"key":"GamblersBrew"}],"is_trial":true,"path_per_floor":["M","M","M","M","?","?","R","E","T","E","?","M","?","M","R","B",null,"M","?","?","?","T","R","M","M","T","E","M","M","E","M","R","B",null,"M","?","M","?","?","E","R","$","T","?","E","M","M","?","R","B",null],"character_chosen":"THE_FLORIST","items_purchased":["jedi:shrinkray","ClockworkSouvenir","MerchantsRug","Bronze Scales","jedi:purplefairy","jedi:heavyjacket"],"campfire_rested":0,"item_purchase_floors":[15,15,32,32,41,49],"current_hp_per_floor":[70,67,65,53,53,42,42,40,40,25,25,17,17,12,12,46,70,64,64,64,64,64,64,68,58,58,58,54,50,48,48,48,42,70,62,62,63,63,63,59,59,59,59,59,65,70,70,70,70,49],"gold":15,"neow_bonus":"","is_daily":false,"chose_seed":false,"campfire_upgraded":1,"win_rate":0.0,"timestamp":1607726632,"path_taken":["M","M","M","M","?","?","R","E","T","E","?","?","?","M","R","BOSS","M","?","?","?","?","R","M","?","T","E","M","?","E","?","R","BOSS","M","?","M","?","?","E","R","?","T","?","E","?","?","?","R","BOSS"],"items_purchased_type":["Relic","Relic","Relic","Relic","Relic","Relic"],"build_version":"2020-11-30","purchased_purges":2,"victory":true,"max_hp_per_floor":[70,70,70,70,70,70,70,70,70,70,70,70,70,70,70,70,70,70,70,70,70,70,70,70,70,70,70,70,70,70,70,70,70,70,70,70,70,70,70,70,70,70,70,70,70,70,70,70,70,70],"card_choices":[{"not_picked":["Agrypnos:FloralScent","Agrypnos:Rot"],"picked":"Agrypnos:Autumn","floor":1},{"not_picked":["Agrypnos:Wolfsbane","Agrypnos:Tumbleweed"],"picked":"Agrypnos:SeedPacket","floor":2},{"not_picked":["Agrypnos:Till","Agrypnos:Tumbleweed","Agrypnos:StormShelter"],"picked":"SKIP","floor":3},{"not_picked":["Agrypnos:Shell","Agrypnos:Leaf","Agrypnos:Rose"],"picked":"SKIP","floor":4},{"not_picked":["Agrypnos:MorningSun","Agrypnos:Verdancy"],"picked":"Agrypnos:Rue","floor":8},{"not_picked":["Agrypnos:Wolffia","Agrypnos:Rue"],"picked":"Agrypnos:Summer","floor":10},{"not_picked":["Agrypnos:Replanting","Agrypnos:FloralScent"],"picked":"Agrypnos:Till","floor":12},{"not_picked":["Agrypnos:SeedPacket","Agrypnos:Rake","Agrypnos:StormShelter"],"picked":"SKIP","floor":14},{"not_picked":["Agrypnos:Camellia","Agrypnos:Winter"],"picked":"Agrypnos:GeneModification","floor":16},{"not_picked":["Agrypnos:SeedPacket","Agrypnos:Rot+1","Agrypnos:StormShelter"],"picked":"SKIP","floor":18},{"not_picked":["sagemod:Perplexing_Glare","Mind Blast"],"picked":"Bandage Up","floor":21},{"not_picked":["Panacea","Blind"],"picked":"Enlightenment","floor":21},{"not_picked":["Agrypnos:Cattail","Agrypnos:Shell"],"picked":"Agrypnos:Tumbleweed+1","floor":24},{"not_picked":["Agrypnos:Nightshade","Agrypnos:Restock"],"picked":"Agrypnos:RoseGarden+1","floor":25},{"not_picked":["Agrypnos:Lotus","Agrypnos:Winter"],"picked":"Agrypnos:SunZenith","floor":27},{"not_picked":["Agrypnos:ViolentBloom","Agrypnos:Leaf"],"picked":"Agrypnos:Composting","floor":28},{"not_picked":["Agrypnos:Snapdragon+1","Agrypnos:Myosotis"],"picked":"Agrypnos:Rose","floor":29},{"not_picked":["Agrypnos:NaturePurity","Agrypnos:Sunbeam"],"picked":"Agrypnos:Camellia","floor":30},{"not_picked":["Agrypnos:Replanting","Agrypnos:RustyShear"],"picked":"Agrypnos:Watering","floor":31},{"not_picked":["Agrypnos:Camellia","Agrypnos:Rue"],"picked":"Agrypnos:Wolffia","floor":33},{"not_picked":["Agrypnos:Weeding+1","Agrypnos:Leaf","Agrypnos:Azalea+1"],"picked":"SKIP","floor":35},{"not_picked":[],"picked":"wanderingMiniBosses:FinaleOfPromise","floor":37},{"not_picked":["Agrypnos:StormShelter","Agrypnos:Tumbleweed+1"],"picked":"Agrypnos:CombTheEarth","floor":37},{"not_picked":["Agrypnos:Narcissus","Agrypnos:FuneralWreath"],"picked":"Agrypnos:QueenOfTheNight","floor":40},{"not_picked":["Agrypnos:BigShovel","Agrypnos:Kudzu"],"picked":"Agrypnos:Sunbeam","floor":45},{"not_picked":["Agrypnos:Tumbleweed","Agrypnos:Composting+1","Agrypnos:Carnation"],"picked":"SKIP","floor":46},{"not_picked":["Agrypnos:Rake+1","Agrypnos:Till+1"],"picked":"Agrypnos:EntanglingVines","floor":47},{"not_picked":["infinitespire:FutureSight","infinitespire:Punishment"],"picked":"infinitespire:SevenWalls","floor":48}],"player_experience":799224,"relics_obtained":[{"floor":8,"key":"Bag of Marbles"},{"floor":9,"key":"Centennial Puzzle"},{"floor":10,"key":"Whetstone"},{"floor":22,"key":"Agrypnos:Flower Pot"},{"floor":26,"key":"Dead Branch"},{"floor":27,"key":"Anchor"},{"floor":30,"key":"Omamori"},{"floor":37,"key":"wanderingMiniBosses:Blackblade"},{"floor":40,"key":"PreservedInsect"},{"floor":40,"key":"Smiling Mask"},{"floor":43,"key":"infinitespire:Beetle Shell"},{"floor":45,"key":"Blood Vial"},{"floor":45,"key":"infinitespire:Midas Blood"}],"event_choices":[{"damage_healed":0,"gold_gain":0,"cards_transformed":["Agrypnos:Restock"],"player_choice":"Change","damage_taken":0,"max_hp_gain":0,"max_hp_loss":0,"event_name":"Living Wall","floor":5,"gold_loss":0,"cards_obtained":["Agrypnos:Winter"]},{"damage_healed":0,"gold_gain":0,"player_choice":"Slimed","damage_taken":11,"max_hp_gain":0,"max_hp_loss":0,"event_name":"betterThird:BetterGoop","floor":6,"gold_loss":43},{"damage_healed":0,"gold_gain":30,"player_choice":"Searched \u00272\u0027 times","damage_taken":0,"relics_obtained":["Ice Cream"],"max_hp_gain":0,"max_hp_loss":0,"event_name":"Dead Adventurer","floor":11,"gold_loss":0},{"damage_healed":0,"gold_gain":0,"player_choice":"Upgraded","damage_taken":0,"max_hp_gain":0,"max_hp_loss":0,"event_name":"Upgrade Shrine","floor":13,"gold_loss":0,"cards_upgraded":["Agrypnos:SeedPacket"]},{"cards_removed":["Agrypnos:SeedPacket"],"damage_healed":0,"gold_gain":0,"player_choice":"Give","damage_taken":0,"max_hp_gain":0,"max_hp_loss":0,"event_name":"betterNote:BetterNote","floor":19,"gold_loss":0,"cards_obtained":["None"]},{"cards_removed":["Agrypnos:Restock"],"damage_healed":0,"gold_gain":0,"player_choice":"Gave Gold","damage_taken":0,"max_hp_gain":0,"max_hp_loss":0,"event_name":"Beggar","floor":20,"gold_loss":75},{"damage_healed":0,"gold_gain":2,"player_choice":"1","damage_taken":0,"max_hp_gain":0,"max_hp_loss":0,"event_name":"betterStone:BetterStone","floor":21,"gold_loss":0},{"cards_removed":["Agrypnos:Hoe"],"damage_healed":0,"gold_gain":0,"player_choice":"Removed Attack","damage_taken":0,"max_hp_gain":0,"max_hp_loss":0,"event_name":"Falling","floor":36,"gold_loss":0},{"damage_healed":0,"gold_gain":0,"player_choice":"Got Potions","damage_taken":0,"max_hp_gain":0,"max_hp_loss":0,"event_name":"Lab","floor":44,"gold_loss":0}],"is_beta":false,"boss_relics":[{"not_picked":["Cursed Key","Runic Dome"],"picked":"Fusion Hammer"},{"not_picked":["jedi:hotpepper","infinitespire:Cupcake"],"picked":"Black Star"}],"items_purged_floors":[23,49],"is_endless":false,"potions_floor_spawned":[1,3,4,14,16,18,25,28,30,33,35,45,46,47],"ascension_level":1}}