{"host":"rmsq46plbpwfbxcc","time":1607687557,"event":{"mods":["AchievementEnabler","BaseMod","Colored Map","DeckTracker","Minty Spire (QoL Compilation)","Permanent Neow","SuperFastMode"],"gold_per_floor":[119,137,152,170,170,197,197,224,224,224,235,235,249,283,283,361,361,375,393,53,53,64,114,149,149,222,248,248,248,268,279,279,353,353,363,28,28,73,93,125,125,75,126,156,172,172,172,172],"floor_reached":47,"playtime":1806,"items_purged":["Regret","Doubt"],"score":1022,"play_id":"d1077ef0-85b0-4399-9817-0d0e39dda9ae","local_time":"20201211205237","is_ascension_mode":true,"campfire_choices":[{"data":"Neutralize","floor":7.0,"key":"SMITH"},{"floor":10.0,"key":"REST"},{"data":"Glass Knife","floor":12.0,"key":"SMITH"},{"data":"Terror","floor":15.0,"key":"SMITH"},{"data":"After Image","floor":25.0,"key":"SMITH"},{"data":"Blade Dance","floor":28.0,"key":"SMITH"},{"floor":32.0,"key":"REST"},{"floor":41,"key":"REST"},{"data":"Apotheosis","floor":46,"key":"SMITH"}],"circlet_count":0,"master_deck":["AscendersBane","Strike_G","Strike_G","Strike_G","Strike_G","Defend_G","Defend_G","Defend_G","Defend_G","Survivor","Neutralize+1","After Image+1","Dagger Throw","Deadly Poison","PiercingWail","Cloak And Dagger","Glass Knife+1","Bane","Infinite Blades","Terror+1","Bullet Time","Corpse Explosion","Blade Dance+1","Accuracy","Dash","Setup","All Out Attack","Phantasmal Killer","Blade Dance+1","Apotheosis+1","Tactician","Accuracy","Blur","Decay"],"relics":["Ring of the Snake","PreservedInsect","Juzu Bracelet","Bottled Flame","Thread and Needle","Cursed Key","Paper Crane","Smiling Mask","Ninja Scroll","Singing Bowl","Calipers","SacredBark","Lizard Tail","Potion Belt","Toy Ornithopter","Blue Candle"],"acts_visited":["Exordium","TheCity","TheBeyond"],"potions_floor_usage":[38,47],"damage_taken":[{"damage":3.0,"enemies":"Jaw Worm","floor":1.0,"turns":9.0},{"damage":2.0,"enemies":"Small Slimes","floor":2.0,"turns":4.0},{"damage":2.0,"enemies":"2 Louse","floor":3.0,"turns":4.0},{"damage":10.0,"enemies":"Gremlin Gang","floor":4.0,"turns":8.0},{"damage":19.0,"enemies":"Gremlin Nob","floor":6.0,"turns":4.0},{"damage":14.0,"enemies":"Lagavulin","floor":8.0,"turns":6.0},{"damage":2.0,"enemies":"Blue Slaver","floor":11.0,"turns":3.0},{"damage":0.0,"enemies":"3 Louse","floor":13.0,"turns":3.0},{"damage":0.0,"enemies":"Gremlin Nob","floor":14.0,"turns":2.0},{"damage":18.0,"enemies":"Slime Boss","floor":16.0,"turns":7.0},{"damage":11.0,"enemies":"Chosen","floor":18.0,"turns":6.0},{"damage":1.0,"enemies":"3 Byrds","floor":19.0,"turns":6.0},{"damage":0.0,"enemies":"Centurion and Healer","floor":22.0,"turns":5.0},{"damage":2.0,"enemies":"Slavers","floor":24.0,"turns":3.0},{"damage":16.0,"enemies":"Book of Stabbing","floor":27.0,"turns":4.0},{"damage":14.0,"enemies":"Sentry and Sphere","floor":30.0,"turns":6.0},{"damage":1.0,"enemies":"3 Cultists","floor":31.0,"turns":5.0},{"damage":34.0,"enemies":"Collector","floor":33.0,"turns":8.0},{"damage":10.0,"enemies":"Orb Walker","floor":35.0,"turns":4.0},{"damage":14,"enemies":"2 Orb Walkers","floor":38,"turns":5},{"damage":0,"enemies":"3 Shapes","floor":39,"turns":8},{"damage":21,"enemies":"Nemesis","floor":40,"turns":7},{"damage":77,"enemies":"Giant Head","floor":44,"turns":8},{"damage":7,"enemies":"Sphere and 2 Shapes","floor":45,"turns":9},{"damage":19,"enemies":"Spire Growth","floor":47,"turns":4}],"seed_played":"2857886774247688254","potions_obtained":[{"floor":3.0,"key":"DuplicationPotion"},{"floor":4.0,"key":"AttackPotion"},{"floor":11.0,"key":"Strength Potion"},{"floor":13.0,"key":"GamblersBrew"},{"floor":19.0,"key":"Weak Potion"},{"floor":24.0,"key":"Regen Potion"},{"floor":30.0,"key":"Swift Potion"},{"floor":33.0,"key":"Fire Potion"},{"floor":39,"key":"Dexterity Potion"},{"floor":40,"key":"SpeedPotion"},{"floor":45,"key":"AttackPotion"}],"is_trial":false,"path_per_floor":["M","M","M","M","?","E","R","E","T","R","M","R","M","E","R","B",null,"M","M","$","?","M","T","E","R","T","E","R","?","M","M","R","B",null,"M","$","?","?","M","E","R","$","T","E","M","R","M"],"character_chosen":"THE_SILENT","items_purchased":["Paper Crane","Corpse Explosion","Apotheosis","Tactician"],"campfire_rested":3,"item_purchase_floors":[20,20,36,36],"current_hp_per_floor":[56,54,52,42,42,23,23,9,9,28,26,26,26,26,26,8,52,41,40,40,40,40,40,38,38,38,34,34,34,22,23,44,10,55,45,45,47,33,35,14,36,36,36,15,10,10,0,0],"gold":172,"neow_bonus":"ONE_RANDOM_RARE_CARD","is_daily":false,"chose_seed":false,"campfire_upgraded":6,"win_rate":0.0,"timestamp":1607687557,"path_taken":["M","M","M","M","?","E","R","E","T","R","M","R","M","E","R","BOSS","M","M","$","?","M","?","E","R","T","E","R","?","M","M","R","BOSS","M","$","?","?","M","E","R","$","T","E","M","R","M"],"items_purchased_type":["Relic","Card","Card","Card"],"build_version":"2020-11-30","purchased_purges":2,"victory":false,"max_hp_per_floor":[66,66,66,66,66,66,66,66,66,66,66,66,66,66,66,66,66,66,66,66,66,66,66,66,66,66,66,66,66,68,70,70,70,70,70,70,72,72,74,74,74,74,74,76,78,78,78,78],"card_choices":[{"not_picked":["Sucker Punch","Prepared"],"picked":"Dagger Throw","floor":1.0},{"not_picked":["Flechettes","Underhanded Strike"],"picked":"Deadly Poison","floor":2.0},{"not_picked":["Bouncing Flask","Predator"],"picked":"PiercingWail","floor":3.0},{"not_picked":["Expertise","Deadly Poison"],"picked":"Cloak And Dagger","floor":4.0},{"not_picked":["Noxious Fumes","Deflect"],"picked":"Glass Knife","floor":6.0},{"not_picked":["Dagger Spray","Dagger Throw"],"picked":"Bane","floor":8.0},{"not_picked":["Blur","Deadly Poison"],"picked":"Infinite Blades","floor":11.0},{"not_picked":["Calculated Gamble","Bane"],"picked":"Terror","floor":13.0},{"not_picked":["Expertise","Slice","Dodge and Roll"],"picked":"SKIP","floor":14.0},{"not_picked":["A Thousand Cuts","Glass Knife"],"picked":"Bullet Time","floor":16.0},{"not_picked":["Acrobatics","Slice","Bane"],"picked":"SKIP","floor":18.0},{"not_picked":["Calculated Gamble","Cloak And Dagger","Noxious Fumes"],"picked":"SKIP","floor":19.0},{"not_picked":["Dodge and Roll","Setup"],"picked":"Accuracy","floor":22.0},{"not_picked":["Prepared","Leg Sweep","Reflex+1"],"picked":"SKIP","floor":24.0},{"not_picked":["Dodge and Roll","Sucker Punch"],"picked":"Dash","floor":27.0},{"not_picked":["All Out Attack","Acrobatics","Eviscerate"],"picked":"Singing Bowl","floor":30.0},{"not_picked":["Setup","Slice+1","Outmaneuver"],"picked":"Singing Bowl","floor":31.0},{"not_picked":["Venomology","Malaise"],"picked":"Phantasmal Killer","floor":33.0},{"not_picked":["Sucker Punch+1","Poisoned Stab"],"picked":"Blade Dance+1","floor":35.0},{"not_picked":["Dark Shackles","Chrysalis","Mayhem"],"picked":"Singing Bowl","floor":37.0},{"not_picked":["Quick Slash","Dagger Throw+1"],"picked":"Accuracy","floor":38},{"not_picked":["Backflip","Poisoned Stab","Acrobatics"],"picked":"Singing Bowl","floor":39},{"not_picked":["Dagger Throw","PiercingWail"],"picked":"Blur","floor":40},{"not_picked":["Dodge and Roll","Poisoned Stab","Cloak And Dagger"],"picked":"Singing Bowl","floor":44},{"not_picked":["Doppelganger","PiercingWail+1","Acrobatics+1"],"picked":"Singing Bowl","floor":45}],"player_experience":1316221,"relics_obtained":[{"floor":6.0,"key":"PreservedInsect"},{"floor":8.0,"key":"Juzu Bracelet"},{"floor":9.0,"key":"Bottled Flame"},{"floor":14.0,"key":"Thread and Needle"},{"floor":23.0,"key":"Smiling Mask"},{"floor":24.0,"key":"Ninja Scroll"},{"floor":26.0,"key":"Singing Bowl"},{"floor":27.0,"key":"Calipers"},{"floor":38,"key":"Lizard Tail"},{"floor":40,"key":"Potion Belt"},{"floor":43,"key":"Toy Ornithopter"},{"floor":44,"key":"Blue Candle"}],"event_choices":[{"damage_healed":0.0,"max_hp_gain":0.0,"max_hp_loss":0.0,"gold_gain":0.0,"event_name":"Liars Game","player_choice":"Ignored","floor":5.0,"gold_loss":0.0,"damage_taken":0.0},{"damage_healed":0.0,"max_hp_gain":0.0,"max_hp_loss":0.0,"gold_gain":0.0,"event_name":"The Library","player_choice":"Read","floor":21.0,"gold_loss":0.0,"damage_taken":0.0,"cards_obtained":["Blade Dance"]},{"damage_healed":0.0,"max_hp_gain":0.0,"max_hp_loss":0.0,"gold_gain":0.0,"cards_transformed":["Strike_G","Defend_G"],"event_name":"Drug Dealer","player_choice":"Became Test Subject","floor":29.0,"gold_loss":0.0,"damage_taken":0.0,"cards_obtained":["Setup","All Out Attack"]},{"damage_healed":0.0,"max_hp_gain":0.0,"max_hp_loss":0.0,"gold_gain":0.0,"event_name":"SensoryStone","player_choice":"Memory 1","floor":37.0,"gold_loss":0.0,"damage_taken":0.0},{"damage_healed":0,"gold_gain":0,"player_choice":"Fight","damage_taken":0,"max_hp_gain":0,"max_hp_loss":0,"event_name":"Mysterious Sphere","floor":38,"gold_loss":0}],"is_beta":false,"boss_relics":[{"not_picked":["Tiny House","Black Star"],"picked":"Cursed Key"},{"not_picked":["Busted Crown","Runic Pyramid"],"picked":"SacredBark"}],"items_purged_floors":[36,42],"is_endless":false,"potions_floor_spawned":[3,4,11,13,19,24,30,33,39,40,45],"killed_by":"Spire Growth","ascension_level":16}}