{"host":"qiiukau3lypbs18g","time":1607706913,"event":{"mods":["Abigail Mod","Astrologer","BaseMod","CapriCore","Friendly Minions","HololiveMod","KOR Keyword Fix","Minty Spire (QoL Compilation)","RRrroohrrRGHHhhh!!","Replay The Spire","Shop Mod","StSLib"],"gold_per_floor":[117,136,136,136,100,129,129,143,221,221,239,35,59,88,88,187,187,200,200,24,24,24,24,38,38,61,1,1,1,21,21,21,21,21],"floor_reached":33,"playtime":1062,"items_purged":["astrologer:Defend","astrologer:Defend"],"score":274,"play_id":"f290a7b6-1f74-4b34-897e-6c7069c61a08","local_time":"20201212021513","is_ascension_mode":false,"campfire_choices":[{"data":"astrologer:CosmicExpanse","floor":7,"key":"SMITH"},{"data":"astrologer:Moonlight","floor":10,"key":"SMITH"},{"data":"astrologer:Nova","floor":23,"key":"SMITH"},{"data":"astrologer:Confirmation","floor":25,"key":"SMITH"},{"data":"astrologer:Confirmation","floor":29,"key":"SMITH"},{"data":"astrologer:Sunrise","floor":32,"key":"SMITH"}],"circlet_count":0,"master_deck":["astrologer:Strike","astrologer:Strike+1","astrologer:Defend","astrologer:Defend","astrologer:NorthStar","astrologer:TheFool+1","astrologer:StarOfRegret+1","astrologer:CosmicExpanse+1","astrologer:Opposition+1","astrologer:Moonlight+1","astrologer:Confirmation+1","astrologer:Fireball","astrologer:SolarFlare","astrologer:Nova+1","astrologer:SpaceDust","astrologer:Confirmation+1","astrologer:Conjunction","astrologer:Sunrise+1"],"relics":["astrologer:SkyMirror","NeowsBlessing","Centennial Puzzle","Replay:Bottled Eggs","BargainBundle","Lantern","Counterbalance","Coffee Dripper","Blood Vial","Kunai"],"acts_visited":["Exordium","TheCity"],"potions_floor_usage":[14,16,16],"damage_taken":[{"damage":0,"enemies":"2 Louse","floor":1,"turns":2},{"damage":0,"enemies":"Jaw Worm","floor":2,"turns":1},{"damage":0,"enemies":"3 Sentries","floor":6,"turns":2},{"damage":1,"enemies":"Cultist","floor":8,"turns":2},{"damage":1,"enemies":"Looter","floor":11,"turns":2},{"damage":18,"enemies":"Replay:BlueRogue","floor":14,"turns":3},{"damage":15,"enemies":"Fading Forest","floor":16,"turns":11},{"damage":21,"enemies":"2 Thieves","floor":18,"turns":3},{"damage":1,"enemies":"Shell Parasite","floor":24,"turns":3},{"damage":3,"enemies":"Shelled Parasite and Fungi","floor":30,"turns":3},{"damage":56,"enemies":"Automaton","floor":33,"turns":6}],"seed_played":"-9061755303001081883","potions_obtained":[{"floor":2,"key":"Fire Potion"},{"floor":8,"key":"Adrenaline Potion"},{"floor":14,"key":"Elixir"},{"floor":30,"key":"SpeedPotion"}],"is_trial":false,"path_per_floor":["M","M","?","?","$","E","R","M","T","R","M","$","T","E","R","B",null,"M","?","$","?","$","R","M","R","T","?","T","R","M","?","R","B"],"character_chosen":"ASTROLOGER","items_purchased":["astrologer:CosmicExpanse","BargainBundle","astrologer:Confirmation","astrologer:Fireball","SkillPotion","astrologer:Confirmation"],"campfire_rested":0,"item_purchase_floors":[5,12,12,12,12,20],"current_hp_per_floor":[70,70,63,49,49,49,49,48,48,48,47,47,47,29,50,45,70,49,49,49,49,49,49,48,48,48,48,48,48,47,47,47,0,0],"gold":21,"neow_bonus":"THREE_ENEMY_KILL","is_daily":false,"chose_seed":false,"campfire_upgraded":6,"win_rate":0.0,"timestamp":1607706913,"path_taken":["M","M","?","?","$","E","R","M","T","R","M","$","?","E","R","BOSS","M","?","$","?","?","R","M","R","T","?","?","R","?","?","R","BOSS"],"items_purchased_type":["Card","Relic","Card","Card","Potion","Card"],"build_version":"2020-11-30","purchased_purges":2,"victory":false,"max_hp_per_floor":[70,70,70,70,70,70,70,70,70,70,70,70,70,70,70,70,70,70,70,70,70,70,70,70,70,70,70,70,70,70,70,70,70,70],"card_choices":[{"not_picked":["astrologer:CometStrike","astrologer:FrozenStar"],"picked":"astrologer:StarOfRegret","floor":1},{"not_picked":["astrologer:Premeditation","astrologer:ReadTheStars","astrologer:CometStrike"],"picked":"SKIP","floor":2},{"not_picked":["astrologer:Judgement","astrologer:Starfield"],"picked":"astrologer:Opposition","floor":6},{"not_picked":["astrologer:Stardust","astrologer:CometStrike"],"picked":"astrologer:Moonlight","floor":8},{"not_picked":["astrologer:Still","astrologer:TheLovers","astrologer:Retelling"],"picked":"SKIP","floor":11},{"not_picked":["astrologer:TheWorld","astrologer:Moonlight"],"picked":"astrologer:SolarFlare","floor":14},{"not_picked":["astrologer:TheChariot","astrologer:Premonition"],"picked":"astrologer:Nova","floor":16},{"not_picked":["astrologer:CometStrike","astrologer:Temperance"],"picked":"astrologer:SpaceDust","floor":18},{"not_picked":["astrologer:CometStrike","astrologer:Observe+1"],"picked":"astrologer:Conjunction","floor":24},{"not_picked":["astrologer:MeteorShower","astrologer:Premeditation"],"picked":"astrologer:Sunrise","floor":30}],"player_experience":154273,"relics_obtained":[{"floor":6,"key":"Centennial Puzzle"},{"floor":9,"key":"Replay:Bottled Eggs"},{"floor":13,"key":"Lantern"},{"floor":14,"key":"Counterbalance"},{"floor":26,"key":"Blood Vial"},{"floor":28,"key":"Kunai"}],"event_choices":[{"cards_removed":["astrologer:Strike"],"damage_healed":0,"gold_gain":0,"player_choice":"Card Removal","damage_taken":7,"max_hp_gain":0,"max_hp_loss":0,"event_name":"Golden Wing","floor":3,"gold_loss":0},{"damage_healed":0,"gold_gain":0,"player_choice":"Entered Light","damage_taken":14,"max_hp_gain":0,"max_hp_loss":0,"event_name":"Shining Light","floor":4,"gold_loss":0,"cards_upgraded":["astrologer:TheFool","astrologer:Strike"]},{"cards_removed":["astrologer:Strike"],"damage_healed":0,"gold_gain":0,"player_choice":"Elegance","damage_taken":0,"max_hp_gain":0,"max_hp_loss":0,"event_name":"Back to Basics","floor":19,"gold_loss":0},{"damage_healed":0,"gold_gain":0,"player_choice":"Ignored","damage_taken":0,"max_hp_gain":0,"max_hp_loss":0,"event_name":"Cursed Tome","floor":31,"gold_loss":0}],"is_beta":false,"boss_relics":[{"not_picked":["Hololive_Finger","Busted Crown"],"picked":"Coffee Dripper"}],"items_purged_floors":[12,20],"is_endless":false,"potions_floor_spawned":[2,8,14,30],"killed_by":"Automaton","ascension_level":0}}