{"host":"sq533724ysd7e9og","time":1607650651,"event":{"mods":["Act Like it!","Aspiration","BaseMod","Better Third Choice","CapriCore","Colored Map","Conspire","Custom Start","Dio Mod","Dota2Spire","Friendly Minions","Gensokyo","Halation","Hermit","HololiveMod","Hubris","Infinite Spire","Koishi","KomeijiMod","LagranYue(?????)","Lobotomy","LobotomyExtend","Minty Spire (QoL Compilation)","MostiFishMod","Replay The Spire","SOS???????","Shade Mod","Small Relic Pack","StSLib","The Animator","The Cursed","The Servant 0.9.4","The Wild Card","Waifu the Spire","??????REMEMod"],"gold_per_floor":[125,140,140,171,198,223,322,168,168,197,197,197,197,224,224,224,224],"floor_reached":16,"playtime":992,"items_purged":[],"score":136,"play_id":"0aa9e249-c751-4914-a72f-b891a0e7cb54","local_time":"25631211083731","is_ascension_mode":true,"campfire_choices":[{"data":"animator:KrulTepes","floor":11,"key":"SMITH"},{"floor":13,"key":"REST"},{"floor":15,"key":"RECALL"}],"circlet_count":0,"master_deck":["animator:Strike_OwariNoSeraph","animator:Defend_OwariNoSeraph","animator:Strike","animator:Strike","animator:Strike","animator:Defend","animator:Defend","animator:Defend","animator:Shinoa","animator:Mikaela+1","animator:Yoichi","animator:CrowleyEusford","animator:PandorasActor","animator:KrulTepes+1","animator:DolaStephanie","animator:DwarfShaman","animator:Megumin+2","animator:Aqua","animator:DolaCouronne","animator:Aqua"],"relics":["animator:LivingPicture","animator:TheMissingPiece","DaveBox","REME_ComplimentaryCards","animator:PurgingStone","LagranYue:RandomDrawCardRelic","hubris:AstralHammer","ArrowTower","Question Card","LetterFromLob","Blood Vial","Dota2Spire:DrumOfEndurance","aspiration:Nostalgia","Burning Blood","Gambling Chip","Bag of Marbles","Gaze_r","Blood Vial","LagranYue:GuidanceLightRelic"],"acts_visited":["Gensokyo:Gensokyo"],"potions_floor_usage":[10],"damage_taken":[{"damage":0,"enemies":"Gensokyo:Python","floor":1,"turns":3},{"damage":0,"enemies":"Gensokyo:Gryphon","floor":2,"turns":3},{"damage":0,"enemies":"Gensokyo:2_Kodama","floor":4,"turns":2},{"damage":0,"enemies":"Gensokyo:Kitsune","floor":5,"turns":3},{"damage":8,"enemies":"Gensokyo:Cirno","floor":6,"turns":5},{"damage":20,"enemies":"Gensokyo:Aya","floor":10,"turns":4},{"damage":18,"enemies":"Gensokyo:Cirno","floor":12,"turns":2},{"damage":11,"enemies":"Gensokyo:Cirno","floor":14,"turns":5},{"damage":41,"enemies":"Gensokyo:Yukari","floor":16,"turns":5}],"seed_played":"2643114525034931975","potions_obtained":[{"floor":4,"key":"GamblersBrew"}],"is_trial":false,"path_per_floor":["M","M","?","M","M","E","?","$","T","E","R","E","R","E","R_BF","B"],"character_chosen":"THE_ANIMATOR","items_purchased":["aspiration:Nostalgia"],"campfire_rested":1,"item_purchase_floors":[8],"current_hp_per_floor":[60,61,61,61,61,53,29,29,29,19,19,9,27,26,26,0,0],"gold":224,"neow_bonus":"ONE_RARE_RELIC","is_daily":false,"chose_seed":false,"campfire_upgraded":1,"win_rate":0.0,"timestamp":1607650651,"path_taken":["M","M","?","M","M","E","?","?","T","E","R","E","R","E","R_BF","BOSS"],"items_purchased_type":["Relic"],"build_version":"2020-11-30","purchased_purges":0,"victory":false,"max_hp_per_floor":[60,61,61,61,61,61,61,61,61,61,61,61,61,61,61,61,61],"card_choices":[{"not_picked":["animator:ChaikaBohdan","animator:Priestess"],"picked":"animator:Yoichi","floor":1},{"not_picked":["animator:YuiTsuruno","animator:NarberalGamma","animator:Mikaela"],"picked":"animator:CrowleyEusford","floor":2},{"not_picked":["animator:YaoHaDucy","animator:AcuraAkari","animator:Rider"],"picked":"animator:PandorasActor","floor":4},{"not_picked":["animator:Mitsuba","animator:CrowleyEusford","animator:Mikaela"],"picked":"animator:KrulTepes","floor":5},{"not_picked":["animator:Hans","animator:OrikoMikuni","animator:YachiyoNanami"],"picked":"animator:DolaStephanie","floor":6},{"not_picked":["animator:LizardPriest","animator:Spearman","animator:ShinjiMatou"],"picked":"animator:DwarfShaman","floor":7},{"not_picked":["animator:Tet","animator:RinTohsaka","animator:Entoma"],"picked":"animator:Megumin","floor":7},{"not_picked":["animator:YaoHaDucy","animator:PinaCoLada","animator:Tet"],"picked":"animator:Aqua","floor":7},{"not_picked":["animator:Tet","animator:Assassin","animator:YachiyoNanami"],"picked":"animator:DolaCouronne","floor":10},{"not_picked":["animator:Genos","animator:ShinjiMatou","animator:Jibril"],"picked":"animator:Aqua","floor":14}],"player_experience":133070,"relics_obtained":[{"floor":1,"key":"Question Card"},{"floor":1,"key":"LetterFromLob"},{"floor":6,"key":"Blood Vial"},{"floor":6,"key":"Dota2Spire:DrumOfEndurance"},{"floor":9,"key":"Gambling Chip"},{"floor":10,"key":"Bag of Marbles"},{"floor":14,"key":"Blood Vial"},{"floor":14,"key":"LagranYue:GuidanceLightRelic"}],"event_choices":[],"is_beta":false,"boss_relics":[],"items_purged_floors":[],"is_endless":false,"potions_floor_spawned":[4,12],"killed_by":"Gensokyo:Yukari","ascension_level":4}}