{"host":"egwexuw5uvnxf11j","time":1607659853,"event":{"mods":["2.2 Compatiblity","Aspiration","BaseMod","Better Altar","Better Note","Better Sensory Stone","Better Third Choice","Displayed Cursed Tome","Downfall","Hermit","Key Reminder","Koishi","Marisa????????","Minty Spire (QoL Compilation)","Quick Restart","Shade Mod","Spicy Shops","StSLib","The Construct","The Cursed","The Hierophant","The Runesmith","The Senshi","The Servant 0.9.4","Transform Curses"],"gold_per_floor":[118,130,140,140,6,6,32,32,56,83,15,15,40,55,55,156,156,173,183,201,6,6,6,6,25,25,25,42,42,42,42,42,42,42],"floor_reached":33,"playtime":1552,"items_purged":[],"score":266,"play_id":"ef0150dc-e0b1-43c0-996c-d5dc2990fb00","local_time":"20201210231053","is_ascension_mode":true,"campfire_choices":[{"floor":6,"key":"REST"},{"data":"hermit:BigShot","floor":12,"key":"SMITH"},{"floor":15,"key":"REST"},{"floor":23,"key":"REST"},{"floor":27,"key":"REST"},{"floor":29,"key":"REST"},{"floor":32,"key":"REST"}],"circlet_count":0,"master_deck":["hermit:Strike_Hermit","hermit:Strike_Hermit+1","hermit:Strike_Hermit","hermit:Strike_Hermit","hermit:Defend_Hermit+1","hermit:Defend_Hermit","hermit:Defend_Hermit+1","hermit:Defend_Hermit","hermit:Snapshot","hermit:Covet","hermit:Enervate","hermit:NoHoldsBarred","hermit:Horror+1","hermit:BigShot+1","hermit:Vantage","hermit:SprayPray","hermit:Malice","hermit:TrackingShot","hermit:Brawl","hermit:FinalCanter","hermit:CursedWeapon","hermit:Snipe","hermit:Headshot","hermit:Feint","hermit:Roulette","hermit:GhostlyPresence","Writhe"],"relics":["hermit:Momento","aspiration:Nostalgia","Uniform","Bottled Tornado","War Paint","keyreminder:keyreminder","aspiration:FrozenJewel","theSenshi:MoonKaleidoScopeRelic","aspiration:Lifesprig","hermit:Spyglass","hermit:Horseshoe","Ancient Tea Set"],"acts_visited":["Exordium","TheCity"],"potions_floor_usage":[16,16,20,28],"damage_taken":[{"damage":0,"enemies":"Cultist","floor":1,"turns":4},{"damage":1,"enemies":"Jaw Worm","floor":2,"turns":2},{"damage":0,"enemies":"Small Slimes","floor":3,"turns":2},{"damage":19,"enemies":"3 Sentries","floor":7,"turns":6},{"damage":32,"enemies":"Gremlin Nob","floor":13,"turns":4},{"damage":0,"enemies":"2 Fungi Beasts","floor":14,"turns":2},{"damage":44,"enemies":"Slime Boss","floor":16,"turns":9},{"damage":12,"enemies":"Shell Parasite","floor":18,"turns":6},{"damage":33,"enemies":"2 Thieves","floor":19,"turns":4},{"damage":18,"enemies":"3 Cultists","floor":20,"turns":5},{"damage":27,"enemies":"Cultist and Chosen","floor":25,"turns":5},{"damage":7,"enemies":"Chosen and Byrds","floor":28,"turns":5},{"damage":83,"enemies":"Automaton","floor":33,"turns":10}],"seed_played":"7777777073330975814","potions_obtained":[{"floor":1,"key":"FearPotion"},{"floor":2,"key":"Dexterity Potion"},{"floor":14,"key":"Swift Potion"},{"floor":25,"key":"Fire Potion"}],"is_trial":false,"path_per_floor":["M","M","M","?","$","R","E","$","T","T","$","R","E","M","R","B",null,"M","M","M","$","?","R","T","M","T","R","M","R","?","?","R","B"],"character_chosen":"HERMIT","items_purchased":["hermit:BigShot","hermit:Vantage","hermit:Malice","hermit:Feint","aspiration:Lifesprig"],"campfire_rested":6,"item_purchase_floors":[5,5,11,21,21],"current_hp_per_floor":[75,74,74,59,59,75,56,56,56,56,56,56,24,24,46,2,75,63,30,12,12,12,34,34,7,7,29,22,44,52,52,74,0,0],"gold":42,"neow_bonus":"NOSTALGIA","is_daily":false,"chose_seed":false,"campfire_upgraded":1,"win_rate":0.0,"timestamp":1607659853,"path_taken":["M","?","M","?","$","R","E","?","T","?","$","R","E","M","R","BOSS","M","M","M","$","?","R","?","M","T","R","?","R","?","?","R","BOSS"],"items_purchased_type":["Card","Card","Card","Card","Relic"],"build_version":"2020-11-30","purchased_purges":0,"victory":false,"max_hp_per_floor":[75,75,75,75,75,75,75,75,75,75,75,75,75,75,75,75,75,75,75,75,75,75,75,75,75,75,75,75,75,75,75,75,75,75],"card_choices":[{"not_picked":["hermit:CursedWeapon","hermit:Misfire"],"picked":"hermit:Enervate","floor":1},{"not_picked":["hermit:Manifest","hermit:Vantage"],"picked":"hermit:NoHoldsBarred","floor":2},{"not_picked":["hermit:GoldenBullet","hermit:Ricochet"],"picked":"hermit:Horror","floor":3},{"not_picked":["hermit:Ricochet","hermit:Scavenge"],"picked":"hermit:SprayPray","floor":7},{"not_picked":["hermit:Scavenge","hermit:Misfire"],"picked":"hermit:TrackingShot","floor":13},{"not_picked":["hermit:Scavenge","hermit:Showdown"],"picked":"hermit:Brawl","floor":14},{"not_picked":["hermit:BlackWind","hermit:Purgatory"],"picked":"hermit:FinalCanter","floor":16},{"not_picked":["hermit:Showdown","hermit:Shortfuse"],"picked":"hermit:CursedWeapon","floor":18},{"not_picked":["hermit:BigShot","hermit:Quickdraw"],"picked":"hermit:Snipe","floor":19},{"not_picked":["hermit:Brawl+1","hermit:EyeOfTheStorm+1"],"picked":"hermit:Headshot","floor":20},{"not_picked":["hermit:Desperado","hermit:TakeCover"],"picked":"hermit:Roulette","floor":25},{"not_picked":["hermit:Desperado","hermit:HeroicBravado"],"picked":"hermit:GhostlyPresence","floor":28}],"player_experience":2072090,"relics_obtained":[{"floor":7,"key":"Bottled Tornado"},{"floor":9,"key":"War Paint"},{"floor":13,"key":"aspiration:FrozenJewel"},{"floor":24,"key":"hermit:Spyglass"},{"floor":26,"key":"hermit:Horseshoe"}],"event_choices":[{"damage_healed":74,"gold_gain":0,"player_choice":"Upgrade","damage_taken":15,"max_hp_gain":0,"max_hp_loss":75,"event_name":"betterThird:BetterShining","floor":4,"gold_loss":0,"cards_upgraded":["hermit:Strike_Hermit","hermit:Defend_Hermit"]},{"damage_healed":0,"gold_gain":0,"player_choice":"Ignored","damage_taken":0,"max_hp_gain":0,"max_hp_loss":0,"event_name":"Ghosts","floor":22,"gold_loss":0},{"damage_healed":0,"gold_gain":0,"player_choice":"Opened","damage_taken":0,"relics_obtained":["Ancient Tea Set"],"max_hp_gain":0,"max_hp_loss":0,"event_name":"The Mausoleum","floor":31,"gold_loss":0,"cards_obtained":["Writhe"]}],"is_beta":false,"boss_relics":[{"not_picked":["Pandora\u0027s Box","Coffee Dripper"],"picked":"theSenshi:MoonKaleidoScopeRelic"}],"items_purged_floors":[],"is_endless":false,"potions_floor_spawned":[1,2,14,25],"killed_by":"Automaton","ascension_level":1}}