{"host":"hfvpa4llnnjpeawn","time":1607651871,"event":{"mods":["2.2 Compatiblity","Act Like it!","BaseMod","Better Skull","Better Third Choice","BetterRewards","CapriCore","Conspire","Downfall","Elementarium","Gensokyo","GungeonMod","Hermit","Hubris","Infinite Spire","Koishi","Lobotomy","Mad Scientist","Minty Spire (QoL Compilation)","Replay The Spire","Shade Mod","Somnambulant","StSLib","The Bladedancer","The Factory","The Jungle","Waifu the Spire"],"gold_per_floor":[111,111,43,43,43,74,93,93,117,117,136,161,173,205,217,338,350,379,43,43,43,43,43,87,87,87,87,87,107,107,138,138,250,250,266,266,266,289,56,92,5,5,31,31,83,83,83],"floor_reached":46,"playtime":5597,"items_purged":[],"score":511,"play_id":"e1a51491-af1c-4298-84c1-5b2f34f123e6","local_time":"20201210205751","is_ascension_mode":false,"campfire_choices":[{"floor":8,"key":"REST"},{"floor":13,"key":"REST"},{"data":"DemoMod:StickyCrossBow","floor":15,"key":"SMITH"},{"floor":23,"key":"REST"},{"data":"infinitespire:Punishment","floor":28,"key":"SMITH"},{"data":"Cloak And Dagger","floor":30,"key":"SMITH"},{"data":"DemoMod:AbyssalTentacle","floor":32,"key":"SMITH"},{"floor":42,"key":"REST"},{"floor":44,"key":"REST"}],"circlet_count":0,"master_deck":["DemoMod:Strike_Huntress","DemoMod:Defend_Huntress","DemoMod:Defend_Huntress","DemoMod:Defend_Huntress","DemoMod:Roll","DemoMod:ManualReload","DemoMod:RustySidearm","DemoMod:CrossBow","DemoMod:HuntsMan","DemoMod:TableSutra+1","DemoMod:StickyCrossBow+1","DemoMod:GunShield","DemoMod:AWP","DemoMod:Unmoved","DemoMod:GunslingerForm","DemoMod:Unity","DemoMod:AC15","DemoMod:FastSwitch","Cloak And Dagger+1","DemoMod:AbyssalTentacle+1","DemoMod:BlankBullets","Distraction","DemoMod:GunstockTap+1","expansioncontent:Corrupt","hubris:DuctTapeCard","expansioncontent:Chronoboost","DemoMod:ProbeStrike"],"relics":["DemoMod:Dog","WingedGreaves","Omamori","Boot","ReplayTheSpireMod:Lightbulb","MawBank","Replay:Drink Me","DemoMod:AgedBell","hubris:DisguiseKit","hubris:Towel","Pear","hubris:TinFlute","Replay:Fungal Core","hubris:Icosahedron","hubris:DuctTape","DemoMod:ClearGuonStone","CaptainsWheel","DemoMod:GlassGuonStoneRelic"],"acts_visited":["Exordium","TheCity","TheBeyond"],"potions_floor_usage":[6,16,24,33,33,38,38],"damage_taken":[{"damage":0,"enemies":"2 Louse","floor":1,"turns":3},{"damage":3,"enemies":"Lagavulin","floor":6,"turns":6},{"damage":7,"enemies":"conspire:RoseBush","floor":7,"turns":2},{"damage":0,"enemies":"Small Slimes","floor":11,"turns":2},{"damage":26,"enemies":"Gremlin Nob","floor":12,"turns":4},{"damage":8,"enemies":"2 Fungi Beasts","floor":14,"turns":3},{"damage":13,"enemies":"The Guardian","floor":16,"turns":10},{"damage":3,"enemies":"Chosen","floor":18,"turns":5},{"damage":3,"enemies":"conspire:SneckoGhost","floor":24,"turns":9},{"damage":0,"enemies":"3 Byrds","floor":29,"turns":5},{"damage":0,"enemies":"Replay:Snechameleon","floor":31,"turns":5},{"damage":29,"enemies":"Champ","floor":33,"turns":12},{"damage":0,"enemies":"Orb Walker","floor":35,"turns":1},{"damage":25,"enemies":"3 Darklings","floor":38,"turns":5},{"damage":28,"enemies":"Nightmare","floor":40,"turns":6},{"damage":31,"enemies":"2 Orb Walkers","floor":45,"turns":5},{"damage":24,"enemies":"Transient","floor":46,"turns":5}],"seed_played":"4881592486550608526","potions_obtained":[{"floor":1,"key":"Cursed Concoction"},{"floor":12,"key":"DemoMod:LeadSkinPotion"},{"floor":14,"key":"DemoMod:LeadSkinPotion"},{"floor":29,"key":"Strength Potion"},{"floor":31,"key":"SpeedPotion"},{"floor":33,"key":"SteroidPotion"},{"floor":35,"key":"Energy Potion"}],"is_trial":false,"path_per_floor":["M","?","$","?","?","E","M","R","T","?","M","E","R","M","R","B",null,"M","$","?","?","$","R","E","?","T","?","R","M","R","E","R","B",null,"M","?","?","M","$","NM","$","R","T","R","?","M"],"character_chosen":"HUNTRESS","items_purchased":["DemoMod:TableSutra","DemoMod:AC15","DemoMod:AgedBell","DemoMod:Unmoved","expansioncontent:Corrupt","expansioncontent:Chronoboost"],"campfire_rested":5,"item_purchase_floors":[3,19,19,39,39,41],"current_hp_per_floor":[49,49,49,49,49,46,39,60,60,60,60,34,55,47,47,34,53,50,50,42,28,28,45,42,42,52,52,52,52,52,52,52,23,68,68,68,65,40,40,12,12,31,31,50,19,0,0],"gold":83,"neow_bonus":"ONE_RARE_RELIC","is_daily":false,"chose_seed":false,"campfire_upgraded":4,"win_rate":0.0,"timestamp":1607651871,"path_taken":["M","?","$","?","?","E","M","R","T","?","M","E","R","M","R","BOSS","M","$","?","?","?","R","E","?","T","?","R","?","R","E","R","BOSS","M","?","?","M","$","NM","?","R","T","R","?","M"],"items_purchased_type":["Card","Card","Relic","Card","Card","Card"],"build_version":"2020-11-30","purchased_purges":0,"victory":false,"max_hp_per_floor":[70,70,70,70,70,70,70,70,70,70,70,70,70,70,70,70,53,53,53,58,58,58,58,58,58,68,68,68,68,68,68,68,68,68,68,68,65,65,65,65,65,65,65,65,65,65,65],"card_choices":[{"not_picked":["DemoMod:FastSwitch","DemoMod:CursedBullets"],"picked":"DemoMod:HuntsMan","floor":1},{"not_picked":["DemoMod:FeignSurrender","DemoMod:HuntsMan"],"picked":"DemoMod:StickyCrossBow","floor":6},{"not_picked":["DemoMod:BulletBore","DemoMod:SAA"],"picked":"DemoMod:GunShield","floor":7},{"not_picked":["DemoMod:Ejector","DemoMod:HardPowerCard"],"picked":"DemoMod:AWP","floor":11},{"not_picked":["DemoMod:EasyReloadBullets","DemoMod:StickyCrossBow","DemoMod:LifeOrb"],"picked":"SKIP","floor":12},{"not_picked":["DemoMod:GunShield","DemoMod:RadGun"],"picked":"DemoMod:Unmoved","floor":14},{"not_picked":["DemoMod:BulletBore","DemoMod:BlackHoleGun"],"picked":"DemoMod:GunslingerForm","floor":16},{"not_picked":["DemoMod:Ejector+1","DemoMod:SkilledReload+1"],"picked":"DemoMod:Unity","floor":18},{"not_picked":["infinitespire:Oblivion","infinitespire:FinalStrike"],"picked":"infinitespire:Punishment","floor":21},{"not_picked":["DemoMod:HardPowerCard","DemoMod:CursedBullets+1"],"picked":"DemoMod:FastSwitch","floor":24},{"not_picked":["DemoMod:DirectionalPad","DemoMod:SkilledReload","DemoMod:TeaPot"],"picked":"Cloak And Dagger","floor":29},{"not_picked":["DemoMod:BlackHoleGun","DemoMod:HungryBullets","Quick Slash"],"picked":"DemoMod:AbyssalTentacle","floor":31},{"not_picked":["DemoMod:DoubleVision","DemoMod:BulletBore","Malaise"],"picked":"DemoMod:BlankBullets","floor":33},{"not_picked":["DemoMod:TeaPot","DemoMod:AC15","DemoMod:StickyCrossBow+1"],"picked":"Distraction","floor":35},{"not_picked":["DemoMod:TeaPot+1","DemoMod:PracticeMakesPerfect","Dodge and Roll"],"picked":"DemoMod:GunstockTap+1","floor":38},{"not_picked":["DemoMod:TeaPot+1","DemoMod:ConditionalReflex+1","DemoMod:FinishedGun","All Out Attack"],"picked":"SKIP","floor":40},{"not_picked":["DemoMod:CursedBullets","DemoMod:FastSwitch","Bane"],"picked":"DemoMod:ProbeStrike","floor":45}],"player_experience":156986,"relics_obtained":[{"floor":6,"key":"Omamori"},{"floor":9,"key":"Boot"},{"floor":10,"key":"ReplayTheSpireMod:Lightbulb"},{"floor":12,"key":"MawBank"},{"floor":24,"key":"hubris:DisguiseKit"},{"floor":26,"key":"Pear"},{"floor":31,"key":"hubris:TinFlute"},{"floor":40,"key":"hubris:DuctTape"},{"floor":43,"key":"DemoMod:ClearGuonStone"},{"floor":45,"key":"CaptainsWheel"}],"event_choices":[{"damage_healed":0,"gold_gain":0,"player_choice":"Ignored","damage_taken":0,"max_hp_gain":0,"max_hp_loss":0,"event_name":"Golden Wing","floor":4,"gold_loss":0},{"damage_healed":0,"gold_gain":0,"player_choice":"Shed Blood","damage_taken":13,"max_hp_gain":5,"max_hp_loss":0,"event_name":"Forgotten Altar","floor":20,"gold_loss":0},{"damage_healed":0,"gold_gain":0,"player_choice":"Max HP","damage_taken":0,"max_hp_gain":0,"max_hp_loss":3,"event_name":"Winding Halls","floor":37,"gold_loss":0},{"damage_healed":0,"gold_gain":0,"player_choice":"Fight","damage_taken":0,"max_hp_gain":0,"max_hp_loss":0,"event_name":"Mysterious Sphere","floor":45,"gold_loss":0}],"is_beta":false,"boss_relics":[{"not_picked":["Busted Crown","hubris:BlackHole"],"picked":"Replay:Drink Me"},{"not_picked":["SlaversCollar","Snecko Eye"],"picked":"Replay:Fungal Core"}],"items_purged_floors":[],"is_endless":true,"potions_floor_spawned":[1,12,14,29,31,33,35],"killed_by":"Transient","ascension_level":0}}