{"host":"u2dm6glrpyjr66v9","time":1607674796,"event":{"mods":["AchievementEnabler","BaseMod","CapriCore","Colored Map","Colored Powertips","DeckTracker","Friendly Minions","Minty Spire (QoL Compilation)","Quick Restart","StSLib","SuperFastMode","The Immortal"],"gold_per_floor":[112,127,202,202,127,161,181,247,323,338,338,338,338,356,356,484,484,504,495,495,520,536,536,536],"floor_reached":23,"playtime":641,"items_purged":["Injury"],"score":241,"play_id":"7e1bb8f6-ca6d-43e2-b613-48e111b5187f","local_time":"20201211171956","is_ascension_mode":false,"campfire_choices":[{"floor":13,"key":"RECALL"},{"floor":15,"key":"REST"}],"circlet_count":0,"master_deck":["Defend_G","Defend_G","Defend_G","Defend_G","Survivor","Neutralize","Noxious Fumes","Bouncing Flask","Bouncing Flask","Corpse Explosion","Parasite","Heel Hook+1","Escape Plan+1","Catalyst+1","Crippling Poison","Bite","Bite","Bite","Bite","Bite"],"relics":["Ring of the Snake","NeowsBlessing","Golden Idol","Regal Pillow","Pantograph","Ninja Scroll","Astrolabe","Vajra"],"acts_visited":["Exordium","TheCity"],"potions_floor_usage":[22,23,23,23,23,23],"damage_taken":[{"damage":0,"enemies":"2 Louse","floor":1,"turns":1},{"damage":0,"enemies":"Jaw Worm","floor":2,"turns":1},{"damage":0,"enemies":"Gremlin Nob","floor":6,"turns":1},{"damage":0,"enemies":"Small Slimes","floor":7,"turns":4},{"damage":26,"enemies":"Gremlin Nob","floor":8,"turns":4},{"damage":11,"enemies":"Blue Slaver","floor":10,"turns":3},{"damage":25,"enemies":"Exordium Thugs","floor":14,"turns":5},{"damage":17,"enemies":"The Guardian","floor":16,"turns":7},{"damage":15,"enemies":"3 Byrds","floor":18,"turns":5},{"damage":28,"enemies":"2 Thieves","floor":19,"turns":4},{"damage":20,"enemies":"Snake Plant","floor":22,"turns":4},{"damage":39,"enemies":"Book of Stabbing","floor":23,"turns":5}],"seed_played":"8605629680124177489","potions_obtained":[{"floor":1,"key":"DuplicationPotion"},{"floor":2,"key":"Swift Potion"},{"floor":8,"key":"Weak Potion"},{"floor":16,"key":"LiquidBronze"},{"floor":19,"key":"EntropicBrew"}],"is_trial":false,"path_per_floor":["M","M","?","?","$","E","M","?","T","M","T","?","R","M","R","B",null,"M","M","?","T","M","E"],"character_chosen":"THE_SILENT","items_purchased":[],"campfire_rested":1,"item_purchase_floors":[],"current_hp_per_floor":[70,70,59,59,59,59,61,37,37,28,28,28,28,5,41,51,70,55,29,29,29,21,0,0],"gold":536,"neow_bonus":"THREE_ENEMY_KILL","is_daily":false,"chose_seed":false,"campfire_upgraded":0,"win_rate":0.0,"timestamp":1607674796,"path_taken":["M","M","?","?","?","E","M","?","T","?","?","?","R","M","R","BOSS","M","M","?","?","M","E"],"items_purchased_type":[],"build_version":"2020-11-30","purchased_purges":1,"victory":false,"max_hp_per_floor":[70,70,70,70,70,70,70,70,70,70,70,70,70,70,70,70,70,70,70,70,70,70,70,70],"card_choices":[{"not_picked":["Slice","Sucker Punch"],"picked":"Noxious Fumes","floor":1},{"not_picked":["Dagger Throw","Bane"],"picked":"Bouncing Flask","floor":2},{"not_picked":["Cloak And Dagger","Expertise","Prepared"],"picked":"SKIP","floor":6},{"not_picked":["Dagger Spray","Bullet Time"],"picked":"Bouncing Flask","floor":7},{"not_picked":["Acrobatics","PiercingWail","Flying Knee"],"picked":"SKIP","floor":10},{"not_picked":["Dagger Throw","Caltrops","Outmaneuver"],"picked":"SKIP","floor":14},{"not_picked":["After Image","Burst"],"picked":"Corpse Explosion","floor":16},{"not_picked":["Bane","Deflect+1"],"picked":"Catalyst+1","floor":18},{"not_picked":["Poisoned Stab","Cloak And Dagger+1"],"picked":"Crippling Poison","floor":19},{"not_picked":["Dagger Throw","Escape Plan","Acrobatics"],"picked":"SKIP","floor":22}],"player_experience":45601,"relics_obtained":[{"floor":6,"key":"Blood Vial"},{"floor":8,"key":"Regal Pillow"},{"floor":9,"key":"Pantograph"},{"floor":21,"key":"Vajra"}],"event_choices":[{"damage_healed":0,"gold_gain":75,"player_choice":"Gather Gold","damage_taken":11,"max_hp_gain":0,"max_hp_loss":0,"event_name":"World of Goop","floor":3,"gold_loss":0},{"damage_healed":0,"gold_gain":0,"player_choice":"Take Wound","damage_taken":0,"relics_obtained":["Golden Idol"],"max_hp_gain":0,"max_hp_loss":0,"event_name":"Golden Idol","floor":4,"gold_loss":0,"cards_obtained":["Injury"]},{"damage_healed":0,"gold_gain":30,"player_choice":"Searched \u00273\u0027 times","damage_taken":0,"max_hp_gain":0,"max_hp_loss":0,"event_name":"Dead Adventurer","floor":8,"gold_loss":0},{"damage_healed":0,"gold_gain":0,"player_choice":"Box","damage_taken":0,"relics_obtained":["Ninja Scroll"],"max_hp_gain":0,"max_hp_loss":0,"event_name":"Big Fish","floor":12,"gold_loss":0,"cards_obtained":["Regret"]},{"damage_healed":0,"gold_gain":0,"player_choice":"Became a vampire (Vial)","damage_taken":0,"max_hp_gain":0,"max_hp_loss":0,"event_name":"Vampires","floor":20,"relics_lost":["Blood Vial"],"gold_loss":0,"cards_obtained":["Bite","Bite","Bite","Bite","Bite"]}],"is_beta":false,"boss_relics":[{"not_picked":["Runic Dome","Busted Crown"],"picked":"Astrolabe"}],"items_purged_floors":[5],"is_endless":false,"potions_floor_spawned":[1,2,8,16,19],"killed_by":"Book of Stabbing","ascension_level":0}}