{"host":"1tl36azeqm6yhdgj","time":1607728023,"event":{"mods":["AchievementEnabler","BaseMod","Minty Spire (QoL Compilation)","StSLib","The IronCluck","everything is the same but u backflip on backflip"],"gold_per_floor":[16,16,28,43,8,42,42,76,76,76,93,93,93,145,145,247,247,235,160,160,172,271,271,299,299,299,317,331,331,331],"floor_reached":29,"playtime":977,"items_purged":[],"score":389,"play_id":"7da9c84d-97e3-4902-be6a-61c372bd95c4","local_time":"20201211180703","is_ascension_mode":true,"campfire_choices":[{"data":"1","floor":10.0,"key":"LIFT"},{"data":"2","floor":13.0,"key":"LIFT"},{"floor":15.0,"key":"REST"},{"floor":23.0,"key":"REST"},{"floor":25.0,"key":"REST"}],"circlet_count":0,"master_deck":["AscendersBane","Strike_R","Strike_R","Strike_R","Strike_R","Defend_R","Defend_R","Defend_R","Defend_R","Bash","Reaper","Uppercut","Flex","Shrug It Off","Spot Weakness","Anger","Exhume","Inflame","Dropkick","Flex+1","Cleave"],"relics":["Burning Blood","Letter Opener","Girya","Champion Belt","Gremlin Horn","Ice Cream","Potion Belt"],"acts_visited":["Exordium","TheCity"],"potions_floor_usage":[28,29],"damage_taken":[{"damage":14.0,"enemies":"Jaw Worm","floor":1.0,"turns":5.0},{"damage":11.0,"enemies":"Cultist","floor":3.0,"turns":4.0},{"damage":5.0,"enemies":"Small Slimes","floor":4.0,"turns":3.0},{"damage":54.0,"enemies":"3 Sentries","floor":6.0,"turns":13.0},{"damage":22.0,"enemies":"Lagavulin","floor":8.0,"turns":10.0},{"damage":19.0,"enemies":"2 Fungi Beasts","floor":11.0,"turns":4.0},{"damage":57.0,"enemies":"The Guardian","floor":16.0,"turns":11.0},{"damage":31.0,"enemies":"2 Thieves","floor":18.0,"turns":4.0},{"damage":28.0,"enemies":"Spheric Guardian","floor":21.0,"turns":4.0},{"damage":60.0,"enemies":"Slavers","floor":24.0,"turns":6.0},{"damage":38.0,"enemies":"Chosen and Byrds","floor":27.0,"turns":7.0},{"damage":23,"enemies":"Snecko","floor":28,"turns":5},{"damage":32,"enemies":"Colosseum Slavers","floor":29,"turns":3},{"damage":42,"enemies":"Colosseum Nobs","floor":29,"turns":4}],"seed_played":"6281155732650856371","potions_obtained":[{"floor":1.0,"key":"EssenceOfSteel"},{"floor":7.0,"key":"SkillPotion"},{"floor":7.0,"key":"Block Potion"},{"floor":11.0,"key":"Fruit Juice"},{"floor":21.0,"key":"SpeedPotion"},{"floor":27.0,"key":"CultistPotion"},{"floor":28,"key":"Weak Potion"}],"is_trial":false,"path_per_floor":["M","?","M","M","?","E","?","E","T","R","M","T","R","?","R","B",null,"M","?","T","M","?","R","E","R","T","M","M","?"],"character_chosen":"IRONCLAD","items_purchased":[],"campfire_rested":3,"item_purchase_floors":[],"current_hp_per_floor":[68,60,59,64,80,44,44,28,28,28,36,36,36,36,61,19,69,44,44,44,22,22,47,19,44,44,12,33,0,0],"gold":331,"neow_bonus":"THREE_RARE_CARDS","is_daily":false,"chose_seed":false,"campfire_upgraded":0,"win_rate":0.0,"timestamp":1607728023,"path_taken":["M","?","M","?","?","E","?","E","T","R","?","?","R","?","R","BOSS","M","?","?","M","?","R","E","R","T","?","M","?"],"items_purchased_type":[],"build_version":"2020-11-30","purchased_purges":0,"victory":false,"max_hp_per_floor":[80,80,80,80,80,80,80,80,80,80,85,85,85,85,85,85,85,85,85,85,85,85,85,85,85,85,85,85,85,85],"card_choices":[{"not_picked":["Barricade","Impervious"],"picked":"Reaper","floor":0.0},{"not_picked":["Thunderclap","Feel No Pain"],"picked":"Uppercut","floor":1.0},{"not_picked":["Headbutt","Second Wind"],"picked":"Flex","floor":3.0},{"not_picked":["Pommel Strike","Armaments"],"picked":"Shrug It Off","floor":4.0},{"not_picked":["Perfected Strike","Havoc","Sentinel"],"picked":"SKIP","floor":6.0},{"not_picked":["Pommel Strike","Power Through"],"picked":"Spot Weakness","floor":8.0},{"not_picked":["Sentinel","Entrench"],"picked":"Anger","floor":11.0},{"not_picked":["Brutality","Berserk"],"picked":"Exhume","floor":16.0},{"not_picked":["Anger","Sword Boomerang"],"picked":"Inflame","floor":18.0},{"not_picked":["Perfected Strike","Wild Strike","Shrug It Off"],"picked":"SKIP","floor":21.0},{"not_picked":["Blood for Blood","Flex"],"picked":"Dropkick","floor":24.0},{"not_picked":["Carnage","Pommel Strike"],"picked":"Flex+1","floor":27.0},{"not_picked":["Blood for Blood","Shockwave"],"picked":"Cleave","floor":28}],"player_experience":1909939,"relics_obtained":[{"floor":6.0,"key":"Letter Opener"},{"floor":8.0,"key":"Girya"},{"floor":12.0,"key":"Champion Belt"},{"floor":20.0,"key":"Gremlin Horn"},{"floor":24.0,"key":"Ice Cream"},{"floor":26.0,"key":"Potion Belt"}],"event_choices":[{"damage_healed":0.0,"max_hp_gain":0.0,"max_hp_loss":0.0,"gold_gain":0.0,"event_name":"Wheel of Change","player_choice":"Damaged","floor":2.0,"gold_loss":0.0,"damage_taken":8.0},{"damage_healed":20.0,"max_hp_gain":0.0,"max_hp_loss":0.0,"gold_gain":0.0,"event_name":"The Cleric","player_choice":"Healed","floor":5.0,"gold_loss":35.0,"damage_taken":0.0},{"damage_healed":0.0,"max_hp_gain":0.0,"max_hp_loss":0.0,"gold_gain":0.0,"event_name":"Lab","player_choice":"Got Potions","floor":7.0,"gold_loss":0.0,"damage_taken":0.0},{"damage_healed":0.0,"max_hp_gain":0.0,"max_hp_loss":0.0,"gold_gain":52.0,"event_name":"Golden Wing","player_choice":"Gained Gold","floor":14.0,"gold_loss":0.0,"damage_taken":0.0},{"cards_removed":["Strike_R"],"damage_healed":0.0,"max_hp_gain":0.0,"max_hp_loss":0.0,"gold_gain":0.0,"event_name":"Beggar","player_choice":"Gave Gold","floor":19.0,"gold_loss":75.0,"damage_taken":0.0},{"damage_healed":0.0,"max_hp_gain":0.0,"max_hp_loss":0.0,"gold_gain":99.0,"event_name":"Nest","player_choice":"Stole From Cult","floor":22.0,"gold_loss":0.0,"damage_taken":0.0},{"damage_healed":0,"gold_gain":0,"player_choice":"Fight","damage_taken":0,"max_hp_gain":0,"max_hp_loss":0,"event_name":"Colosseum","floor":29,"gold_loss":0},{"damage_healed":0,"gold_gain":0,"player_choice":"Fought Nobs","damage_taken":0,"max_hp_gain":0,"max_hp_loss":0,"event_name":"Colosseum","floor":29,"gold_loss":0}],"is_beta":false,"boss_relics":[{"not_picked":["Runic Pyramid","Snecko Eye","Coffee Dripper"]}],"items_purged_floors":[],"is_endless":false,"potions_floor_spawned":[1,11,21,27,28,29],"killed_by":"Colosseum Nobs","ascension_level":11}}