{"host":"g4jqqbmo30rq7cal","time":1607693376,"event":{"mods":["BaseMod","Better Match","BetterRewards","Conspire","DeckTracker","Hermit","Minty Spire (QoL Compilation)","Rare Cards Sparkle","Shop Mod","StSLib","The Bug Knight","The Cursed","The Mystic","[IsaacMod]????"],"gold_per_floor":[119,131,131,145,155,155,173,203,257,257,277,242,242,19,19,119,119,130,130,130,146,158,158,223,234,234,79,178,195,215,232,232,330,330,342,342,342],"floor_reached":36,"playtime":2087,"items_purged":["Regret"],"score":368,"play_id":"48ecf402-b84f-46ef-bd6c-2fb961809596","local_time":"20201211182936","is_ascension_mode":false,"campfire_choices":[{"data":"Eruption","floor":6,"key":"SMITH"},{"floor":10,"key":"RECALL"},{"data":"Vigilance","floor":13,"key":"SMITH"},{"floor":15,"key":"REST"},{"data":"LikeWater","floor":23,"key":"SMITH"},{"floor":32,"key":"REST"}],"circlet_count":0,"master_deck":["Strike_P","Strike_P","Strike_P","Strike_P","Defend_P","Defend_P","Defend_P","Defend_P","Eruption+1","Vigilance+1","SignatureMove","Conclude","EmptyBody","ThirdEye","LikeWater+1","DeusExMachina","Wireheading","ClearTheMind+1","WheelKick+1","Nirvana","CutThroughFate","ThirdEye","Judgement"],"relics":["PureWater","HushsDoor","PreservedInsect","MerchantsRug","VioletLotus","Bottled Flame","Lee\u0027s Waffle","Cursed Key"],"acts_visited":["Exordium","TheCity","TheBeyond"],"potions_floor_usage":[4,8,22,29,31],"damage_taken":[{"damage":0,"enemies":"2 Louse","floor":1,"turns":3},{"damage":3,"enemies":"Jaw Worm","floor":2,"turns":3},{"damage":0,"enemies":"Cultist","floor":4,"turns":1},{"damage":4,"enemies":"Large Slime","floor":5,"turns":4},{"damage":7,"enemies":"Exordium Wildlife","floor":7,"turns":4},{"damage":11,"enemies":"3 Sentries","floor":8,"turns":3},{"damage":21,"enemies":"Exordium Thugs","floor":11,"turns":5},{"damage":34,"enemies":"The Guardian","floor":16,"turns":11},{"damage":8,"enemies":"Shell Parasite","floor":18,"turns":6},{"damage":0,"enemies":"Chosen","floor":21,"turns":4},{"damage":4,"enemies":"Centurion and Healer","floor":22,"turns":6},{"damage":52,"enemies":"Sentry and Sphere","floor":25,"turns":8},{"damage":25,"enemies":"Snake Plant","floor":29,"turns":6},{"damage":5,"enemies":"Snecko","floor":30,"turns":5},{"damage":3,"enemies":"Cultist and Chosen","floor":31,"turns":3},{"damage":67,"enemies":"Collector","floor":33,"turns":15},{"damage":14,"enemies":"3 Darklings","floor":35,"turns":7},{"damage":79,"enemies":"2 Orb Walkers","floor":36,"turns":6}],"seed_played":"-7340830395895609050","potions_obtained":[{"floor":1,"key":"LiquidMemories"},{"floor":4,"key":"GamblersBrew"},{"floor":7,"key":"Fire Potion"},{"floor":18,"key":"SteroidPotion"},{"floor":25,"key":"EssenceOfSteel"}],"is_trial":false,"path_per_floor":["M","M","?","M","M","R","M","E","T","R","M","?","R","$","R","B",null,"M","?","$","M","M","R","$","M","T","$","?","M","M","M","R","B",null,"M","?"],"character_chosen":"WATCHER","items_purchased":["MerchantsRug","Nirvana","Lee\u0027s Waffle"],"campfire_rested":2,"item_purchase_floors":[14,24,27],"current_hp_per_floor":[79,76,76,76,72,72,65,54,54,54,33,52,52,52,75,41,79,71,71,71,71,67,67,67,15,15,86,86,61,56,53,78,11,86,72,0,0],"gold":342,"neow_bonus":"TEN_PERCENT_HP_BONUS","is_daily":false,"chose_seed":false,"campfire_upgraded":3,"win_rate":0.0,"timestamp":1607693376,"path_taken":["M","M","?","M","?","R","M","E","T","R","M","?","R","$","R","BOSS","M","?","$","M","M","R","$","M","T","?","?","M","?","M","R","BOSS","M","?"],"items_purchased_type":["Relic","Card","Relic"],"build_version":"2020-11-30","purchased_purges":1,"victory":false,"max_hp_per_floor":[79,79,79,79,79,79,79,79,79,79,79,79,79,79,79,79,79,79,79,79,79,79,79,79,79,79,86,86,86,86,86,86,86,86,86,86,86],"card_choices":[{"not_picked":[],"picked":"ChaosCard","floor":0},{"not_picked":["Evaluate","FlyingSleeves"],"picked":"SignatureMove","floor":1},{"not_picked":["TalkToTheHand","WaveOfTheHand"],"picked":"Bomb","floor":2},{"not_picked":["Adaptation","JustLucky"],"picked":"Conclude","floor":4},{"not_picked":["ClearTheMind","Prostrate"],"picked":"EmptyBody","floor":5},{"not_picked":["SashWhip","ClearTheMind"],"picked":"ThirdEye","floor":7},{"not_picked":["Swivel","Conclude"],"picked":"LikeWater","floor":8},{"not_picked":["JustLucky","EmptyFist"],"picked":"Bomb","floor":11},{"not_picked":["LessonLearned","Omniscience"],"picked":"DeusExMachina","floor":16},{"not_picked":["FlyingSleeves","Halt"],"picked":"Wireheading","floor":18},{"not_picked":["FearNoEvil","FlyingSleeves"],"picked":"ClearTheMind+1","floor":21},{"not_picked":["Collect","EmptyMind"],"picked":"WheelKick+1","floor":22},{"not_picked":["Evaluate","ForeignInfluence"],"picked":"CutThroughFate","floor":25},{"not_picked":["Meditate","Pray","JustLucky"],"picked":"SKIP","floor":29},{"not_picked":["BowlingBash","PathToVictory","Protect"],"picked":"SKIP","floor":30},{"not_picked":["Conclude","Worship"],"picked":"ThirdEye","floor":31},{"not_picked":["MasterReality","Ragnarok"],"picked":"Judgement","floor":33},{"not_picked":["FlyingSleeves","Consecrate","PathToVictory"],"picked":"SKIP","floor":35}],"player_experience":294417,"relics_obtained":[{"floor":8,"key":"Darkstone Periapt"},{"floor":26,"key":"Bottled Flame"}],"event_choices":[{"damage_healed":0,"gold_gain":0,"player_choice":"Box","damage_taken":0,"relics_obtained":["PreservedInsect"],"max_hp_gain":0,"max_hp_loss":0,"event_name":"Big Fish","floor":3,"gold_loss":0,"cards_obtained":["Regret"]},{"damage_healed":19,"gold_gain":0,"player_choice":"Healed","damage_taken":0,"max_hp_gain":0,"max_hp_loss":0,"event_name":"The Cleric","floor":12,"gold_loss":35},{"damage_healed":0,"gold_gain":0,"player_choice":"Ignored","damage_taken":0,"max_hp_gain":0,"max_hp_loss":0,"event_name":"Ghosts","floor":19,"gold_loss":0},{"damage_healed":0,"gold_gain":99,"player_choice":"Stole From Cult","damage_taken":0,"max_hp_gain":0,"max_hp_loss":0,"event_name":"Nest","floor":28,"gold_loss":0},{"damage_healed":0,"gold_gain":0,"player_choice":"Fight","damage_taken":0,"max_hp_gain":0,"max_hp_loss":0,"event_name":"Mysterious Sphere","floor":36,"gold_loss":0}],"is_beta":false,"boss_relics":[{"not_picked":["SacredBark","Pandora\u0027s Box"],"picked":"VioletLotus"},{"not_picked":[]},{"not_picked":["Snecko Eye","Black Star"],"picked":"Cursed Key"},{"not_picked":[]}],"items_purged_floors":[14],"is_endless":false,"potions_floor_spawned":[1,4,7,18,25],"killed_by":"2 Orb Walkers","ascension_level":0}}