{"host":"BK","time":1607657545,"event":{"mods":["BaseMod","Highlight Path","Minty Spire (QoL Compilation)","StSLib"],"gold_per_floor":[17,29,29,41,60,60,93,108,108,120,120,144,169,169,169,246,246,264,264,240,1,19,19,48,48,48,66,66,66,79,4,4,75,75,94,0,0,18,18,52,52,67,67,87,87,112,125,25,25,25,25],"floor_reached":52,"playtime":6704,"items_purged":["Strike_B","Strike_B"],"score":2099,"play_id":"f97063ae-4dd9-43d7-aa4e-92633c694c87","local_time":"20201210203225","is_ascension_mode":true,"campfire_choices":[{"floor":6,"key":"REST"},{"floor":11,"key":"REST"},{"data":"Defragment","floor":15,"key":"SMITH"},{"data":"Glacier","floor":23,"key":"SMITH"},{"data":"Zap","floor":32,"key":"SMITH"},{"floor":49,"key":"REST"}],"circlet_count":0,"master_deck":["AscendersBane","Strike_B","Defend_B","Defend_B","Defend_B","Defend_B","Zap+1","Dualcast","Glacier+1","Go for the Eyes","Defragment+1","Sweeping Beam","Ball Lightning","Steam","Self Repair","Creative AI","Genetic Algorithm+1","Defragment+1","Seek","Capacitor+1","Reinforced Body+1","Coolheaded+1","Electrodynamics","Darkness+1","Force Field+1","Panacea+1","Good Instincts+1","Loop","Hologram+1"],"relics":["Cracked Core","Thread and Needle","Ornamental Fan","Odd Mushroom","Gremlin Horn","Mercury Hourglass","Runic Pyramid","Runic Capacitor","Art of War","Toxic Egg 2","Runic Dome","Red Mask","Oddly Smooth Stone","StrikeDummy","Pocketwatch"],"acts_visited":["Exordium","TheCity","TheBeyond"],"potions_floor_usage":[12,13,18,24,24,40,47,51],"damage_taken":[{"damage":2,"enemies":"Jaw Worm","floor":1,"turns":3},{"damage":0,"enemies":"Cultist","floor":2,"turns":4},{"damage":8,"enemies":"2 Louse","floor":4,"turns":3},{"damage":32,"enemies":"Large Slime","floor":5,"turns":8},{"damage":25,"enemies":"3 Sentries","floor":7,"turns":7},{"damage":15,"enemies":"Exordium Wildlife","floor":8,"turns":3},{"damage":1,"enemies":"Red Slaver","floor":10,"turns":3},{"damage":6,"enemies":"The Mushroom Lair","floor":12,"turns":4},{"damage":0,"enemies":"Lagavulin","floor":13,"turns":6},{"damage":20,"enemies":"Slime Boss","floor":16,"turns":8},{"damage":10,"enemies":"Shell Parasite","floor":18,"turns":8},{"damage":4,"enemies":"2 Thieves","floor":20,"turns":4},{"damage":20,"enemies":"Snake Plant","floor":22,"turns":4},{"damage":33,"enemies":"Gremlin Leader","floor":24,"turns":10},{"damage":0,"enemies":"Snecko","floor":27,"turns":6},{"damage":2,"enemies":"Centurion and Healer","floor":30,"turns":8},{"damage":0,"enemies":"Champ","floor":33,"turns":12},{"damage":5,"enemies":"3 Darklings","floor":35,"turns":4},{"damage":13,"enemies":"Orb Walker","floor":38,"turns":4},{"damage":0,"enemies":"Reptomancer","floor":40,"turns":6},{"damage":40,"enemies":"Jaw Worm Horde","floor":42,"turns":4},{"damage":22,"enemies":"Maw","floor":44,"turns":7},{"damage":17,"enemies":"Mind Bloom Boss Battle","floor":46,"turns":6},{"damage":7,"enemies":"Transient","floor":47,"turns":6},{"damage":0,"enemies":"Time Eater","floor":50,"turns":10},{"damage":26,"enemies":"Donu and Deca","floor":51,"turns":7}],"seed_played":"4779398776292477559","potions_obtained":[{"floor":2,"key":"Strength Potion"},{"floor":8,"key":"Fire Potion"},{"floor":12,"key":"Energy Potion"},{"floor":16,"key":"DistilledChaos"},{"floor":20,"key":"Weak Potion"},{"floor":33,"key":"DistilledChaos"},{"floor":42,"key":"ColorlessPotion"},{"floor":44,"key":"Weak Potion"}],"is_trial":false,"path_per_floor":["M","M","?","M","M","R","E","M","T","M","R","?","E","?","R","B",null,"M","?","M","$","M","R","E","$","T","M","?","?","M","$","R","B",null,"M","?","?","M","?","E","$","M","T","M","?","?","M","$","R","B","B",null],"character_chosen":"DEFECT","items_purchased":["Runic Capacitor","Defragment"],"campfire_rested":3,"item_purchase_floors":[21,21],"current_hp_per_floor":[76,76,76,68,36,61,36,21,21,20,45,39,46,41,41,28,71,68,68,71,71,58,58,32,32,32,39,39,39,44,44,44,51,77,79,79,79,73,73,80,80,47,47,32,27,17,17,17,42,49,30],"gold":25,"neow_bonus":"TWENTY_PERCENT_HP_BONUS","is_daily":false,"chose_seed":false,"campfire_upgraded":3,"win_rate":0.0,"timestamp":1607657545,"path_taken":["M","M","?","M","M","R","E","?","T","M","R","?","E","?","R","BOSS","M","?","M","$","?","R","E","?","T","M","?","?","M","$","R","BOSS","M","?","?","M","?","E","$","?","T","M","?","?","M","?","R","BOSS","BOSS"],"items_purchased_type":["Relic","Card"],"build_version":"2020-12-07","purchased_purges":2,"victory":true,"max_hp_per_floor":[85,85,85,85,85,85,85,85,85,85,85,85,85,85,85,85,85,85,85,85,85,85,85,85,85,85,85,85,85,85,85,85,85,85,85,85,85,85,85,85,85,85,85,85,85,85,85,85,85,85,85],"card_choices":[{"not_picked":["Gash","Auto Shields"],"picked":"Glacier","floor":1},{"not_picked":["Undo","Reprogram"],"picked":"Go for the Eyes","floor":2},{"not_picked":["Rebound","Compile Driver"],"picked":"Sweeping Beam","floor":4},{"not_picked":["Darkness","Doom and Gloom"],"picked":"Ball Lightning","floor":5},{"not_picked":["Steam","Storm","Auto Shields"],"picked":"SKIP","floor":7},{"not_picked":["Ball Lightning","Leap"],"picked":"Conserve Battery","floor":8},{"not_picked":["Consume","Gash"],"picked":"Steam","floor":10},{"not_picked":["Reprogram","Hologram"],"picked":"Self Repair","floor":12},{"not_picked":["Reprogram","Stack","Conserve Battery"],"picked":"SKIP","floor":13},{"not_picked":["Core Surge","Echo Form"],"picked":"Creative AI","floor":16},{"not_picked":["Barrage","Rebound"],"picked":"Genetic Algorithm+1","floor":18},{"not_picked":["Compile Driver","Rebound","Streamline"],"picked":"SKIP","floor":20},{"not_picked":["Leap","Reprogram","Redo"],"picked":"SKIP","floor":22},{"not_picked":["Storm+1","Barrage+1"],"picked":"Seek","floor":24},{"not_picked":["Steam Power+1","Redo+1"],"picked":"Capacitor+1","floor":27},{"not_picked":["Reinforced Body+1","Heatsinks"],"picked":"Coolheaded+1","floor":30},{"not_picked":["Meteor Strike","Core Surge"],"picked":"Electrodynamics","floor":33},{"not_picked":["Tempest+1","Conserve Battery+1"],"picked":"Darkness+1","floor":35},{"not_picked":["Sunder","Ball Lightning"],"picked":"Force Field+1","floor":38},{"not_picked":["Darkness+1","Stack+1","Sweeping Beam"],"picked":"SKIP","floor":40},{"not_picked":["Stack+1","Melter","Compile Driver"],"picked":"SKIP","floor":42},{"not_picked":["Sweeping Beam","Aggregate+1","Blizzard+1"],"picked":"SKIP","floor":44},{"not_picked":["Magnetism","Apotheosis+1"],"picked":"Panacea+1","floor":45},{"not_picked":["Deep Breath+1","Mayhem"],"picked":"Good Instincts+1","floor":45},{"not_picked":["Ball Lightning","Reinforced Body+1"],"picked":"Loop","floor":46},{"not_picked":["Gash","Ball Lightning"],"picked":"Hologram+1","floor":47}],"player_experience":2344822,"relics_obtained":[{"floor":7,"key":"Thread and Needle"},{"floor":9,"key":"Ornamental Fan"},{"floor":12,"key":"Odd Mushroom"},{"floor":13,"key":"Gremlin Horn"},{"floor":24,"key":"Art of War"},{"floor":26,"key":"Toxic Egg 2"},{"floor":40,"key":"Oddly Smooth Stone"},{"floor":43,"key":"StrikeDummy"},{"floor":46,"key":"Pocketwatch"}],"event_choices":[{"damage_healed":0,"gold_gain":0,"cards_transformed":["Strike_B"],"player_choice":"Transformed","damage_taken":0,"max_hp_gain":0,"max_hp_loss":0,"event_name":"Transmorgrifier","floor":3,"gold_loss":0,"cards_obtained":["Defragment"]},{"damage_healed":0,"gold_gain":0,"player_choice":"Fought Mushrooms","damage_taken":0,"max_hp_gain":0,"max_hp_loss":0,"event_name":"Mushrooms","floor":12,"gold_loss":0},{"damage_healed":0,"gold_gain":0,"player_choice":"Success","damage_taken":5,"relics_obtained":["Mercury Hourglass"],"max_hp_gain":0,"max_hp_loss":0,"event_name":"Scrap Ooze","floor":14,"gold_loss":0},{"damage_healed":0,"gold_gain":0,"player_choice":"Ignored","damage_taken":0,"max_hp_gain":0,"max_hp_loss":0,"event_name":"N\u0027loth","floor":19,"gold_loss":0},{"damage_healed":0,"gold_gain":0,"player_choice":"Ignored","damage_taken":0,"max_hp_gain":0,"max_hp_loss":0,"event_name":"Cursed Tome","floor":28,"gold_loss":0},{"damage_healed":0,"gold_gain":0,"player_choice":"Read","damage_taken":0,"max_hp_gain":0,"max_hp_loss":0,"event_name":"The Library","floor":29,"gold_loss":0,"cards_obtained":["Reinforced Body"]},{"damage_healed":0,"gold_gain":0,"player_choice":"Paid","damage_taken":0,"relics_obtained":["Red Mask"],"max_hp_gain":0,"max_hp_loss":0,"event_name":"Tomb of Lord Red Mask","floor":36,"gold_loss":94},{"cards_removed":["Conserve Battery"],"damage_healed":0,"gold_gain":0,"player_choice":"Removed Skill","damage_taken":0,"max_hp_gain":0,"max_hp_loss":0,"event_name":"Falling","floor":37,"gold_loss":0},{"damage_healed":0,"gold_gain":0,"player_choice":"Upgraded","damage_taken":0,"max_hp_gain":0,"max_hp_loss":0,"event_name":"Upgrade Shrine","floor":39,"gold_loss":0,"cards_upgraded":["Defragment"]},{"damage_healed":0,"gold_gain":0,"player_choice":"Memory 2","damage_taken":5,"max_hp_gain":0,"max_hp_loss":0,"event_name":"SensoryStone","floor":45,"gold_loss":0},{"damage_healed":0,"gold_gain":0,"player_choice":"Fight","damage_taken":0,"max_hp_gain":0,"max_hp_loss":0,"event_name":"MindBloom","floor":46,"gold_loss":0}],"is_beta":true,"boss_relics":[{"not_picked":["Snecko Eye","Busted Crown"],"picked":"Runic Pyramid"},{"not_picked":["Tiny House","Empty Cage"],"picked":"Runic Dome"}],"items_purged_floors":[31,48],"is_endless":false,"potions_floor_spawned":[2,8,12,16,20,33,42,44,46],"ascension_level":20}}