{"host":"wonp23fsqqcu31ie","time":1607653312,"event":{"mods":["2.2 Compatiblity","AchievementEnabler","Aspiration","BaseMod","Better Altar","Better Match","Better Sensory Stone","Better Skull","Better Third Choice","BetterRewards","Block Reminder","Colored Map","Colored Powertips","Conspire","Curses Come First","DeckTracker","Displayed Cursed Tome","Downfall","Hermit","Highlight Path","Hubris","Minty Spire (QoL Compilation)","Permanent Neow","Quick Restart","Rare Cards Sparkle","Relic Stats","Replay The Spire","Shade Mod","Shop Mod","StSLib","SuperFastMode","The Animator","The Cursed","The Gatherer","The Necromancer","The Runesmith","The Servant 0.9.4"],"gold_per_floor":[121,121,121,132,150,179,179,207,207,207,219,267,300,329,329,430,430,445,465,329,19,19,51,51,80,106,106,106,131,131,154,154,253,253,263,285,285,245,3,32,32,65,65,78,93,93,105,116,116,116,116,116,14,42,42,42],"floor_reached":55,"playtime":2788,"items_purged":[],"score":1189,"play_id":"3fcf6bb7-b19a-4520-ba18-a84140922f1f","local_time":"20201211132152","is_ascension_mode":true,"campfire_choices":[{"floor":7,"key":"REST"},{"data":"ReplayTheSpireMod:Restless Dread","floor":10,"key":"PURGE"},{"floor":15,"key":"REST"},{"floor":24,"key":"RECALL"},{"floor":28,"key":"REST"},{"data":"animator:DolaSchwi","floor":32,"key":"SMITH"},{"floor":41,"key":"REST"},{"floor":46,"key":"REST"},{"floor":49,"key":"REST"},{"data":"animator:HigakiRinne","floor":52,"key":"SMITH"}],"circlet_count":0,"master_deck":["animator:Strike_NoGameNoLife","animator:Defend_NoGameNoLife","animator:Strike","animator:Strike","animator:Strike","animator:Defend+1","animator:Defend","animator:Defend+1","animator:DolaSchwi+1","animator:DolaCouronne","animator:DolaSchwi+1","animator:Gillette","animator:AcuraTooru","animator:IrohaTamaki","animator:IzunaHatsuse","animator:HigakiRinne","animator:YachiyoNanami","animator:Jibril","animator:HigakiRinne+1","animator:Viivi","animator:DolaRiku","animator:AcuraShin+1","animator:MamiTomoe","animator:Kyubey","Parasite","animator:Megumin+2","animator:Shichika+1","animator:Lancer"],"relics":["animator:LivingPicture","animator:TheMissingPiece","Ring of Peace","ReplayTheSpireMod:Ring of Exchange","Singing Bowl","Bronze Scales","animator:HeavyHalberd","Replay:Rubber Ducky","ReplayTheSpireMod:TigerMarble","Runesmith:UraniumAnvil","MerchantsRug","Oddly Smooth Stone","Red Skull","Pondfish Scales","Incense Burner","Regal Pillow","Sling","Matryoshka","ReplayTheSpireMod:Ninjato","Lantern","Happy Flower"],"acts_visited":["Exordium","TheCity","TheBeyond","TheEnding"],"potions_floor_usage":[13,16,25,33,33,40,50,50,50,55,55],"damage_taken":[{"damage":1,"enemies":"2 Louse","floor":1,"turns":4},{"damage":3,"enemies":"Jaw Worm","floor":4,"turns":4},{"damage":0,"enemies":"Cultist","floor":5,"turns":4},{"damage":34,"enemies":"3 Sentries","floor":6,"turns":9},{"damage":24,"enemies":"Gremlin Nob","floor":8,"turns":4},{"damage":0,"enemies":"3 Louse","floor":11,"turns":4},{"damage":6,"enemies":"conspire:MimicChest","floor":12,"turns":7},{"damage":5,"enemies":"Lagavulin","floor":13,"turns":6},{"damage":0,"enemies":"2 Fungi Beasts","floor":14,"turns":4},{"damage":0,"enemies":"Slime Boss","floor":16,"turns":9},{"damage":0,"enemies":"Shell Parasite","floor":18,"turns":5},{"damage":0,"enemies":"3 Byrds","floor":19,"turns":4},{"damage":0,"enemies":"animator:HornedBat","floor":23,"turns":7},{"damage":25,"enemies":"Slavers","floor":25,"turns":7},{"damage":0,"enemies":"Centurion and Healer","floor":29,"turns":10},{"damage":0,"enemies":"Cultist and Chosen","floor":31,"turns":6},{"damage":0,"enemies":"Champ","floor":33,"turns":7},{"damage":0,"enemies":"3 Shapes","floor":35,"turns":5},{"damage":0,"enemies":"Orb Walker","floor":36,"turns":5},{"damage":60,"enemies":"Nemesis","floor":40,"turns":9},{"damage":0,"enemies":"R_Hoarder","floor":42,"turns":10},{"damage":35,"enemies":"Maw","floor":44,"turns":9},{"damage":10,"enemies":"Writhing Mass","floor":45,"turns":7},{"damage":0,"enemies":"Sphere and 2 Shapes","floor":47,"turns":5},{"damage":19,"enemies":"Transient","floor":48,"turns":5},{"damage":101,"enemies":"Time Eater","floor":50,"turns":9},{"damage":55,"enemies":"Shield and Spear","floor":54,"turns":7},{"damage":86,"enemies":"The Heart","floor":55,"turns":6}],"seed_played":"-5591666159077188256","potions_obtained":[{"floor":4,"key":"FearPotion"},{"floor":5,"key":"PowerPotion"},{"floor":11,"key":"SpeedPotion"},{"floor":18,"key":"DuplicationPotion"},{"floor":19,"key":"BlessingOfTheForge"},{"floor":25,"key":"animator:FalseLifePotion"},{"floor":29,"key":"Energy Potion"},{"floor":30,"key":"Regen Potion"},{"floor":30,"key":"Strength Potion"},{"floor":40,"key":"Milkshake"},{"floor":44,"key":"FearPotion"},{"floor":47,"key":"Elixir"},{"floor":48,"key":"conspire:TimeTravelPotion"}],"is_trial":false,"path_per_floor":["M","?","?","M","M","E","R","E","T","R","M","?","E","M","R","B",null,"M","M","$","$","T","E","R","E","T","?","R","M","?","M","R","B",null,"M","M","?","?","$","E","R","E","T","M","M","R","M","M","R","B",null,"R","$","E","B"],"character_chosen":"THE_ANIMATOR","items_purchased":["DollysMirror","MerchantsRug","Oddly Smooth Stone","Red Skull","Matryoshka","Energy Potion","animator:FalseLifePotion","Lantern"],"campfire_rested":6,"item_purchase_floors":[0,20,21,21,39,53,53,53],"current_hp_per_floor":[46,46,46,45,47,15,36,14,14,14,15,9,6,6,29,29,77,78,80,80,80,80,82,82,58,58,58,83,83,83,83,83,84,84,86,86,86,86,86,41,82,98,98,65,55,103,105,86,109,39,109,109,109,56,0,0],"gold":42,"neow_bonus":"","is_daily":false,"chose_seed":false,"campfire_upgraded":2,"win_rate":0.0,"timestamp":1607653312,"path_taken":["M","?","?","M","M","E","R","E","T","R","?","?","E","M","R","BOSS","M","M","?","$","?","E","R","E","T","?","R","?","?","M","R","BOSS","M","M","?","?","$","E","R","E","T","?","M","R","M","M","R","BOSS","R","$","E","BOSS"],"items_purchased_type":["Relic","Relic","Relic","Relic","Relic","Potion","Potion","Relic"],"build_version":"2020-11-30","purchased_purges":0,"victory":false,"max_hp_per_floor":[66,66,66,68,70,72,72,74,74,74,75,75,77,77,77,77,77,78,80,80,80,80,82,82,83,83,83,83,83,83,83,83,84,84,86,86,86,86,86,87,87,103,103,105,105,107,109,109,109,109,109,109,109,111,111,111],"relic_stats":{"Regal Pillow":31,"Singing Bowl":26,"Happy Flower":[2],"counters":[106,606],"Bronze Scales":[583],"obtain_stats":[{"Ice Cream":17,"construct:FoamFinger":9,"Nilry\u0027s Codex":21,"CeramicFish":23,"aspiration:PoetsPen_weak":34,"Uniform":0,"aspiration:Stabinomicon":31,"Whetstone":48,"Boot":10,"Sling":12,"aspiration:RitualStick":19,"Blood Vial":3,"aspiration:MobileForge":17,"DollysMirror":0,"Strawberry":40,"Fusion Hammer":34,"HandDrill":4,"Toxic Egg 2":46,"Replay:Wax Seal":0,"MerchantsRug":0,"Happy Flower":54,"aspiration:Nostalgia":0,"Replay:Grab Bag":34,"Oddly Smooth Stone":42,"Eternal Feather":6,"Ring of Chaos":34,"aspiration:SeaSaltIceCream":0,"War Paint":8,"aspiration:IroncladSkillbook":0,"hubris:Zylophone":0,"animator:HolyGrailRelic":34,"ReplayTheSpireMod:Shallot":9,"Bronze Scales":48,"MutagenicStrength":21,"Simple Rune":26,"Black Star":17,"ReplayTheSpireMod:TigerMarble":13,"animator:HeavyHalberd":9,"Darkstone Periapt":10,"ReplayTheSpireMod:Ring of Exchange":2,"aspiration:Lifesprig":53,"Regal Pillow":25,"Lantern":53,"Torii":42,"Singing Bowl":3,"Shade:YorickSkull":0,"animator:TheMissingPiece":0,"Blue Doll":6,"Mango":42,"Bag of Preparation":26,"Juzu Bracelet":43,"Incense Burner":23,"Replay:Mystery Machine":54,"PrismaticShard":27,"Pet Ghost":40,"Replay:Rubber Ducky":12,"Dream Catcher":43,"hubris:Backtick":17,"Matryoshka":39,"Ring of Peace":2,"Chemical X":37,"Red Skull":21,"Ring of the Snake":0,"Potion Belt":46,"Gremlin Food":38,"animator:Buoy":40,"Lee\u0027s Waffle":20,"construct:WeddingRing":34,"ReplayTheSpireMod:Ninjato":43,"Golden Idol":2,"Omamori":40,"Frozen Egg 2":23,"Orichalcum":14,"Medical Kit":0,"Peace Pipe":0,"Pondfish Scales":22,"Busted Crown":34,"Ornamental Fan":46,"Runesmith:UraniumAnvil":17,"animator:LivingPicture":0,"hubris:BundleOfHerbs":36,"Bag of Marbles":37,"Garlic":8,"TungstenRod":0,"hubris:BottledRain":43,"ReplayTheSpireMod:ShopPack":36},{"Ice Cream":67,"construct:FoamFinger":6,"Nilry\u0027s Codex":10,"CeramicFish":12,"aspiration:PoetsPen_weak":44,"Uniform":28,"aspiration:Stabinomicon":72,"Whetstone":27,"Boot":32,"Sling":32,"aspiration:RitualStick":68,"Blood Vial":1,"aspiration:MobileForge":34,"DollysMirror":78,"Strawberry":22,"Fusion Hammer":44,"HandDrill":57,"Toxic Egg 2":51,"Replay:Wax Seal":56,"MerchantsRug":28,"Happy Flower":105,"aspiration:Nostalgia":28,"Replay:Grab Bag":44,"Oddly Smooth Stone":77,"Eternal Feather":4,"Ring of Chaos":44,"aspiration:SeaSaltIceCream":28,"War Paint":83,"aspiration:IroncladSkillbook":28,"hubris:Zylophone":56,"animator:HolyGrailRelic":73,"ReplayTheSpireMod:Shallot":64,"Bronze Scales":27,"MutagenicStrength":37,"Simple Rune":39,"Black Star":9,"ReplayTheSpireMod:TigerMarble":86,"animator:HeavyHalberd":83,"Darkstone Periapt":65,"ReplayTheSpireMod:Ring of Exchange":79,"aspiration:Lifesprig":54,"Regal Pillow":92,"Lantern":104,"Torii":24,"Singing Bowl":79,"Shade:YorickSkull":0,"animator:TheMissingPiece":56,"Blue Doll":59,"Mango":99,"Bag of Preparation":13,"Juzu Bracelet":24,"Incense Burner":91,"Replay:Mystery Machine":55,"PrismaticShard":39,"Pet Ghost":98,"Replay:Rubber Ducky":85,"Dream Catcher":99,"hubris:Backtick":67,"Matryoshka":97,"Ring of Peace":79,"Chemical X":20,"Red Skull":90,"Ring of the Snake":56,"Potion Belt":25,"Gremlin Food":47,"animator:Buoy":77,"Lee\u0027s Waffle":10,"construct:WeddingRing":18,"ReplayTheSpireMod:Ninjato":99,"Golden Idol":57,"Omamori":22,"Frozen Egg 2":12,"Orichalcum":33,"Medical Kit":56,"Peace Pipe":78,"Pondfish Scales":90,"Busted Crown":44,"Ornamental Fan":25,"Runesmith:UraniumAnvil":88,"animator:LivingPicture":56,"hubris:BundleOfHerbs":74,"Bag of Marbles":20,"Garlic":31,"TungstenRod":28,"hubris:BottledRain":49,"ReplayTheSpireMod:ShopPack":74},{"Ice Cream":354,"construct:FoamFinger":22,"Nilry\u0027s Codex":38,"CeramicFish":50,"aspiration:PoetsPen_weak":234,"Uniform":140,"aspiration:Stabinomicon":386,"Whetstone":127,"Boot":156,"Sling":156,"aspiration:RitualStick":361,"Blood Vial":3,"aspiration:MobileForge":173,"DollysMirror":428,"Strawberry":99,"Fusion Hammer":234,"HandDrill":302,"Toxic Egg 2":263,"Replay:Wax Seal":298,"MerchantsRug":140,"Happy Flower":600,"aspiration:Nostalgia":140,"Replay:Grab Bag":234,"Oddly Smooth Stone":423,"Eternal Feather":16,"Ring of Chaos":234,"aspiration:SeaSaltIceCream":140,"War Paint":453,"aspiration:IroncladSkillbook":140,"hubris:Zylophone":298,"animator:HolyGrailRelic":398,"ReplayTheSpireMod:Shallot":330,"Bronze Scales":127,"MutagenicStrength":192,"Simple Rune":203,"Black Star":35,"ReplayTheSpireMod:TigerMarble":470,"animator:HeavyHalberd":453,"Darkstone Periapt":338,"ReplayTheSpireMod:Ring of Exchange":432,"aspiration:Lifesprig":287,"Regal Pillow":506,"Lantern":593,"Torii":107,"Singing Bowl":432,"Shade:YorickSkull":0,"animator:TheMissingPiece":298,"Blue Doll":310,"Mango":558,"Bag of Preparation":53,"Juzu Bracelet":107,"Incense Burner":499,"Replay:Mystery Machine":295,"PrismaticShard":203,"Pet Ghost":548,"Replay:Rubber Ducky":464,"Dream Catcher":558,"hubris:Backtick":354,"Matryoshka":539,"Ring of Peace":432,"Chemical X":91,"Red Skull":492,"Ring of the Snake":298,"Potion Belt":115,"Gremlin Food":246,"animator:Buoy":423,"Lee\u0027s Waffle":38,"construct:WeddingRing":85,"ReplayTheSpireMod:Ninjato":558,"Golden Idol":302,"Omamori":99,"Frozen Egg 2":50,"Orichalcum":161,"Medical Kit":298,"Peace Pipe":428,"Pondfish Scales":492,"Busted Crown":234,"Ornamental Fan":115,"Runesmith:UraniumAnvil":483,"animator:LivingPicture":298,"hubris:BundleOfHerbs":405,"Bag of Marbles":91,"Garlic":151,"TungstenRod":140,"hubris:BottledRain":256,"ReplayTheSpireMod:ShopPack":405}]},"card_choices":[{"not_picked":["animator:Tatsumaki","animator:Alexander"],"picked":"animator:Gillette","floor":1},{"not_picked":["animator:UneriGinkaku","animator:Sonic","animator:Hitei"],"picked":"Singing Bowl","floor":4},{"not_picked":["animator:DolaCouronne","animator:Togame","animator:SilverFang"],"picked":"Singing Bowl","floor":5},{"not_picked":["animator:DolaSchwi","animator:DolaStephanie","animator:DolaCouronne"],"picked":"Singing Bowl","floor":6},{"not_picked":["animator:Nanami","animator:Togame","animator:ZankiKiguchi"],"picked":"Singing Bowl","floor":8},{"not_picked":["animator:MadokaKaname","animator:Jibril"],"picked":"animator:AcuraTooru","floor":11},{"not_picked":["animator:Darkness","animator:Guy"],"picked":"animator:IrohaTamaki","floor":12},{"not_picked":["animator:Mitsurugi","animator:OrikoMikuni","animator:Illya"],"picked":"Singing Bowl","floor":13},{"not_picked":["animator:DolaSchwi","animator:ChlammyZell"],"picked":"animator:IzunaHatsuse","floor":14},{"not_picked":["animator:Biyorigo","animator:Eris"],"picked":"animator:HigakiRinne","floor":16},{"not_picked":["animator:Viivi","animator:AcuraTooru"],"picked":"animator:YachiyoNanami","floor":18},{"not_picked":["animator:Azekura","animator:Emonzaemon","animator:OrikoMikuni"],"picked":"Singing Bowl","floor":19},{"not_picked":["animator:SilverFang","animator:Konayuki","animator:Illya+1"],"picked":"Singing Bowl","floor":23},{"not_picked":["animator:DolaCouronne","animator:IzunaHatsuse"],"picked":"animator:Jibril","floor":25},{"not_picked":["animator:ZankiKiguchi","animator:Genos"],"picked":"animator:Viivi","floor":29},{"not_picked":["animator:Berserker","animator:Chris"],"picked":"animator:DolaRiku","floor":31},{"not_picked":["animator:Wiz","animator:HomuraAkemi"],"picked":"animator:AcuraShin","floor":33},{"not_picked":["animator:Konayuki+1","animator:Rider","animator:Aqua"],"picked":"Singing Bowl","floor":35},{"not_picked":["animator:OrikoMikuni","animator:SuzuneAmano"],"picked":"animator:MamiTomoe","floor":36},{"not_picked":["animator:EmiyaShirou","animator:Kazuma"],"picked":"animator:Kyubey","floor":40},{"not_picked":["animator:Rider+1","animator:IzunaHatsuse+1","animator:Vanir"],"picked":"Singing Bowl","floor":42},{"not_picked":["animator:Rider","animator:DolaCouronne+1","animator:EmiyaShirou+1"],"picked":"Singing Bowl","floor":44},{"not_picked":["animator:Mitsurugi","animator:YunYun"],"picked":"animator:Megumin","floor":45},{"not_picked":["animator:DolaRiku+1","animator:Rider","animator:OrikoMikuni"],"picked":"Singing Bowl","floor":46},{"not_picked":["animator:Vanir","animator:OrikoMikuni","animator:Kazuma+1"],"picked":"Singing Bowl","floor":47},{"not_picked":["animator:MumenRider","animator:Verdia+1"],"picked":"animator:Shichika+1","floor":48},{"not_picked":["animator:YachiyoNanami","animator:Tet+1"],"picked":"animator:Lancer","floor":49},{"not_picked":["animator:DolaCouronne+1","animator:ChaikaBohdan+1","animator:DolaSchwi+1"],"picked":"Singing Bowl","floor":54}],"player_experience":595274,"relics_obtained":[{"floor":2,"key":"Ring of Peace"},{"floor":2,"key":"ReplayTheSpireMod:Ring of Exchange"},{"floor":3,"key":"Singing Bowl"},{"floor":6,"key":"Bronze Scales"},{"floor":8,"key":"War Paint"},{"floor":9,"key":"animator:HeavyHalberd"},{"floor":12,"key":"Replay:Rubber Ducky"},{"floor":13,"key":"ReplayTheSpireMod:TigerMarble"},{"floor":22,"key":"Pondfish Scales"},{"floor":23,"key":"Incense Burner"},{"floor":25,"key":"Regal Pillow"},{"floor":40,"key":"Pet Ghost"},{"floor":42,"key":"Mango"},{"floor":43,"key":"ReplayTheSpireMod:Ninjato"},{"floor":43,"key":"Dream Catcher"},{"floor":54,"key":"Happy Flower"}],"event_choices":[{"damage_healed":0,"gold_gain":0,"player_choice":"Relic","damage_taken":0,"max_hp_gain":0,"max_hp_loss":0,"event_name":"Wheel of Change","floor":3,"gold_loss":0},{"damage_healed":0,"gold_gain":0,"player_choice":"Copied","damage_taken":0,"max_hp_gain":0,"max_hp_loss":0,"event_name":"Duplicator","floor":27,"gold_loss":0,"cards_obtained":["animator:HigakiRinne"]},{"damage_healed":0,"gold_gain":0,"player_choice":"Got Potions","damage_taken":0,"max_hp_gain":0,"max_hp_loss":0,"event_name":"Lab","floor":30,"gold_loss":0},{"damage_healed":0,"gold_gain":0,"player_choice":"Upgrade","damage_taken":0,"max_hp_gain":0,"max_hp_loss":0,"event_name":"Designer","floor":38,"gold_loss":40,"cards_upgraded":["animator:AcuraShin"]}],"is_beta":false,"boss_relics":[{"not_picked":["aspiration:FutureDiary","Astrolabe"],"picked":"Runesmith:UraniumAnvil"},{"not_picked":["conspire:RunicOctahedron","Abe\u0027s Treasure"],"picked":"Sling"}],"items_purged_floors":[],"is_endless":false,"potions_floor_spawned":[4,5,11,18,19,25,29,40,44,47,48],"killed_by":"The Heart","ascension_level":1}}