{"host":"m6aaltr68g9tvoay","time":1607647485,"event":{"mods":["AchievementEnabler","BaseMod","Colored Map","Minty Spire (QoL Compilation)","StSLib"],"gold_per_floor":[115,115,165,180,180,210,210,18,41,60,90,109,139,154,154,226,226,238,250,268,268,283,283,283,283],"floor_reached":24,"playtime":1070,"items_purged":[],"score":487,"play_id":"8df10264-b172-415a-95c8-2bd7d4acf99a","local_time":"20201210164445","is_ascension_mode":true,"campfire_choices":[{"data":"Carnage","floor":7,"key":"SMITH"},{"data":"Uppercut","floor":15,"key":"SMITH"},{"floor":23,"key":"REST"}],"circlet_count":0,"master_deck":["AscendersBane","Defend_R","Defend_R","Defend_R","Defend_R","Bash","Shockwave","Shrug It Off","Carnage+1","Uppercut+1","Limit Break","Seeing Red","Disarm","Heavy Blade","Twin Strike","Double Tap","Sever Soul+1","Flex+1","Disarm+1","Metallicize","Shrug It Off","Bite","Bite","Bite","Bite","Bite","Sentinel+1"],"relics":["Burning Blood","NeowsBlessing","Boot","Bag of Marbles","Toy Ornithopter","Astrolabe"],"acts_visited":["Exordium","TheCity"],"potions_floor_usage":[13,13,16],"damage_taken":[{"damage":0,"enemies":"Jaw Worm","floor":1,"turns":1},{"damage":0,"enemies":"2 Louse","floor":4,"turns":1},{"damage":0,"enemies":"3 Sentries","floor":6,"turns":2},{"damage":4,"enemies":"Cultist","floor":10,"turns":3},{"damage":3,"enemies":"Gremlin Nob","floor":11,"turns":3},{"damage":1,"enemies":"3 Louse","floor":12,"turns":4},{"damage":26,"enemies":"Lagavulin","floor":13,"turns":4},{"damage":17,"enemies":"Gremlin Gang","floor":14,"turns":6},{"damage":33,"enemies":"Hexaghost","floor":16,"turns":10},{"damage":21,"enemies":"Shell Parasite","floor":18,"turns":2},{"damage":18,"enemies":"2 Thieves","floor":19,"turns":4},{"damage":33,"enemies":"Chosen and Byrds","floor":20,"turns":8},{"damage":9,"enemies":"Centurion and Healer","floor":22,"turns":3},{"damage":53,"enemies":"Gremlin Leader","floor":24,"turns":4}],"seed_played":"5330754522653187481","potions_obtained":[{"floor":6,"key":"SkillPotion"},{"floor":12,"key":"AttackPotion"},{"floor":13,"key":"ColorlessPotion"},{"floor":16,"key":"Swift Potion"},{"floor":19,"key":"DuplicationPotion"}],"is_trial":false,"path_per_floor":["M","?","?","M","?","E","R","$","T","M","E","M","E","M","R","B",null,"M","M","M","?","M","R","E"],"character_chosen":"IRONCLAD","items_purchased":["Uppercut","Limit Break"],"campfire_rested":1,"item_purchase_floors":[8,8],"current_hp_per_floor":[74,67,67,73,73,75,75,75,75,75,75,75,55,46,46,26,63,50,40,15,15,14,36,0,0],"gold":283,"neow_bonus":"THREE_ENEMY_KILL","is_daily":false,"chose_seed":false,"campfire_upgraded":2,"win_rate":0.0,"timestamp":1607647485,"path_taken":["M","?","?","?","?","E","R","$","T","?","E","M","E","M","R","BOSS","M","M","?","?","M","R","E"],"items_purchased_type":["Card","Card"],"build_version":"2020-11-30","purchased_purges":0,"victory":false,"max_hp_per_floor":[75,75,75,75,75,75,75,75,75,75,75,75,75,75,75,75,75,75,75,75,75,75,75,75,75],"card_choices":[{"not_picked":["Armaments","Seeing Red"],"picked":"Shockwave","floor":1},{"not_picked":["Headbutt","Warcry"],"picked":"Shrug It Off","floor":4},{"not_picked":["Armaments","Offering"],"picked":"Carnage","floor":6},{"not_picked":["Body Slam","Clash"],"picked":"Seeing Red","floor":10},{"not_picked":["Armaments","Iron Wave"],"picked":"Disarm","floor":11},{"not_picked":["Barricade","Blood for Blood","Armaments"],"picked":"SKIP","floor":12},{"not_picked":["Berserk","Bloodletting"],"picked":"Heavy Blade","floor":13},{"not_picked":["Iron Wave","Armaments"],"picked":"Twin Strike","floor":14},{"not_picked":["Corruption","Exhume"],"picked":"Double Tap","floor":16},{"not_picked":["Headbutt","True Grit","Sever Soul"],"picked":"SKIP","floor":18},{"not_picked":["Sword Boomerang","Shockwave"],"picked":"Metallicize","floor":19},{"not_picked":["Searing Blow","Carnage"],"picked":"Shrug It Off","floor":20},{"not_picked":["Disarm","Pommel Strike+1"],"picked":"Sentinel+1","floor":22}],"player_experience":1214729,"relics_obtained":[{"floor":6,"key":"Boot"},{"floor":9,"key":"Bag of Marbles"},{"floor":11,"key":"Toy Ornithopter"},{"floor":13,"key":"Blood Vial"}],"event_choices":[{"cards_removed":["Strike_R"],"damage_healed":0,"gold_gain":0,"player_choice":"Card Removal","damage_taken":7,"max_hp_gain":0,"max_hp_loss":0,"event_name":"Golden Wing","floor":2,"gold_loss":0},{"damage_healed":0,"gold_gain":50,"player_choice":"Pray","damage_taken":0,"max_hp_gain":0,"max_hp_loss":0,"event_name":"Golden Shrine","floor":3,"gold_loss":0},{"cards_removed":["Strike_R"],"damage_healed":0,"gold_gain":0,"player_choice":"Purged","damage_taken":0,"max_hp_gain":0,"max_hp_loss":0,"event_name":"Purifier","floor":5,"gold_loss":0},{"damage_healed":0,"gold_gain":0,"player_choice":"Became a vampire (Vial)","damage_taken":0,"max_hp_gain":0,"max_hp_loss":0,"event_name":"Vampires","floor":21,"relics_lost":["Blood Vial"],"gold_loss":0,"cards_obtained":["Bite","Bite","Bite","Bite","Bite"]}],"is_beta":false,"boss_relics":[{"not_picked":["Runic Dome","Tiny House"],"picked":"Astrolabe"}],"items_purged_floors":[],"is_endless":false,"potions_floor_spawned":[6,12,13,16,19],"killed_by":"Gremlin Leader","ascension_level":18}}