{"host":"agela5aetnmltfvm","time":1607700422,"event":{"mods":["BaseMod","Colored Map","Jorbs\u0027s Wanderer Trilogy","Lobotomy","Minty Spire (QoL Compilation)","Replay The Spire","StSLib","The Hierophant","The Jungle","The Runesmith"],"gold_per_floor":[366,466,481,481,133,133,163,179,179,179,198,5,5,25,25,129,129,147,147,158,158,158],"floor_reached":21,"playtime":809,"items_purged":["Pain","Runesmith:Defend_RS"],"score":179,"play_id":"6e8cacb7-97cd-4476-b3f5-402f33c6b74e","local_time":"20201211232702","is_ascension_mode":false,"campfire_choices":[{"data":"Runesmith:Grindstone","floor":6,"key":"SMITH"},{"floor":10,"key":"REST"},{"data":"Runesmith:BackupBattery","floor":13,"key":"SMITH"},{"data":"Runesmith:Fortify","floor":15,"key":"SMITH"}],"circlet_count":0,"master_deck":["Runesmith:Strike_RS","Runesmith:Strike_RS","Runesmith:Strike_RS","Runesmith:Strike_RS","Runesmith:Defend_RS","Runesmith:Defend_RS","Runesmith:Defend_RS","Runesmith:CraftFirestone","Runesmith:Fortify+1","Runesmith:BackupBattery+1","Runesmith:LithiumIon","Runesmith:Grindstone+1","Runesmith:CraftMedicinae","Runesmith:RuneHurl","Runesmith:CraftIndustria","Runesmith:UnstableHammer+1","Runesmith:Retool"],"relics":["Runesmith:CoreCrystal","WarpedTongs","Oddly Smooth Stone","Replay:Bottled Snecko","BranchBurnRelic","Membership Card"],"acts_visited":["Exordium","Exordium"],"potions_floor_usage":[3,16,16],"damage_taken":[{"damage":6,"enemies":"2 Louse","floor":1,"turns":3},{"damage":0,"enemies":"Cultist","floor":3,"turns":4},{"damage":18,"enemies":"Gremlin Nob","floor":7,"turns":5},{"damage":4,"enemies":"Small Slimes","floor":8,"turns":5},{"damage":6,"enemies":"Red Slaver","floor":11,"turns":5},{"damage":0,"enemies":"Exordium Thugs","floor":14,"turns":4},{"damage":33,"enemies":"The Guardian","floor":16,"turns":9},{"damage":10,"enemies":"Shell Parasite","floor":18,"turns":8},{"damage":26,"enemies":"theJungle:GiantWrat","floor":20,"turns":7},{"damage":36,"enemies":"theJungle:SlimyTreeVines","floor":21,"turns":8}],"seed_played":"2299078729172175705","potions_obtained":[{"floor":3,"key":"EntropicBrew"},{"floor":14,"key":"SteroidPotion"},{"floor":16,"key":"SmokeBomb"},{"floor":18,"key":"BlessingOfTheForge"},{"floor":20,"key":"Explosive Potion"}],"is_trial":false,"path_per_floor":["M","?","M","?","$","R","E","M","T","R","M","$","R","M","R","B",null,"M","?","M","M"],"character_chosen":"RUNESMITH_CLASS","items_purchased":["Runesmith:LithiumIon","Runesmith:Grindstone","Oddly Smooth Stone","Membership Card"],"campfire_rested":1,"item_purchase_floors":[5,5,5,12],"current_hp_per_floor":[57,57,57,57,57,57,39,35,35,53,60,60,60,63,63,42,63,53,55,29,0,0],"gold":158,"neow_bonus":"TWO_FIFTY_GOLD","is_daily":false,"chose_seed":false,"campfire_upgraded":3,"win_rate":0.0,"timestamp":1607700422,"path_taken":["M","?","?","?","$","R","E","M","T","R","?","$","R","M","R","BOSS","M","?","M","M"],"items_purchased_type":["Card","Card","Relic","Relic"],"build_version":"2020-11-30","purchased_purges":2,"victory":false,"max_hp_per_floor":[63,63,63,63,63,63,63,63,63,63,63,63,63,63,63,63,63,63,63,63,63,63],"card_choices":[{"not_picked":["Runesmith:MakeshiftArmor","Runesmith:Overpower","Runesmith:HeatExchange"],"picked":"SKIP","floor":1},{"not_picked":["Runesmith:MakeshiftArmor","Runesmith:HammerAndChisel"],"picked":"Runesmith:BackupBattery","floor":3},{"not_picked":["Runesmith:Superposition","Runesmith:BackupBattery"],"picked":"Runesmith:CraftMedicinae","floor":7},{"not_picked":["Runesmith:Refine","Runesmith:EnergizedChisel","Runesmith:Grindstone"],"picked":"SKIP","floor":8},{"not_picked":["Runesmith:UnstableHammer","Runesmith:Repurpose","Runesmith:ChiselStab"],"picked":"SKIP","floor":11},{"not_picked":["Runesmith:Empowerment","Runesmith:UnstableHammer"],"picked":"Runesmith:RuneHurl","floor":14},{"not_picked":["Runesmith:ReplicatingBarrier","Runesmith:MetallurgicalResearch"],"picked":"Runesmith:CraftIndustria","floor":16},{"not_picked":["Runesmith:ChiselStab","Runesmith:ShiftingStrike"],"picked":"Runesmith:UnstableHammer+1","floor":18},{"not_picked":["Runesmith:EnergizedChisel","Runesmith:HeatedChisel+1"],"picked":"Runesmith:Retool","floor":20}],"player_experience":506238,"relics_obtained":[{"floor":7,"key":"Replay:Bottled Snecko"},{"floor":9,"key":"Dead Branch"}],"event_choices":[{"damage_healed":0,"gold_gain":100,"player_choice":"Gold","damage_taken":0,"max_hp_gain":0,"max_hp_loss":0,"event_name":"Wheel of Change","floor":2,"gold_loss":0},{"damage_healed":0,"gold_gain":0,"player_choice":"Rummage","damage_taken":0,"relics_obtained":["WarpedTongs"],"max_hp_gain":0,"max_hp_loss":0,"event_name":"Accursed Blacksmith","floor":4,"gold_loss":0,"cards_obtained":["Pain"]}],"is_beta":false,"boss_relics":[{"not_picked":["Honey Jar","Astrolabe"],"picked":"Runesmith:CoreCrystal"}],"items_purged_floors":[5,12],"is_endless":false,"potions_floor_spawned":[3,14,16,18,20],"killed_by":"theJungle:SlimyTreeVines","ascension_level":0}}