{"host":"vzugls1u57eppbds","time":1607723437,"event":{"mods":["AchievementEnabler","BaseMod","Better Third Choice","Minty Spire (QoL Compilation)","Relic Stats","Shop Mod","StSLib","The IronCluck"],"gold_per_floor":[13,29,46,56,30,62,62,77,77,26,26,26,26,42,42,143,143,157,171,44,44,44,44,73,22,45,45,45,74,101,117,117,215,215,230,230,280,280,293,293,293,293],"floor_reached":41,"playtime":1135,"items_purged":[],"score":598,"play_id":"9f761752-f24f-4175-9bcb-5053be80e1aa","local_time":"20201211225037","is_ascension_mode":true,"campfire_choices":[{"floor":7.0,"key":"REST"},{"data":"Apotheosis","floor":13.0,"key":"SMITH"},{"data":"Evolve","floor":15.0,"key":"SMITH"},{"data":"Fire Breathing","floor":23.0,"key":"SMITH"},{"data":"Clothesline","floor":27.0,"key":"SMITH"},{"floor":32.0,"key":"REST"},{"floor":40.0,"key":"REST"}],"circlet_count":0,"master_deck":["Strike_R","Strike_R","Strike_R","Strike_R","Defend_R","Defend_R","Defend_R","Defend_R","Bash","Apotheosis+1","Rampage","Reckless Charge","Shrug It Off","Evolve+1","Shrug It Off","Fire Breathing+1","Wild Strike","Power Through","Fiend Fire","Second Wind","Clothesline+1","Infernal Blade","Pommel Strike","Thunderclap","Feed","Flash of Steel","Feed"],"relics":["Burning Blood","Dream Catcher","Matryoshka","Mark of Pain","MutagenicStrength","Bottled Lightning","MealTicket","Juzu Bracelet","Red Mask","Nunchaku","Black Star","Prayer Wheel"],"acts_visited":["Exordium","TheCity","TheBeyond"],"potions_floor_usage":[],"damage_taken":[{"damage":2.0,"enemies":"Cultist","floor":1.0,"turns":4.0},{"damage":5.0,"enemies":"Small Slimes","floor":2.0,"turns":4.0},{"damage":12.0,"enemies":"Jaw Worm","floor":3.0,"turns":3.0},{"damage":6.0,"enemies":"Looter","floor":4.0,"turns":3.0},{"damage":13.0,"enemies":"Lagavulin","floor":6.0,"turns":6.0},{"damage":16.0,"enemies":"Blue Slaver","floor":8.0,"turns":4.0},{"damage":4.0,"enemies":"Exordium Wildlife","floor":14.0,"turns":3.0},{"damage":4.0,"enemies":"The Guardian","floor":16.0,"turns":9.0},{"damage":4.0,"enemies":"Chosen","floor":18.0,"turns":4.0},{"damage":2.0,"enemies":"Spheric Guardian","floor":19.0,"turns":4.0},{"damage":22.0,"enemies":"Book of Stabbing","floor":24.0,"turns":5.0},{"damage":26.0,"enemies":"Masked Bandits","floor":29.0,"turns":4.0},{"damage":28.0,"enemies":"Slavers","floor":30.0,"turns":5.0},{"damage":2.0,"enemies":"Centurion and Healer","floor":31.0,"turns":4.0},{"damage":34.0,"enemies":"Automaton","floor":33.0,"turns":8.0},{"damage":14.0,"enemies":"3 Shapes","floor":35.0,"turns":5.0},{"damage":48.0,"enemies":"2 Orb Walkers","floor":37.0,"turns":4.0},{"damage":0.0,"enemies":"Orb Walker","floor":39.0,"turns":3.0},{"damage":89,"enemies":"Giant Head","floor":41,"turns":7}],"seed_played":"677573979602460513","potions_obtained":[{"floor":3.0,"key":"DuplicationPotion"},{"floor":4.0,"key":"ColorlessPotion"},{"floor":6.0,"key":"Weak Potion"},{"floor":16.0,"key":"Fire Potion"},{"floor":18.0,"key":"Strength Potion"},{"floor":29.0,"key":"Regen Potion"},{"floor":31.0,"key":"DistilledChaos"},{"floor":35.0,"key":"BloodPotion"},{"floor":37.0,"key":"Explosive Potion"}],"is_trial":false,"path_per_floor":["M","M","M","M","$","E","R","M","T","$","$","?","R","M","R","B",null,"M","M","$","?","?","R","E","$","T","R","$","?","E","M","R","B",null,"M","?","?","?","M","R","E"],"character_chosen":"IRONCLAD","items_purchased":["Shrug It Off","AttackPotion","Second Wind","Clothesline","BlessingOfTheForge"],"campfire_rested":3,"item_purchase_floors":[5,10,20,20,25],"current_hp_per_floor":[76,77,71,71,71,64,80,70,70,70,70,70,70,72,72,74,79,80,80,80,80,80,80,64,64,64,64,79,59,51,55,79,51,73,69,69,43,43,53,78,0,0],"gold":293,"neow_bonus":"RANDOM_COLORLESS_2","is_daily":false,"chose_seed":false,"campfire_upgraded":4,"win_rate":0.0,"timestamp":1607723437,"path_taken":["M","?","M","M","$","E","R","M","T","?","$","?","R","?","R","BOSS","M","M","$","?","?","R","E","$","T","R","?","?","E","M","R","BOSS","M","?","?","?","M","R","E"],"items_purchased_type":["Card","Potion","Card","Card","Potion"],"build_version":"2020-11-30","purchased_purges":0,"victory":false,"max_hp_per_floor":[80,80,80,80,80,80,80,80,80,80,80,80,80,80,80,80,80,80,80,80,80,80,80,80,80,80,80,80,80,80,80,80,80,80,84,84,84,80,84,84,84,84],"relic_stats":{"Dream Catcher":3,"Nunchaku":[7],"counters":[19,89],"MealTicket":15,"Prayer Wheel":1,"Juzu Bracelet":0,"Black Star":0,"obtain_stats":[{"Dream Catcher":6,"Nunchaku":30,"Matryoshka":9,"MutagenicStrength":21,"MealTicket":26,"Prayer Wheel":37,"Mark of Pain":17,"Juzu Bracelet":26,"Red Mask":29,"Black Star":34,"Bottled Lightning":24,"Burning Blood":0},{"Dream Catcher":5,"Nunchaku":13,"Matryoshka":6,"MutagenicStrength":10,"MealTicket":11,"Prayer Wheel":17,"Mark of Pain":8,"Juzu Bracelet":11,"Red Mask":12,"Black Star":15,"Bottled Lightning":11,"Burning Blood":0},{"Dream Catcher":20,"Nunchaku":58,"Matryoshka":24,"MutagenicStrength":44,"MealTicket":49,"Prayer Wheel":79,"Mark of Pain":36,"Juzu Bracelet":49,"Red Mask":53,"Black Star":70,"Bottled Lightning":49,"Burning Blood":0}],"Burning Blood":103},"card_choices":[{"not_picked":["Secret Technique","Violence"],"picked":"Apotheosis","floor":0.0},{"not_picked":["Body Slam","Armaments"],"picked":"Rampage","floor":1.0},{"not_picked":["Sentinel","Headbutt"],"picked":"Reckless Charge","floor":2.0},{"not_picked":["Clothesline","Wild Strike"],"picked":"Shrug It Off","floor":3.0},{"not_picked":["Carnage","Shockwave"],"picked":"Evolve","floor":4.0},{"not_picked":["True Grit","Pommel Strike"],"picked":"Fire Breathing","floor":6.0},{"not_picked":["Armaments","Body Slam"],"picked":"Wild Strike","floor":7.0},{"not_picked":["Flex","Headbutt","True Grit"],"picked":"SKIP","floor":8.0},{"not_picked":["Rage","Cleave"],"picked":"Power Through","floor":14.0},{"not_picked":["Limit Break","Demon Form"],"picked":"Fiend Fire","floor":16.0},{"not_picked":["Disarm+1","Dual Wield","Perfected Strike"],"picked":"SKIP","floor":18.0},{"not_picked":["True Grit","Heavy Blade","Perfected Strike"],"picked":"SKIP","floor":19.0},{"not_picked":["Shockwave","Iron Wave"],"picked":"Pommel Strike","floor":24.0},{"not_picked":["Clash","Pommel Strike+1"],"picked":"Thunderclap","floor":30.0},{"not_picked":["Havoc","True Grit+1","Thunderclap"],"picked":"SKIP","floor":31.0},{"not_picked":["Juggernaut","Immolate"],"picked":"Feed","floor":33.0},{"not_picked":["Hemokinesis+1","Clash+1","Flame Barrier"],"picked":"SKIP","floor":35.0},{"not_picked":["Trip","Impatience"],"picked":"Flash of Steel","floor":36.0},{"not_picked":["Clothesline","Sword Boomerang","Ghostly Armor+1"],"picked":"SKIP","floor":39.0},{"not_picked":["Wild Strike","Cleave","Rampage"],"picked":"SKIP","floor":39.0},{"not_picked":["Sever Soul+1","True Grit+1"],"picked":"Feed","floor":40.0}],"player_experience":204155,"relics_obtained":[{"floor":6.0,"key":"Dream Catcher"},{"floor":9.0,"key":"Matryoshka"},{"floor":24.0,"key":"Bottled Lightning"},{"floor":26.0,"key":"MealTicket"},{"floor":26.0,"key":"Juzu Bracelet"},{"floor":29.0,"key":"Red Mask"},{"floor":30.0,"key":"Nunchaku"},{"floor":37.0,"key":"Prayer Wheel"}],"event_choices":[{"cards_removed":["Strike_R"],"damage_healed":0.0,"max_hp_gain":0.0,"max_hp_loss":0.0,"gold_gain":0.0,"event_name":"Bonfire Elementals","player_choice":"Offered Basic","floor":12.0,"gold_loss":0.0,"damage_taken":0.0},{"damage_healed":0.0,"max_hp_gain":0.0,"max_hp_loss":0.0,"gold_gain":0.0,"event_name":"Drug Dealer","player_choice":"Inject Mutagens","floor":21.0,"gold_loss":0.0,"damage_taken":0.0,"relics_obtained":["MutagenicStrength"]},{"damage_healed":0.0,"max_hp_gain":0.0,"max_hp_loss":0.0,"gold_gain":0.0,"event_name":"The Library","player_choice":"Read","floor":22.0,"gold_loss":0.0,"damage_taken":0.0,"cards_obtained":["Infernal Blade"]},{"damage_healed":0.0,"max_hp_gain":0.0,"max_hp_loss":0.0,"gold_gain":0.0,"event_name":"Masked Bandits","player_choice":"Fought Bandits","floor":29.0,"gold_loss":0.0,"damage_taken":0.0},{"damage_healed":0.0,"max_hp_gain":0.0,"max_hp_loss":0.0,"gold_gain":0.0,"event_name":"SensoryStone","player_choice":"Memory 1","floor":36.0,"gold_loss":0.0,"damage_taken":0.0},{"damage_healed":0.0,"max_hp_gain":0.0,"max_hp_loss":0.0,"gold_gain":0.0,"event_name":"Mysterious Sphere","player_choice":"Fight","floor":37.0,"gold_loss":0.0,"damage_taken":0.0},{"damage_healed":0.0,"max_hp_gain":0.0,"max_hp_loss":4.0,"gold_gain":0.0,"event_name":"Winding Halls","player_choice":"Max HP","floor":38.0,"gold_loss":0.0,"damage_taken":0.0}],"is_beta":false,"boss_relics":[{"not_picked":["Tiny House","Snecko Eye"],"picked":"Mark of Pain"},{"not_picked":["Sozu","Empty Cage"],"picked":"Black Star"}],"items_purged_floors":[],"is_endless":false,"potions_floor_spawned":[3,4,6,16,18,29,31,35,37],"killed_by":"Giant Head","ascension_level":8}}