{"host":"mi1ox2k6wy3juh8w","time":1607671708,"event":{"mods":["AchievementEnabler","BaseMod","Colored Map","GifTheSpireLib","Minty Spire (QoL Compilation)","StSLib","SuperFastMode"],"gold_per_floor":[114,114,127,127,202,202,218,16,16,46,46,46,46,60,60,184,184,198,198,217,241,12,56,56,56,83,83,83,99,114,129,129,250,250,263,328,24,24,87,131,131,155,232,250,583,583,17,37,37,37,37,37,16,16,16],"floor_reached":54,"playtime":1907,"items_purged":["Defend_B","All For One","Writhe"],"score":920,"play_id":"aa7dc198-de6f-417b-96c8-c871476cc5de","local_time":"20201211162828","is_ascension_mode":true,"campfire_choices":[{"data":"Zap","floor":6.0,"key":"SMITH"},{"floor":15.0,"key":"REST"},{"data":"Storm","floor":24.0,"key":"SMITH"},{"data":"Defragment","floor":27.0,"key":"SMITH"},{"floor":32.0,"key":"REST"},{"data":"Fission","floor":41,"key":"SMITH"},{"data":"Creative AI","floor":46,"key":"SMITH"},{"data":"Seek","floor":49,"key":"SMITH"},{"floor":52,"key":"REST"}],"circlet_count":0,"master_deck":["Zap+1","Dualcast+1","Redo","Ball Lightning","Sweeping Beam","Cold Snap","Conserve Battery","Machine Learning","Skim","Buffer","Skim","Seek+1","Biased Cognition","Storm+1","Conserve Battery","Defragment+1","Hello World+1","Creative AI+1","Core Surge","Fission+1","Loop+1","Coolheaded+1","Heatsinks","Defragment","Static Discharge","Loop","Self Repair","Loop","Steam Power","Steam Power+1","Hello World+1","Storm","Loop","Defragment","Storm","Hello World","Storm","Storm","Loop","Storm","Heatsinks","Hello World","Biased Cognition","Heatsinks","Loop","Heatsinks","Static Discharge"],"relics":["Cracked Core","Unceasing Top","Thread and Needle","Vajra","Pandora\u0027s Box","Question Card","Bird Faced Urn","Oddly Smooth Stone","The Courier","Nuclear Battery","Du-Vu Doll","Membership Card","Ginger","Ornamental Fan"],"acts_visited":["Exordium","TheCity","TheBeyond","TheEnding"],"potions_floor_usage":[50,50,54],"damage_taken":[{"damage":7.0,"enemies":"2 Louse","floor":1.0,"turns":2.0},{"damage":0.0,"enemies":"Cultist","floor":3.0,"turns":2.0},{"damage":12.0,"enemies":"Jaw Worm","floor":7.0,"turns":2.0},{"damage":0.0,"enemies":"Blue Slaver","floor":14.0,"turns":3.0},{"damage":9.0,"enemies":"The Guardian","floor":16.0,"turns":9.0},{"damage":1.0,"enemies":"Chosen","floor":18.0,"turns":3.0},{"damage":25.0,"enemies":"Shell Parasite","floor":20.0,"turns":4.0},{"damage":21.0,"enemies":"Snake Plant","floor":21.0,"turns":3.0},{"damage":10.0,"enemies":"Book of Stabbing","floor":23.0,"turns":4.0},{"damage":0.0,"enemies":"3 Cultists","floor":29.0,"turns":3.0},{"damage":27.0,"enemies":"Shelled Parasite and Fungi","floor":30.0,"turns":4.0},{"damage":8.0,"enemies":"Cultist and Chosen","floor":31.0,"turns":3.0},{"damage":26.0,"enemies":"Champ","floor":33.0,"turns":8.0},{"damage":7.0,"enemies":"3 Shapes","floor":35.0,"turns":4.0},{"damage":59,"enemies":"2 Orb Walkers","floor":36,"turns":4},{"damage":6,"enemies":"Mind Bloom Boss Battle","floor":39,"turns":4},{"damage":25,"enemies":"Nemesis","floor":40,"turns":5},{"damage":18,"enemies":"Orb Walker","floor":42,"turns":3},{"damage":32,"enemies":"Transient","floor":44,"turns":5},{"damage":28,"enemies":"Sphere and 2 Shapes","floor":48,"turns":3},{"damage":56,"enemies":"Time Eater","floor":50,"turns":4},{"damage":87,"enemies":"Shield and Spear","floor":54,"turns":3}],"seed_played":"-1606928509300507351","potions_obtained":[{"floor":1.0,"key":"SteroidPotion"},{"floor":14.0,"key":"AttackPotion"},{"floor":18.0,"key":"Regen Potion"},{"floor":23.0,"key":"AttackPotion"},{"floor":29.0,"key":"LiquidBronze"},{"floor":31.0,"key":"Strength Potion"},{"floor":36,"key":"PowerPotion"},{"floor":40,"key":"Block Potion"},{"floor":44,"key":"Weak Potion"}],"is_trial":false,"path_per_floor":["M","?","M","?","?","R","M","$","T","?","?","?","$","M","R","B",null,"M","T","M","M","$","E","R","?","T","R","?","M","M","M","R","B",null,"M","?","$","?","?","E","R","M","T","M","?","R","$","M","R","B",null,"R","$","E"],"character_chosen":"DEFECT","items_purchased":["Conserve Battery","Machine Learning","Conserve Battery","Defragment","Membership Card","Heatsinks","Defragment","Static Discharge","Loop","Self Repair","Loop","Storm","Loop","Defragment","Storm","Hello World","Storm","Storm","Loop","Storm","Heatsinks","Hello World","Biased Cognition","Heatsinks","Loop","Heatsinks","Static Discharge","BlessingOfTheForge"],"campfire_rested":3,"item_purchase_floors":[8,8,22,22,37,37,37,37,37,37,37,47,47,47,47,47,47,47,47,47,47,47,47,47,47,47,47,53],"current_hp_per_floor":[47,47,47,47,36,36,24,24,24,24,6,3,3,3,25,16,75,74,74,49,33,33,23,23,23,23,23,23,31,8,8,30,24,75,74,29,29,29,52,60,60,63,63,68,68,68,68,66,66,42,71,71,71,0,0],"gold":16,"neow_bonus":"TRANSFORM_TWO_CARDS","is_daily":false,"chose_seed":false,"campfire_upgraded":6,"win_rate":0.0,"timestamp":1607671708,"path_taken":["M","?","?","?","?","R","M","$","T","?","?","?","?","M","R","BOSS","M","?","?","M","$","E","R","?","T","R","?","M","M","M","R","BOSS","M","?","$","?","?","E","R","M","T","M","?","R","$","M","R","BOSS","R","$","E"],"items_purchased_type":["Card","Card","Card","Card","Relic","Card","Card","Card","Card","Card","Card","Card","Card","Card","Card","Card","Card","Card","Card","Card","Card","Card","Card","Card","Card","Card","Card","Potion"],"build_version":"2020-11-30","purchased_purges":3,"victory":false,"max_hp_per_floor":[75,75,75,75,75,75,75,75,75,75,75,75,75,75,75,75,75,75,75,75,75,75,75,75,75,75,75,75,75,75,75,75,75,75,75,75,75,71,71,71,71,71,71,71,71,71,71,71,71,71,71,71,71,71,71],"card_choices":[{"not_picked":["Rip and Tear","Cold Snap","Compile Driver"],"picked":"SKIP","floor":1.0},{"not_picked":["Double Energy","Go for the Eyes"],"picked":"Sweeping Beam","floor":3.0},{"not_picked":["Steam","Chill"],"picked":"Cold Snap","floor":7.0},{"not_picked":["Steam Power","Conserve Battery"],"picked":"Skim","floor":14.0},{"not_picked":["Rainbow","Multi-Cast"],"picked":"Buffer","floor":16.0},{"not_picked":["Sweeping Beam","Hologram","Gash"],"picked":"SKIP","floor":18.0},{"not_picked":["Self Repair","Scrape","Multi-Cast"],"picked":"Storm","floor":20.0},{"not_picked":["Rip and Tear","Stack","Beam Cell","Cold Snap+1"],"picked":"SKIP","floor":21.0},{"not_picked":["Genetic Algorithm+1","Reprogram","Steam"],"picked":"Hello World+1","floor":23.0},{"not_picked":["Gash+1","Steam+1","Streamline","Recycle"],"picked":"SKIP","floor":29.0},{"not_picked":["Redo+1","Rebound","Beam Cell"],"picked":"Creative AI","floor":30.0},{"not_picked":["Chaos","Barrage","Steam"],"picked":"Core Surge","floor":31.0},{"not_picked":["Reboot","Meteor Strike","Core Surge"],"picked":"Fission","floor":33.0},{"not_picked":["Coolheaded","Hologram+1","Steam Power"],"picked":"Loop+1","floor":35.0},{"not_picked":["Streamline","Gash","Turbo+1"],"picked":"Coolheaded+1","floor":36},{"not_picked":["Genetic Algorithm","Conserve Battery","Go for the Eyes+1"],"picked":"Steam Power","floor":39},{"not_picked":["Streamline","Meteor Strike","Stack+1"],"picked":"Steam Power+1","floor":40},{"not_picked":["Chill","Rebound+1","Genetic Algorithm"],"picked":"Hello World+1","floor":42},{"not_picked":["Coolheaded+1","Steam","Ball Lightning+1","Fusion"],"picked":"SKIP","floor":44},{"not_picked":["Coolheaded+1","Steam","Ball Lightning+1","Fusion"],"picked":"SKIP","floor":44},{"not_picked":["Coolheaded+1","Steam","Ball Lightning+1","Fusion"],"picked":"SKIP","floor":44},{"not_picked":["Gash+1","Compile Driver","Melter","Sweeping Beam"],"picked":"SKIP","floor":48}],"player_experience":242078,"relics_obtained":[{"floor":9.0,"key":"Unceasing Top"},{"floor":19.0,"key":"Question Card"},{"floor":23.0,"key":"Bird Faced Urn"},{"floor":26.0,"key":"Oddly Smooth Stone"},{"floor":36,"key":"Du-Vu Doll"},{"floor":39,"key":"Ginger"},{"floor":40,"key":"Ornamental Fan"}],"event_choices":[{"cards_removed":["Strike_B"],"damage_healed":0.0,"max_hp_gain":0.0,"max_hp_loss":0.0,"gold_gain":0.0,"event_name":"Bonfire Elementals","player_choice":"Offered Basic","floor":2.0,"gold_loss":0.0,"damage_taken":0.0},{"damage_healed":0.0,"max_hp_gain":0.0,"max_hp_loss":0.0,"gold_gain":0.0,"event_name":"Living Wall","player_choice":"Grow","floor":4.0,"gold_loss":0.0,"damage_taken":0.0,"cards_upgraded":["Dualcast"]},{"damage_healed":0.0,"max_hp_gain":0.0,"max_hp_loss":0.0,"gold_gain":75.0,"event_name":"World of Goop","player_choice":"Gather Gold","floor":5.0,"gold_loss":0.0,"damage_taken":11.0},{"damage_healed":0.0,"max_hp_gain":0.0,"max_hp_loss":0.0,"gold_gain":30.0,"event_name":"Dead Adventurer","player_choice":"Searched \u00272\u0027 times","floor":10.0,"gold_loss":0.0,"damage_taken":0.0,"relics_obtained":["Thread and Needle"]},{"damage_healed":0.0,"max_hp_gain":0.0,"max_hp_loss":0.0,"gold_gain":0.0,"event_name":"Golden Idol","player_choice":"Take Damage","floor":11.0,"gold_loss":0.0,"damage_taken":18.0,"relics_obtained":["Golden Idol"]},{"damage_healed":0.0,"max_hp_gain":0.0,"max_hp_loss":0.0,"gold_gain":0.0,"event_name":"Scrap Ooze","player_choice":"Success","floor":12.0,"gold_loss":0.0,"damage_taken":3.0,"relics_obtained":["Vajra"]},{"damage_healed":0.0,"max_hp_gain":0.0,"max_hp_loss":0.0,"gold_gain":0.0,"event_name":"The Mausoleum","player_choice":"Opened","floor":28.0,"gold_loss":0.0,"damage_taken":0.0,"relics_obtained":["The Courier"],"cards_obtained":["Writhe"]},{"damage_healed":0,"gold_gain":0,"player_choice":"Fight","damage_taken":0,"max_hp_gain":0,"max_hp_loss":0,"event_name":"Mysterious Sphere","floor":36,"gold_loss":0},{"damage_healed":0,"gold_gain":0,"player_choice":"Max HP","damage_taken":0,"max_hp_gain":0,"max_hp_loss":4,"event_name":"Winding Halls","floor":38,"gold_loss":0},{"damage_healed":0,"gold_gain":0,"player_choice":"Fight","damage_taken":0,"max_hp_gain":0,"max_hp_loss":0,"event_name":"MindBloom","floor":39,"gold_loss":0},{"damage_healed":0,"gold_gain":333,"player_choice":"Gave Idol","damage_taken":0,"max_hp_gain":0,"max_hp_loss":0,"event_name":"The Moai Head","floor":45,"relics_lost":["Golden Idol"],"gold_loss":0}],"is_beta":false,"boss_relics":[{"not_picked":["Calling Bell","Ectoplasm"],"picked":"Pandora\u0027s Box"},{"not_picked":["Empty Cage","SacredBark"],"picked":"Nuclear Battery"}],"items_purged_floors":[8,22,47],"is_endless":false,"potions_floor_spawned":[1,14,18,23,29,31,36,40,44],"killed_by":"Shield and Spear","ascension_level":3}}