{"host":"svwqvw2il1zfkkg0","time":1607671418,"event":{"mods":["AchievementEnabler","BaseMod","BetterRewards","Colored Map","Colored Powertips","Custom Start","Downfall","GifTheSpireLib","Highlight Path","Hubris","Infinite Spire","Minty Spire (QoL Compilation)","Quick Restart","Replay The Spire","Shop Mod","StSLib","SuperFastMode"],"gold_per_floor":[113,78,88,88,101,132,189,189,257,24,24,35,52,69,69,167,167,182,201,219,231,249,283,283,283,309,335,44,44,44,62,62,62,62],"floor_reached":33,"playtime":1056,"items_purged":["Voices"],"score":319,"play_id":"f3aaa43a-a360-4e6a-bb0e-35998b8bd906","local_time":"20201210232338","is_ascension_mode":false,"campfire_choices":[{"floor":8,"key":"REST"},{"floor":11,"key":"REST"},{"data":"Dagger Spray","floor":15,"key":"SMITH"},{"floor":24,"key":"REST"},{"floor":30,"key":"REST"},{"floor":32,"key":"REST"}],"circlet_count":0,"master_deck":["Strike_G","Strike_G","Strike_G","Strike_G","Strike_G","Defend_G","Defend_G","Defend_G","Defend_G","Defend_G","Survivor","Neutralize","Blade Dance","Dagger Spray+1","Leg Sweep","Poisoned Stab","Flying Knee","Backstab","Quick Slash","Deadly Poison","Poison Darts","Dagger Spray+1","Dagger Spray","Blade Dance","Sucker Punch","Slice+1","Burst","Choke"],"relics":["Ring of the Snake","Snake Skull","hubris:ToyBattleship","hubris:PeanutButter","Nunchaku","SacredBark","Oddly Smooth Stone","Ornamental Fan","Pet Ghost","Red Mask","Bag of Preparation"],"acts_visited":["Exordium","TheCity"],"potions_floor_usage":[6,16,16,16,16,16,16,22,22,23],"damage_taken":[{"damage":10,"enemies":"Jaw Worm","floor":1,"turns":6},{"damage":1,"enemies":"Cultist","floor":3,"turns":3},{"damage":0,"enemies":"Small Slimes","floor":5,"turns":2},{"damage":24,"enemies":"Gremlin Nob","floor":6,"turns":5},{"damage":33,"enemies":"Lagavulin Event","floor":7,"turns":8},{"damage":0,"enemies":"Exordium Thugs","floor":12,"turns":3},{"damage":0,"enemies":"Looter","floor":13,"turns":2},{"damage":0,"enemies":"Gremlin Gang","floor":14,"turns":4},{"damage":0,"enemies":"Slime Boss","floor":16,"turns":8},{"damage":0,"enemies":"Chosen","floor":18,"turns":4},{"damage":14,"enemies":"2 Thieves","floor":19,"turns":3},{"damage":32,"enemies":"3 Cultists","floor":20,"turns":5},{"damage":1,"enemies":"Centurion and Healer","floor":21,"turns":4},{"damage":0,"enemies":"Snecko","floor":22,"turns":4},{"damage":25,"enemies":"Book of Stabbing","floor":23,"turns":5},{"damage":0,"enemies":"Masked Bandits","floor":27,"turns":3},{"damage":7,"enemies":"Snake Plant","floor":31,"turns":3},{"damage":72,"enemies":"Collector","floor":33,"turns":7}],"seed_played":"154390784803529884","potions_obtained":[{"floor":1,"key":"LifebloodPotion"},{"floor":7,"key":"EntropicBrew"},{"floor":12,"key":"CunningPotion"},{"floor":14,"key":"Poison Potion"},{"floor":19,"key":"SteroidPotion"},{"floor":21,"key":"BlessingOfTheForge"},{"floor":22,"key":"Weak Potion"},{"floor":27,"key":"SpeedPotion"}],"is_trial":false,"path_per_floor":["M","?","M","?","M","E","?","R","T","$","R","M","M","M","R","B",null,"M","M","M","M","M","E","R","?","T","?","$","?","R","M","R","B"],"character_chosen":"THE_SILENT","items_purchased":["Nunchaku","Backstab","Bag of Preparation","Choke"],"campfire_rested":5,"item_purchase_floors":[10,10,28,28],"current_hp_per_floor":[67,77,76,76,76,52,19,42,42,42,65,65,65,65,65,65,77,77,63,31,30,30,5,28,28,28,28,28,28,51,44,67,0,0],"gold":62,"neow_bonus":"TEN_PERCENT_HP_BONUS","is_daily":false,"chose_seed":false,"campfire_upgraded":1,"win_rate":0.0,"timestamp":1607671418,"path_taken":["M","?","M","?","?","E","?","R","T","?","R","M","M","M","R","BOSS","M","M","M","?","M","E","R","?","T","?","$","?","R","?","R","BOSS"],"items_purchased_type":["Relic","Card","Relic","Card"],"build_version":"2020-11-30","purchased_purges":1,"victory":false,"max_hp_per_floor":[77,77,77,77,77,77,77,77,77,77,77,77,77,77,77,77,77,77,77,77,77,77,77,77,77,77,77,77,77,77,77,77,77,77],"card_choices":[{"not_picked":["Accuracy","Setup"],"picked":"Blade Dance","floor":1},{"not_picked":["Backflip","Predator"],"picked":"Dagger Spray","floor":3},{"not_picked":["ReplayTheSpireMod:Scrap Shanks","Burst"],"picked":"Leg Sweep","floor":5},{"not_picked":["Deflect","Outmaneuver"],"picked":"Poisoned Stab","floor":6},{"not_picked":["Leg Sweep","Flechettes"],"picked":"Flying Knee","floor":7},{"not_picked":["Deflect","hubris:Sniper","Wraith Form v2"],"picked":"SKIP","floor":12},{"not_picked":["Hidden Blade","hubris:SlightOfHand"],"picked":"Quick Slash","floor":13},{"not_picked":["Sucker Punch","Backflip"],"picked":"Deadly Poison","floor":14},{"not_picked":["Unload","Wraith Form v2"],"picked":"Poison Darts","floor":16},{"not_picked":["Setup+1","Blur"],"picked":"Dagger Spray+1","floor":18},{"not_picked":["hubris:SlightOfHand","Hidden Blade"],"picked":"Dagger Spray","floor":19},{"not_picked":["Acrobatics","Prepared"],"picked":"Blade Dance","floor":20},{"not_picked":["Underhanded Strike","Outmaneuver"],"picked":"Sucker Punch","floor":21},{"not_picked":["Caltrops","hubris:TrickCloak"],"picked":"Slice+1","floor":22},{"not_picked":["Eviscerate","Dagger Throw","Escape Plan"],"picked":"SKIP","floor":23},{"not_picked":["Sucker Punch","Backflip+1"],"picked":"Burst","floor":27},{"not_picked":["Underhanded Strike+1","Hidden Blade","Leg Sweep"],"picked":"SKIP","floor":31}],"player_experience":364442,"relics_obtained":[{"floor":6,"key":"Snake Skull"},{"floor":7,"key":"hubris:ToyBattleship"},{"floor":9,"key":"hubris:PeanutButter"},{"floor":23,"key":"Oddly Smooth Stone"},{"floor":26,"key":"Pet Ghost"},{"floor":27,"key":"Red Mask"}],"event_choices":[{"damage_healed":19,"gold_gain":0,"player_choice":"Healed","damage_taken":0,"max_hp_gain":0,"max_hp_loss":0,"event_name":"The Cleric","floor":2,"gold_loss":35},{"damage_healed":0,"gold_gain":30,"player_choice":"Searched \u00272\u0027 times","damage_taken":0,"max_hp_gain":0,"max_hp_loss":0,"event_name":"Dead Adventurer","floor":7,"gold_loss":0},{"damage_healed":0,"gold_gain":0,"player_choice":"Fought Bandits","damage_taken":0,"max_hp_gain":0,"max_hp_loss":0,"event_name":"Masked Bandits","floor":27,"gold_loss":0}],"is_beta":false,"boss_relics":[{"not_picked":["Empty Cage","Coffee Dripper"],"picked":"SacredBark"}],"items_purged_floors":[28],"is_endless":false,"potions_floor_spawned":[1,7,12,14,19,21,22,27],"killed_by":"Collector","ascension_level":0}}