{"host":"kw4o7b3ro2ktmmbe","time":1607649951,"event":{"mods":["BaseMod","Minty Spire (QoL Compilation)","StSLib","Treasure Hunter","Yuri Mod"],"gold_per_floor":[154,229,179,36,36,36,75,75,102,146,146,180,180,209,209,368,368,418,33,97,196,254,254,332,332,332,351,33,33,33,33,33,79,79],"floor_reached":33,"playtime":2829,"items_purged":[],"score":341,"play_id":"5bd0c508-a67a-4b86-b022-ad49fcc1a645","local_time":"20201211142551","is_ascension_mode":true,"campfire_choices":[{"data":"yuri:BookRed","floor":6.0,"key":"SMITH"},{"data":"yuri:Oolong","floor":13.0,"key":"SMITH"},{"data":"TH:CursedSword","floor":15.0,"key":"SMITH"},{"data":"TH:CursedSword","floor":23.0,"key":"SMITH"},{"floor":30,"key":"REST"},{"data":"yuri:BookBlue","floor":32,"key":"SMITH"}],"circlet_count":0,"master_deck":["yuri:yuriStrike+1","yuri:yuriStrike","yuri:yuriStrike","yuri:yuriStrike","yuri:yuriStrike+1","yuri:yuriDefend","yuri:yuriDefend","yuri:yuriDefend","yuri:Oolong+1","yuri:yuriStab","yuri:BookRed+1","TH:CursedSword+1","yuri:ArmBrace","TH:CursedSword+1","TH:CursedSword","yuri:ThornRemove","TH:CursedSword","yuri:StealPen","yuri:StealPen","TH:DeckOfManyThings","yuri:ConsumeGlitch","yuri:StealPen","yuri:BookBlue+1","yuri:RepairCode+1","yuri:TeaSet","TH:BikiniMail","TH:ArmorSpikes","yuri:InsanityDefense","yuri:UnstableStrike","TH:CopperCoins"],"relics":["yuri:yuriKnife","Bag of Preparation","Medical Kit","Golden Idol","Lantern","Whetstone","Oddly Smooth Stone","Lizard Tail","Black Star","Akabeko","Strawberry","Pear","Centennial Puzzle","StrikeDummy","Membership Card","Ginger","Letter Opener"],"acts_visited":["Exordium","TheCity"],"potions_floor_usage":[27],"damage_taken":[{"damage":1.0,"enemies":"2 Louse","floor":1.0,"turns":2.0},{"damage":19.0,"enemies":"Lagavulin","floor":7.0,"turns":9.0},{"damage":21.0,"enemies":"Gremlin Nob","floor":10.0,"turns":5.0},{"damage":24.0,"enemies":"Lagavulin","floor":12.0,"turns":8.0},{"damage":0.0,"enemies":"Jaw Worm","floor":14.0,"turns":4.0},{"damage":5.0,"enemies":"Hexaghost","floor":16.0,"turns":17.0},{"damage":31.0,"enemies":"Spheric Guardian","floor":18.0,"turns":8.0},{"damage":14.0,"enemies":"3 Byrds","floor":20.0,"turns":8.0},{"damage":21.0,"enemies":"Centurion and Healer","floor":22.0,"turns":12.0},{"damage":81.0,"enemies":"Book of Stabbing","floor":24.0,"turns":11.0},{"damage":39,"enemies":"Cultist and Chosen","floor":27,"turns":7},{"damage":54,"enemies":"Champ","floor":33,"turns":16}],"seed_played":"-1130097659325909639","potions_obtained":[{"floor":1.0,"key":"Dexterity Potion"},{"floor":14.0,"key":"DistilledChaos"},{"floor":18.0,"key":"Strength Potion"},{"floor":20.0,"key":"Dexterity Potion"},{"floor":24.0,"key":"DuplicationPotion"}],"is_trial":false,"path_per_floor":["M","?","?","$","?","R","E","?","T","E","$","E","R","M","R","B",null,"M","$","M","?","M","R","E","?","T","M","$","T","R","$","R","B"],"character_chosen":"YURI","items_purchased":["Medical Kit","yuri:BookBlue","Akabeko","Strawberry","Membership Card","Ginger","yuri:UnstableStrike"],"campfire_rested":1,"item_purchase_floors":[4,19,19,19,28,28,28],"current_hp_per_floor":[79,68,68,68,48,48,36,36,36,22,22,5,5,14,14,19,80,56,63,59,59,48,48,32,32,32,3,3,3,32,32,32,0,0],"gold":79,"neow_bonus":"RANDOM_COMMON_RELIC","is_daily":false,"chose_seed":false,"campfire_upgraded":5,"win_rate":0.0,"timestamp":1607649951,"path_taken":["M","?","?","?","?","R","E","?","T","E","$","E","R","M","R","BOSS","M","$","M","?","M","R","E","?","T","M","$","?","R","?","R","BOSS"],"items_purchased_type":["Relic","Card","Relic","Relic","Relic","Relic","Card"],"build_version":"2020-11-30","purchased_purges":0,"victory":false,"max_hp_per_floor":[80,80,80,80,80,80,80,80,80,80,80,80,80,80,80,80,80,80,87,87,87,87,87,97,97,97,97,97,97,97,97,97,100,100],"card_choices":[{"not_picked":["yuri:Stare","yuri:yuriHeavyStrike"],"picked":"yuri:BookRed","floor":1.0},{"not_picked":["TH:EnergyPotion"],"picked":"TH:CursedSword","floor":7.0},{"not_picked":["yuri:DejaVu","yuri:Stare","yuri:ThrowingKnives"],"picked":"SKIP","floor":7.0},{"not_picked":["TH:CopperCoins"],"picked":"TH:CursedSword","floor":9.0},{"not_picked":["TH:EnergyPotion"],"picked":"TH:CursedSword","floor":10.0},{"not_picked":["yuri:ArmBrace","yuri:HeavierStrike"],"picked":"yuri:ThornRemove","floor":10.0},{"not_picked":["TH:EnergyPotion"],"picked":"TH:CursedSword","floor":12.0},{"not_picked":["yuri:MultiDip","yuri:Stare"],"picked":"yuri:StealPen","floor":12.0},{"not_picked":["yuri:yuriQuickStrike","yuri:HeavierStrike"],"picked":"yuri:StealPen","floor":14.0},{"not_picked":["TH:Mimic"],"picked":"TH:DeckOfManyThings","floor":16.0},{"not_picked":["yuri:RemoveSafetyChecks","yuri:DragonForm"],"picked":"yuri:ConsumeGlitch","floor":16.0},{"not_picked":["yuri:ThrowBook","yuri:HeavierStrike"],"picked":"yuri:StealPen","floor":18.0},{"not_picked":["yuri:Spin","yuri:SeeingDouble"],"picked":"yuri:RepairCode+1","floor":20.0},{"not_picked":["yuri:WickedSlash","yuri:ThornRemove"],"picked":"yuri:TeaSet","floor":22.0},{"not_picked":["TH:CursedSword"],"picked":"TH:BikiniMail","floor":24.0},{"not_picked":["yuri:ThrowingKnives","yuri:Skip","yuri:MultiDip"],"picked":"SKIP","floor":24.0},{"not_picked":["TH:DeckOfManyThings"],"picked":"TH:ArmorSpikes","floor":26.0},{"not_picked":["yuri:HeavierStrike","yuri:GlitchedStrike"],"picked":"yuri:InsanityDefense","floor":27},{"not_picked":["TH:ElvenBoots"],"picked":"TH:CopperCoins","floor":29}],"player_experience":1730440,"relics_obtained":[{"floor":7.0,"key":"Lantern"},{"floor":9.0,"key":"Whetstone"},{"floor":10.0,"key":"Oddly Smooth Stone"},{"floor":12.0,"key":"Lizard Tail"},{"floor":24.0,"key":"Pear"},{"floor":24.0,"key":"Centennial Puzzle"},{"floor":26.0,"key":"StrikeDummy"},{"floor":29,"key":"Letter Opener"}],"event_choices":[{"damage_healed":0.0,"max_hp_gain":0.0,"max_hp_loss":0.0,"gold_gain":75.0,"event_name":"World of Goop","player_choice":"Gather Gold","floor":2.0,"gold_loss":0.0,"damage_taken":11.0},{"cards_removed":["yuri:yuriDefend"],"damage_healed":0.0,"max_hp_gain":0.0,"max_hp_loss":0.0,"gold_gain":0.0,"event_name":"The Cleric","player_choice":"Card Removal","floor":3.0,"gold_loss":50.0,"damage_taken":0.0},{"damage_healed":0.0,"max_hp_gain":0.0,"max_hp_loss":0.0,"gold_gain":0.0,"event_name":"Golden Idol","player_choice":"Take Damage","floor":5.0,"gold_loss":0.0,"damage_taken":20.0,"relics_obtained":["Golden Idol"]},{"damage_healed":0.0,"max_hp_gain":0.0,"max_hp_loss":0.0,"gold_gain":0.0,"cards_transformed":["yuri:yuriDefend"],"event_name":"Living Wall","player_choice":"Change","floor":8.0,"gold_loss":0.0,"damage_taken":0.0,"cards_obtained":["yuri:ArmBrace"]},{"damage_healed":0.0,"max_hp_gain":0.0,"max_hp_loss":0.0,"gold_gain":99.0,"event_name":"Nest","player_choice":"Stole From Cult","floor":21.0,"gold_loss":0.0,"damage_taken":0.0},{"damage_healed":0.0,"max_hp_gain":0.0,"max_hp_loss":0.0,"gold_gain":0.0,"event_name":"Ghosts","player_choice":"Ignored","floor":25.0,"gold_loss":0.0,"damage_taken":0.0}],"is_beta":false,"boss_relics":[{"not_picked":["Velvet Choker","Ectoplasm"],"picked":"Black Star"}],"items_purged_floors":[],"is_endless":false,"potions_floor_spawned":[1,14,18,20,24],"killed_by":"Champ","ascension_level":1}}