{"host":"fmmnj45o4gdbl6pz","time":1607728124,"event":{"mods":["BaseMod","Minty Spire (QoL Compilation)","MostiFishMod","Replay The Spire","StSLib","Waifu the Spire"],"gold_per_floor":[115,132,150,170,170,198,198,236,261,261,270,296,296,316,316,426,426,449,468,477,477,477,477,494,528,551,568,606,606,635,654,654,757,757,768,818,846,900,900,900],"floor_reached":39,"playtime":929,"items_purged":[],"score":684,"play_id":"2f20b0b8-973e-45d2-8448-54205979bf6e","local_time":"20201212070844","is_ascension_mode":true,"campfire_choices":[{"floor":7,"key":"REST"},{"data":"Twin Strike","floor":10,"key":"SMITH"},{"floor":15,"key":"RECALL"},{"data":"Hyperbeam","floor":23,"key":"SMITH"},{"floor":29,"key":"REST"},{"data":"Atom Bomb","floor":32,"key":"SMITH"}],"circlet_count":0,"master_deck":["Strike_B","Strike_B","Strike_B","Defend_B","Defend_B","Defend_B","Tantrum+1","Consecrate","Twin Strike+1","Bash","Undo","Dagger Spray","Hyperbeam+1","Predator","PiercingWail+1","Atom Bomb+1","Turbo+1","Omniscience"],"relics":["DaveBox","Question Card","PrismaticShard","Replay:Bottled Flurry","CeramicFish","Pen Nib","Iron Core","ImportantClient","Philosopher\u0027s Stone","Sundial","Bottled Flame","Replay:Baseball","ThornShield","HaiYi:Twilight","Counterbalance","Replay:Kaleidoscope"],"acts_visited":["Exordium","TheCity","TheBeyond"],"potions_floor_usage":[6,16,16,28,33],"damage_taken":[{"damage":7.0,"enemies":"Jaw Worm","floor":1.0,"turns":3.0},{"damage":0.0,"enemies":"2 Louse","floor":2.0,"turns":2.0},{"damage":7.0,"enemies":"Small Slimes","floor":3.0,"turns":3.0},{"damage":7.0,"enemies":"Looter","floor":4.0,"turns":3.0},{"damage":1,"enemies":"Replay:BlueRogue","floor":6,"turns":3},{"damage":16,"enemies":"Gremlin Nob","floor":8,"turns":3},{"damage":0,"enemies":"Exordium Wildlife","floor":12,"turns":1},{"damage":0,"enemies":"3 Louse","floor":14,"turns":2},{"damage":15,"enemies":"The Guardian","floor":16,"turns":6},{"damage":6,"enemies":"2 Thieves","floor":18,"turns":2},{"damage":3,"enemies":"Shell Parasite","floor":19,"turns":2},{"damage":0,"enemies":"Sentry and Sphere","floor":24,"turns":2},{"damage":0,"enemies":"Slavers","floor":25,"turns":1},{"damage":0,"enemies":"Centurion and Healer","floor":27,"turns":1},{"damage":21,"enemies":"Replay:Snechameleon","floor":28,"turns":4},{"damage":0,"enemies":"Gremlin Leader","floor":30,"turns":3},{"damage":1,"enemies":"Chosen and Byrds","floor":31,"turns":3},{"damage":33,"enemies":"Champ","floor":33,"turns":5},{"damage":0,"enemies":"3 Darklings","floor":35,"turns":2},{"damage":4,"enemies":"Mind Bloom Boss Battle","floor":36,"turns":5},{"damage":2,"enemies":"3 Shapes","floor":37,"turns":2},{"damage":27,"enemies":"2 Orb Walkers","floor":38,"turns":3},{"damage":0,"enemies":"Writhing Mass","floor":39,"turns":1}],"seed_played":"7195416825308476460","potions_obtained":[{"floor":1.0,"key":"Energy Potion"},{"floor":2.0,"key":"Weak Potion"},{"floor":4.0,"key":"Strength Potion"},{"floor":12,"key":"Ancient Potion"},{"floor":18,"key":"PowerPotion"},{"floor":25,"key":"Block Potion"},{"floor":31,"key":"FearPotion"},{"floor":33,"key":"Explosive Potion"}],"is_trial":false,"path_per_floor":["M","M","M","M","?","E","R","E","T","R","?","M","?","M","R","B",null,"M","M","?","?","?","R","M","E","T","M","E","R","E","M","R","B",null,"M","?","M","?","M"],"character_chosen":"DEFECT","items_purchased":[],"campfire_rested":2,"item_purchase_floors":[],"current_hp_per_floor":[61,61,54,47,47,46,66,50,50,50,50,50,43,43,43,28,58,52,49,49,49,37,37,37,37,37,37,16,37,37,36,36,3,56,56,52,50,23,23,23],"gold":900,"neow_bonus":"REMOVE_TWO","is_daily":false,"chose_seed":false,"campfire_upgraded":3,"win_rate":0.0,"timestamp":1607728124,"path_taken":["M","M","M","M","?","E","R","E","T","R","?","M","?","M","R","BOSS","M","M","?","?","?","R","M","E","T","M","E","R","E","M","R","BOSS","M","?","M","?","M"],"items_purchased_type":[],"build_version":"2020-11-30","purchased_purges":0,"victory":false,"max_hp_per_floor":[68,68,68,68,68,68,68,68,68,68,68,68,68,68,68,68,68,68,68,68,68,73,73,73,73,73,73,73,73,73,73,73,73,73,73,73,73,73,73,73],"card_choices":[{"not_picked":["Acrobatics","Replay:AtTheReady","Accuracy"],"picked":"Tantrum","floor":3.0},{"not_picked":["Deadly Poison","Rebound","Calculated Gamble"],"picked":"Consecrate","floor":4.0},{"not_picked":["Eviscerate","Weave","Halt","ReplaySolidLightProjector"],"picked":"SKIP","floor":6},{"not_picked":["FlyingSleeves","WaveOfTheHand","Replay:AtTheReady"],"picked":"Twin Strike","floor":8},{"not_picked":["Bouncing Flask","Body Slam","ReplayTheSpireMod:Reroute Power"],"picked":"Undo","floor":12},{"not_picked":["FollowUp","ReplayTheSpireMod:Calculation Training","Ball Lightning"],"picked":"Dagger Spray","floor":14},{"not_picked":["MostiFishMod:PerfectForm","Meteor Strike","MostiFishMod:IceShield"],"picked":"Hyperbeam","floor":16},{"not_picked":["Replay:Sssssssssstrike","Sucker Punch","ReplayTheSpireMod:Private Reserves"],"picked":"Predator","floor":18},{"not_picked":["Toxin Wave+1","Setup+1","MostiFishMod:UniRed"],"picked":"PiercingWail+1","floor":28},{"not_picked":["JustLucky","Halt","Meditate+1"],"picked":"Atom Bomb","floor":31},{"not_picked":["FollowUp","MostiFishMod:ReprogramOld","Iron Wave","Outmaneuver"],"picked":"SKIP","floor":35},{"not_picked":["Vengeance+1","Cleave+1","Streamline+1"],"picked":"Turbo+1","floor":37},{"not_picked":["Bloodletting","Defy Death+1","Endless Agony+1"],"picked":"Omniscience","floor":38}],"player_experience":134544,"relics_obtained":[{"floor":1.0,"key":"Question Card"},{"floor":1.0,"key":"PrismaticShard"},{"floor":6,"key":"Replay:Bottled Flurry"},{"floor":8,"key":"CeramicFish"},{"floor":9,"key":"Pen Nib"},{"floor":16,"key":"ImportantClient"},{"floor":25,"key":"Bottled Flame"},{"floor":28,"key":"Replay:Baseball"},{"floor":30,"key":"ThornShield"},{"floor":36,"key":"Counterbalance"},{"floor":38,"key":"Replay:Kaleidoscope"}],"event_choices":[{"damage_healed":0,"gold_gain":0,"player_choice":"Grow","damage_taken":0,"max_hp_gain":0,"max_hp_loss":0,"event_name":"Living Wall","floor":5,"gold_loss":0,"cards_upgraded":["Tantrum"]},{"cards_removed":["Zap"],"damage_healed":0,"gold_gain":0,"player_choice":"Card Removal","damage_taken":7,"max_hp_gain":0,"max_hp_loss":0,"event_name":"Golden Wing","floor":13,"gold_loss":0},{"cards_removed":["CommonCold"],"damage_healed":0,"gold_gain":0,"player_choice":"Elegance","damage_taken":0,"max_hp_gain":0,"max_hp_loss":0,"event_name":"Back to Basics","floor":21,"gold_loss":0},{"damage_healed":0,"gold_gain":0,"player_choice":"Shed Blood","damage_taken":17,"max_hp_gain":5,"max_hp_loss":0,"event_name":"Forgotten Altar","floor":22,"gold_loss":0},{"damage_healed":0,"gold_gain":0,"player_choice":"Fight","damage_taken":0,"max_hp_gain":0,"max_hp_loss":0,"event_name":"MindBloom","floor":36,"gold_loss":0},{"damage_healed":0,"gold_gain":0,"player_choice":"Fight","damage_taken":0,"max_hp_gain":0,"max_hp_loss":0,"event_name":"Mysterious Sphere","floor":38,"gold_loss":0}],"is_beta":false,"boss_relics":[{"not_picked":["TimeKeys","BloodWine"],"picked":"Philosopher\u0027s Stone"},{"not_picked":["GreenFoldingFan","MostiFishMod:Hod"],"picked":"HaiYi:Twilight"}],"items_purged_floors":[],"is_endless":false,"potions_floor_spawned":[1,2,4,12,18,25,27,31,33],"killed_by":"Writhing Mass","ascension_level":6}}