{"host":"gaqyve1328ta0etl","time":1607682948,"event":{"mods":["BaseMod","Colored Map","Colored Powertips","Googly Eyes","Minty Spire (QoL Compilation)","Shop Mod","StSLib","SuperFastMode","The Hierophant","The Runesmith"],"gold_per_floor":[110,129,54,54,78,78,113,113,113,144,163,182,208,188,188,265,265,285,285,302,314,314,314],"floor_reached":22,"playtime":1015,"items_purged":["Ghostly Armor"],"score":462,"play_id":"6af02fdf-67e8-418e-9d69-fa670fc51571","local_time":"20201211023548","daily_mods":["SealedDeck","Heirloom","DeadlyEvents","Elite Swarm"],"is_ascension_mode":true,"campfire_choices":[{"data":"Armaments","floor":6.0,"key":"SMITH"},{"data":"Limit Break","floor":8.0,"key":"SMITH"},{"data":"Barricade","floor":15.0,"key":"SMITH"}],"circlet_count":0,"master_deck":["AscendersBane","Inflame","Evolve","Entrench","Iron Wave","Body Slam","Iron Wave","Body Slam","Armaments+1","Shrug It Off","Limit Break+1","True Grit","Barricade+1","Offering"],"relics":["Burning Blood","Lizard Tail","Meat on the Bone","Toy Ornithopter","Turnip","Magic Flower","Runesmith:Locket","Singing Bowl","Runic Pyramid","Nilry\u0027s Codex"],"acts_visited":[],"potions_floor_usage":[],"damage_taken":[{"damage":1.0,"enemies":"Cultist","floor":1.0,"turns":4.0},{"damage":0.0,"enemies":"Jaw Worm","floor":2.0,"turns":4.0},{"damage":14.0,"enemies":"Gremlin Nob","floor":7.0,"turns":4.0},{"damage":0.0,"enemies":"Lagavulin","floor":10.0,"turns":5.0},{"damage":2.0,"enemies":"2 Louse","floor":11.0,"turns":2.0},{"damage":18.0,"enemies":"Exordium Wildlife","floor":12.0,"turns":4.0},{"damage":12.0,"enemies":"3 Sentries","floor":13.0,"turns":6.0},{"damage":1.0,"enemies":"Exordium Thugs","floor":14.0,"turns":5.0},{"damage":31.0,"enemies":"Hexaghost","floor":16.0,"turns":6.0},{"damage":6.0,"enemies":"Chosen","floor":18.0,"turns":4.0},{"damage":6.0,"enemies":"Spheric Guardian","floor":20.0,"turns":3.0},{"damage":24.0,"enemies":"Centurion and Healer","floor":21.0,"turns":4.0},{"damage":57,"enemies":"Slavers","floor":22,"turns":7}],"seed_played":"8674203391346904706","potions_obtained":[{"floor":1.0,"key":"ElixirPotion"},{"floor":2.0,"key":"LiquidBronze"},{"floor":12.0,"key":"SkillPotion"},{"floor":13.0,"key":"Ancient Potion"},{"floor":18.0,"key":"SteroidPotion"}],"is_trial":true,"path_per_floor":["M","M","$","?","T","R","E","R","T","E","M","M","E","M","R","B",null,"M","?","M","M","E"],"character_chosen":"IRONCLAD","items_purchased":[],"campfire_rested":0,"item_purchase_floors":[],"current_hp_per_floor":[73,75,75,57,57,57,49,49,49,58,65,56,61,71,71,55,72,77,56,61,66,9,9],"gold":314,"neow_bonus":"","is_daily":false,"chose_seed":false,"campfire_upgraded":3,"win_rate":0.0,"timestamp":1607682948,"path_taken":["M","M","$","?","?","R","E","R","T","?","M","M","E","M","R","BOSS","M","?","?","M","?"],"items_purchased_type":[],"build_version":"2020-11-30","purchased_purges":1,"victory":false,"max_hp_per_floor":[75,75,75,75,75,75,75,75,75,75,75,75,75,77,77,77,77,79,79,81,83,83,83],"card_choices":[{"not_picked":["True Grit","Blood for Blood","Headbutt"],"picked":"SKIP","floor":1.0},{"not_picked":["Dual Wield","Feel No Pain","Flex"],"picked":"SKIP","floor":2.0},{"not_picked":["Immolate","Bludgeon"],"picked":"Limit Break","floor":7.0},{"not_picked":["Exhume","Reaper","Bludgeon"],"picked":"SKIP","floor":10.0},{"not_picked":["Clash","Thunderclap"],"picked":"True Grit","floor":11.0},{"not_picked":["Evolve","Feel No Pain","Clothesline"],"picked":"SKIP","floor":12.0},{"not_picked":["Fiend Fire","Double Tap"],"picked":"Barricade","floor":13.0},{"not_picked":["Thunderclap","Armaments","Body Slam"],"picked":"Singing Bowl","floor":14.0},{"not_picked":["Juggernaut","Exhume"],"picked":"Offering","floor":16.0},{"not_picked":["Havoc","Twin Strike+1","Rage"],"picked":"Singing Bowl","floor":18.0},{"not_picked":["True Grit","Blood for Blood","Headbutt"],"picked":"Singing Bowl","floor":20.0},{"not_picked":["Fire Breathing+1","Armaments","Cleave"],"picked":"Singing Bowl","floor":21.0}],"player_experience":2035706,"relics_obtained":[{"floor":5.0,"key":"Toy Ornithopter"},{"floor":7.0,"key":"Turnip"},{"floor":9.0,"key":"Magic Flower"},{"floor":10.0,"key":"Runesmith:Locket"},{"floor":13.0,"key":"Singing Bowl"},{"floor":19.0,"key":"Nilry\u0027s Codex"}],"event_choices":[{"damage_healed":0.0,"max_hp_gain":0.0,"max_hp_loss":0.0,"gold_gain":0.0,"event_name":"Scrap Ooze","player_choice":"Success","floor":4.0,"gold_loss":0.0,"damage_taken":18.0,"relics_obtained":["Meat on the Bone"]},{"damage_healed":0.0,"max_hp_gain":0.0,"max_hp_loss":0.0,"gold_gain":0.0,"event_name":"Cursed Tome","player_choice":"Obtained Book","floor":19.0,"gold_loss":0.0,"damage_taken":21.0}],"is_beta":false,"boss_relics":[{"not_picked":["Astrolabe","Runic Cube"],"picked":"Runic Pyramid"}],"items_purged_floors":[3],"is_endless":false,"potions_floor_spawned":[1,2,12,13,14,18,21],"killed_by":"Slavers","ascension_level":20}}