{"host":"10hinapzqlh39548","time":1607702240,"event":{"mods":["BaseMod","Colored Powertips","Minty Spire (QoL Compilation)","MostiFishMod","Replay The Spire","StSLib","Wandering Minibosses"],"gold_per_floor":[16,16,33,126,141,141,167,190,217,236,267,267,286,303,303,382,382,403,307,307,322,337,376,399,429,497,94,109,131,131,143,143,221,221,235,135,135,152,174,174,208,225,225,254,53,73,73,91,91,97,97,97,34,70,82],"floor_reached":56,"playtime":2402,"items_purged":["Strike_B","Strike_B","Dualcast","Defend_B"],"score":2046,"play_id":"ce66b700-f001-4ab5-930d-570771469367","local_time":"20201211165720","is_ascension_mode":true,"campfire_choices":[{"data":"Genetic Algorithm","floor":6,"key":"SMITH"},{"data":"Redo","floor":12,"key":"SMITH"},{"data":"Capacitor","floor":15,"key":"SMITH"},{"data":"Redo","floor":32,"key":"SMITH"},{"floor":40,"key":"RECALL"},{"data":"Defend_B","floor":47,"key":"PURGE"},{"data":"Defend_B","floor":49,"key":"PURGE"},{"data":"Defend_B","floor":52,"key":"PURGE"}],"circlet_count":0,"master_deck":["AscendersBane","Zap","Coolheaded","Genetic Algorithm+1","FIFO Queue","Cold Snap+1","Redo+1","Capacitor+1","Reboot+1","Cold Snap+1","Cold Snap+1","Cold Snap+1","Coolheaded+1","Chaos+1","MostiFishMod:ReadyAimFire","Redo+1","Chaos+1"],"relics":["Cracked Core","DaveBox","Bird Faced Urn","Civilization","Question Card","Blue Doll","Odd Mushroom","Replay:Bandana","ImportantClient","Empty Cage","Replay:Antivirus Software","StoneCalendar","Carrot","Geode","Molten Egg 2","MutagenicStrength","ChiXiaoBlade","Peace Pipe","Bag of Preparation","Replay:Bottled Eggs","Pen Nib","Membership Card","War Paint","Mirror"],"acts_visited":["Exordium","TheCity","TheBeyond","TheEnding"],"potions_floor_usage":[7,55],"damage_taken":[{"damage":14,"enemies":"Cultist","floor":1,"turns":5},{"damage":15,"enemies":"Small Slimes","floor":3,"turns":6},{"damage":0,"enemies":"Jaw Worm","floor":5,"turns":2},{"damage":17,"enemies":"Lagavulin","floor":7,"turns":4},{"damage":0,"enemies":"The Mushroom Lair","floor":8,"turns":7},{"damage":0,"enemies":"3 Louse","floor":10,"turns":2},{"damage":0,"enemies":"3 Sentries","floor":11,"turns":3},{"damage":0,"enemies":"2 Fungi Beasts","floor":13,"turns":2},{"damage":0,"enemies":"Exordium Wildlife","floor":14,"turns":1},{"damage":0,"enemies":"Hexaghost","floor":16,"turns":4},{"damage":0,"enemies":"Spheric Guardian","floor":18,"turns":1},{"damage":0,"enemies":"3 Byrds","floor":21,"turns":3},{"damage":0,"enemies":"Snake Plant","floor":22,"turns":1},{"damage":0,"enemies":"Slavers","floor":23,"turns":2},{"damage":0,"enemies":"Snecko","floor":24,"turns":2},{"damage":0,"enemies":"Replay:Snechameleon","floor":25,"turns":3},{"damage":0,"enemies":"Centurion and Healer","floor":28,"turns":2},{"damage":0,"enemies":"Cultist and Chosen","floor":29,"turns":2},{"damage":0,"enemies":"Snecko","floor":31,"turns":2},{"damage":0,"enemies":"Collector","floor":33,"turns":3},{"damage":0,"enemies":"3 Darklings","floor":35,"turns":1},{"damage":0,"enemies":"3 Shapes","floor":38,"turns":1},{"damage":0,"enemies":"Maw","floor":39,"turns":2},{"damage":0,"enemies":"Nemesis","floor":41,"turns":1},{"damage":0,"enemies":"Sphere and 2 Shapes","floor":42,"turns":1},{"damage":0,"enemies":"R_Hoarder","floor":44,"turns":3},{"damage":0,"enemies":"Spire Growth","floor":46,"turns":1},{"damage":0,"enemies":"Maw","floor":48,"turns":1},{"damage":0,"enemies":"Replay:Hell Engine","floor":50,"turns":2},{"damage":0,"enemies":"Shield and Spear","floor":54,"turns":1},{"damage":1,"enemies":"The Heart","floor":55,"turns":3}],"seed_played":"-8598146887782523291","potions_obtained":[{"floor":1,"key":"Explosive Potion"},{"floor":7,"key":"Swift Potion"},{"floor":8,"key":"GamblersBrew"},{"floor":13,"key":"LifebloodPotion"},{"floor":29,"key":"DuplicationPotion"},{"floor":39,"key":"Dexterity Potion"},{"floor":44,"key":"DuplicationPotion"}],"is_trial":false,"path_per_floor":["M","$","M","?","M","R","E","?","T","M","E","R","M","M","R","B",null,"M","$","?","M","M","E","M","E","T","$","M","M","?","M","R","B",null,"M","$","?","M","M","R","E","M","T","E","$","M","R","M","R","B",null,"R","$","E","B",null],"character_chosen":"DEFECT","items_purchased":["Cold Snap","Geode","Molten Egg 2","Membership Card","War Paint"],"campfire_rested":0,"item_purchase_floors":[19,27,27,45,53],"current_hp_per_floor":[55,55,45,45,51,51,43,58,58,76,95,95,116,139,139,167,199,224,224,224,256,285,319,354,391,391,391,427,465,465,504,504,546,546,594,594,594,645,697,697,750,806,806,863,863,921,921,980,980,1041,1041,1041,1041,1104,1167],"gold":82,"neow_bonus":"ONE_RARE_RELIC","is_daily":false,"chose_seed":false,"campfire_upgraded":4,"win_rate":0.0,"timestamp":1607702240,"path_taken":["M","?","M","?","M","R","E","?","T","M","E","R","M","M","R","BOSS","M","$","?","M","M","E","M","E","T","$","M","M","?","M","R","BOSS","M","$","?","M","?","R","E","M","T","E","?","?","R","M","R","BOSS","R","$","E","BOSS"],"items_purchased_type":["Card","Relic","Relic","Relic","Relic"],"build_version":"2020-11-30","purchased_purges":4,"victory":true,"max_hp_per_floor":[76,76,81,81,87,87,94,107,107,123,142,142,163,186,186,210,210,235,235,235,263,292,324,357,391,391,391,427,465,465,504,504,546,546,594,594,594,645,697,697,750,806,806,863,863,921,921,980,980,1041,1041,1041,1041,1104,1168],"card_choices":[{"not_picked":["Fusion","Melter","Doom and Gloom"],"picked":"SKIP","floor":1},{"not_picked":["Go for the Eyes","Capacitor","Beam Cell"],"picked":"Coolheaded","floor":3},{"not_picked":["BasicCrystalCard","Fusion","Rebound"],"picked":"Genetic Algorithm","floor":4},{"not_picked":["Sweeping Beam","Sunder","MostiFishMod:GatherIntelligence"],"picked":"FIFO Queue","floor":5},{"not_picked":["Reprogram","Hologram","Rebound","Beam Cell"],"picked":"SKIP","floor":7},{"not_picked":["Panic Button","Go for the Eyes","Hologram"],"picked":"Cold Snap","floor":8},{"not_picked":["Beam Cell","Gash","Ball Lightning","Compile Driver"],"picked":"SKIP","floor":10},{"not_picked":["Aggregate","Hologram","BasicCrystalCard"],"picked":"Redo","floor":11},{"not_picked":["Time Bomb","BasicCrystalCard","Aggregate","ReplayTheSpireMod:Reroute Power"],"picked":"SKIP","floor":13},{"not_picked":["Compile Driver","Stack","MostiFishMod:StarOceanB"],"picked":"Capacitor","floor":14},{"not_picked":["MostiFishMod:IntelligentEquipment","MostiFishMod:UniBlue","ReplayTheSpireMod:Omega Cannon"],"picked":"Reboot","floor":16},{"not_picked":["Rebound","Leap","Coolheaded"],"picked":"Cold Snap","floor":18},{"not_picked":["Crystallizer","MostiFishMod:TalkingToTheRain","Hologram"],"picked":"Cold Snap","floor":21},{"not_picked":["ReplayTheSpireMod:Reroute Power","Leap","Capacitor","MostiFishMod:LinkProtocol"],"picked":"SKIP","floor":22},{"not_picked":["Turbo","Go for the Eyes","Sweeping Beam"],"picked":"Coolheaded","floor":23},{"not_picked":["Steam","Leap","Rip and Tear"],"picked":"Chaos+1","floor":24},{"not_picked":["Streamline","Tempest","Conserve Battery"],"picked":"MostiFishMod:ReadyAimFire","floor":25},{"not_picked":["Self Repair","Crystallizer","Ball Lightning+1","Sweeping Beam+1"],"picked":"SKIP","floor":28},{"not_picked":["Coolheaded+1","Conserve Battery","Rebound+1"],"picked":"Redo","floor":29},{"not_picked":["Streamline+1","Redo","Machine Learning","Leap"],"picked":"SKIP","floor":31},{"not_picked":["Beam Cell+1","Lockon+1","Consume","Rebound+1"],"picked":"SKIP","floor":35},{"not_picked":["Melter+1","Stack","Gash+1","Cold Snap+1"],"picked":"SKIP","floor":38},{"not_picked":["Blizzard+1","Consume","Coolheaded+1","Conserve Battery"],"picked":"SKIP","floor":39},{"not_picked":["Conserve Battery","Leap+1","Go for the Eyes+1"],"picked":"Chaos+1","floor":41},{"not_picked":["Streamline+1","Hologram","Panic Button","Beam Cell+1"],"picked":"SKIP","floor":42},{"not_picked":["ReplayTheSpireMod:System Scan+1","ReplayTheSpireMod:GoodbyeWorld","Creative AI","Scrape+1"],"picked":"SKIP","floor":44},{"not_picked":["Fusion+1","BasicCrystalCard","Force Field","Streamline+1"],"picked":"SKIP","floor":46},{"not_picked":["Auto Shields","Streamline+1","Panic Button+1","Coolheaded"],"picked":"SKIP","floor":48},{"not_picked":["Compile Driver+1","Loop+1","Hologram","Leap"],"picked":"SKIP","floor":54}],"player_experience":1089003,"relics_obtained":[{"floor":1,"key":"Question Card"},{"floor":7,"key":"Blue Doll"},{"floor":8,"key":"Odd Mushroom"},{"floor":11,"key":"Replay:Bandana"},{"floor":16,"key":"ImportantClient"},{"floor":25,"key":"StoneCalendar"},{"floor":26,"key":"Carrot"},{"floor":41,"key":"Bag of Preparation"},{"floor":43,"key":"Replay:Bottled Eggs"},{"floor":44,"key":"Pen Nib"},{"floor":54,"key":"Mirror"}],"event_choices":[{"damage_healed":0,"gold_gain":0,"player_choice":"Fought Mushrooms","damage_taken":0,"max_hp_gain":0,"max_hp_loss":0,"event_name":"Mushrooms","floor":8,"gold_loss":0},{"damage_healed":0,"gold_gain":0,"player_choice":"Inject Mutagens","damage_taken":0,"relics_obtained":["MutagenicStrength"],"max_hp_gain":0,"max_hp_loss":0,"event_name":"Drug Dealer","floor":30,"gold_loss":0},{"damage_healed":0,"gold_gain":0,"player_choice":"Gave Potion","damage_taken":0,"relics_obtained":["Peace Pipe"],"max_hp_gain":0,"max_hp_loss":0,"event_name":"WeMeetAgain","floor":37,"gold_loss":0}],"is_beta":false,"boss_relics":[{"not_picked":["Abe\u0027s Treasure","RhineFirstAidKit"],"picked":"Empty Cage"},{"not_picked":["Nuclear Battery","Ring of Chaos"],"picked":"ChiXiaoBlade"}],"items_purged_floors":[19,27,36,45],"is_endless":false,"potions_floor_spawned":[1,7,8,11,13,22,23,25,29,33,35,39,44,48,54],"ascension_level":13}}