{"host":"87w2793jpavfbt1o","time":1607677306,"event":{"mods":["AchievementEnabler","Aspiration","BaseMod","Better Altar","Better Match","Better Note","Better Sensory Stone","Better Skull","Better Third Choice","Better Vampires","BetterRewards","Conspire","Displayed Cursed Tome","Downfall","Energized Spire","Filter the Spire","Halation","Highlight Path","Hubris","Infinite Spire","Marked Mod","Minty Spire (QoL Compilation)","Practice Mode","Prisma Mod","Relic Filter","Relic Sorter","Replay The Spire","SIMod","Shop Mod","StSLib","TestMod","??????REMEMod"],"gold_per_floor":[114,129,129,146,159,159,159],"floor_reached":6,"playtime":654,"items_purged":[],"score":53,"play_id":"d60067a6-85bf-47bb-a272-2305828b83dd","local_time":"20201211010146","is_ascension_mode":true,"campfire_choices":[],"circlet_count":0,"master_deck":["Strike_P","Strike_P","Strike_P","Strike_P","Defend_P","Defend_P","Defend_P","Defend_P","Eruption","Vigilance","Pain","hubris:Gluttony","Pain","Wraith Form v2","Replay:BluntJabs","MarkedMod:Acupuncture","MarkedMod:FirstStrike","conspire:Banana","MarkedMod:OneThousandNeedles","PathToVictory"],"relics":["PureWater","REME_ComplimentaryCards","testmod-TestBox","testmod-Laevatain"],"acts_visited":["Exordium"],"potions_floor_usage":[4,5],"damage_taken":[{"damage":6,"enemies":"Jaw Worm","floor":1,"turns":2},{"damage":2,"enemies":"Cultist","floor":2,"turns":2},{"damage":21,"enemies":"infinitespire:Voidling","floor":4,"turns":4},{"damage":18,"enemies":"Looter","floor":5,"turns":3},{"damage":20,"enemies":"Lagavulin","floor":6,"turns":6}],"seed_played":"5803985354811574461","potions_obtained":[{"floor":1,"key":"Strength Potion"},{"floor":4,"key":"sneckomod:MuddlingPotion"}],"is_trial":false,"path_per_floor":["M","M","?","M","M","E"],"character_chosen":"WATCHER","items_purchased":[],"campfire_rested":0,"item_purchase_floors":[],"current_hp_per_floor":[59,57,57,37,19,0,0],"gold":159,"neow_bonus":"THREE_CARDS","is_daily":false,"chose_seed":false,"campfire_upgraded":0,"win_rate":0.0,"timestamp":1607677306,"path_taken":["M","M","?","M","?","E"],"items_purchased_type":[],"build_version":"2020-11-30","purchased_purges":0,"victory":false,"max_hp_per_floor":[72,72,72,73,73,74,74],"card_choices":[{"not_picked":["Conclude","SashWhip"],"picked":"Replay:BluntJabs","floor":0},{"not_picked":["Conclude","BowlingBash"],"picked":"MarkedMod:Acupuncture","floor":1},{"not_picked":["CutThroughFate","REME_Repentance"],"picked":"MarkedMod:FirstStrike","floor":2},{"not_picked":["REME_MagicPocketWatch","Replay:BasicMightCard"],"picked":"conspire:Banana","floor":3},{"not_picked":["EmptyFist","LikeWater"],"picked":"MarkedMod:OneThousandNeedles","floor":4},{"not_picked":["Replay:DivineShield","Blasphemy"],"picked":"PathToVictory","floor":5}],"player_experience":610232,"relics_obtained":[],"event_choices":[{"damage_healed":0,"gold_gain":0,"player_choice":"1","damage_taken":0,"max_hp_gain":0,"max_hp_loss":0,"event_name":"betterMatch:BetterMatch","floor":3,"gold_loss":0,"cards_obtained":["betterMatch:ColorlessUncommonCard"]}],"is_beta":false,"boss_relics":[],"items_purged_floors":[],"is_endless":false,"potions_floor_spawned":[1,4],"killed_by":"Lagavulin","ascension_level":8}}