{"host":"28p8ce41sjwa6lzf","time":1607646927,"event":{"mods":["BaseMod","Colored Map","Colored Powertips","Highlight Path","Permanent Neow","Minty Spire (QoL Compilation)","Quick Restart","StSLib","Unceasing Turn Reminder","Relic Stats","Rare Cards Sparkle","Random Character Button"],"gold_per_floor":[113,124,136,136,153,182,182,215,215,226,226,260,260,279,279,356,356,368,387,387,387,175,207,207,238,238,238,252,278,62,62,62,135,135,145,30,74,74,84,115,115,149,149,181,201,212,231,231,231,231,231],"floor_reached":50,"playtime":6137,"items_purged":["CrushJoints","Nirvana"],"score":1520,"play_id":"9ffe7937-00f5-4b80-87be-42f87ba86680","local_time":"20201210183527","is_ascension_mode":true,"campfire_choices":[{"floor":7.0,"key":"REST"},{"data":"Tantrum","floor":11.0,"key":"SMITH"},{"data":"Eruption","floor":13.0,"key":"SMITH"},{"data":"Devotion","floor":15.0,"key":"SMITH"},{"data":"ThirdEye","floor":24.0,"key":"SMITH"},{"data":"TalkToTheHand","floor":27.0,"key":"SMITH"},{"floor":32.0,"key":"REST"},{"data":"Devotion","floor":41.0,"key":"SMITH"},{"floor":49.0,"key":"REST"}],"circlet_count":0,"master_deck":["AscendersBane","Eruption+1","Vigilance+1","WheelKick","ThirdEye+1","Blasphemy+1","CrushJoints","Tantrum+1","InnerPeace+1","BowlingBash","Devotion+1","Brilliance","Indignation+1","SpiritShield+1","WreathOfFlame+1","Wallop","Crescendo+1","TalkToTheHand+1","Evaluate+1","TalkToTheHand","DeusExMachina+1","Protect+1","Evaluate+1","CutThroughFate+1","Devotion+1","Wish+1","Adaptation","Swivel+1","Vault+1","EmptyMind+1","ReachHeaven","Evaluate+1","Forethought+1"],"special_seed":0,"relics":["PureWater","Centennial Puzzle","Gremlin Horn","Toxic Egg 2","InkBottle","Pandora\u0027s Box","Oddly Smooth Stone","The Courier","Lizard Tail","Du-Vu Doll","Busted Crown","CloakClasp","Nunchaku","Shovel","StoneCalendar"],"acts_visited":["Exordium","TheCity","TheBeyond"],"potions_floor_usage":[],"damage_taken":[{"damage":2.0,"enemies":"Cultist","floor":1.0,"turns":3.0},{"damage":3.0,"enemies":"Small Slimes","floor":2.0,"turns":3.0},{"damage":12.0,"enemies":"Jaw Worm","floor":3.0,"turns":4.0},{"damage":1.0,"enemies":"Looter","floor":5.0,"turns":2.0},{"damage":20.0,"enemies":"3 Sentries","floor":6.0,"turns":3.0},{"damage":0.0,"enemies":"Lagavulin","floor":8.0,"turns":3.0},{"damage":0.0,"enemies":"Gremlin Gang","floor":10.0,"turns":1.0},{"damage":0.0,"enemies":"3 Sentries","floor":12.0,"turns":2.0},{"damage":0.0,"enemies":"Blue Slaver","floor":14.0,"turns":1.0},{"damage":3.0,"enemies":"The Guardian","floor":16.0,"turns":6.0},{"damage":14.0,"enemies":"2 Thieves","floor":18.0,"turns":3.0},{"damage":0.0,"enemies":"Shell Parasite","floor":19.0,"turns":1.0},{"damage":0.0,"enemies":"Gremlin Leader","floor":23.0,"turns":3.0},{"damage":2.0,"enemies":"Slavers","floor":25.0,"turns":2.0},{"damage":6.0,"enemies":"Centurion and Healer","floor":28.0,"turns":3.0},{"damage":0.0,"enemies":"Gremlin Leader","floor":29.0,"turns":1.0},{"damage":24.0,"enemies":"Automaton","floor":33.0,"turns":5.0},{"damage":7.0,"enemies":"3 Shapes","floor":35.0,"turns":2.0},{"damage":3.0,"enemies":"Orb Walker","floor":37.0,"turns":4.0},{"damage":0.0,"enemies":"Spire Growth","floor":39.0,"turns":2.0},{"damage":4.0,"enemies":"Giant Head","floor":40.0,"turns":6.0},{"damage":30.0,"enemies":"Nemesis","floor":42.0,"turns":8.0},{"damage":0.0,"enemies":"Reptomancer","floor":44.0,"turns":2.0},{"damage":8.0,"enemies":"Jaw Worm Horde","floor":45.0,"turns":2.0},{"damage":0.0,"enemies":"Transient","floor":46.0,"turns":6.0},{"damage":1.0,"enemies":"Writhing Mass","floor":47.0,"turns":4.0},{"damage":84,"enemies":"Awakened One","floor":50,"turns":3}],"seed_played":"-4917645056143380739","potions_obtained":[{"floor":3.0,"key":"Strength Potion"},{"floor":5.0,"key":"Swift Potion"},{"floor":10.0,"key":"CultistPotion"},{"floor":19.0,"key":"SpeedPotion"},{"floor":25.0,"key":"Dexterity Potion"},{"floor":28.0,"key":"SteroidPotion"},{"floor":35.0,"key":"FearPotion"},{"floor":40.0,"key":"AttackPotion"},{"floor":44.0,"key":"LiquidBronze"},{"floor":46.0,"key":"Ancient Potion"}],"is_trial":false,"path_per_floor":["M","M","M","?","M","E","R","E","T","M","R","E","R","M","R","B",null,"M","M","?","?","$","E","R","E","T","R","M","E","$","?","R","B",null,"M","$","M","?","M","E","R","E","T","E","M","M","M","?","R","B"],"character_chosen":"WATCHER","items_purchased":["DeusExMachina+1","Protect+1","Devotion","EntropicBrew","Adaptation"],"campfire_rested":3,"item_purchase_floors":[22,22,30,30,36],"current_hp_per_floor":[59,56,44,24,23,3,23,23,23,23,23,23,23,23,23,20,56,42,42,42,42,42,42,42,40,40,40,34,34,34,15,36,12,58,51,51,48,48,48,44,44,14,14,14,6,6,5,5,26,0,0],"gold":231,"neow_bonus":"RANDOM_COMMON_RELIC","is_daily":false,"chose_seed":false,"campfire_upgraded":6,"win_rate":0,"timestamp":1607646927,"path_taken":["M","M","M","?","M","E","R","E","T","M","R","E","R","M","R","BOSS","M","M","?","?","$","E","R","E","T","R","?","E","$","?","R","BOSS","M","$","M","?","M","E","R","E","T","E","?","M","M","?","R","BOSS"],"build_version":"2020-11-30","purchased_purges":2,"victory":false,"max_hp_per_floor":[68,68,68,68,68,68,68,68,68,68,68,68,68,68,68,68,68,68,68,68,68,68,68,68,68,68,68,68,68,68,73,73,73,73,73,73,73,73,73,73,73,73,73,73,73,73,73,73,73,73,73],"relic_stats":{"Centennial Puzzle":[51],"Lizard Tail":36,"Nunchaku":[4],"Busted Crown":20,"Shovel":0,"Gremlin Horn":[21,21],"counters":[27,85],"Pandora\u0027s Box":["Indignation","Nirvana","CrushJoints","SpiritShield","WreathOfFlame","Wallop","Crescendo","TalkToTheHand"],"StoneCalendar":[0],"CloakClasp":[108],"obtain_stats":[{"Gremlin Horn":6,"Oddly Smooth Stone":20,"StoneCalendar":44,"The Courier":23,"CloakClasp":40,"Du-Vu Doll":29,"Centennial Puzzle":0,"Lizard Tail":25,"Nunchaku":42,"Busted Crown":34,"Shovel":43,"Pandora\u0027s Box":17,"PureWater":0,"Toxic Egg 2":9,"InkBottle":12},{"Gremlin Horn":5,"Oddly Smooth Stone":12,"StoneCalendar":23,"The Courier":13,"CloakClasp":21,"Du-Vu Doll":16,"Centennial Puzzle":0,"Lizard Tail":14,"Nunchaku":22,"Busted Crown":17,"Shovel":22,"Pandora\u0027s Box":10,"PureWater":0,"Toxic Egg 2":6,"InkBottle":8},{"Gremlin Horn":15,"Oddly Smooth Stone":32,"StoneCalendar":70,"The Courier":35,"CloakClasp":60,"Du-Vu Doll":41,"Centennial Puzzle":0,"Lizard Tail":37,"Nunchaku":68,"Busted Crown":46,"Shovel":68,"Pandora\u0027s Box":28,"PureWater":0,"Toxic Egg 2":18,"InkBottle":21}],"InkBottle":[30]},"card_choices":[{"not_picked":["Consecrate","Nirvana"],"picked":"WheelKick","floor":1.0},{"not_picked":["Consecrate","Prostrate"],"picked":"ThirdEye","floor":2.0},{"not_picked":["FlyingSleeves","Prostrate"],"picked":"Blasphemy","floor":3.0},{"not_picked":["PathToVictory","WindmillStrike"],"picked":"CrushJoints","floor":5.0},{"not_picked":["PathToVictory","CarveReality"],"picked":"Tantrum","floor":6.0},{"not_picked":["FlyingSleeves","ClearTheMind","ForeignInfluence"],"picked":"SKIP","floor":8.0},{"not_picked":["Worship+1","FlurryOfBlows"],"picked":"InnerPeace+1","floor":10.0},{"not_picked":["SandsOfTime","FlyingSleeves"],"picked":"BowlingBash","floor":12.0},{"not_picked":["EmptyMind+1","WaveOfTheHand+1"],"picked":"Devotion","floor":14.0},{"not_picked":["Judgement+1","Wish+1"],"picked":"Brilliance","floor":16.0},{"not_picked":["ClearTheMind+1","Weave"],"picked":"Evaluate+1","floor":18.0},{"not_picked":["JustLucky","BowlingBash"],"picked":"TalkToTheHand","floor":19.0},{"not_picked":["Perseverance+1","Indignation+1"],"picked":"Evaluate+1","floor":23.0},{"not_picked":["Pray+1","ClearTheMind+1"],"picked":"CutThroughFate+1","floor":25.0},{"not_picked":["Crescendo+1","JustLucky","Conclude"],"picked":"SKIP","floor":28.0},{"not_picked":["Halt+1","FlyingSleeves","ClearTheMind+1"],"picked":"SKIP","floor":29.0},{"not_picked":["Establishment","Brilliance"],"picked":"Wish+1","floor":33.0},{"not_picked":["CrushJoints"],"picked":"SKIP","floor":35.0},{"not_picked":["PathToVictory+1"],"picked":"SKIP","floor":37.0},{"not_picked":["Study"],"picked":"SKIP","floor":39.0},{"not_picked":[],"picked":"EmptyMind+1","floor":40.0},{"not_picked":["Collect+1"],"picked":"SKIP","floor":42.0},{"not_picked":["BowlingBash"],"picked":"SKIP","floor":44.0},{"not_picked":[],"picked":"ReachHeaven","floor":45.0},{"not_picked":[],"picked":"Evaluate+1","floor":46.0},{"not_picked":["Collect+1"],"picked":"SKIP","floor":47.0},{"not_picked":[],"picked":"Forethought+1","floor":48.0}],"player_experience":965914,"relics_obtained":[{"floor":6.0,"key":"Gremlin Horn"},{"floor":9.0,"key":"Toxic Egg 2"},{"floor":12.0,"key":"InkBottle"},{"floor":23.0,"key":"The Courier"},{"floor":25.0,"key":"Lizard Tail"},{"floor":29.0,"key":"Du-Vu Doll"},{"floor":40.0,"key":"CloakClasp"},{"floor":42.0,"key":"Nunchaku"},{"floor":43.0,"key":"Shovel"},{"floor":44.0,"key":"StoneCalendar"}],"event_choices":[{"damage_healed":0.0,"max_hp_gain":0.0,"max_hp_loss":0.0,"gold_gain":0.0,"event_name":"Shining Light","player_choice":"Entered Light","floor":4.0,"gold_loss":0.0,"damage_taken":20.0,"cards_upgraded":["Blasphemy","Vigilance"]},{"damage_healed":0.0,"max_hp_gain":0.0,"max_hp_loss":0.0,"gold_gain":0.0,"event_name":"The Mausoleum","player_choice":"Opened","floor":20.0,"gold_loss":0.0,"damage_taken":0.0,"relics_obtained":["Oddly Smooth Stone"],"cards_obtained":["Writhe"]},{"cards_removed":["Writhe"],"damage_healed":0.0,"max_hp_gain":0.0,"max_hp_loss":0.0,"gold_gain":0.0,"event_name":"Fountain of Cleansing","player_choice":"Removed Curses","floor":21.0,"gold_loss":0.0,"damage_taken":0.0},{"damage_healed":0.0,"max_hp_gain":5.0,"max_hp_loss":0.0,"gold_gain":0.0,"event_name":"Forgotten Altar","player_choice":"Shed Blood","floor":31.0,"gold_loss":0.0,"damage_taken":24.0},{"damage_healed":0.0,"max_hp_gain":0.0,"max_hp_loss":0.0,"gold_gain":0.0,"event_name":"Match and Keep!","player_choice":"2 cards matched","floor":38.0,"gold_loss":0.0,"damage_taken":0.0,"cards_obtained":["Swivel","Vault"]},{"damage_healed":0.0,"max_hp_gain":0.0,"max_hp_loss":0.0,"gold_gain":0.0,"event_name":"SensoryStone","player_choice":"Memory 1","floor":48.0,"gold_loss":0.0,"damage_taken":0.0}],"is_beta":false,"boss_relics":[{"not_picked":["Empty Cage","Sozu"],"picked":"Pandora\u0027s Box"},{"not_picked":["SacredBark","Coffee Dripper"],"picked":"Busted Crown"}],"items_purged_floors":[30,36],"is_endless":false,"potions_floor_spawned":[3,5,10,19,25,28,35,40,44,46],"killed_by":"Awakened One","ascension_level":20}}