{"host":"7tvb1em0d2fx72q7","time":1607707783,"event":{"mods":["BaseMod","Challenge The Spire","Minty Spire (QoL Compilation)","StSLib","everything is the same but u backflip on backflip"],"gold_per_floor":[113,123,133,150,14,48,48,48,48,48,63,76,95,126,126,200,200,220,239,209,224,224,241,241,241],"floor_reached":24,"playtime":2152,"items_purged":[],"score":413,"play_id":"90764e44-cb66-49ad-9692-f17070d1ff78","local_time":"20201211122943","is_ascension_mode":true,"campfire_choices":[{"data":"Envenom","floor":10.0,"key":"SMITH"},{"floor":15,"key":"REST"}],"circlet_count":0,"master_deck":["AscendersBane","Strike_G","Strike_G","Strike_G","Strike_G","Defend_G","Defend_G","Defend_G","Defend_G","Defend_G","Survivor","Neutralize","Blade Dance","Deadly Poison","Blade Dance","Footwork+1","Envenom+1","Blade Dance","Night Terror","Deflect","Backstab","Crippling Poison","A Thousand Cuts","Bouncing Flask","PiercingWail","Acrobatics","PiercingWail","Deflect"],"relics":["Ring of the Snake","Bag of Preparation","FossilizedHelix","Coffee Dripper"],"acts_visited":["Exordium","TheCity"],"potions_floor_usage":[14,16,21,24],"damage_taken":[{"damage":1.0,"enemies":"Cultist","floor":1.0,"turns":5.0},{"damage":2.0,"enemies":"Small Slimes","floor":2.0,"turns":3.0},{"damage":1.0,"enemies":"Jaw Worm","floor":3.0,"turns":4.0},{"damage":0.0,"enemies":"Exordium Wildlife","floor":4.0,"turns":3.0},{"damage":16.0,"enemies":"3 Sentries","floor":6.0,"turns":10.0},{"damage":3,"enemies":"3 Louse","floor":11,"turns":4},{"damage":6,"enemies":"Looter","floor":12,"turns":3},{"damage":11,"enemies":"Exordium Wildlife","floor":13,"turns":4},{"damage":11,"enemies":"Gremlin Nob","floor":14,"turns":3},{"damage":12,"enemies":"Hexaghost","floor":16,"turns":9},{"damage":0,"enemies":"Spheric Guardian","floor":18,"turns":5},{"damage":9,"enemies":"Chosen","floor":19,"turns":5},{"damage":0,"enemies":"Centurion and Healer","floor":21,"turns":7},{"damage":6,"enemies":"Snecko","floor":23,"turns":5},{"damage":50,"enemies":"Gremlin Leader","floor":24,"turns":5}],"seed_played":"-1645674800554431428","potions_obtained":[{"floor":1.0,"key":"Poison Potion"},{"floor":3.0,"key":"Swift Potion"},{"floor":6.0,"key":"Swift Potion"},{"floor":8.0,"key":"LiquidMemories"},{"floor":16,"key":"Weak Potion"},{"floor":20,"key":"SteroidPotion"}],"is_trial":false,"path_per_floor":["M","M","M","M","$","E","?","?","T","R","M","M","M","E","R","B",null,"M","M","?","M","?","M","E"],"character_chosen":"THE_SILENT","items_purchased":["Envenom","Blade Dance"],"campfire_rested":1,"item_purchase_floors":[5,5],"current_hp_per_floor":[64,62,61,61,61,45,45,45,45,45,42,36,25,14,35,23,60,60,51,51,51,51,45,0,0],"gold":241,"neow_bonus":"TEN_PERCENT_HP_BONUS","is_daily":false,"chose_seed":false,"campfire_upgraded":1,"win_rate":0.0,"timestamp":1607707783,"path_taken":["M","M","M","M","?","E","?","?","T","R","M","M","M","E","R","BOSS","M","?","?","?","?","M","E"],"items_purchased_type":["Card","Card"],"build_version":"2020-11-30","purchased_purges":0,"victory":false,"max_hp_per_floor":[72,72,72,72,72,72,72,72,72,72,72,72,72,72,72,72,72,72,72,72,72,72,72,72,72],"card_choices":[{"not_picked":["Skewer","Finisher"],"picked":"Blade Dance","floor":1.0},{"not_picked":["Heel Hook","Reflex"],"picked":"Deadly Poison","floor":2.0},{"not_picked":["Sucker Punch","Poisoned Stab"],"picked":"Blade Dance","floor":3.0},{"not_picked":["Slice","Escape Plan"],"picked":"Footwork","floor":4.0},{"not_picked":["PiercingWail","Flying Knee"],"picked":"Night Terror","floor":6.0},{"not_picked":["Dagger Throw","Acrobatics"],"picked":"Deflect","floor":11},{"not_picked":["Underhanded Strike","Setup"],"picked":"Backstab","floor":12},{"not_picked":["Masterful Stab","Underhanded Strike","Outmaneuver"],"picked":"SKIP","floor":13},{"not_picked":["Blade Dance","Deadly Poison"],"picked":"Crippling Poison","floor":14},{"not_picked":["Storm of Steel","Phantasmal Killer"],"picked":"A Thousand Cuts","floor":16},{"not_picked":["Quick Slash","Bane"],"picked":"Bouncing Flask","floor":18},{"not_picked":["Escape Plan","Blade Dance"],"picked":"PiercingWail","floor":19},{"not_picked":["Quick Slash","Dagger Throw"],"picked":"Acrobatics","floor":21},{"not_picked":["Cloak And Dagger","Crippling Poison"],"picked":"Deflect","floor":23}],"player_experience":1821210,"relics_obtained":[{"floor":6.0,"key":"Bag of Preparation"},{"floor":14,"key":"FossilizedHelix"}],"event_choices":[{"damage_healed":0.0,"max_hp_gain":0.0,"max_hp_loss":0.0,"gold_gain":0.0,"event_name":"Living Wall","player_choice":"Grow","floor":7.0,"gold_loss":0.0,"damage_taken":0.0,"cards_upgraded":["Footwork"]},{"damage_healed":0.0,"max_hp_gain":0.0,"max_hp_loss":0.0,"gold_gain":0.0,"event_name":"Lab","player_choice":"Got Potions","floor":8.0,"gold_loss":0.0,"damage_taken":0.0},{"damage_healed":0,"gold_gain":0,"player_choice":"Bought 2 Potions","damage_taken":0,"max_hp_gain":0,"max_hp_loss":0,"event_name":"The Woman in Blue","floor":20,"gold_loss":0},{"damage_healed":0,"gold_gain":0,"cards_transformed":["Strike_G"],"player_choice":"Transformed","damage_taken":0,"max_hp_gain":0,"max_hp_loss":0,"event_name":"Transmorgrifier","floor":22,"gold_loss":0,"cards_obtained":["PiercingWail"]}],"is_beta":false,"boss_relics":[{"not_picked":["Sozu","Tiny House"],"picked":"Coffee Dripper"}],"items_purged_floors":[],"is_endless":false,"potions_floor_spawned":[1,3,6,16],"killed_by":"Gremlin Leader","ascension_level":19}}