{"host":"sum4dy402bbv9y4o","time":1607727052,"event":{"mods":["Aspiration","BaseMod","Conspire","Highlight Path","Minty Spire (QoL Compilation)","StSLib"],"gold_per_floor":[115,132,27,44,44,44,71,71,71,71,71],"floor_reached":10,"playtime":250,"items_purged":[],"score":132,"play_id":"8e34cc80-e98d-44b7-a81e-59fa20ecd38d","local_time":"20201212015052","is_ascension_mode":true,"campfire_choices":[{"data":"Bash","floor":6,"key":"SMITH"},{"data":"Inflame","floor":8,"key":"SMITH"}],"circlet_count":0,"master_deck":["AscendersBane","Strike_R","Strike_R","Strike_R","Strike_R","Strike_R","Defend_R","Defend_R","Defend_R","Defend_R","Bash+1","Cleave","Sever Soul","Metallicize","Shrug It Off","Anger","Inflame+1"],"relics":["Burning Blood","aspiration:Nostalgia","Cracked Core","Anchor","Blue Candle"],"acts_visited":["Exordium"],"potions_floor_usage":[7,7],"damage_taken":[{"damage":16,"enemies":"Cultist","floor":1,"turns":5},{"damage":3,"enemies":"2 Louse","floor":2,"turns":3},{"damage":7,"enemies":"Small Slimes","floor":4,"turns":4},{"damage":14,"enemies":"3 Sentries","floor":7,"turns":5},{"damage":58,"enemies":"Gremlin Nob","floor":10,"turns":4}],"seed_played":"-6872364607354268136","potions_obtained":[{"floor":2,"key":"Fire Potion"},{"floor":4,"key":"SteroidPotion"}],"is_trial":false,"path_per_floor":["M","M","$","M","?","R","E","R","T","E"],"character_chosen":"IRONCLAD","items_purchased":["Metallicize","Shrug It Off"],"campfire_rested":0,"item_purchase_floors":[3,3],"current_hp_per_floor":[58,61,61,60,65,65,57,57,57,0,0],"gold":71,"neow_bonus":"NOSTALGIA","is_daily":false,"chose_seed":false,"campfire_upgraded":2,"win_rate":0.0,"timestamp":1607727052,"path_taken":["M","?","$","M","?","R","E","R","T","E"],"items_purchased_type":["Card","Card"],"build_version":"2020-11-30","purchased_purges":0,"victory":false,"max_hp_per_floor":[75,75,75,75,80,80,80,80,80,80,80],"card_choices":[{"not_picked":["Clothesline","Pommel Strike"],"picked":"Cleave","floor":1},{"not_picked":["Infernal Blade","Thunderclap"],"picked":"Sever Soul","floor":2},{"not_picked":["True Grit","Clash"],"picked":"Anger","floor":4},{"not_picked":["Blood for Blood","Wild Strike"],"picked":"Inflame","floor":7}],"player_experience":2779969,"relics_obtained":[{"floor":7,"key":"Anchor"},{"floor":9,"key":"Blue Candle"}],"event_choices":[{"damage_healed":0,"gold_gain":0,"player_choice":"Donut","damage_taken":0,"max_hp_gain":5,"max_hp_loss":0,"event_name":"Big Fish","floor":5,"gold_loss":0}],"is_beta":false,"boss_relics":[],"items_purged_floors":[],"is_endless":false,"potions_floor_spawned":[2,4],"killed_by":"Gremlin Nob","ascension_level":20}}