{"host":"Sumable","time":1607649264,"event":{"mods":["AchievementEnabler","BaseMod","Better Note","BetterRewards","Googly Eyes","Hermit","Minty Spire (QoL Compilation)","Quick Restart","Shop Mod","StSLib","The Cursed","everything is the same but u backflip on backflip","slay the spire mod where everything is the same but ironclad has a cowboy hat"],"gold_per_floor":[116,13,0,12,30,30,56,15,42,7,7,32,32,48,48,179,179,200,200,200,200,212,212,212,62,113,144,144,44,144,157,157,157,157],"floor_reached":33,"playtime":2114,"items_purged":[],"score":361,"play_id":"96ba5b5f-df78-410c-8dc0-b458f2f34876","local_time":"20201210181424","is_ascension_mode":true,"campfire_choices":[{"floor":6,"key":"REST"},{"data":"Phantasmal Killer","floor":15,"key":"SMITH"},{"data":"J.A.X.","floor":23,"key":"SMITH"},{"data":"Footwork","floor":28,"key":"SMITH"},{"floor":32,"key":"REST"}],"circlet_count":0,"master_deck":["Strike_G","Strike_G","Strike_G","Strike_G","Strike_G","Defend_G","Defend_G","Defend_G","Defend_G","Defend_G","Survivor","Neutralize","Slice","Dagger Spray","Flying Knee","Deflect","Finisher","Tactician","Phantasmal Killer+1","Injury","Footwork+1","Adrenaline","Shame","J.A.X.+1","Infinite Blades+1"],"relics":["Ring of the Snake","Torii","Bag of Preparation","Toy Ornithopter","Mango","Bloody Idol","SacredBark","Anchor","InkBottle","Blood Vial","MealTicket","Pear","Ice Cream","White Beast Statue"],"acts_visited":["Exordium","TheCity"],"potions_floor_usage":[7,16,16,18,27,30,30,31,33],"damage_taken":[{"damage":0,"enemies":"2 Louse","floor":1,"turns":2},{"damage":0,"enemies":"Small Slimes","floor":4,"turns":4},{"damage":0,"enemies":"Jaw Worm","floor":5,"turns":3},{"damage":28,"enemies":"Gremlin Nob","floor":7,"turns":4},{"damage":9,"enemies":"3 Sentries","floor":12,"turns":9},{"damage":7,"enemies":"3 Louse","floor":14,"turns":3},{"damage":26,"enemies":"Slime Boss","floor":16,"turns":8},{"damage":0,"enemies":"Spheric Guardian","floor":18,"turns":3},{"damage":30,"enemies":"Shell Parasite","floor":22,"turns":7},{"damage":51,"enemies":"Slavers","floor":27,"turns":6},{"damage":12,"enemies":"Colosseum Slavers","floor":30,"turns":4},{"damage":19,"enemies":"Colosseum Nobs","floor":30,"turns":4},{"damage":13,"enemies":"Centurion and Healer","floor":31,"turns":5},{"damage":74,"enemies":"Champ","floor":33,"turns":9}],"seed_played":"3627342057278263367","potions_obtained":[{"floor":1,"key":"Strength Potion"},{"floor":5,"key":"Regen Potion"},{"floor":7,"key":"SpeedPotion"},{"floor":22,"key":"FearPotion"},{"floor":30,"key":"Poison Potion"},{"floor":31,"key":"SneckoOil"}],"is_trial":false,"path_per_floor":["M","$","?","M","M","R","E","$","T","?","$","E","?","M","R","B",null,"M","?","?","?","M","R","T","$","T","E","R","$","?","M","R","B"],"character_chosen":"THE_SILENT","items_purchased":["Dagger Spray","Fire Potion","Tactician","Blood Vial","Strength Potion","Swift Potion"],"campfire_rested":2,"item_purchase_floors":[2,2,8,25,29,29],"current_hp_per_floor":[49,49,49,49,49,70,42,42,42,59,59,64,64,57,57,53,76,81,81,81,81,56,56,56,56,61,32,32,47,35,34,62,0,0],"gold":157,"neow_bonus":"ONE_RARE_RELIC","is_daily":false,"chose_seed":false,"campfire_upgraded":3,"win_rate":0.0,"timestamp":1607649264,"path_taken":["M","$","?","M","M","R","E","$","T","?","?","E","?","M","R","BOSS","M","?","?","?","?","R","?","?","T","E","R","$","?","M","R","BOSS"],"items_purchased_type":["Card","Potion","Card","Relic","Potion","Potion"],"build_version":"2020-12-07","purchased_purges":0,"victory":false,"max_hp_per_floor":[70,70,70,70,70,70,70,70,70,70,70,84,84,84,84,84,84,84,84,84,84,84,84,84,84,84,94,94,94,94,94,94,94,94],"card_choices":[{"not_picked":["All Out Attack","Accuracy"],"picked":"Slice","floor":1},{"not_picked":["Outmaneuver","Blur"],"picked":"Flying Knee","floor":4},{"not_picked":["Accuracy","Prepared"],"picked":"Deflect","floor":5},{"not_picked":["Riddle With Holes","Infinite Blades"],"picked":"Finisher","floor":7},{"not_picked":["Expertise","Dagger Throw"],"picked":"Phantasmal Killer","floor":12},{"not_picked":["PiercingWail","Cloak And Dagger"],"picked":"Footwork","floor":14},{"not_picked":["After Image","Tools of the Trade"],"picked":"Adrenaline","floor":16},{"not_picked":["Underhanded Strike","Acrobatics","Dodge and Roll"],"picked":"SKIP","floor":18},{"not_picked":["Escape Plan","Dodge and Roll","Noxious Fumes"],"picked":"SKIP","floor":22},{"not_picked":["Expertise","Choke+1","Dagger Throw+1"],"picked":"SKIP","floor":27},{"not_picked":["Deadly Poison","Flying Knee"],"picked":"Infinite Blades+1","floor":31}],"player_experience":937696,"relics_obtained":[{"floor":7,"key":"Bag of Preparation"},{"floor":9,"key":"Toy Ornithopter"},{"floor":12,"key":"Mango"},{"floor":24,"key":"InkBottle"},{"floor":26,"key":"MealTicket"},{"floor":27,"key":"Pear"},{"floor":30,"key":"Ice Cream"},{"floor":30,"key":"White Beast Statue"}],"event_choices":[{"damage_healed":0,"gold_gain":0,"player_choice":"Left Gold","damage_taken":0,"max_hp_gain":0,"max_hp_loss":0,"event_name":"World of Goop","floor":3,"gold_loss":13},{"damage_healed":17,"gold_gain":0,"player_choice":"Healed","damage_taken":0,"max_hp_gain":0,"max_hp_loss":0,"event_name":"The Cleric","floor":10,"gold_loss":35},{"damage_healed":0,"gold_gain":0,"player_choice":"Take Wound","damage_taken":0,"relics_obtained":["Golden Idol"],"max_hp_gain":0,"max_hp_loss":0,"event_name":"Golden Idol","floor":13,"gold_loss":0,"cards_obtained":["Injury"]},{"damage_healed":0,"gold_gain":0,"player_choice":"Gave Idol","damage_taken":0,"relics_obtained":["Bloody Idol"],"max_hp_gain":0,"max_hp_loss":0,"event_name":"Forgotten Altar","floor":19,"relics_lost":["Golden Idol"],"gold_loss":0},{"damage_healed":0,"gold_gain":0,"player_choice":"Stole Relic","damage_taken":0,"relics_obtained":["Anchor"],"max_hp_gain":0,"max_hp_loss":0,"event_name":"Addict","floor":20,"gold_loss":0,"cards_obtained":["Shame"]},{"damage_healed":0,"gold_gain":0,"player_choice":"Obtain J.A.X.","damage_taken":0,"max_hp_gain":0,"max_hp_loss":0,"event_name":"Drug Dealer","floor":21,"gold_loss":0,"cards_obtained":["J.A.X."]},{"damage_healed":0,"gold_gain":0,"player_choice":"Fight","damage_taken":0,"max_hp_gain":0,"max_hp_loss":0,"event_name":"Colosseum","floor":30,"gold_loss":0},{"damage_healed":0,"gold_gain":0,"player_choice":"Fought Nobs","damage_taken":0,"max_hp_gain":0,"max_hp_loss":0,"event_name":"Colosseum","floor":30,"gold_loss":0}],"is_beta":true,"boss_relics":[{"not_picked":["Sozu","Velvet Choker"],"picked":"SacredBark"}],"items_purged_floors":[],"is_endless":false,"potions_floor_spawned":[1,5,7,12,22,30,30,31],"killed_by":"Champ","ascension_level":5}}