{"host":"3ek78t4i81ecmdy1","time":1607645716,"event":{"mods":["2.2 Compatiblity","AchievementEnabler","BaseMod","Colored Map","DeckTracker","Filter the Spire","Keyboard Shortcuts","Minty Spire (QoL Compilation)","Permanent Neow","Quick Restart","SuperFastMode","everything is the same but u backflip on backflip"],"gold_per_floor":[365,365,5,23,37,63,73,101,153,1,19,36,66,66,66,189,189,248,248,29,40,57,57,82,100,126,470,495,524,552,663,675,687,687],"floor_reached":33,"playtime":1416,"items_purged":["Regret","Defend_G"],"score":404,"play_id":"d9475b18-154f-41a5-ae23-8028ebafa6cb","local_time":"20201211091516","is_ascension_mode":true,"campfire_choices":[{"data":"Terror","floor":15,"key":"SMITH"},{"data":"A Thousand Cuts","floor":23,"key":"SMITH"},{"floor":32,"key":"REST"}],"circlet_count":0,"master_deck":["Survivor","Neutralize","Sucker Punch","Dramatic Entrance","Venomology+1","Endless Agony","Slice+1","Blade Dance","Backflip","Bouncing Flask","Dodge and Roll","Terror+1","Poisoned Stab","Calculated Gamble","A Thousand Cuts+1","Calculated Gamble","Well Laid Plans","Glass Knife","Prepared","Concentrate","Storm of Steel","Malaise","Deadly Poison","Infinite Blades","Bane+1","Noxious Fumes","Outmaneuver","Escape Plan","Blade Dance","Footwork","Dash+1","PiercingWail+1"],"relics":["Ring of the Snake","Sling","CaptainsWheel","Ornamental Fan","Ancient Tea Set","Whetstone","Pandora\u0027s Box","MutagenicStrength","Happy Flower","Oddly Smooth Stone","MawBank","Old Coin"],"acts_visited":["Exordium","TheCity"],"potions_floor_usage":[6,6,8,12,13,16,16,18,21,22,24,24,25,25,29,30,33,33,33],"damage_taken":[{"damage":3,"enemies":"2 Louse","floor":1,"turns":2},{"damage":1,"enemies":"Cultist","floor":4,"turns":4},{"damage":1,"enemies":"Small Slimes","floor":5,"turns":3},{"damage":9,"enemies":"Lagavulin","floor":6,"turns":6},{"damage":0,"enemies":"Looter","floor":7,"turns":3},{"damage":0,"enemies":"Gremlin Nob","floor":8,"turns":4},{"damage":0,"enemies":"Blue Slaver","floor":11,"turns":2},{"damage":0,"enemies":"Large Slime","floor":12,"turns":3},{"damage":0,"enemies":"3 Sentries","floor":13,"turns":3},{"damage":18,"enemies":"The Guardian","floor":16,"turns":8},{"damage":1,"enemies":"3 Byrds","floor":18,"turns":4},{"damage":0,"enemies":"Chosen","floor":21,"turns":3},{"damage":0,"enemies":"Centurion and Healer","floor":22,"turns":4},{"damage":9,"enemies":"Book of Stabbing","floor":24,"turns":2},{"damage":4,"enemies":"Snecko","floor":25,"turns":3},{"damage":35,"enemies":"Slavers","floor":27,"turns":3},{"damage":7,"enemies":"3 Cultists","floor":28,"turns":4},{"damage":0,"enemies":"Centurion and Healer","floor":29,"turns":5},{"damage":6,"enemies":"Snecko","floor":30,"turns":3},{"damage":58,"enemies":"Automaton","floor":33,"turns":6}],"seed_played":"-2995046142362407373","potions_obtained":[{"floor":1,"key":"GhostInAJar"},{"floor":11,"key":"Energy Potion"},{"floor":12,"key":"Swift Potion"},{"floor":13,"key":"ColorlessPotion"},{"floor":18,"key":"Weak Potion"},{"floor":24,"key":"DuplicationPotion"},{"floor":29,"key":"Strength Potion"}],"is_trial":false,"path_per_floor":["M","?","$","M","M","E","M","E","T","$","M","M","E","?","R","B",null,"M","?","$","M","M","R","E","M","T","E","M","M","M","?","R","B"],"character_chosen":"THE_SILENT","items_purchased":["Sling","Venomology","Dodge and Roll","Happy Flower","Noxious Fumes"],"campfire_rested":1,"item_purchase_floors":[3,3,10,20,20],"current_hp_per_floor":[67,67,67,66,65,64,64,64,64,64,64,64,64,64,64,46,70,69,69,69,69,69,69,60,56,56,21,14,14,13,13,34,0,0],"gold":687,"neow_bonus":"TWO_FIFTY_GOLD","is_daily":false,"chose_seed":false,"campfire_upgraded":2,"win_rate":0.0,"timestamp":1607645716,"path_taken":["M","?","$","M","M","E","?","E","T","$","?","M","E","?","R","BOSS","M","?","$","M","M","R","E","M","T","E","M","M","M","?","R","BOSS"],"items_purchased_type":["Relic","Card","Card","Relic","Card"],"build_version":"2020-11-30","purchased_purges":2,"victory":false,"max_hp_per_floor":[70,70,70,70,70,70,70,70,70,70,70,70,70,70,70,70,70,70,70,70,70,70,70,70,70,70,70,70,70,70,70,70,70,70],"card_choices":[{"not_picked":["Dagger Throw","Dash"],"picked":"Sucker Punch","floor":1},{"not_picked":["Well Laid Plans","Dagger Spray"],"picked":"Endless Agony","floor":4},{"not_picked":["Dagger Spray","Quick Slash"],"picked":"Slice","floor":5},{"not_picked":["PiercingWail","Finisher"],"picked":"Blade Dance","floor":6},{"not_picked":["Underhanded Strike","Dagger Throw"],"picked":"Backflip","floor":7},{"not_picked":["Deflect","Endless Agony"],"picked":"Bouncing Flask","floor":8},{"not_picked":["Deadly Poison","Riddle With Holes"],"picked":"Terror","floor":11},{"not_picked":["Slice","Dagger Spray"],"picked":"Poisoned Stab","floor":12},{"not_picked":["Accuracy","Heel Hook"],"picked":"Calculated Gamble","floor":13},{"not_picked":["Night Terror","Glass Knife"],"picked":"A Thousand Cuts","floor":16},{"not_picked":["Dodge and Roll","Dagger Spray"],"picked":"Bane+1","floor":18},{"not_picked":["Dagger Spray","Blade Dance"],"picked":"Outmaneuver","floor":21},{"not_picked":["Flying Knee","Skewer","Doppelganger"],"picked":"SKIP","floor":22},{"not_picked":["Dagger Spray","Skewer"],"picked":"Escape Plan","floor":24},{"not_picked":["Flying Knee","Backflip"],"picked":"Blade Dance","floor":25},{"not_picked":["Quick Slash","Grand Finale"],"picked":"Footwork","floor":27},{"not_picked":["Bane","Backflip"],"picked":"Dash+1","floor":28},{"not_picked":["Poisoned Stab","Bane"],"picked":"PiercingWail+1","floor":29},{"not_picked":["Terror+1","PiercingWail","Flechettes"],"picked":"SKIP","floor":30}],"player_experience":129558,"relics_obtained":[{"floor":6,"key":"CaptainsWheel"},{"floor":8,"key":"Ornamental Fan"},{"floor":9,"key":"Ancient Tea Set"},{"floor":13,"key":"Whetstone"},{"floor":24,"key":"Oddly Smooth Stone"},{"floor":26,"key":"MawBank"},{"floor":27,"key":"Old Coin"}],"event_choices":[{"damage_healed":0,"gold_gain":0,"player_choice":"1 cards matched","damage_taken":0,"max_hp_gain":0,"max_hp_loss":0,"event_name":"Match and Keep!","floor":2,"gold_loss":0,"cards_obtained":["Dramatic Entrance"]},{"damage_healed":0,"gold_gain":0,"player_choice":"Upgraded","damage_taken":0,"max_hp_gain":0,"max_hp_loss":0,"event_name":"Upgrade Shrine","floor":14,"gold_loss":0,"cards_upgraded":["Venomology"]},{"damage_healed":0,"gold_gain":0,"player_choice":"Inject Mutagens","damage_taken":0,"relics_obtained":["MutagenicStrength"],"max_hp_gain":0,"max_hp_loss":0,"event_name":"Drug Dealer","floor":19,"gold_loss":0},{"damage_healed":0,"gold_gain":99,"player_choice":"Stole From Cult","damage_taken":0,"max_hp_gain":0,"max_hp_loss":0,"event_name":"Nest","floor":31,"gold_loss":0}],"is_beta":false,"boss_relics":[{"not_picked":["SlaversCollar","Fusion Hammer"],"picked":"Pandora\u0027s Box"}],"items_purged_floors":[3,10],"is_endless":false,"potions_floor_spawned":[1,11,12,13,18,22,24,28,29],"killed_by":"Automaton","ascension_level":1}}