{"host":"qwttrqaysb380yri","time":1607724445,"event":{"mods":["BaseMod","Custom Start","Minty Spire (QoL Compilation)","Puzzle Mod","Relic Stats","StSLib","The Cursed","The Hierophant"],"gold_per_floor":[11,26,41,60,60,60,397,425,425,425,450,28,28,28,28,24,24],"floor_reached":16,"playtime":435,"items_purged":["hierophant:Strike_Hierophant"],"score":193,"play_id":"b4d6ded6-b609-4a0d-a38e-a3ccce58d65d","local_time":"20201211230725","is_ascension_mode":true,"campfire_choices":[{"data":"hierophant:ChurchCoffers","floor":6.0,"key":"SMITH"},{"data":"hierophant:Remorse","floor":10.0,"key":"SMITH"},{"floor":15.0,"key":"REST"}],"circlet_count":0,"master_deck":["AscendersBane","hierophant:Strike_Hierophant","hierophant:Strike_Hierophant","hierophant:Strike_Hierophant","hierophant:Punish+1","hierophant:Defend_Hierophant","hierophant:Defend_Hierophant","hierophant:Defend_Hierophant","hierophant:Defend_Hierophant","hierophant:ChurchCoffers+1","hierophant:Smite","hierophant:FieryStrike","hierophant:OrnateBuckler","hierophant:Doubloon","hierophant:Remorse+1","hierophant:HolyVerse","hierophant:ThreeLashes","hierophant:TollTheBells","hierophant:Martyrdom","hierophant:MorningPrayer","hierophant:MorningPrayer"],"relics":["hierophant:PropheticMaskRelic","TungstenRod","Old Coin","White Beast Statue","Bag of Preparation","Dream Catcher"],"acts_visited":["Exordium"],"potions_floor_usage":[16,16],"damage_taken":[{"damage":6.0,"enemies":"Jaw Worm","floor":1.0,"turns":3.0},{"damage":0.0,"enemies":"Small Slimes","floor":2.0,"turns":3.0},{"damage":5.0,"enemies":"Cultist","floor":3.0,"turns":3.0},{"damage":0.0,"enemies":"3 Louse","floor":4.0,"turns":2.0},{"damage":13.0,"enemies":"3 Sentries","floor":7.0,"turns":3.0},{"damage":0.0,"enemies":"Looter","floor":8.0,"turns":1.0},{"damage":33.0,"enemies":"Lagavulin","floor":11.0,"turns":5.0},{"damage":33,"enemies":"The Guardian","floor":16,"turns":13}],"seed_played":"-8125816536158048709","potions_obtained":[{"floor":1.0,"key":"BlessingOfTheForge"},{"floor":3.0,"key":"DuplicationPotion"},{"floor":11.0,"key":"BlessingOfTheForge"},{"floor":14.0,"key":"Regen Potion"}],"is_trial":false,"path_per_floor":["M","M","M","M","?","R","E","M","T","R","E","$","?","?","R","B"],"character_chosen":"HIEROPHANT","items_purchased":["hierophant:TollTheBells","hierophant:Martyrdom","hierophant:MorningPrayer","Dream Catcher"],"campfire_rested":1,"item_purchase_floors":[12,12,12,12],"current_hp_per_floor":[62,62,57,57,57,57,44,44,44,44,11,11,11,11,33,9,9],"gold":24,"neow_bonus":"ONE_RARE_RELIC","is_daily":false,"chose_seed":false,"campfire_upgraded":2,"win_rate":0.0,"timestamp":1607724445,"path_taken":["M","M","M","M","?","R","E","M","T","R","E","$","?","?","R","BOSS"],"items_purchased_type":["Card","Card","Card","Relic"],"build_version":"2020-11-30","purchased_purges":1,"victory":false,"max_hp_per_floor":[75,75,75,75,75,75,75,75,75,75,75,75,75,75,75,75,75],"relic_stats":{"Dream Catcher":1,"counters":[8,33],"Bag of Preparation":[2],"obtain_stats":[{"Dream Catcher":12,"hierophant:PropheticMaskRelic":0,"Bag of Preparation":11,"TungstenRod":0,"White Beast Statue":9,"Old Coin":7},{"Dream Catcher":7,"hierophant:PropheticMaskRelic":0,"Bag of Preparation":7,"TungstenRod":0,"White Beast Statue":6,"Old Coin":5},{"Dream Catcher":20,"hierophant:PropheticMaskRelic":0,"Bag of Preparation":20,"TungstenRod":0,"White Beast Statue":15,"Old Coin":14}],"TungstenRod":11},"card_choices":[{"not_picked":["hierophant:Dazzle","hierophant:FaithHealing"],"picked":"hierophant:Smite","floor":1.0},{"not_picked":["hierophant:FaithHealing","hierophant:RepressedViolence"],"picked":"hierophant:FieryStrike","floor":2.0},{"not_picked":["hierophant:CursedGold","hierophant:RustyCrate"],"picked":"hierophant:OrnateBuckler","floor":3.0},{"not_picked":["hierophant:SolarFlare","hierophant:MorningPrayer"],"picked":"hierophant:Remorse","floor":4.0},{"not_picked":["hierophant:SecretStash","hierophant:Smite"],"picked":"hierophant:HolyVerse","floor":7.0},{"not_picked":["hierophant:SolarFlare","hierophant:Charity","hierophant:Mercenaries"],"picked":"SKIP","floor":8.0},{"not_picked":["hierophant:ConvertCurrency","hierophant:Sermon"],"picked":"hierophant:ThreeLashes","floor":11.0},{"not_picked":["hierophant:HolyVerse","hierophant:CursedGold"],"picked":"hierophant:MorningPrayer","floor":15.0}],"player_experience":1814121,"relics_obtained":[{"floor":7.0,"key":"Old Coin"},{"floor":9.0,"key":"White Beast Statue"},{"floor":11.0,"key":"Bag of Preparation"}],"event_choices":[{"damage_healed":0.0,"max_hp_gain":0.0,"max_hp_loss":0.0,"gold_gain":0.0,"event_name":"Living Wall","player_choice":"Grow","floor":5.0,"gold_loss":0.0,"damage_taken":0.0,"cards_upgraded":["hierophant:Punish"]},{"damage_healed":0.0,"max_hp_gain":0.0,"max_hp_loss":0.0,"gold_gain":0.0,"event_name":"Shining Light","player_choice":"Ignored","floor":13.0,"gold_loss":0.0,"damage_taken":0.0},{"damage_healed":0.0,"max_hp_gain":0.0,"max_hp_loss":0.0,"gold_gain":0.0,"event_name":"Lab","player_choice":"Got Potions","floor":14.0,"gold_loss":0.0,"damage_taken":0.0}],"is_beta":false,"boss_relics":[],"items_purged_floors":[12],"is_endless":false,"potions_floor_spawned":[1,3,11],"killed_by":"The Guardian","ascension_level":15}}