{"host":"ycxbpx36bkn2bmiz","time":1607675857,"event":{"mods":["Astrologer","Bard","BaseMod","Colored Powertips","Hermit","Minty Spire (QoL Compilation)","Robot Space Explorer","StSLib","The Cursed","The Dragon Tamer","The Servant 0.9.4"],"gold_per_floor":[117,117,136,146,159,159,178,212,212,225,245,272,283,248,248,345,345,361,361,378,293,313,313,330,159,186,186,216,216,226,326,326,423,423,433,433,433,433],"floor_reached":39,"playtime":4960,"items_purged":[],"score":663,"play_id":"6fce90b7-258a-405e-8122-4487e95c7d1e","local_time":"20201211023737","is_ascension_mode":false,"metric_token":723,"campfire_choices":[{"data":"DTMod:DoubleHit","floor":6,"key":"SMITH"},{"data":"DTMod:Training","floor":15,"key":"SMITH"},{"data":"DTMod:Training","floor":23,"key":"SMITH"},{"data":"DTMod:TriAttack","floor":27,"key":"SMITH"},{"data":"DTMod:Observe","floor":29,"key":"SMITH"},{"data":"DTMod:Prediction","floor":32,"key":"SMITH"}],"dtmod_dragon_data":[3,50,1,1,14,11],"circlet_count":0,"master_deck":["DTMod:DoubleHit+1","DTMod:SwitchingTactic","DTMod:CleansingStrike","DTMod:MasterPlan","DTMod:CleansingStrike","DTMod:ShieldDrain","DTMod:RunningTactic","DTMod:BlazingStrike","DTMod:MagiciansMark","DTMod:Training+1","DTMod:BurningEnergy","DTMod:HeatWave","DTMod:Astonish","DTMod:Prediction+1","DTMod:Coolant","DTMod:RepeatStrike","DTMod:TriAttack+1","DTMod:DragonDance","DTMod:Inferno","DTMod:CleansingStrike","DTMod:Training+1","DTMod:Overwhelm","DTMod:Adaptation+1","DTMod:DragonDance","DTMod:QuickFly+1","DTMod:Observe+1","DTMod:Weaken","DTMod:BuildUp+1","DTMod:BizarreTactic+1","DTMod:BlazingStrike","DTMod:ResonanceForm","DTMod:TagTeam+1"],"relics":["DTMod:PactStone","NeowsBlessing","FaceOfCleric","Mummified Hand","Thread and Needle","Shuriken","Pandora\u0027s Box","Incense Burner","Toolbox","Art of War","Potion Belt","TungstenRod","DTMod:DragonFood","Cursed Key"],"acts_visited":["Exordium","TheCity","TheBeyond"],"potions_floor_usage":[4,7,11,12,18,28,28,33,38,38],"damage_taken":[{"damage":0,"enemies":"2 Louse","floor":1,"turns":1},{"damage":0,"enemies":"Cultist","floor":3,"turns":1},{"damage":0,"enemies":"Small Slimes","floor":4,"turns":1},{"damage":0,"enemies":"2 Fungi Beasts","floor":5,"turns":3},{"damage":2,"enemies":"Gremlin Gang","floor":7,"turns":4},{"damage":6,"enemies":"3 Sentries","floor":8,"turns":11},{"damage":0,"enemies":"Large Slime","floor":10,"turns":5},{"damage":0,"enemies":"Exordium Wildlife","floor":11,"turns":4},{"damage":7,"enemies":"Lagavulin","floor":12,"turns":5},{"damage":0,"enemies":"3 Louse","floor":13,"turns":3},{"damage":0,"enemies":"Hexaghost","floor":16,"turns":8},{"damage":0,"enemies":"2 Thieves","floor":18,"turns":3},{"damage":0,"enemies":"Chosen","floor":20,"turns":3},{"damage":0,"enemies":"Centurion and Healer","floor":22,"turns":5},{"damage":0,"enemies":"Snake Plant","floor":24,"turns":3},{"damage":0,"enemies":"Book of Stabbing","floor":28,"turns":2},{"damage":0,"enemies":"Chosen and Byrds","floor":30,"turns":3},{"damage":0,"enemies":"Colosseum Slavers","floor":31,"turns":4},{"damage":0,"enemies":"Colosseum Nobs","floor":31,"turns":3},{"damage":1,"enemies":"Champ","floor":33,"turns":6},{"damage":4,"enemies":"3 Shapes","floor":35,"turns":2},{"damage":60,"enemies":"Time Eater","floor":38,"turns":12}],"seed_played":"-5113677947331944508","potions_obtained":[{"floor":4,"key":"EntropicBrew"},{"floor":7,"key":"DistilledChaos"},{"floor":10,"key":"AttackPotion"},{"floor":12,"key":"DistilledChaos"},{"floor":18,"key":"AttackPotion"},{"floor":24,"key":"Regen Potion"},{"floor":33,"key":"DistilledChaos"},{"floor":35,"key":"CultistPotion"}],"is_trial":false,"path_per_floor":["M","?","M","M","M","R","M","E","T","M","M","E","M","$","R","B",null,"M","$","M","?","M","R","M","$","T","R","E","R","M","?","R","B",null,"M","?","?","B",null],"character_chosen":"THE_DT","items_purchased":["DTMod:Astonish","Toolbox","DTMod:Weaken"],"campfire_rested":0,"item_purchase_floors":[14,25,25],"current_hp_per_floor":[45,45,46,47,48,48,47,42,42,43,44,38,39,39,39,40,55,56,56,57,57,58,58,59,59,59,59,60,60,61,63,63,63,64,61,61,61,2],"gold":433,"neow_bonus":"THREE_ENEMY_KILL","is_daily":false,"chose_seed":false,"campfire_upgraded":6,"win_rate":0.0,"timestamp":1607675857,"path_taken":["M","?","M","M","M","R","M","E","T","M","M","E","M","$","R","BOSS","M","$","M","?","M","R","M","$","T","R","E","R","M","?","R","BOSS","M","?","?","BOSS"],"items_purchased_type":["Card","Relic","Card"],"build_version":"2020-11-30","purchased_purges":0,"victory":true,"max_hp_per_floor":[45,45,46,47,48,48,49,50,50,51,52,53,54,54,54,55,55,56,56,57,57,58,58,59,59,59,59,60,60,61,63,63,64,64,65,65,65,66],"card_choices":[{"not_picked":["DTMod:Weaken","DTMod:Observe"],"picked":"DTMod:CleansingStrike","floor":1},{"not_picked":["DTMod:DarkBreath","DTMod:BreakAttack"],"picked":"DTMod:MasterPlan","floor":3},{"not_picked":["DTMod:Weaken","DTMod:LastStand"],"picked":"DTMod:CleansingStrike","floor":4},{"not_picked":["DTMod:MaximumCharge","DTMod:Hide"],"picked":"DTMod:ShieldDrain","floor":5},{"not_picked":["DTMod:Hide","DTMod:Cover"],"picked":"DTMod:RunningTactic","floor":7},{"not_picked":["DTMod:ShieldDrain","DTMod:FlameSlash"],"picked":"DTMod:BlazingStrike","floor":8},{"not_picked":["DTMod:MasterPlan","DTMod:Cover"],"picked":"DTMod:MagiciansMark","floor":10},{"not_picked":["DTMod:BurningEnergy","DTMod:MaximumCharge"],"picked":"DTMod:Training","floor":11},{"not_picked":["DTMod:Multitask","DTMod:ComboAttack"],"picked":"DTMod:BurningEnergy","floor":12},{"not_picked":["DTMod:BlazingStrike","DTMod:DarkBreath"],"picked":"DTMod:HeatWave","floor":13},{"not_picked":["DTMod:StunTrap","DTMod:ExcessFootwork"],"picked":"DTMod:Prediction","floor":16},{"not_picked":["DTMod:CrossStep","DTMod:CleansingStrike"],"picked":"DTMod:Adaptation+1","floor":18},{"not_picked":["DTMod:CrossStep+1","DTMod:Adaptation"],"picked":"DTMod:DragonDance","floor":20},{"not_picked":["DTMod:Cover","DTMod:Feint"],"picked":"DTMod:QuickFly+1","floor":22},{"not_picked":["DTMod:LowKick+1","DTMod:ComboAttack"],"picked":"DTMod:Observe","floor":24},{"not_picked":["DTMod:Punisher","DTMod:QuickFly"],"picked":"DTMod:BuildUp+1","floor":28},{"not_picked":["DTMod:BurningEnergy+1","DTMod:ComboAttack+1"],"picked":"DTMod:BizarreTactic+1","floor":30},{"not_picked":["DTMod:WarmUp","DTMod:MagiciansMark"],"picked":"DTMod:BlazingStrike","floor":31},{"not_picked":["DTMod:Prediction","DTMod:HeadStart"],"picked":"DTMod:ResonanceForm","floor":33},{"not_picked":["DTMod:PurifyingFlame+1","DTMod:CleansingStrike"],"picked":"DTMod:TagTeam+1","floor":35}],"player_experience":255446,"relics_obtained":[{"floor":8,"key":"Mummified Hand"},{"floor":9,"key":"Thread and Needle"},{"floor":12,"key":"Shuriken"},{"floor":26,"key":"Art of War"},{"floor":28,"key":"Potion Belt"},{"floor":31,"key":"TungstenRod"},{"floor":31,"key":"DTMod:DragonFood"}],"event_choices":[{"damage_healed":0,"gold_gain":0,"player_choice":"Trade","damage_taken":0,"relics_obtained":["FaceOfCleric"],"max_hp_gain":0,"max_hp_loss":0,"event_name":"FaceTrader","floor":2,"gold_loss":0},{"damage_healed":0,"gold_gain":0,"player_choice":"Obtained Relic","damage_taken":0,"relics_obtained":["Incense Burner"],"max_hp_gain":0,"max_hp_loss":0,"event_name":"Addict","floor":21,"gold_loss":85},{"damage_healed":0,"gold_gain":0,"player_choice":"Fight","damage_taken":0,"max_hp_gain":0,"max_hp_loss":0,"event_name":"Colosseum","floor":31,"gold_loss":0},{"damage_healed":0,"gold_gain":0,"player_choice":"Fought Nobs","damage_taken":0,"max_hp_gain":0,"max_hp_loss":0,"event_name":"Colosseum","floor":31,"gold_loss":0},{"damage_healed":0,"gold_gain":0,"player_choice":"Ignored","damage_taken":0,"max_hp_gain":0,"max_hp_loss":0,"event_name":"Tomb of Lord Red Mask","floor":36,"gold_loss":0},{"damage_healed":0,"gold_gain":0,"player_choice":"Took Portal","damage_taken":0,"max_hp_gain":0,"max_hp_loss":0,"event_name":"SecretPortal","floor":37,"gold_loss":0}],"is_beta":false,"boss_relics":[{"not_picked":["Empty Cage","Runic Dome"],"picked":"Pandora\u0027s Box"},{"not_picked":["Fusion Hammer","Sozu"],"picked":"Cursed Key"}],"items_purged_floors":[],"is_endless":false,"potions_floor_spawned":[4,7,10,12,18,24,31,33,35],"ascension_level":0}}