{"host":"7pe9xwx78c6nlay8","time":1607681366,"event":{"mods":["BaseMod","Minty Spire (QoL Compilation)"],"gold_per_floor":[20,20,20,32,52,87,162,192,216,242,260,29,39,71,71,175,175,189,207,207,217,217,217,217],"floor_reached":23,"playtime":1238,"items_purged":["Defend_P"],"score":352,"play_id":"05306f08-100d-42a9-b58d-9c4ed7f84929","local_time":"20201211180926","is_ascension_mode":true,"campfire_choices":[{"floor":15.0,"key":"REST"}],"circlet_count":0,"master_deck":["Strike_P","Strike_P","Defend_P","Defend_P","Eruption+1","Vigilance","PathToVictory","JustLucky+1","CutThroughFate","Wallop+1","ThirdEye+1","JustLucky","Wireheading","DeusExMachina","LessonLearned","Evaluate+1","EmptyFist+1","Nirvana"],"relics":["PureWater","Pen Nib","Bag of Preparation","Art of War","Girya","Toy Ornithopter","Nunchaku","Philosopher\u0027s Stone"],"acts_visited":["Exordium","TheCity"],"potions_floor_usage":[19,21],"damage_taken":[{"damage":0.0,"enemies":"Small Slimes","floor":1.0,"turns":2.0},{"damage":2.0,"enemies":"Jaw Worm","floor":4.0,"turns":3.0},{"damage":0.0,"enemies":"Cultist","floor":5.0,"turns":2.0},{"damage":32.0,"enemies":"3 Sentries","floor":6.0,"turns":8.0},{"damage":0.0,"enemies":"Gremlin Nob","floor":8.0,"turns":2.0},{"damage":7.0,"enemies":"Lagavulin","floor":10.0,"turns":5.0},{"damage":1.0,"enemies":"Looter","floor":11.0,"turns":4.0},{"damage":0.0,"enemies":"Exordium Wildlife","floor":13.0,"turns":2.0},{"damage":0.0,"enemies":"Gremlin Nob","floor":14.0,"turns":3.0},{"damage":15.0,"enemies":"The Guardian","floor":16.0,"turns":9.0},{"damage":13,"enemies":"Shell Parasite","floor":18,"turns":6},{"damage":41,"enemies":"Spheric Guardian","floor":19,"turns":7},{"damage":0,"enemies":"Cultist and Chosen","floor":21,"turns":5},{"damage":27,"enemies":"Gremlin Leader","floor":23,"turns":6}],"seed_played":"-7236508791093925979","potions_obtained":[{"floor":4.0,"key":"Weak Potion"},{"floor":6.0,"key":"AttackPotion"},{"floor":10.0,"key":"Ancient Potion"},{"floor":16.0,"key":"SkillPotion"},{"floor":21,"key":"FearPotion"}],"is_trial":false,"path_per_floor":["M","?","?","M","M","E","?","E","T","E","M","$","M","E","R","B",null,"M","M","?","M","?","E"],"character_chosen":"WATCHER","items_purchased":["Toy Ornithopter"],"campfire_rested":1,"item_purchase_floors":[12],"current_hp_per_floor":[65,65,70,68,68,36,25,25,25,18,17,17,17,17,40,25,64,51,15,15,20,20,0,0],"gold":217,"neow_bonus":"REMOVE_TWO","is_daily":false,"chose_seed":false,"campfire_upgraded":0,"win_rate":0.0,"timestamp":1607681366,"path_taken":["M","?","?","M","M","E","?","E","T","E","M","$","?","E","R","BOSS","M","M","?","?","?","E"],"items_purchased_type":["Relic"],"build_version":"2020-11-30","purchased_purges":1,"victory":false,"max_hp_per_floor":[72,72,77,77,77,77,77,77,77,77,77,77,77,77,77,77,77,77,77,77,77,77,77,77],"card_choices":[{"not_picked":["Protect","Prostrate"],"picked":"PathToVictory","floor":1.0},{"not_picked":["Protect","BowlingBash"],"picked":"JustLucky","floor":4.0},{"not_picked":["SashWhip","Evaluate"],"picked":"CutThroughFate","floor":5.0},{"not_picked":["BowlingBash","EmptyBody"],"picked":"Wallop","floor":6.0},{"not_picked":["Protect","Swivel"],"picked":"ThirdEye","floor":8.0},{"not_picked":["MentalFortress","Wireheading"],"picked":"JustLucky","floor":10.0},{"not_picked":["FlurryOfBlows","WreathOfFlame"],"picked":"Wireheading","floor":11.0},{"not_picked":["Crescendo","FlurryOfBlows"],"picked":"DeusExMachina","floor":13.0},{"not_picked":["MentalFortress","BowlingBash","Vengeance"],"picked":"SKIP","floor":14.0},{"not_picked":["Wish","Blasphemy"],"picked":"LessonLearned","floor":16.0},{"not_picked":["ForeignInfluence","EmptyFist+1"],"picked":"Evaluate+1","floor":18},{"not_picked":["Consecrate+1","FollowUp"],"picked":"EmptyFist+1","floor":19},{"not_picked":["EmptyFist","FlyingSleeves+1"],"picked":"Nirvana","floor":21}],"player_experience":1485190,"relics_obtained":[{"floor":6.0,"key":"Pen Nib"},{"floor":8.0,"key":"Bag of Preparation"},{"floor":9.0,"key":"Art of War"},{"floor":10.0,"key":"Girya"},{"floor":14.0,"key":"Nunchaku"}],"event_choices":[{"damage_healed":0.0,"max_hp_gain":0.0,"max_hp_loss":0.0,"gold_gain":0.0,"event_name":"Living Wall","player_choice":"Grow","floor":2.0,"gold_loss":0.0,"damage_taken":0.0,"cards_upgraded":["Eruption"]},{"damage_healed":0.0,"max_hp_gain":5.0,"max_hp_loss":0.0,"gold_gain":0.0,"event_name":"Big Fish","player_choice":"Donut","floor":3.0,"gold_loss":0.0,"damage_taken":0.0},{"damage_healed":0.0,"max_hp_gain":0.0,"max_hp_loss":0.0,"gold_gain":75.0,"event_name":"World of Goop","player_choice":"Gather Gold","floor":7.0,"gold_loss":0.0,"damage_taken":11.0},{"cards_removed":["Strike_P"],"damage_healed":0,"gold_gain":0,"player_choice":"Purged","damage_taken":0,"max_hp_gain":0,"max_hp_loss":0,"event_name":"Purifier","floor":20,"gold_loss":0},{"damage_healed":0,"gold_gain":0,"player_choice":"Ignored","damage_taken":0,"max_hp_gain":0,"max_hp_loss":0,"event_name":"Ghosts","floor":22,"gold_loss":0}],"is_beta":false,"boss_relics":[{"not_picked":["Velvet Choker","Cursed Key"],"picked":"Philosopher\u0027s Stone"}],"items_purged_floors":[12],"is_endless":false,"potions_floor_spawned":[4,6,10,16,21],"killed_by":"Gremlin Leader","ascension_level":6}}