{"host":"7pe9xwx78c6nlay8","time":1607698875,"event":{"mods":["BaseMod","Minty Spire (QoL Compilation)"],"gold_per_floor":[115,115,115,390,405,440,440,467,545,561,576,587,225,238,238,335,335,346,357,357,357,376,376,376],"floor_reached":23,"playtime":697,"items_purged":["Regret"],"score":342,"play_id":"14981395-64e3-42c3-a347-0b03cceee2c1","local_time":"20201211230115","is_ascension_mode":true,"campfire_choices":[{"data":"Eruption","floor":7.0,"key":"SMITH"},{"data":"Vigilance","floor":15.0,"key":"SMITH"}],"circlet_count":0,"master_deck":["Strike_P+1","Strike_P","Strike_P+1","Strike_P","Defend_P","Defend_P","Defend_P","Defend_P","Eruption+1","Vigilance+1","FlurryOfBlows","BattleHymn","FollowUp","Wallop","CutThroughFate","ReachHeaven","MasterReality","CurseOfTheBell","FollowUp","ThirdEye"],"relics":["PureWater","NeowsBlessing","Bag of Marbles","Calipers","Question Card","Juzu Bracelet","Anchor","Calling Bell","Smiling Mask","White Beast Statue","Gambling Chip"],"acts_visited":["Exordium","TheCity"],"potions_floor_usage":[22,22,23],"damage_taken":[{"damage":0.0,"enemies":"2 Louse","floor":1.0,"turns":1.0},{"damage":0.0,"enemies":"Small Slimes","floor":5.0,"turns":1.0},{"damage":0.0,"enemies":"3 Sentries","floor":6.0,"turns":1.0},{"damage":0.0,"enemies":"Gremlin Nob","floor":8.0,"turns":2.0},{"damage":3.0,"enemies":"Cultist","floor":10.0,"turns":3.0},{"damage":0.0,"enemies":"Blue Slaver","floor":11.0,"turns":3.0},{"damage":1.0,"enemies":"Looter","floor":12.0,"turns":2.0},{"damage":0.0,"enemies":"Large Slime","floor":14.0,"turns":3.0},{"damage":4.0,"enemies":"Hexaghost","floor":16.0,"turns":7.0},{"damage":6.0,"enemies":"Shell Parasite","floor":18.0,"turns":5.0},{"damage":6.0,"enemies":"Spheric Guardian","floor":19.0,"turns":3.0},{"damage":3,"enemies":"3 Cultists","floor":22,"turns":3},{"damage":66,"enemies":"Slavers","floor":23,"turns":4}],"seed_played":"2050959062332549442","potions_obtained":[{"floor":5.0,"key":"GamblersBrew"},{"floor":6.0,"key":"EssenceOfSteel"},{"floor":8.0,"key":"AttackPotion"},{"floor":11.0,"key":"Energy Potion"},{"floor":18.0,"key":"PowerPotion"},{"floor":19.0,"key":"SteroidPotion"},{"floor":22,"key":"DuplicationPotion"}],"is_trial":false,"path_per_floor":["M","?","?","?","M","E","R","E","T","M","M","M","$","M","R","B",null,"M","M","?","?","M","E"],"character_chosen":"WATCHER","items_purchased":["Juzu Bracelet","Anchor"],"campfire_rested":0,"item_purchase_floors":[13,13],"current_hp_per_floor":[65,51,56,56,56,56,56,56,56,53,53,52,52,52,52,48,70,64,58,58,58,55,0,0],"gold":376,"neow_bonus":"THREE_ENEMY_KILL","is_daily":false,"chose_seed":false,"campfire_upgraded":2,"win_rate":0.0,"timestamp":1607698875,"path_taken":["M","?","?","?","?","E","R","E","T","M","M","M","$","M","R","BOSS","M","M","?","?","M","E"],"items_purchased_type":["Relic","Relic"],"build_version":"2020-11-30","purchased_purges":1,"victory":false,"max_hp_per_floor":[72,72,77,77,77,77,77,77,77,77,77,77,77,77,77,77,77,77,77,77,77,77,77,77],"card_choices":[{"not_picked":["Crescendo","SashWhip"],"picked":"FlurryOfBlows","floor":1.0},{"not_picked":["Crescendo","Meditate","Protect"],"picked":"SKIP","floor":5.0},{"not_picked":["InnerPeace","Fasting2"],"picked":"BattleHymn","floor":6.0},{"not_picked":["CrushJoints","TalkToTheHand"],"picked":"FollowUp","floor":8.0},{"not_picked":["BowlingBash","FlyingSleeves","Protect"],"picked":"Wallop","floor":10.0},{"not_picked":["Meditate","BowlingBash","Prostrate"],"picked":"CutThroughFate","floor":11.0},{"not_picked":["Omniscience","EmptyFist","CrushJoints","EmptyBody"],"picked":"SKIP","floor":12.0},{"not_picked":["Wallop","Crescendo","Halt"],"picked":"ReachHeaven","floor":14.0},{"not_picked":["Omniscience","Devotion","Establishment"],"picked":"MasterReality","floor":16.0},{"not_picked":["EmptyFist","ClearTheMind","SashWhip+1"],"picked":"FollowUp","floor":18.0},{"not_picked":["PathToVictory+1","Prostrate","Collect","Halt"],"picked":"SKIP","floor":19.0},{"not_picked":["PathToVictory+1","JustLucky","Prostrate"],"picked":"ThirdEye","floor":22}],"player_experience":1497913,"relics_obtained":[{"floor":6.0,"key":"Bag of Marbles"},{"floor":8.0,"key":"Calipers"},{"floor":9.0,"key":"Question Card"},{"floor":17.0,"key":"Smiling Mask"},{"floor":17.0,"key":"White Beast Statue"},{"floor":17.0,"key":"Gambling Chip"}],"event_choices":[{"damage_healed":0.0,"max_hp_gain":0.0,"max_hp_loss":0.0,"gold_gain":0.0,"event_name":"Shining Light","player_choice":"Entered Light","floor":2.0,"gold_loss":0.0,"damage_taken":14.0,"cards_upgraded":["Strike_P","Strike_P"]},{"damage_healed":0.0,"max_hp_gain":5.0,"max_hp_loss":0.0,"gold_gain":0.0,"event_name":"Big Fish","player_choice":"Donut","floor":3.0,"gold_loss":0.0,"damage_taken":0.0},{"damage_healed":0.0,"max_hp_gain":0.0,"max_hp_loss":0.0,"gold_gain":275.0,"event_name":"Golden Shrine","player_choice":"Desecrate","floor":4.0,"gold_loss":0.0,"damage_taken":0.0,"cards_obtained":["Regret"]},{"damage_healed":0.0,"max_hp_gain":0.0,"max_hp_loss":0.0,"gold_gain":0.0,"event_name":"Vampires","player_choice":"Ignored","floor":20.0,"gold_loss":0.0,"damage_taken":0.0},{"damage_healed":0.0,"max_hp_gain":0.0,"max_hp_loss":0.0,"gold_gain":0.0,"event_name":"Ghosts","player_choice":"Ignored","floor":21.0,"gold_loss":0.0,"damage_taken":0.0}],"is_beta":false,"boss_relics":[{"not_picked":["Astrolabe","Fusion Hammer"],"picked":"Calling Bell"}],"items_purged_floors":[13],"is_endless":false,"potions_floor_spawned":[5,6,8,11,18,19,22],"killed_by":"Slavers","ascension_level":7}}