{"host":"1bqbj1s4pyvm9utn","time":1607650678,"event":{"mods":["AchievementEnabler","Aspiration","Bard","BaseMod","Beaked The Cultist","Better Altar","Better Match","Better Note","Better Sensory Stone","Better Skull","Better Third Choice","BetterRewards","CCEM","Clawfect","Colored Map","Conspire","Downfall","GifTheSpireLib","Halation","Hermit","Highlight Path","Hubris","Humility","Infinite Spire","Jedi Mod","Jorbs\u0027s Wanderer Trilogy","Mad Scientist","Marisa????????","Mimic Mod","Minty Spire (QoL Compilation)","Permanent Neow","Replay The Spire","Shade Mod","Shop Mod","Spicy Shops","StSLib","Stuff the Spire","The Bug Knight","The Construct","The Cursed","The Disciple","The Gatherer","The Hierophant","The Jungle","The Mystic","The Necromancer","The Runesmith","The Servant 0.9.4","The Spell Scribe","The Witch","Unceasing Turn Reminder","everything is the same but u backflip on backflip","slay the spire mod where everything is the same but ironclad has a cowboy hat","vexMod"],"gold_per_floor":[117,117,117,42,58,58,58],"floor_reached":6,"playtime":471,"items_purged":[],"score":36,"play_id":"acaa2dee-115a-4af1-ae69-57c7f3451c55","local_time":"20201210173758","is_ascension_mode":true,"campfire_choices":[],"circlet_count":0,"master_deck":["Strike_G","Strike_G","Strike_G","Strike_G","Defend_G","Defend_G","Defend_G","Defend_G","Defend_G","Survivor","Neutralize","ReplayTheSpireMod:Scrap Shanks","Toxin Wave+1","jedi:collectorvenom"],"relics":["Ring of the Snake","aspiration:Nostalgia","stsjorbsmod:GrimoireRelic","halation:EternalFortune","halation:BottledHappiness"],"acts_visited":["Exordium"],"potions_floor_usage":[6],"damage_taken":[{"damage":4,"enemies":"Cultist","floor":1,"turns":4},{"damage":0,"enemies":"Small Slimes","floor":5,"turns":2},{"damage":97,"enemies":"Gremlin Nob","floor":6,"turns":5}],"seed_played":"4917224503330527231","potions_obtained":[{"floor":1,"key":"Weak Potion"}],"is_trial":false,"path_per_floor":["M","?","?","$","M","E"],"character_chosen":"THE_SILENT","items_purchased":["halation:BottledHappiness"],"campfire_rested":0,"item_purchase_floors":[4],"current_hp_per_floor":[66,69,69,69,69,0,0],"gold":58,"neow_bonus":"NOSTALGIA","is_daily":false,"chose_seed":false,"campfire_upgraded":0,"win_rate":0.0,"timestamp":1607650678,"path_taken":["M","?","?","$","M","E"],"items_purchased_type":["Relic"],"build_version":"2020-11-30","purchased_purges":0,"victory":false,"max_hp_per_floor":[70,73,73,73,73,73,73],"card_choices":[{"not_picked":["ReplayTheSpireMod:Shiv Toss","Skewer"],"picked":"ReplayTheSpireMod:Scrap Shanks","floor":1},{"not_picked":["Outmaneuver","jedi:pocketpoison"],"picked":"jedi:collectorvenom","floor":5}],"player_experience":765512,"relics_obtained":[],"event_choices":[],"is_beta":false,"boss_relics":[],"items_purged_floors":[],"is_endless":false,"potions_floor_spawned":[1],"killed_by":"Gremlin Nob","ascension_level":1}}