{"host":"hn9kwncajibu2nw8","time":1607672641,"event":{"mods":["AchievementEnabler","BaseMod","Block Reminder","Colored Powertips","DeckTracker","Highlight Path","KOR Keyword Fix","Minty Spire (QoL Compilation)","Quick Restart","Rare Cards Sparkle"],"gold_per_floor":[118,130,130,130,146,146,160,160,183,11,11,35,63,63,63,63,63],"floor_reached":16,"playtime":444,"items_purged":[],"score":124,"play_id":"73f71951-5536-48ab-b62f-a52e24f26d20","local_time":"20201211164401","is_ascension_mode":true,"campfire_choices":[{"data":"Infernal Blade","floor":6,"key":"SMITH"},{"data":"Perfected Strike","floor":8,"key":"SMITH"},{"data":"Perfected Strike","floor":15,"key":"SMITH"}],"circlet_count":0,"master_deck":["Strike_R","Strike_R","Defend_R+1","Defend_R","Defend_R","Defend_R","Bash","Spot Weakness+1","Power Through","Infernal Blade+1","Perfected Strike+1","Rupture","Perfected Strike+1","Shrug It Off","Flex"],"relics":["Burning Blood","CeramicFish","Strange Spoon"],"acts_visited":["Exordium"],"potions_floor_usage":[16],"damage_taken":[{"damage":3,"enemies":"2 Louse","floor":1,"turns":4},{"damage":4,"enemies":"Small Slimes","floor":2,"turns":4},{"damage":1,"enemies":"Cultist","floor":5,"turns":3},{"damage":0,"enemies":"Blue Slaver","floor":7,"turns":3},{"damage":25,"enemies":"Large Slime","floor":12,"turns":8},{"damage":1,"enemies":"Red Slaver","floor":13,"turns":4},{"damage":27,"enemies":"Slime Boss","floor":16,"turns":8}],"seed_played":"7759305051929425179","potions_obtained":[{"floor":2,"key":"PowerPotion"},{"floor":5,"key":"SteroidPotion"},{"floor":13,"key":"SpeedPotion"}],"is_trial":false,"path_per_floor":["M","M","?","?","M","R","M","R","T","$","?","M","M","?","R","B"],"character_chosen":"IRONCLAD","items_purchased":["Perfected Strike","Strange Spoon"],"campfire_rested":0,"item_purchase_floors":[10,10],"current_hp_per_floor":[83,85,85,78,83,83,88,88,88,88,88,69,74,56,56,29,29],"gold":63,"neow_bonus":"TEN_PERCENT_HP_BONUS","is_daily":false,"chose_seed":false,"campfire_upgraded":3,"win_rate":0.0,"timestamp":1607672641,"path_taken":["M","M","?","?","M","R","M","R","T","$","?","M","?","?","R","BOSS"],"items_purchased_type":["Card","Relic"],"build_version":"2020-11-30","purchased_purges":0,"victory":false,"max_hp_per_floor":[88,88,88,88,88,88,88,88,88,88,88,88,88,88,88,88,88],"card_choices":[{"not_picked":["Anger","Burning Pact"],"picked":"Spot Weakness","floor":1},{"not_picked":["Bloodletting","Uppercut"],"picked":"Power Through","floor":2},{"not_picked":["Rampage","Twin Strike"],"picked":"Perfected Strike","floor":5},{"not_picked":["Armaments","Warcry"],"picked":"Rupture","floor":7},{"not_picked":["Flex","Thunderclap"],"picked":"Shrug It Off","floor":12},{"not_picked":["Twin Strike","Heavy Blade"],"picked":"Flex","floor":13}],"player_experience":454148,"relics_obtained":[{"floor":9,"key":"CeramicFish"}],"event_choices":[{"damage_healed":0,"gold_gain":0,"cards_transformed":["Strike_R"],"player_choice":"Change","damage_taken":0,"max_hp_gain":0,"max_hp_loss":0,"event_name":"Living Wall","floor":3,"gold_loss":0,"cards_obtained":["Infernal Blade"]},{"cards_removed":["Strike_R"],"damage_healed":0,"gold_gain":0,"player_choice":"Card Removal","damage_taken":7,"max_hp_gain":0,"max_hp_loss":0,"event_name":"Golden Wing","floor":4,"gold_loss":0},{"cards_removed":["Strike_R"],"damage_healed":0,"gold_gain":0,"player_choice":"Purged","damage_taken":0,"max_hp_gain":0,"max_hp_loss":0,"event_name":"Purifier","floor":11,"gold_loss":0},{"damage_healed":0,"gold_gain":0,"player_choice":"Entered Light","damage_taken":18,"max_hp_gain":0,"max_hp_loss":0,"event_name":"Shining Light","floor":14,"gold_loss":0,"cards_upgraded":["Spot Weakness","Defend_R"]}],"is_beta":false,"boss_relics":[],"items_purged_floors":[],"is_endless":false,"potions_floor_spawned":[2,5,13],"killed_by":"Slime Boss","ascension_level":7}}