{"host":"naykp6d9ulahlwib","time":1607719019,"event":{"mods":["BaseMod","Highlight Path","Minty Spire (QoL Compilation)","StSLib"],"gold_per_floor":[113,73,84,99,62,62,62,90,114,289,308,383,383,399,399,502,502,516,363,323,334,348,404,404,404,450,450,450,497,426,445,445,543,543,590,590,600,271,285,285,88,113,113,163,163,163,183,0,0,0],"floor_reached":51,"playtime":9355,"items_purged":["Doubt","Parasite"],"score":1041,"play_id":"9a3ee896-dadc-4372-9f29-5f3609df86ee","local_time":"20201211143659","daily_mods":["SealedDeck","Heirloom"],"is_ascension_mode":true,"campfire_choices":[{"data":"Wish","floor":6.0,"key":"SMITH"},{"floor":13.0,"key":"REST"},{"data":"WaveOfTheHand","floor":15.0,"key":"SMITH"},{"floor":24.0,"key":"REST"},{"data":"TalkToTheHand","floor":28.0,"key":"SMITH"},{"data":"Fasting2","floor":32.0,"key":"SMITH"},{"data":"TalkToTheHand","floor":40,"key":"SMITH"},{"data":"ConjureBlade","floor":45,"key":"SMITH"},{"floor":49,"key":"REST"}],"circlet_count":0,"master_deck":["ThirdEye","CutThroughFate+1","DeceiveReality+1","TalkToTheHand+1","Weave+1","Weave+1","Prostrate+1","Prostrate","DeceiveReality+1","Pray+1","Wish+1","Wireheading+1","Pray","WaveOfTheHand+1","CutThroughFate+1","DevaForm+1","JustLucky","LessonLearned+1","BattleHymn+1","Wallop+1","Sanctity+1","Fasting2+1","TalkToTheHand+1","ConjureBlade+1","TalkToTheHand+1","Fasting2+1"],"relics":["PureWater","Prayer Wheel","Juzu Bracelet","MealTicket","SlaversCollar","Oddly Smooth Stone","Boot","Black Star","Membership Card","Whetstone","PreservedInsect","Chemical X","Pocketwatch","TungstenRod","Mummified Hand","CloakClasp","Red Mask"],"acts_visited":["Exordium","TheCity","TheBeyond"],"potions_floor_usage":[50],"damage_taken":[{"damage":0.0,"enemies":"Small Slimes","floor":1.0,"turns":3.0},{"damage":0.0,"enemies":"Cultist","floor":3.0,"turns":3.0},{"damage":0.0,"enemies":"2 Louse","floor":4.0,"turns":3.0},{"damage":0.0,"enemies":"Lagavulin","floor":8.0,"turns":6.0},{"damage":0.0,"enemies":"Exordium Wildlife","floor":11.0,"turns":4.0},{"damage":0.0,"enemies":"Blue Slaver","floor":14.0,"turns":4.0},{"damage":2.0,"enemies":"Slime Boss","floor":16.0,"turns":12.0},{"damage":7.0,"enemies":"Spheric Guardian","floor":18.0,"turns":4.0},{"damage":0.0,"enemies":"Chosen","floor":21.0,"turns":5.0},{"damage":13.0,"enemies":"Snake Plant","floor":22.0,"turns":10.0},{"damage":24.0,"enemies":"Slavers","floor":23.0,"turns":6.0},{"damage":0.0,"enemies":"Centurion and Healer","floor":29.0,"turns":5.0},{"damage":8.0,"enemies":"Cultist and Chosen","floor":31.0,"turns":8.0},{"damage":1.0,"enemies":"Automaton","floor":33.0,"turns":9.0},{"damage":9.0,"enemies":"3 Shapes","floor":35.0,"turns":10.0},{"damage":3.0,"enemies":"Orb Walker","floor":37.0,"turns":6.0},{"damage":16,"enemies":"Writhing Mass","floor":39,"turns":9},{"damage":23,"enemies":"Reptomancer","floor":42,"turns":7},{"damage":0,"enemies":"Mind Bloom Boss Battle","floor":44,"turns":5},{"damage":2,"enemies":"Maw","floor":47,"turns":6},{"damage":0,"enemies":"Time Eater","floor":50,"turns":9}],"seed_played":"-2026114514772392698","potions_obtained":[{"floor":1.0,"key":"Energy Potion"},{"floor":2.0,"key":"Block Potion"},{"floor":2.0,"key":"BottledMiracle"},{"floor":11.0,"key":"Strength Potion"},{"floor":18.0,"key":"Ancient Potion"},{"floor":31.0,"key":"PowerPotion"},{"floor":37.0,"key":"BlessingOfTheForge"},{"floor":39,"key":"Energy Potion"}],"is_trial":true,"path_per_floor":["M","?","M","M","$","R","$","E","T","?","M","?","R","M","R","B",null,"M","$","?","M","M","E","R","?","T","?","R","M","$","M","R","B",null,"M","$","M","$","M","R","$","E","T","?","R","?","M","?","R","B",null],"character_chosen":"WATCHER","items_purchased":["Wireheading","LessonLearned","TalkToTheHand","Membership Card","Whetstone","Fruit Juice","Fruit Juice","PreservedInsect","Chemical X"],"campfire_rested":3,"item_purchase_floors":[5,19,30,38,38,38,38,41,41],"current_hp_per_floor":[65,65,65,65,65,65,65,65,65,65,65,54,72,72,72,70,72,65,72,72,72,59,35,56,56,56,56,56,56,71,63,63,62,70,61,72,69,82,66,66,79,56,56,56,56,56,54,54,77,77],"gold":0,"neow_bonus":"","is_daily":false,"chose_seed":false,"campfire_upgraded":6,"win_rate":0.0,"timestamp":1607719019,"path_taken":["M","?","M","M","?","R","$","E","T","?","M","?","R","M","R","BOSS","M","$","?","M","M","E","R","?","T","?","R","M","$","M","R","BOSS","M","$","M","$","M","R","$","E","T","?","R","?","M","?","R","BOSS"],"items_purchased_type":["Card","Card","Card","Relic","Relic","Potion","Potion","Relic","Relic"],"build_version":"2020-11-30","purchased_purges":2,"victory":true,"max_hp_per_floor":[72,72,72,72,72,72,72,72,72,72,72,72,72,72,72,72,72,72,72,72,72,72,72,72,72,72,72,72,72,72,72,72,72,72,72,72,72,82,82,82,79,79,79,79,79,79,79,79,79,79],"card_choices":[{"not_picked":["FollowUp","JustLucky"],"picked":"Pray","floor":1.0},{"not_picked":["SignatureMove","MentalFortress","InnerPeace"],"picked":"SKIP","floor":1.0},{"not_picked":["Swivel","FollowUp","Adaptation"],"picked":"SKIP","floor":3.0},{"not_picked":["EmptyBody","LikeWater","PathToVictory"],"picked":"SKIP","floor":3.0},{"not_picked":["Evaluate","Adaptation"],"picked":"Wish","floor":4.0},{"not_picked":["Evaluate","Protect","CarveReality"],"picked":"SKIP","floor":4.0},{"not_picked":["CarveReality","Protect"],"picked":"Pray","floor":8.0},{"not_picked":["Evaluate","Prostrate"],"picked":"WaveOfTheHand","floor":11.0},{"not_picked":["LikeWater","FearNoEvil"],"picked":"CutThroughFate","floor":11.0},{"not_picked":["SignatureMove","Perseverance","EmptyBody"],"picked":"SKIP","floor":14.0},{"not_picked":["EmptyBody","Tantrum","Halt"],"picked":"SKIP","floor":14.0},{"not_picked":["SpiritShield","Wish"],"picked":"DevaForm","floor":16.0},{"not_picked":["PathToVictory","BowlingBash"],"picked":"JustLucky","floor":18.0},{"not_picked":["CutThroughFate+1","FlyingSleeves+1","ThirdEye"],"picked":"SKIP","floor":18.0},{"not_picked":["FlyingSleeves+1","Protect","CutThroughFate"],"picked":"SKIP","floor":21.0},{"not_picked":["EmptyMind","CrushJoints","Collect"],"picked":"SKIP","floor":21.0},{"not_picked":["SignatureMove+1","CutThroughFate+1"],"picked":"BattleHymn","floor":22.0},{"not_picked":["CarveReality","Consecrate+1"],"picked":"Wallop","floor":22.0},{"not_picked":["PathToVictory","EmptyBody"],"picked":"Sanctity+1","floor":23.0},{"not_picked":["JustLucky","EmptyFist+1"],"picked":"Fasting2","floor":29.0},{"not_picked":["EmptyBody","Tantrum","DevaForm"],"picked":"SKIP","floor":29.0},{"not_picked":["BowlingBash","FollowUp","Halt"],"picked":"SKIP","floor":31.0},{"not_picked":["Crescendo","SignatureMove","EmptyMind"],"picked":"SKIP","floor":31.0},{"not_picked":["DeusExMachina","SpiritShield"],"picked":"ConjureBlade","floor":33.0},{"not_picked":["Evaluate+1","CrushJoints+1","JustLucky+1"],"picked":"SKIP","floor":35.0},{"not_picked":["ClearTheMind+1","FearNoEvil+1","CrushJoints"],"picked":"SKIP","floor":35.0},{"not_picked":["CrushJoints","SashWhip+1","EmptyFist"],"picked":"SKIP","floor":37.0},{"not_picked":["WheelKick+1","EmptyBody+1","EmptyFist+1"],"picked":"SKIP","floor":37.0},{"not_picked":["EmptyBody","Establishment","ClearTheMind+1"],"picked":"SKIP","floor":39},{"not_picked":["Collect+1","Prostrate","BowlingBash+1"],"picked":"SKIP","floor":39},{"not_picked":["EmptyBody","Establishment","ClearTheMind+1"],"picked":"SKIP","floor":39},{"not_picked":["Collect+1","Prostrate","BowlingBash+1"],"picked":"SKIP","floor":39},{"not_picked":["ClearTheMind","Vault","PathToVictory+1"],"picked":"SKIP","floor":42},{"not_picked":["Evaluate+1","Adaptation+1"],"picked":"TalkToTheHand+1","floor":44},{"not_picked":["MentalFortress+1","Adaptation","FollowUp"],"picked":"SKIP","floor":47},{"not_picked":["FlurryOfBlows","SashWhip+1","ForeignInfluence"],"picked":"SKIP","floor":47},{"not_picked":["MentalFortress+1","Adaptation","FollowUp"],"picked":"SKIP","floor":47},{"not_picked":["FlurryOfBlows","SashWhip+1","ForeignInfluence"],"picked":"SKIP","floor":47}],"player_experience":679998,"relics_obtained":[{"floor":8.0,"key":"Juzu Bracelet"},{"floor":9.0,"key":"MealTicket"},{"floor":23.0,"key":"Oddly Smooth Stone"},{"floor":26.0,"key":"Boot"},{"floor":42,"key":"Pocketwatch"},{"floor":42,"key":"TungstenRod"},{"floor":43,"key":"Mummified Hand"},{"floor":44,"key":"CloakClasp"}],"event_choices":[{"damage_healed":0.0,"max_hp_gain":0.0,"max_hp_loss":0.0,"gold_gain":0.0,"event_name":"The Woman in Blue","player_choice":"Bought 3 Potions","floor":2.0,"gold_loss":0.0,"damage_taken":0.0},{"damage_healed":0.0,"max_hp_gain":0.0,"max_hp_loss":0.0,"gold_gain":175.0,"event_name":"Liars Game","player_choice":"AGREE","floor":10.0,"gold_loss":0.0,"damage_taken":0.0,"cards_obtained":["Doubt"]},{"damage_healed":0.0,"max_hp_gain":0.0,"max_hp_loss":0.0,"gold_gain":75.0,"event_name":"World of Goop","player_choice":"Gather Gold","floor":12.0,"gold_loss":0.0,"damage_taken":11.0},{"damage_healed":0.0,"max_hp_gain":0.0,"max_hp_loss":0.0,"gold_gain":0.0,"event_name":"Designer","player_choice":"Upgrade","floor":20.0,"gold_loss":40.0,"damage_taken":0.0,"cards_upgraded":["DevaForm"]},{"cards_removed":["InnerPeace"],"damage_healed":0.0,"max_hp_gain":0.0,"max_hp_loss":0.0,"gold_gain":0.0,"event_name":"Back to Basics","player_choice":"Elegance","floor":25.0,"gold_loss":0.0,"damage_taken":0.0},{"damage_healed":0.0,"max_hp_gain":0.0,"max_hp_loss":0.0,"gold_gain":0.0,"event_name":"Vampires","player_choice":"Ignored","floor":27.0,"gold_loss":0.0,"damage_taken":0.0},{"damage_healed":0,"gold_gain":0,"player_choice":"Fight","damage_taken":0,"max_hp_gain":0,"max_hp_loss":0,"event_name":"MindBloom","floor":44,"gold_loss":0},{"damage_healed":0,"gold_gain":0,"player_choice":"Copied","damage_taken":0,"max_hp_gain":0,"max_hp_loss":0,"event_name":"Duplicator","floor":46,"gold_loss":0,"cards_obtained":["Fasting2"]},{"damage_healed":0,"gold_gain":0,"player_choice":"Paid","damage_taken":0,"relics_obtained":["Red Mask"],"max_hp_gain":0,"max_hp_loss":0,"event_name":"Tomb of Lord Red Mask","floor":48,"gold_loss":183}],"is_beta":false,"boss_relics":[{"not_picked":["Empty Cage","VioletLotus"],"picked":"SlaversCollar"},{"not_picked":["Astrolabe","Velvet Choker"],"picked":"Black Star"}],"items_purged_floors":[19,41],"is_endless":false,"potions_floor_spawned":[1,3,11,16,18,22,31,37,39,42],"ascension_level":9}}