{"host":"4qkvkh7pd9qr2mca","time":1607712912,"event":{"mods":["AchievementEnabler","BaseMod","Colored Map","Colored Powertips","Highlight Path","Minty Spire (QoL Compilation)","Permanent Neow","Quick Restart","StSLib","SuperFastMode"],"gold_per_floor":[114,128,145,295,309,309,119,119,145,174,449,461,472,118,118,190,190,204,214,7,60,60,60],"floor_reached":22,"playtime":958,"items_purged":["Doubt","Regret"],"score":372,"play_id":"7a68f562-df25-40c3-bc84-4d1221818db7","local_time":"20201211195512","is_ascension_mode":true,"campfire_choices":[{"floor":6.0,"key":"RECALL"},{"floor":8.0,"key":"REST"},{"floor":15,"key":"REST"}],"circlet_count":0,"master_deck":["AscendersBane","Strike_G","Strike_G","Strike_G","Strike_G","Strike_G","Defend_G","Defend_G","Defend_G","Defend_G","Defend_G","Survivor","Neutralize","Quick Slash","Acrobatics","Dagger Spray","Bouncing Flask","Footwork","Dodge and Roll","Skewer","Backflip","Terror","Burst","Cloak And Dagger+1","Blade Dance","Catalyst","Injury"],"relics":["Fusion Hammer","Dream Catcher","Nunchaku","Regal Pillow","Cursed Key","Membership Card","Art of War"],"acts_visited":["Exordium","TheCity"],"potions_floor_usage":[],"damage_taken":[{"damage":6.0,"enemies":"Jaw Worm","floor":1.0,"turns":5.0},{"damage":0.0,"enemies":"Cultist","floor":2.0,"turns":4.0},{"damage":5.0,"enemies":"2 Louse","floor":3.0,"turns":3.0},{"damage":9.0,"enemies":"Large Slime","floor":5.0,"turns":8.0},{"damage":11.0,"enemies":"Gremlin Nob","floor":10.0,"turns":3.0},{"damage":10.0,"enemies":"Red Slaver","floor":12.0,"turns":5.0},{"damage":13,"enemies":"Exordium Thugs","floor":13,"turns":6},{"damage":48,"enemies":"Hexaghost","floor":16,"turns":13},{"damage":31,"enemies":"Chosen","floor":18,"turns":6},{"damage":16,"enemies":"Spheric Guardian","floor":19,"turns":6},{"damage":10,"enemies":"Chosen and Byrds","floor":22,"turns":3}],"seed_played":"-685860492603203309","potions_obtained":[{"floor":1.0,"key":"DuplicationPotion"},{"floor":3.0,"key":"Regen Potion"},{"floor":12.0,"key":"SteroidPotion"},{"floor":13,"key":"BlessingOfTheForge"}],"is_trial":false,"path_per_floor":["M","M","M","?","M","R","$","R","T","E","?","M","M","$","R","B",null,"M","M","$","T","M"],"character_chosen":"THE_SILENT","items_purchased":["Bouncing Flask","Footwork","Regal Pillow","Terror","Membership Card","Catalyst"],"campfire_rested":2,"item_purchase_floors":[7,7,14,14,20,20],"current_hp_per_floor":[53,53,48,48,54,54,54,66,66,55,55,45,32,32,66,18,54,23,7,7,7,0,0],"gold":60,"neow_bonus":"BOSS_RELIC","is_daily":false,"chose_seed":false,"campfire_upgraded":0,"win_rate":0.0,"timestamp":1607712912,"path_taken":["M","M","M","?","M","R","$","R","T","E","?","M","M","$","R","BOSS","M","?","$","?","M"],"items_purchased_type":["Card","Card","Relic","Card","Relic","Card"],"build_version":"2020-11-30","purchased_purges":2,"victory":false,"max_hp_per_floor":[66,66,66,66,66,66,66,66,66,66,66,66,66,66,66,66,66,66,66,66,66,66,66],"card_choices":[{"not_picked":["Expertise","Bane","Quick Slash"],"picked":"SKIP","floor":1.0},{"not_picked":["Expertise","Bane"],"picked":"Quick Slash","floor":1.0},{"not_picked":["Prepared","Infinite Blades"],"picked":"Acrobatics","floor":2.0},{"not_picked":["Quick Slash","Cloak And Dagger"],"picked":"Dagger Spray","floor":3.0},{"not_picked":["Infinite Blades","Cloak And Dagger","Eviscerate"],"picked":"SKIP","floor":5.0},{"not_picked":["Cloak And Dagger","Concentrate"],"picked":"Dodge and Roll","floor":10.0},{"not_picked":["Flying Knee","Slice"],"picked":"Skewer","floor":12.0},{"not_picked":["All Out Attack","Dagger Spray"],"picked":"Backflip","floor":13},{"not_picked":["Doppelganger","Tools of the Trade"],"picked":"Burst","floor":16},{"not_picked":["Outmaneuver","Slice"],"picked":"Cloak And Dagger+1","floor":18},{"not_picked":["Quick Slash","PiercingWail"],"picked":"Blade Dance","floor":19}],"player_experience":292749,"relics_obtained":[{"floor":9.0,"key":"Dream Catcher"},{"floor":10.0,"key":"Nunchaku"},{"floor":21,"key":"Art of War"}],"event_choices":[{"damage_healed":0.0,"max_hp_gain":0.0,"max_hp_loss":0.0,"gold_gain":150.0,"event_name":"Liars Game","player_choice":"AGREE","floor":4.0,"gold_loss":0.0,"damage_taken":0.0,"cards_obtained":["Doubt"]},{"damage_healed":0.0,"max_hp_gain":0.0,"max_hp_loss":0.0,"gold_gain":275.0,"event_name":"Golden Shrine","player_choice":"Desecrate","floor":11.0,"gold_loss":0.0,"damage_taken":0.0,"cards_obtained":["Regret"]}],"is_beta":false,"boss_relics":[{"not_picked":["SlaversCollar","Empty Cage"],"picked":"Cursed Key"}],"items_purged_floors":[7,14],"is_endless":false,"potions_floor_spawned":[1,3,12,13,19],"killed_by":"Chosen and Byrds","ascension_level":20}}