{"host":"o5jvvi5yapo90aia","time":1607669055,"event":{"mods":["BaseMod","CapriCore","Minty Spire (QoL Compilation)","MostiFishMod","Prisma Mod","Spicy Shops","StSLib","TestMod","The Immortal","【东方二次创作】八云紫mod","【人物mod】游戏王New YuGiOh mod","【功能Mod】Neow奖励"],"gold_per_floor":[133,166,166,195,39,39,80,80,104,148,148,189,223,270,270,362,362,395,181,181,210,6,55,88,134,134,168,212,50,79,123,123,209,209,235,270,295,199,231,273,135,180,180,218,248,283,333,372,372,394,412,412,412,85,140,168],"floor_reached":57,"playtime":2050,"items_purged":["Defend_P","Shame","Strike_P","Vigilance","Strike_P","Strike_P","Strike_P"],"score":3993,"play_id":"f0c12fa5-afff-4b6a-b17c-03c624a3f395","local_time":"20201211144415","is_ascension_mode":true,"campfire_choices":[{"data":"Defend_P","floor":6.0,"key":"PURGE"},{"data":"Defend_P","floor":15,"key":"PURGE"},{"data":"Eruption","floor":32,"key":"SMITH"},{"floor":49,"key":"RECALL"},{"data":"MentalFortress","floor":53,"key":"SMITH"}],"circlet_count":0,"master_deck":["AscendersBane","Eruption+1","MostiFishMod:DisColor","MentalFortress+1","TalkToTheHand","FearNoEvil","testmod-ChaoticCore","EmptyMind+1","MostiFishMod:Speedup","MostiFishMod:Adaptation","Fasting2+1","MostiFishMod:UniPurple+1","InnerPeace+1"],"relics":["DaveBox","testmod-TestBox","Black Star","OneHitWonderSystem","testmod-IntensifyImprint","Question Card","Orrery","Smiling Mask","testmod-Hope","Tiny Chest","Akabeko","SynthV:C4","Toxic Egg 2","Gremlin Horn","Regal Pillow","Mango","Potion Belt","ImportantClient","ChiXiaoBlade","PreservedInsect","TheAbacus","CultistMask","testmod-AssaultLearning","Matryoshka","Dream Catcher","Letter Opener","Meat on the Bone","Blood Vial","testmod-EnergyCheck","Frozen Egg 2","Pantograph","Medical Kit","testmod-Acrobat","Ornamental Fan","Lantern","Eternal Feather","Vajra","Shuriken","Bronze Scales","SynthV","ClockworkSouvenir","Oddly Smooth Stone","HornCleat"],"acts_visited":["Exordium","TheCity","TheBeyond","TheEnding"],"potions_floor_usage":[56,56,56],"damage_taken":[{"damage":0.0,"enemies":"Cultist","floor":1.0,"turns":2.0},{"damage":0.0,"enemies":"Small Slimes","floor":2.0,"turns":3.0},{"damage":0.0,"enemies":"2 Louse","floor":4.0,"turns":2.0},{"damage":0.0,"enemies":"3 Sentries","floor":7.0,"turns":4.0},{"damage":0.0,"enemies":"Lagavulin","floor":10.0,"turns":4.0},{"damage":0,"enemies":"Gremlin Nob","floor":12,"turns":2},{"damage":0,"enemies":"Blue Slaver","floor":13,"turns":2},{"damage":0,"enemies":"3 Sentries","floor":14,"turns":3},{"damage":0,"enemies":"The Guardian","floor":16,"turns":7},{"damage":0,"enemies":"Chosen","floor":18,"turns":2},{"damage":0,"enemies":"3 Byrds","floor":21,"turns":3},{"damage":0,"enemies":"Book of Stabbing","floor":23,"turns":2},{"damage":0,"enemies":"Cultist and Chosen","floor":24,"turns":2},{"damage":0,"enemies":"Centurion and Healer","floor":27,"turns":2},{"damage":0,"enemies":"Gremlin Leader","floor":28,"turns":2},{"damage":0,"enemies":"Snecko","floor":30,"turns":2},{"damage":0,"enemies":"Slavers","floor":31,"turns":1},{"damage":0,"enemies":"Automaton","floor":33,"turns":2},{"damage":0,"enemies":"Orb Walker","floor":35,"turns":1},{"damage":0,"enemies":"3 Shapes","floor":36,"turns":1},{"damage":0,"enemies":"Maw","floor":37,"turns":2},{"damage":0,"enemies":"Writhing Mass","floor":39,"turns":1},{"damage":0,"enemies":"Reptomancer","floor":40,"turns":1},{"damage":0,"enemies":"Nemesis","floor":42,"turns":1},{"damage":0,"enemies":"4 Shapes","floor":44,"turns":1},{"damage":0,"enemies":"Sphere and 2 Shapes","floor":45,"turns":2},{"damage":0,"enemies":"Jaw Worm Horde","floor":46,"turns":1},{"damage":0,"enemies":"Reptomancer","floor":47,"turns":1},{"damage":0,"enemies":"Transient","floor":48,"turns":1},{"damage":0,"enemies":"Awakened One","floor":50,"turns":2},{"damage":0,"enemies":"Time Eater","floor":51,"turns":2},{"damage":0,"enemies":"Shield and Spear","floor":55,"turns":1},{"damage":0,"enemies":"The Heart","floor":56,"turns":3}],"seed_played":"-4162176151779840114","potions_obtained":[{"floor":1.0,"key":"testmod-TestPotion"},{"floor":2.0,"key":"Block Potion"},{"floor":13,"key":"DuplicationPotion"},{"floor":16,"key":"Strength Potion"},{"floor":24,"key":"Weak Potion"},{"floor":27,"key":"SkillPotion"}],"is_trial":false,"path_per_floor":["M","M","?","M","$","R","E","?","T","E","?","E","M","E","R","B",null,"M","$","?","M","$","E","M","T","T","M","E","$","M","E","R","B",null,"M","M","M","$","M","E","$","E","T","M","M","M","E","M","R","B","B",null,"R","$","E","B",null],"character_chosen":"WATCHER","items_purchased":["Orrery","PreservedInsect","TheAbacus","testmod-ChaoticCore","MostiFishMod:Speedup","Swift Potion","Medical Kit","Bronze Scales","SynthV","ClockworkSouvenir"],"campfire_rested":0,"item_purchase_floors":[5,19,19,22,29,38,41,54,54,54],"current_hp_per_floor":[1,1,1,1,1,1,1,1,1,1,1,1,1,15,1,1,1,1,1,1,1,1,1,1,1,1,1,1,1,1,1,1,1,1,1,1,1,1,1,1,1,1,1,1,1,1,1,1,1,1,1,1,1,1,1,1],"gold":168,"neow_bonus":"BOSS_RELIC","is_daily":false,"chose_seed":false,"campfire_upgraded":2,"win_rate":0.0,"timestamp":1607669055,"path_taken":["M","?","?","?","$","R","E","?","T","E","?","E","M","E","R","BOSS","M","$","?","M","?","E","M","?","T","M","E","?","M","E","R","BOSS","M","M","M","$","M","E","?","E","T","M","M","M","E","M","R","BOSS","BOSS","R","$","E","BOSS"],"items_purchased_type":["Relic","Relic","Relic","Card","Card","Potion","Relic","Relic","Relic","Relic"],"build_version":"2020-11-30","purchased_purges":7,"victory":true,"max_hp_per_floor":[1,1,1,1,1,1,1,1,1,1,1,1,1,15,1,1,1,1,1,1,1,1,1,1,1,1,1,1,1,1,1,1,1,1,1,1,1,1,1,1,1,1,1,1,1,1,1,1,1,1,1,1,1,1,1,1],"card_choices":[{"not_picked":["BattleHymn","SashWhip","ThirdEye"],"picked":"SKIP","floor":1.0},{"not_picked":["ThirdEye","Consecrate","FlyingSleeves","Protect"],"picked":"SKIP","floor":2.0},{"not_picked":["Protect","BattleHymn","CrushJoints"],"picked":"MostiFishMod:DisColor","floor":4.0},{"not_picked":["FlyingSleeves","Wireheading","FollowUp"],"picked":"MentalFortress","floor":5.0},{"not_picked":["Perseverance","Alpha","Vengeance"],"picked":"TalkToTheHand","floor":5.0},{"not_picked":["SashWhip","EmptyBody","Swivel"],"picked":"FearNoEvil","floor":5.0},{"not_picked":["WaveOfTheHand","Conclude","LikeWater","Halt"],"picked":"SKIP","floor":7.0},{"not_picked":["Fasting2","EmptyMind+1","Study","Prostrate+1"],"picked":"SKIP","floor":10.0},{"not_picked":["Halt+1","Perseverance+1","BowlingBash","SashWhip"],"picked":"SKIP","floor":12},{"not_picked":["SashWhip","ClearTheMind+1","MostiFishMod:Nomercy","MostiFishMod:Clarity+1"],"picked":"SKIP","floor":13},{"not_picked":["Collect+1","FollowUp","CrushJoints","Consecrate"],"picked":"SKIP","floor":14},{"not_picked":["ReachHeaven","Perseverance+1","ThirdEye+1","ClearTheMind+1"],"picked":"SKIP","floor":18},{"not_picked":["PathToVictory+1","ThirdEye+1","Consecrate+1","CutThroughFate"],"picked":"SKIP","floor":21},{"not_picked":["Weave","SandsOfTime","MostiFishMod:PathToVictory+1","Consecrate"],"picked":"SKIP","floor":23},{"not_picked":["ClearTheMind+1","CrushJoints","Prostrate+1"],"picked":"EmptyMind+1","floor":24},{"not_picked":["FlurryOfBlows","Halt+1","FollowUp","EmptyMind+1"],"picked":"SKIP","floor":27},{"not_picked":["JustLucky","DeceiveReality+1","Vengeance+1","Weave"],"picked":"SKIP","floor":28},{"not_picked":["PathToVictory+1","BowlingBash","EmptyBody+1","Evaluate+1"],"picked":"SKIP","floor":30},{"not_picked":["Protect+1","LikeWater","WheelKick","Evaluate+1"],"picked":"SKIP","floor":31},{"not_picked":["Brilliance","MostiFishMod:Zero-Sum","MostiFishMod:StarHerder"],"picked":"MostiFishMod:Adaptation","floor":33},{"not_picked":["Protect+1","Perseverance+1","Study+1","TalkToTheHand"],"picked":"SKIP","floor":35},{"not_picked":["Vengeance+1","TalkToTheHand","SashWhip","CutThroughFate"],"picked":"SKIP","floor":36},{"not_picked":["EmptyBody+1","EmptyFist+1","BowlingBash","Swivel+1"],"picked":"SKIP","floor":37},{"not_picked":["MostiFishMod:LegendTransform+1","ConjureBlade+1","Conclude","SignatureMove"],"picked":"SKIP","floor":39},{"not_picked":["Evaluate+1","Halt+1","BowlingBash+1"],"picked":"Fasting2+1","floor":40},{"not_picked":["FlyingSleeves","MentalFortress+1","CutThroughFate","ClearTheMind+1"],"picked":"SKIP","floor":42},{"not_picked":["Swivel+1","Halt+1","LikeWater+1"],"picked":"MostiFishMod:UniPurple+1","floor":44},{"not_picked":["FollowUp+1","Evaluate+1","Prostrate+1","MostiFishMod:Unraveling+1"],"picked":"SKIP","floor":45},{"not_picked":["EmptyMind+1","Protect+1","Indignation+1","Halt+1"],"picked":"SKIP","floor":46},{"not_picked":["FollowUp","ThirdEye+1","JustLucky"],"picked":"InnerPeace+1","floor":47},{"not_picked":["Evaluate+1","EmptyFist","MostiFishMod:Clarity+1","Crescendo+1"],"picked":"SKIP","floor":48},{"not_picked":["FollowUp","CutThroughFate+1","MostiFishMod:Speedup+1","FlurryOfBlows"],"picked":"SKIP","floor":55}],"player_experience":1261656,"relics_obtained":[{"floor":1.0,"key":"Question Card"},{"floor":7.0,"key":"Smiling Mask"},{"floor":7.0,"key":"testmod-Hope"},{"floor":9.0,"key":"Akabeko"},{"floor":10.0,"key":"SynthV:C4"},{"floor":10.0,"key":"Toxic Egg 2"},{"floor":12,"key":"Gremlin Horn"},{"floor":12,"key":"Regal Pillow"},{"floor":14,"key":"Mango"},{"floor":14,"key":"Potion Belt"},{"floor":16,"key":"ImportantClient"},{"floor":23,"key":"testmod-AssaultLearning"},{"floor":26,"key":"Matryoshka"},{"floor":28,"key":"Dream Catcher"},{"floor":28,"key":"Letter Opener"},{"floor":31,"key":"Meat on the Bone"},{"floor":31,"key":"Blood Vial"},{"floor":40,"key":"Frozen Egg 2"},{"floor":40,"key":"Pantograph"},{"floor":42,"key":"testmod-Acrobat"},{"floor":42,"key":"Ornamental Fan"},{"floor":43,"key":"Lantern"},{"floor":43,"key":"Eternal Feather"},{"floor":47,"key":"Vajra"},{"floor":47,"key":"Shuriken"},{"floor":55,"key":"Oddly Smooth Stone"},{"floor":55,"key":"HornCleat"}],"event_choices":[{"cards_removed":["Defend_P"],"damage_healed":0.0,"max_hp_gain":0.0,"max_hp_loss":0.0,"gold_gain":0.0,"event_name":"Purifier","player_choice":"Purged","floor":3.0,"gold_loss":0.0,"damage_taken":0.0},{"damage_healed":0.0,"max_hp_gain":0.0,"max_hp_loss":0.0,"gold_gain":0.0,"event_name":"Big Fish","player_choice":"Box","floor":8.0,"gold_loss":0.0,"damage_taken":0.0,"relics_obtained":["Tiny Chest"],"cards_obtained":["Regret"]},{"cards_removed":["Regret"],"damage_healed":0,"gold_gain":0,"player_choice":"Forget","damage_taken":0,"max_hp_gain":0,"max_hp_loss":0,"event_name":"Living Wall","floor":11,"gold_loss":0},{"damage_healed":0,"gold_gain":0,"player_choice":"Trade","damage_taken":0,"relics_obtained":["CultistMask"],"max_hp_gain":0,"max_hp_loss":0,"event_name":"FaceTrader","floor":20,"gold_loss":0}],"is_beta":false,"boss_relics":[{"not_picked":["GuanYuAspect","Tiny House"],"picked":"ChiXiaoBlade"},{"not_picked":["Philosopher\u0027s Stone","xbg"],"picked":"testmod-EnergyCheck"}],"items_purged_floors":[5,19,19,22,29,29,38],"is_endless":false,"potions_floor_spawned":[1,2,13,16,24,27,28,30,33,37,44,45,46,48],"ascension_level":20}}