{"host":"ka9uqd7xo1wa12cd","time":1607690810,"event":{"mods":["2.2 Compatiblity","AchievementEnabler","Act Like it!","BaseMod","Colored Map","Colored Powertips","Defective Defect","Downfall","Hermit","Minty Spire (QoL Compilation)","Quick Restart","Rare Cards Sparkle","Relic Stats","StSLib","SuperFastMode"],"gold_per_floor":[116,126,144,144,155,155,184,202,202,235,47,47,47,60,60,163,163,180,180,193,213,23,52,52,52,52,82,12,22,40,70,70,171,171,191,211,225,277,86,117,117,117,142,174,191,206,206,216,216,216],"floor_reached":51,"playtime":4892,"items_purged":["Strike_G","Strike_G"],"score":921,"play_id":"2b04c9c7-ce43-425c-936a-5a344ffefa8f","local_time":"20201211074650","is_ascension_mode":true,"campfire_choices":[{"data":"Sucker Punch","floor":6,"key":"SMITH"},{"data":"Dodge and Roll","floor":12,"key":"SMITH"},{"floor":15,"key":"REST"},{"data":"Dash","floor":24,"key":"SMITH"},{"floor":32,"key":"REST"},{"data":"Tools of the Trade","floor":41,"key":"SMITH"},{"data":"1","floor":47,"key":"LIFT"},{"data":"2","floor":49,"key":"LIFT"}],"circlet_count":0,"master_deck":["Defend_G+1","Defend_G","Defend_G","Defend_G","Defend_G+1","Survivor+1","Neutralize","Well Laid Plans","Finisher","Sucker Punch+1","PiercingWail","Dodge and Roll+1","Backflip","Bouncing Flask","Caltrops","Heel Hook","Tools of the Trade+1","Malaise","Flechettes","Predator","Underhanded Strike","Accuracy+1","Reflex","Dash+1","Shame","Tactician","Backflip","Wraith Form v2","Terror+1","Burst","All Out Attack+1","Infinite Blades+1","Infinite Blades+1","Blade Dance","Footwork","Underhanded Strike","Prepared+1","A Thousand Cuts","Parasite"],"relics":["Ring of the Snake","Dream Catcher","InkBottle","Mummified Hand","HoveringKite","War Paint","Gambling Chip","Orichalcum","Ninja Scroll","Centennial Puzzle","Bag of Preparation","Sozu","CaptainsWheel","HornCleat","Girya","Oddly Smooth Stone","Vajra"],"acts_visited":["Exordium","TheCity","TheBeyond"],"potions_floor_usage":[8,10,10,10,14,23,27,31,33,33,44],"damage_taken":[{"damage":2,"enemies":"Jaw Worm","floor":1,"turns":5},{"damage":8,"enemies":"Cultist","floor":2,"turns":6},{"damage":6,"enemies":"2 Louse","floor":3,"turns":3},{"damage":2,"enemies":"2 Fungi Beasts","floor":5,"turns":3},{"damage":6,"enemies":"Lagavulin","floor":7,"turns":9},{"damage":3,"enemies":"Exordium Wildlife","floor":8,"turns":4},{"damage":9,"enemies":"3 Sentries","floor":10,"turns":10},{"damage":4,"enemies":"Lots of Slimes","floor":14,"turns":4},{"damage":11,"enemies":"Hexaghost","floor":16,"turns":11},{"damage":7,"enemies":"Shell Parasite","floor":18,"turns":5},{"damage":6,"enemies":"Chosen","floor":20,"turns":5},{"damage":19,"enemies":"Centurion and Healer","floor":21,"turns":7},{"damage":2,"enemies":"Book of Stabbing","floor":23,"turns":5},{"damage":6,"enemies":"Gremlin Leader","floor":27,"turns":7},{"damage":6,"enemies":"Cultist and Chosen","floor":29,"turns":6},{"damage":0,"enemies":"Chosen and Byrds","floor":30,"turns":6},{"damage":9,"enemies":"Slavers","floor":31,"turns":6},{"damage":32,"enemies":"Automaton","floor":33,"turns":10},{"damage":0,"enemies":"Orb Walker","floor":35,"turns":3},{"damage":9,"enemies":"3 Darklings","floor":36,"turns":6},{"damage":2,"enemies":"4 Shapes","floor":37,"turns":4},{"damage":0,"enemies":"2 Orb Walkers","floor":38,"turns":4},{"damage":0,"enemies":"Giant Head","floor":40,"turns":7},{"damage":0,"enemies":"Reptomancer","floor":44,"turns":5},{"damage":9,"enemies":"Spire Growth","floor":45,"turns":4},{"damage":0,"enemies":"Writhing Mass","floor":46,"turns":5},{"damage":13,"enemies":"4 Shapes","floor":48,"turns":3},{"damage":30,"enemies":"Awakened One","floor":50,"turns":8}],"seed_played":"-815775425869711420","potions_obtained":[{"floor":1,"key":"Fire Potion"},{"floor":3,"key":"PowerPotion"},{"floor":7,"key":"Swift Potion"},{"floor":8,"key":"Weak Potion"},{"floor":10,"key":"CunningPotion"},{"floor":21,"key":"BlessingOfTheForge"},{"floor":23,"key":"sneckomod:MuddlingPotion"},{"floor":27,"key":"LiquidBronze"},{"floor":30,"key":"Strength Potion"},{"floor":31,"key":"Energy Potion"},{"floor":33,"key":"Block Potion"}],"is_trial":false,"path_per_floor":["M","M","M","?","M","R","E","M","T","E","$","R","$","M","R","B",null,"M","?","M","M","$","E","R","?","T","E","$","M","M","E","R","B",null,"M","M","M","?","$","E","R","T","T","E","M","M","R","M","R","B",null],"character_chosen":"THE_SILENT","items_purchased":["Bouncing Flask","Caltrops","War Paint","Reflex","Tactician","Footwork","Underhanded Strike"],"campfire_rested":2,"item_purchase_floors":[11,11,22,22,28,39,39],"current_hp_per_floor":[68,60,54,54,52,52,46,43,43,34,34,34,34,30,51,40,70,63,63,57,38,38,36,36,36,36,30,30,24,24,15,36,4,70,70,61,59,59,59,59,59,59,59,59,50,50,50,37,37,7],"gold":216,"neow_bonus":"UPGRADE_CARD","is_daily":false,"chose_seed":false,"campfire_upgraded":4,"win_rate":0.0,"timestamp":1607690810,"path_taken":["M","M","M","?","M","R","E","M","T","E","$","R","?","M","R","BOSS","M","?","M","M","$","E","R","?","T","E","?","M","?","E","R","BOSS","M","M","M","?","$","E","R","?","T","E","M","M","R","M","R","BOSS"],"items_purchased_type":["Card","Card","Relic","Card","Card","Card","Card"],"build_version":"2020-11-30","purchased_purges":2,"victory":true,"max_hp_per_floor":[70,70,70,70,70,70,70,70,70,70,70,70,70,70,70,70,70,70,70,70,70,70,70,70,70,70,70,70,70,70,70,70,70,70,70,70,70,70,70,70,70,70,70,70,70,70,70,70,70,70],"relic_stats":{"counters":[28,161],"HoveringKite":[85],"Bag of Preparation":[0],"War Paint":["Defend_G","Defend_G"],"Orichalcum":[60],"Sozu":5,"Dream Catcher":2,"Centennial Puzzle":[24],"Mummified Hand":[117],"Gambling Chip":[17],"obtain_stats":[{"Girya":42,"HoveringKite":17,"Oddly Smooth Stone":43,"Vajra":44,"Bag of Preparation":31,"War Paint":22,"Orichalcum":25,"Sozu":34,"Dream Catcher":7,"Centennial Puzzle":27,"CaptainsWheel":38,"HornCleat":40,"Mummified Hand":10,"Ninja Scroll":26,"Gambling Chip":23,"InkBottle":9,"Ring of the Snake":0},{"Girya":23,"HoveringKite":9,"Oddly Smooth Stone":23,"Vajra":24,"Bag of Preparation":17,"War Paint":12,"Orichalcum":13,"Sozu":18,"Dream Catcher":5,"Centennial Puzzle":14,"CaptainsWheel":22,"HornCleat":23,"Mummified Hand":7,"Ninja Scroll":13,"Gambling Chip":13,"InkBottle":6,"Ring of the Snake":0},{"Girya":136,"HoveringKite":55,"Oddly Smooth Stone":136,"Vajra":141,"Bag of Preparation":102,"War Paint":72,"Orichalcum":77,"Sozu":112,"Dream Catcher":26,"Centennial Puzzle":84,"CaptainsWheel":129,"HornCleat":136,"Mummified Hand":40,"Ninja Scroll":77,"Gambling Chip":77,"InkBottle":30,"Ring of the Snake":0}],"InkBottle":[67],"Ring of the Snake":[56]},"card_choices":[{"not_picked":["Catalyst","Poisoned Stab"],"picked":"Well Laid Plans","floor":1},{"not_picked":["Backflip","All Out Attack"],"picked":"Finisher","floor":2},{"not_picked":["Blur","Quick Slash"],"picked":"Sucker Punch","floor":3},{"not_picked":["Eviscerate","Quick Slash","All Out Attack"],"picked":"SKIP","floor":5},{"not_picked":["Dagger Spray","Eviscerate"],"picked":"PiercingWail","floor":7},{"not_picked":["Leg Sweep","Quick Slash"],"picked":"Dodge and Roll","floor":8},{"not_picked":["Escape Plan","Underhanded Strike"],"picked":"Backflip","floor":10},{"not_picked":["Poisoned Stab","Endless Agony"],"picked":"Heel Hook","floor":14},{"not_picked":["Flechettes","Quick Slash"],"picked":"Tools of the Trade","floor":15},{"not_picked":["Tools of the Trade","Venomology"],"picked":"Malaise","floor":16},{"not_picked":["Dagger Throw","Endless Agony","Dodge and Roll"],"picked":"SKIP","floor":18},{"not_picked":["Quick Slash","Deadly Poison"],"picked":"Underhanded Strike","floor":20},{"not_picked":["Blade Dance","Bane"],"picked":"Accuracy+1","floor":21},{"not_picked":["Sucker Punch","Acrobatics"],"picked":"Dash","floor":23},{"not_picked":["Masterful Stab+1","Dagger Throw","Backflip"],"picked":"SKIP","floor":27},{"not_picked":["Deflect","Finisher"],"picked":"Backflip","floor":29},{"not_picked":["Backflip","Dagger Spray"],"picked":"Wraith Form v2","floor":30},{"not_picked":["Noxious Fumes","Masterful Stab","Catalyst"],"picked":"SKIP","floor":31},{"not_picked":["Cloak And Dagger","Sucker Punch"],"picked":"Terror+1","floor":32},{"not_picked":["Malaise","Phantasmal Killer"],"picked":"Burst","floor":33},{"not_picked":["Quick Slash+1","Calculated Gamble"],"picked":"All Out Attack+1","floor":35},{"not_picked":["Flying Knee","Dodge and Roll"],"picked":"Infinite Blades+1","floor":36},{"not_picked":["Dagger Throw+1","Dodge and Roll"],"picked":"Infinite Blades+1","floor":37},{"not_picked":["Concentrate","Predator+1"],"picked":"Blade Dance","floor":38},{"not_picked":["Deadly Poison+1","All Out Attack+1"],"picked":"Prepared+1","floor":40},{"not_picked":["Deflect+1","Sucker Punch"],"picked":"A Thousand Cuts","floor":44},{"not_picked":["Quick Slash","Flechettes","Outmaneuver"],"picked":"SKIP","floor":45},{"not_picked":["Outmaneuver","Dash","Sucker Punch+1"],"picked":"SKIP","floor":46},{"not_picked":["Cloak And Dagger","Quick Slash+1","Backstab+1"],"picked":"SKIP","floor":48}],"player_experience":359674,"relics_obtained":[{"floor":7,"key":"Dream Catcher"},{"floor":9,"key":"InkBottle"},{"floor":10,"key":"Mummified Hand"},{"floor":23,"key":"Gambling Chip"},{"floor":26,"key":"Ninja Scroll"},{"floor":27,"key":"Centennial Puzzle"},{"floor":31,"key":"Bag of Preparation"},{"floor":38,"key":"CaptainsWheel"},{"floor":40,"key":"HornCleat"},{"floor":42,"key":"Girya"},{"floor":43,"key":"Oddly Smooth Stone"},{"floor":44,"key":"Vajra"}],"event_choices":[{"cards_removed":["Strike_G"],"damage_healed":0,"gold_gain":0,"player_choice":"Offered Basic","damage_taken":0,"max_hp_gain":0,"max_hp_loss":0,"event_name":"Bonfire Elementals","floor":4,"gold_loss":0},{"damage_healed":0,"gold_gain":0,"cards_transformed":["Strike_G","Strike_G"],"player_choice":"Became Test Subject","damage_taken":0,"max_hp_gain":0,"max_hp_loss":0,"event_name":"Drug Dealer","floor":19,"gold_loss":0,"cards_obtained":["Flechettes","Predator"]},{"damage_healed":0,"gold_gain":0,"player_choice":"Stole Relic","damage_taken":0,"relics_obtained":["Orichalcum"],"max_hp_gain":0,"max_hp_loss":0,"event_name":"Addict","floor":25,"gold_loss":0,"cards_obtained":["Shame"]},{"damage_healed":0,"gold_gain":0,"player_choice":"Fight","damage_taken":0,"max_hp_gain":0,"max_hp_loss":0,"event_name":"Mysterious Sphere","floor":38,"gold_loss":0}],"is_beta":false,"boss_relics":[{"not_picked":["Coffee Dripper","Astrolabe"],"picked":"HoveringKite"},{"not_picked":["Ring of the Serpent","SacredBark"],"picked":"Sozu"}],"items_purged_floors":[11,39],"is_endless":false,"potions_floor_spawned":[1,3,7,8,10,21,23,27,30,31,33,35,36,40,44,45],"ascension_level":3}}