{"host":"pt1z5qzak3tiw32n","time":1607711609,"event":{"mods":["BaseMod","Block Reminder","Minty Spire (QoL Compilation)","StSLib","everything is the same but u backflip on backflip"],"gold_per_floor":[118,118,35,54,54,88,106,106,106,106,125,50,50,50,50,50,50],"floor_reached":16,"playtime":605,"items_purged":["Regret"],"score":221,"play_id":"3f686b92-f35a-49d2-ae3c-2c910e6750cf","local_time":"20201211133329","is_ascension_mode":true,"campfire_choices":[{"data":"Entrench","floor":8,"key":"SMITH"},{"data":"Armaments","floor":10,"key":"SMITH"},{"data":"Body Slam","floor":13,"key":"SMITH"},{"data":"Defend_R","floor":15,"key":"SMITH"}],"circlet_count":0,"master_deck":["AscendersBane","Strike_R","Strike_R","Strike_R","Strike_R","Strike_R","Defend_R","Defend_R","Defend_R","Defend_R+1","Bash+1","Cleave+1","Entrench+1","Body Slam+1","Metallicize+1","Armaments+1"],"relics":["Burning Blood","NeowsBlessing","Gremlin Horn","Strawberry","Singing Bowl"],"acts_visited":["Exordium"],"potions_floor_usage":[16,16],"damage_taken":[{"damage":0,"enemies":"Jaw Worm","floor":1,"turns":1},{"damage":0,"enemies":"Small Slimes","floor":4,"turns":1},{"damage":0,"enemies":"Gremlin Nob","floor":6,"turns":1},{"damage":4,"enemies":"2 Louse","floor":7,"turns":2},{"damage":15,"enemies":"Looter","floor":11,"turns":3},{"damage":53,"enemies":"Hexaghost","floor":16,"turns":10}],"seed_played":"-3682582029473954599","potions_obtained":[{"floor":4,"key":"Explosive Potion"},{"floor":6,"key":"Block Potion"},{"floor":11,"key":"Strength Potion"}],"is_trial":false,"path_per_floor":["M","?","$","M","?","E","M","R","T","R","M","$","R","?","R","B"],"character_chosen":"IRONCLAD","items_purchased":["Entrench"],"campfire_rested":0,"item_purchase_floors":[3],"current_hp_per_floor":[74,74,74,75,75,82,82,82,82,82,75,75,75,50,50,0,0],"gold":50,"neow_bonus":"THREE_ENEMY_KILL","is_daily":false,"chose_seed":false,"campfire_upgraded":4,"win_rate":0.0,"timestamp":1607711609,"path_taken":["M","?","$","M","?","E","M","R","T","R","M","$","R","?","R","BOSS"],"items_purchased_type":["Card"],"build_version":"2020-11-30","purchased_purges":1,"victory":false,"max_hp_per_floor":[75,75,75,75,75,82,82,82,82,82,84,84,84,84,84,84,84],"card_choices":[{"not_picked":["Havoc","Anger"],"picked":"Cleave","floor":1},{"not_picked":["Twin Strike","Warcry"],"picked":"Body Slam","floor":4},{"not_picked":["Brutality","Flex"],"picked":"Metallicize","floor":6},{"not_picked":["Clash","Headbutt"],"picked":"Armaments","floor":7},{"not_picked":["Iron Wave","Armaments","Anger"],"picked":"Singing Bowl","floor":11}],"player_experience":613664,"relics_obtained":[{"floor":6,"key":"Strawberry"},{"floor":9,"key":"Singing Bowl"}],"event_choices":[{"damage_healed":0,"gold_gain":0,"player_choice":"Grow","damage_taken":0,"max_hp_gain":0,"max_hp_loss":0,"event_name":"Living Wall","floor":2,"gold_loss":0,"cards_upgraded":["Cleave"]},{"damage_healed":0,"gold_gain":0,"player_choice":"Box","damage_taken":0,"relics_obtained":["Gremlin Horn"],"max_hp_gain":0,"max_hp_loss":0,"event_name":"Big Fish","floor":5,"gold_loss":0,"cards_obtained":["Regret"]},{"damage_healed":0,"gold_gain":0,"player_choice":"Entered Light","damage_taken":25,"max_hp_gain":0,"max_hp_loss":0,"event_name":"Shining Light","floor":14,"gold_loss":0,"cards_upgraded":["Metallicize","Bash"]}],"is_beta":false,"boss_relics":[],"items_purged_floors":[12],"is_endless":false,"potions_floor_spawned":[4,6,11],"killed_by":"Hexaghost","ascension_level":16}}