{"host":"7tvb1em0d2fx72q7","time":1607665860,"event":{"mods":["BaseMod","Challenge The Spire","Minty Spire (QoL Compilation)","StSLib","everything is the same but u backflip on backflip"],"gold_per_floor":[110,128,143,153,166,201,201,231,307,307,326,336,43,59,59,59,59],"floor_reached":16,"playtime":1163,"items_purged":["Strike_P"],"score":215,"play_id":"0bbc7e11-1c42-4847-ad20-c9dfc56976c3","local_time":"20201211005100","is_ascension_mode":true,"campfire_choices":[{"floor":7,"key":"REST"},{"floor":10,"key":"REST"},{"floor":15,"key":"REST"}],"circlet_count":0,"master_deck":["AscendersBane","Strike_P","Strike_P","Strike_P+1","Defend_P","Defend_P","Defend_P","Defend_P+1","Eruption","Vigilance","CutThroughFate","FlurryOfBlows","Protect","Omniscience","EmptyFist+1","LessonLearned+1","ThirdEye","Consecrate","Evaluate"],"relics":["PureWater","Peace Pipe","Bottled Flame","StrikeDummy","HornCleat","Bag of Preparation"],"acts_visited":["Exordium"],"potions_floor_usage":[6,16,16],"damage_taken":[{"damage":0.0,"enemies":"2 Louse","floor":1.0,"turns":4.0},{"damage":0.0,"enemies":"Jaw Worm","floor":2.0,"turns":5.0},{"damage":0.0,"enemies":"Small Slimes","floor":3.0,"turns":2.0},{"damage":2,"enemies":"Red Slaver","floor":4,"turns":3},{"damage":11,"enemies":"Exordium Wildlife","floor":5,"turns":7},{"damage":17,"enemies":"Lagavulin","floor":6,"turns":6},{"damage":30,"enemies":"3 Sentries","floor":8,"turns":11},{"damage":6,"enemies":"Looter","floor":11,"turns":3},{"damage":5,"enemies":"Gremlin Gang","floor":12,"turns":4},{"damage":0,"enemies":"3 Louse","floor":14,"turns":3},{"damage":33,"enemies":"Hexaghost","floor":16,"turns":12}],"seed_played":"5969665886516788430","potions_obtained":[{"floor":2.0,"key":"BottledMiracle"},{"floor":8,"key":"DistilledChaos"},{"floor":12,"key":"SkillPotion"}],"is_trial":false,"path_per_floor":["M","M","M","M","M","E","R","E","T","R","M","M","$","M","R","B"],"character_chosen":"WATCHER","items_purchased":["Bag of Preparation","Evaluate"],"campfire_rested":3,"item_purchase_floors":[13,13],"current_hp_per_floor":[43,43,43,41,30,13,33,3,3,23,17,12,12,12,32,0,0],"gold":59,"neow_bonus":"ONE_RARE_RELIC","is_daily":false,"chose_seed":false,"campfire_upgraded":0,"win_rate":0.0,"timestamp":1607665860,"path_taken":["M","M","M","M","M","E","R","E","T","R","M","M","$","M","R","BOSS"],"items_purchased_type":["Relic","Card"],"build_version":"2020-11-30","purchased_purges":1,"victory":false,"max_hp_per_floor":[68,68,68,68,68,68,68,68,68,68,68,68,68,68,68,68,68],"card_choices":[{"not_picked":["CrushJoints","ThirdEye"],"picked":"CutThroughFate","floor":1.0},{"not_picked":["FollowUp","ClearTheMind"],"picked":"FlurryOfBlows","floor":2.0},{"not_picked":["SashWhip","BattleHymn"],"picked":"Protect","floor":3.0},{"not_picked":["ForeignInfluence","ClearTheMind"],"picked":"Omniscience","floor":4},{"not_picked":["Tantrum","WindmillStrike"],"picked":"EmptyFist","floor":5},{"not_picked":["BowlingBash","JustLucky"],"picked":"LessonLearned","floor":6},{"not_picked":["EmptyBody","Vault"],"picked":"ThirdEye","floor":8},{"not_picked":["Halt","EmptyFist","CutThroughFate"],"picked":"SKIP","floor":11},{"not_picked":["BowlingBash","Indignation"],"picked":"Consecrate","floor":12},{"not_picked":["Crescendo","SignatureMove","PathToVictory"],"picked":"SKIP","floor":14}],"player_experience":1815973,"relics_obtained":[{"floor":6,"key":"Bottled Flame"},{"floor":8,"key":"StrikeDummy"},{"floor":9,"key":"HornCleat"}],"event_choices":[],"is_beta":false,"boss_relics":[],"items_purged_floors":[13],"is_endless":false,"potions_floor_spawned":[2,8,12,14],"killed_by":"Hexaghost","ascension_level":17}}