{"host":"3m3t6u1636lvefx4","time":1607680063,"event":{"mods":["AchievementEnabler","BaseMod","Block Reminder","Colored Powertips","Highlight Path","Minty Spire (QoL Compilation)","Quick Restart","Slay-I","StSLib"],"gold_per_floor":[111,111,111,11,23,23,23,54,107,107,107,131,171,192,192,192,192],"floor_reached":16,"playtime":400,"items_purged":["Regret"],"score":133,"play_id":"f1dec44a-4d10-4318-88aa-301eb05e4d15","local_time":"20201211124743","is_ascension_mode":false,"campfire_choices":[{"data":"Armaments","floor":7,"key":"SMITH"},{"data":"Metallicize","floor":15,"key":"SMITH"}],"circlet_count":0,"master_deck":["Strike_R","Strike_R","Strike_R","Strike_R","Strike_R","Defend_R","Defend_R","Defend_R","Defend_R","Bash+1","Armaments+1","Sword Boomerang+1","Metallicize+1","Entrench"],"relics":["Burning Blood","NeowsBlessing","Vajra","Oddly Smooth Stone","Whetstone","Golden Idol","Self Forming Clay","Du-Vu Doll"],"acts_visited":["Exordium"],"potions_floor_usage":[],"damage_taken":[{"damage":0,"enemies":"Cultist","floor":1,"turns":1},{"damage":0,"enemies":"2 Louse","floor":5,"turns":1},{"damage":0,"enemies":"Lagavulin","floor":8,"turns":1},{"damage":0,"enemies":"Small Slimes","floor":12,"turns":3},{"damage":6,"enemies":"3 Sentries","floor":13,"turns":9},{"damage":10,"enemies":"Exordium Thugs","floor":14,"turns":6},{"damage":3,"enemies":"Slime Boss","floor":16,"turns":7}],"seed_played":"519607147773788166","potions_obtained":[{"floor":5,"key":"AttackPotion"},{"floor":8,"key":"DuplicationPotion"},{"floor":13,"key":"Block Potion"}],"is_trial":false,"path_per_floor":["M","?","?","$","M","$","R","E","T","?","T","M","E","M","R","B"],"character_chosen":"IRONCLAD","items_purchased":["Armaments"],"campfire_rested":0,"item_purchase_floors":[4],"current_hp_per_floor":[80,80,80,80,80,80,80,80,80,60,60,66,66,62,62,59,59],"gold":192,"neow_bonus":"THREE_ENEMY_KILL","is_daily":false,"chose_seed":false,"campfire_upgraded":2,"win_rate":0.0,"timestamp":1607680063,"path_taken":["M","?","?","$","M","$","R","E","T","?","?","M","E","?","R","BOSS"],"items_purchased_type":["Card"],"build_version":"2020-11-30","purchased_purges":1,"victory":false,"max_hp_per_floor":[80,80,80,80,80,80,80,80,80,80,80,80,80,80,80,80,80],"card_choices":[{"not_picked":["True Grit","Blood for Blood","Intimidate"],"picked":"SKIP","floor":1},{"not_picked":["Pommel Strike","Perfected Strike"],"picked":"Sword Boomerang","floor":5},{"not_picked":["Cleave","True Grit","Ghostly Armor"],"picked":"SKIP","floor":8},{"not_picked":["Wild Strike","Warcry"],"picked":"Metallicize","floor":12},{"not_picked":["Bludgeon","Blood for Blood","Anger"],"picked":"SKIP","floor":13},{"not_picked":["Pommel Strike","Clothesline"],"picked":"Entrench","floor":14}],"player_experience":244973,"relics_obtained":[{"floor":8,"key":"Oddly Smooth Stone"},{"floor":9,"key":"Whetstone"},{"floor":11,"key":"Self Forming Clay"},{"floor":13,"key":"Du-Vu Doll"}],"event_choices":[{"damage_healed":0,"gold_gain":0,"player_choice":"Leave","damage_taken":0,"max_hp_gain":0,"max_hp_loss":0,"event_name":"The Cleric","floor":2,"gold_loss":0},{"damage_healed":0,"gold_gain":0,"player_choice":"Box","damage_taken":0,"relics_obtained":["Vajra"],"max_hp_gain":0,"max_hp_loss":0,"event_name":"Big Fish","floor":3,"gold_loss":0,"cards_obtained":["Regret"]},{"damage_healed":0,"gold_gain":0,"player_choice":"Take Damage","damage_taken":20,"relics_obtained":["Golden Idol"],"max_hp_gain":0,"max_hp_loss":0,"event_name":"Golden Idol","floor":10,"gold_loss":0}],"is_beta":false,"boss_relics":[],"items_purged_floors":[4],"is_endless":false,"potions_floor_spawned":[5,8,13,14],"killed_by":"Slime Boss","ascension_level":0}}