{"host":"7k7fhzlbqzyu5ijh","time":1607712974,"event":{"mods":["AchievementEnabler","BaseMod","Bestiary","Colored Map","Colored Powertips","Filter the Spire","Minty Spire (QoL Compilation)","RNG Fix","Relic Stats"],"gold_per_floor":[114,132,152,169,169,169,194,194,218,218,239,239,239],"floor_reached":12,"playtime":954,"items_purged":[],"score":90,"play_id":"76cf6320-0eb1-4cb8-a1ad-4030d194294e","local_time":"20201211135614","is_ascension_mode":true,"campfire_choices":[{"data":"Berserk","floor":6.0,"key":"SMITH"},{"data":"True Grit","floor":8.0,"key":"SMITH"},{"data":"Shockwave","floor":10.0,"key":"SMITH"}],"circlet_count":0,"master_deck":["Strike_R","Strike_R","Strike_R","Strike_R","Strike_R","Defend_R","Defend_R","Defend_R","Defend_R","Bash","Berserk+1","Thunderclap","True Grit+1","Shockwave+1","Cleave","Whirlwind"],"relics":["Burning Blood","Golden Idol","Tiny Chest"],"acts_visited":["Exordium"],"potions_floor_usage":[],"damage_taken":[{"damage":11.0,"enemies":"Cultist","floor":1.0,"turns":4.0},{"damage":9.0,"enemies":"Jaw Worm","floor":2.0,"turns":6.0},{"damage":0.0,"enemies":"Small Slimes","floor":3.0,"turns":3.0},{"damage":6.0,"enemies":"Looter","floor":4.0,"turns":4.0},{"damage":25.0,"enemies":"Large Slime","floor":7.0,"turns":6.0},{"damage":17.0,"enemies":"Exordium Thugs","floor":11.0,"turns":7.0},{"damage":50,"enemies":"3 Sentries","floor":12,"turns":4}],"seed_played":"-5441218381281633847","potions_obtained":[{"floor":1.0,"key":"Swift Potion"},{"floor":3.0,"key":"Energy Potion"},{"floor":4.0,"key":"BloodPotion"},{"floor":11.0,"key":"DuplicationPotion"}],"is_trial":false,"path_per_floor":["M","M","M","M","?","R","M","R","T","R","M","E"],"character_chosen":"IRONCLAD","items_purchased":[],"campfire_rested":0,"item_purchase_floors":[],"current_hp_per_floor":[75,72,78,78,58,58,55,55,55,55,44,0,0],"gold":239,"neow_bonus":"ONE_RANDOM_RARE_CARD","is_daily":false,"chose_seed":false,"campfire_upgraded":3,"win_rate":0.0,"timestamp":1607712974,"path_taken":["M","M","?","M","?","R","M","R","T","R","M","E"],"items_purchased_type":[],"build_version":"2020-11-30","purchased_purges":0,"victory":false,"max_hp_per_floor":[80,80,80,80,80,80,80,80,80,80,80,80,80],"relic_stats":{"counters":[7,34],"Golden Idol":9,"Tiny Chest":0,"obtain_stats":[{"Golden Idol":5,"Tiny Chest":9,"Burning Blood":0},{"Golden Idol":4,"Tiny Chest":5,"Burning Blood":0},{"Golden Idol":17,"Tiny Chest":23,"Burning Blood":0}],"Burning Blood":36},"card_choices":[{"not_picked":["Heavy Blade","Perfected Strike"],"picked":"Thunderclap","floor":1.0},{"not_picked":["Dark Embrace","Warcry"],"picked":"True Grit","floor":2.0},{"not_picked":["Rage","Armaments"],"picked":"Shockwave","floor":3.0},{"not_picked":["Warcry","Flex"],"picked":"Cleave","floor":4.0},{"not_picked":["Combust","Fire Breathing","Shockwave"],"picked":"SKIP","floor":7.0},{"not_picked":["Dark Embrace","Seeing Red"],"picked":"Whirlwind","floor":11.0}],"player_experience":355997,"relics_obtained":[{"floor":9.0,"key":"Tiny Chest"}],"event_choices":[{"damage_healed":0.0,"max_hp_gain":0.0,"max_hp_loss":0.0,"gold_gain":0.0,"event_name":"Golden Idol","player_choice":"Take Damage","floor":5.0,"gold_loss":0.0,"damage_taken":20.0,"relics_obtained":["Golden Idol"]}],"is_beta":false,"boss_relics":[],"items_purged_floors":[],"is_endless":false,"potions_floor_spawned":[1,3,4,11],"killed_by":"3 Sentries","ascension_level":5}}