{"host":"ez767vrydzojtnp0","time":1607703154,"event":{"mods":["Act Like it!","Aspiration","BaseMod","Better Note","BetterRewards","Challenge The Spire","Colored Powertips","Conspire","GifTheSpireLib","Hermit","Hubris","Infinite Spire","Minty Spire (QoL Compilation)","Quick Restart","Rare Cards Sparkle","Relic Stats","Replay The Spire","Shop Mod","Spikes Relics","StSLib","Stuff the Spire","SuperFastMode","everything is the same but u backflip on backflip","slay the spire mod where everything is the same but ironclad has a cowboy hat","vexMod"],"gold_per_floor":[116,132,132,151,6,6,40,56,56,56,121,121,121,121,121,121,121,223,223,234,250,250,250,264,264,264,264],"floor_reached":26,"playtime":899,"items_purged":[],"score":304,"play_id":"0dde5b02-ba88-4888-b747-38f98bc79313","local_time":"20201211141234","is_ascension_mode":false,"campfire_choices":[{"floor":6,"key":"RECALL"},{"data":"Bash","floor":10,"key":"SMITH"},{"floor":13,"key":"REST"},{"data":"conspire:HitWhereItHurts","floor":17,"key":"SMITH"},{"data":"Armaments","floor":25,"key":"SMITH"}],"circlet_count":0,"master_deck":["Strike_R","Strike_R","Strike_R","Strike_R","Strike_R","Defend_R","Defend_R","Defend_R","Bash+1","Invigoration","Intimidate","StuffTheSpire:Incineration","Dropkick","hubris:ReadiedAction","conspire:HitWhereItHurts+1","Cleave","Replay:Fractal Strike","Armaments+1","Replay:Undeath\u0027s Touch","Battle Trance+1"],"relics":["Burning Blood","aspiration:HatOfInfinitePower","StuffTheSpire:Experiment12","Akabeko","hubris:CrystalStatue","StuffTheSpire:EmeraldSignet","Quantum Egg","vexMod:CursedCompass"],"acts_visited":["Exordium","TheCity"],"potions_floor_usage":[7,11,18,26,26,26],"damage_taken":[{"damage":0,"enemies":"Small Slimes","floor":1,"turns":4},{"damage":0,"enemies":"Cultist","floor":2,"turns":3},{"damage":6,"enemies":"Jaw Worm","floor":4,"turns":4},{"damage":24,"enemies":"3 Sentries","floor":7,"turns":8},{"damage":5,"enemies":"3 Louse","floor":8,"turns":3},{"damage":5,"enemies":"3 Sentries","floor":11,"turns":4},{"damage":21,"enemies":"The Guardian","floor":18,"turns":5},{"damage":17,"enemies":"Spheric Guardian","floor":20,"turns":4},{"damage":14,"enemies":"Shell Parasite","floor":21,"turns":5},{"damage":42,"enemies":"Shelled Parasite and Fungi","floor":24,"turns":7},{"damage":54,"enemies":"Nightmare","floor":26,"turns":5}],"seed_played":"-148816738337480048","potions_obtained":[{"floor":1,"key":"LifebloodPotion"},{"floor":3,"key":"Milkshake"},{"floor":3,"key":"Flashbang"},{"floor":3,"key":"Swift Potion"},{"floor":11,"key":"Dexterity Potion"},{"floor":20,"key":"AttackPotion"},{"floor":24,"key":"Elixir"}],"is_trial":false,"path_per_floor":["M","M","?","M","$","R","E","M","T","R","?","?","R","PTL","PTL","$","R","B",null,"M","M","?","?","M","R","NM"],"character_chosen":"IRONCLAD","items_purchased":["StuffTheSpire:Experiment12","Akabeko"],"campfire_rested":1,"item_purchase_floors":[0,5],"current_hp_per_floor":[64,70,70,70,70,70,52,53,53,53,54,33,57,57,57,57,57,42,80,69,67,90,90,54,54,0,0],"gold":264,"neow_bonus":"","is_daily":false,"chose_seed":false,"campfire_upgraded":3,"win_rate":0.0,"timestamp":1607703154,"path_taken":["M","M","?","?","?","R","E","?","T","R","?","?","R","PTL","PTL","?","R","BOSS","M","M","?","?","M","R","NM"],"items_purchased_type":["Relic","Relic"],"build_version":"2020-11-30","purchased_purges":0,"victory":false,"max_hp_per_floor":[80,80,80,80,80,80,80,80,80,80,80,80,80,80,80,80,80,80,80,80,80,90,90,90,90,90,90],"relic_stats":{"counters":[52,251],"obtain_stats":[{"vexMod:PlasmaPancake":0,"StuffTheSpire:Barrel":24,"hubris:CrystalStatue":7,"Torii":22,"Magic Flower":6,"Black Blood":36,"Painkiller Herb":34,"aspiration:PoetsPen_weak":34,"StuffTheSpire:EmeraldSignet":9,"Juzu Bracelet":26,"Sling":24,"Burning Blood":0,"aspiration:RitualStick":27,"StuffTheSpire:Experiment12":0,"hubris:Icosahedron":45,"hubris:ScarierMask":24,"Red Mask":47,"aspiration:ChemicalBlood":32,"Gremlin Food":25,"aspiration:Nostalgia":0,"infinitespire:CursedDice":0,"GiantMaggot":43,"Quantum Egg":11,"Replay:WaspNest":14,"aspiration:SecretTechniqueScroll":17,"Akabeko":5,"infinitespire:EvilPickle":33,"infinitespire:DarkRift":0,"vexMod:CursedCompass":17,"SpikesRelics:DaevaFist":10,"aspiration:HatOfInfinitePower":0,"infinitespire:Midas Blood":26,"hubris:BottledRain":36},{"vexMod:PlasmaPancake":19,"StuffTheSpire:Barrel":31,"hubris:CrystalStatue":45,"Torii":10,"Magic Flower":3,"Black Blood":16,"Painkiller Herb":15,"aspiration:PoetsPen_weak":34,"StuffTheSpire:EmeraldSignet":46,"Juzu Bracelet":31,"Sling":11,"Burning Blood":0,"aspiration:RitualStick":31,"StuffTheSpire:Experiment12":41,"hubris:Icosahedron":39,"hubris:ScarierMask":11,"Red Mask":40,"aspiration:ChemicalBlood":14,"Gremlin Food":12,"aspiration:Nostalgia":0,"infinitespire:CursedDice":19,"GiantMaggot":39,"Quantum Egg":47,"Replay:WaspNest":27,"aspiration:SecretTechniqueScroll":28,"Akabeko":44,"infinitespire:EvilPickle":15,"infinitespire:DarkRift":0,"vexMod:CursedCompass":7,"SpikesRelics:DaevaFist":24,"aspiration:HatOfInfinitePower":41,"infinitespire:Midas Blood":12,"hubris:BottledRain":16},{"vexMod:PlasmaPancake":111,"StuffTheSpire:Barrel":155,"hubris:CrystalStatue":218,"Torii":59,"Magic Flower":8,"Black Blood":96,"Painkiller Herb":92,"aspiration:PoetsPen_weak":170,"StuffTheSpire:EmeraldSignet":221,"Juzu Bracelet":155,"Sling":65,"Burning Blood":0,"aspiration:RitualStick":155,"StuffTheSpire:Experiment12":199,"hubris:Icosahedron":190,"hubris:ScarierMask":65,"Red Mask":194,"aspiration:ChemicalBlood":78,"Gremlin Food":67,"aspiration:Nostalgia":0,"infinitespire:CursedDice":111,"GiantMaggot":190,"Quantum Egg":225,"Replay:WaspNest":134,"aspiration:SecretTechniqueScroll":144,"Akabeko":210,"infinitespire:EvilPickle":92,"infinitespire:DarkRift":0,"vexMod:CursedCompass":39,"SpikesRelics:DaevaFist":125,"aspiration:HatOfInfinitePower":199,"infinitespire:Midas Blood":67,"hubris:BottledRain":96}],"Burning Blood":320},"card_choices":[{"not_picked":["Headbutt","Combust"],"picked":"StuffTheSpire:Incineration","floor":1},{"not_picked":["hubris:SharpeningStone","hubris:ReadiedAction"],"picked":"Dropkick","floor":2},{"not_picked":["Whirlwind","Warcry"],"picked":"hubris:ReadiedAction","floor":4},{"not_picked":["Run Through","Twin Strike"],"picked":"conspire:HitWhereItHurts","floor":7},{"not_picked":["Shrug It Off","Power Through"],"picked":"Cleave","floor":8},{"not_picked":["ReplayTheSpireMod:??????????????????????","infinitespire:Execution"],"picked":"Replay:Fractal Strike","floor":12},{"not_picked":["Immolate","conspire:Purge"],"picked":"Reaper","floor":18},{"not_picked":["Clothesline+1","Headbutt+1"],"picked":"Armaments","floor":20},{"not_picked":["Flex","Sword Boomerang"],"picked":"Replay:Undeath\u0027s Touch","floor":21},{"not_picked":["Defy Death","StuffTheSpire:Slingshot"],"picked":"Battle Trance+1","floor":24}],"player_experience":356965,"relics_obtained":[{"floor":7,"key":"hubris:CrystalStatue"},{"floor":9,"key":"StuffTheSpire:EmeraldSignet"},{"floor":11,"key":"Quantum Egg"}],"event_choices":[{"damage_healed":0,"gold_gain":0,"player_choice":"Got Potions","damage_taken":0,"max_hp_gain":0,"max_hp_loss":0,"event_name":"Lab","floor":3,"gold_loss":0},{"damage_healed":0,"gold_gain":0,"player_choice":"Searched \u00272\u0027 times","damage_taken":0,"max_hp_gain":0,"max_hp_loss":0,"event_name":"Dead Adventurer","floor":11,"gold_loss":0},{"cards_removed":["Reaper"],"damage_healed":13,"gold_gain":0,"player_choice":"Offered Rare","damage_taken":0,"max_hp_gain":10,"max_hp_loss":0,"event_name":"Bonfire Elementals","floor":22,"gold_loss":0},{"damage_healed":0,"gold_gain":0,"player_choice":"Bought 0 Potions","damage_taken":0,"max_hp_gain":0,"max_hp_loss":0,"event_name":"The Woman in Blue","floor":23,"gold_loss":0}],"is_beta":false,"boss_relics":[{"not_picked":["conspire:SlowCooker","vexMod:TanglingVine"],"picked":"vexMod:CursedCompass"}],"items_purged_floors":[],"is_endless":false,"potions_floor_spawned":[1,4,7,11,20,24],"killed_by":"Nightmare","ascension_level":0}}