{"host":"p7j7o00jacnw7qzt","time":1607723257,"event":{"mods":["BaseMod","Colored Map","Colored Powertips","DeckTracker","Highlight Path","Minty Spire (QoL Compilation)","Relic Stats"],"gold_per_floor":[109,122,47,65,65,65,80,98,98,98,98,98],"floor_reached":11,"playtime":336,"items_purged":["Strike_R"],"score":130,"play_id":"e58b8c94-e0b3-4c8f-aa20-bfa2abfffff0","local_time":"20201211164737","is_ascension_mode":true,"campfire_choices":[{"data":"Burning Pact","floor":6.0,"key":"SMITH"},{"data":"Carnage","floor":10.0,"key":"SMITH"}],"circlet_count":0,"master_deck":["AscendersBane","Strike_R","Strike_R","Defend_R","Defend_R","Defend_R","Bash","Shrug It Off","Burning Pact+1","Carnage+1"],"relics":["Burning Blood"],"acts_visited":["Exordium"],"potions_floor_usage":[],"damage_taken":[{"damage":1.0,"enemies":"Cultist","floor":1.0,"turns":3.0},{"damage":0.0,"enemies":"2 Louse","floor":2.0,"turns":3.0},{"damage":12.0,"enemies":"Small Slimes","floor":4.0,"turns":5.0},{"damage":13.0,"enemies":"Blue Slaver","floor":7.0,"turns":4.0},{"damage":22.0,"enemies":"Large Slime","floor":8.0,"turns":5.0},{"damage":32,"enemies":"3 Sentries","floor":11,"turns":3}],"seed_played":"-5532983994628088399","potions_obtained":[{"floor":7.0,"key":"Weak Potion"}],"is_trial":false,"path_per_floor":["M","M","$","M","?","R","M","M","T","R","E"],"character_chosen":"IRONCLAD","items_purchased":[],"campfire_rested":0,"item_purchase_floors":[],"current_hp_per_floor":[55,61,61,55,55,55,48,32,32,32,0,0],"gold":98,"neow_bonus":"REMOVE_TWO","is_daily":false,"chose_seed":false,"campfire_upgraded":2,"win_rate":0.0,"timestamp":1607723257,"path_taken":["M","M","?","M","?","R","M","?","T","R","E"],"items_purchased_type":[],"build_version":"2020-11-30","purchased_purges":1,"victory":false,"max_hp_per_floor":[75,75,75,75,75,75,75,75,75,75,75,75],"relic_stats":{"counters":[6,23],"obtain_stats":[{"Burning Blood":0},{"Burning Blood":0},{"Burning Blood":0}],"Burning Blood":30},"card_choices":[{"not_picked":["Wild Strike","Clothesline"],"picked":"Shrug It Off","floor":1.0},{"not_picked":["Sword Boomerang","Searing Blow"],"picked":"Burning Pact","floor":2.0},{"not_picked":["Uppercut","Heavy Blade","Wild Strike"],"picked":"SKIP","floor":4.0},{"not_picked":["Ghostly Armor","Clothesline"],"picked":"Carnage","floor":7.0},{"not_picked":["Flex","Iron Wave","Thunderclap"],"picked":"SKIP","floor":8.0}],"player_experience":783007,"relics_obtained":[],"event_choices":[{"cards_removed":["Defend_R"],"damage_healed":0.0,"max_hp_gain":0.0,"max_hp_loss":0.0,"gold_gain":0.0,"event_name":"Bonfire Elementals","player_choice":"Offered Basic","floor":5.0,"gold_loss":0.0,"damage_taken":0.0}],"is_beta":false,"boss_relics":[],"items_purged_floors":[3],"is_endless":false,"potions_floor_spawned":[7],"killed_by":"3 Sentries","ascension_level":20}}