{"host":"6rmw1q50jy0xmvyl","time":1607679101,"event":{"mods":["BaseMod","Colored Map","Duelist Mod","Infinite Spire","Minty Spire (QoL Compilation)","Remove Card Discount Mod","StSLib","??????REMEMod"],"gold_per_floor":[118,118,49,66,11,36,55,55,55,66,66,99,24,35,35,140,140,150,130,148,148,148,148,148],"floor_reached":23,"playtime":2749,"items_purged":["Decay","Defend_G","Defend_G","Strike_G","Strike_G","Strike_G","Strike_G","Defend_G","Defend_G","Defend_G","Strike_G"],"score":259,"play_id":"00c65838-4dbb-4b91-b1a1-59da584ab9cc","local_time":"20201211103141","is_ascension_mode":true,"campfire_choices":[{"data":"REME_ShadowForm","floor":8,"key":"SMITH"},{"floor":11,"key":"REST"},{"floor":15,"key":"REST"}],"circlet_count":0,"master_deck":["Survivor","Neutralize","theDuelist:RecklessMetronome","Backflip","Sucker Punch","Backflip","Flying Knee","REME_ShadowForm+1","Well Laid Plans","Burst+1","Catalyst+1","infinitespire:Starlight"],"relics":["Ring of the Snake","REME_ComplimentaryCards","Bird Faced Urn","infinitespire:Bottled Soul","Juzu Bracelet","Pandora\u0027s Box","Question Card"],"acts_visited":["Exordium","TheCity"],"potions_floor_usage":[12,18,20,23],"damage_taken":[{"damage":0.0,"enemies":"2 Louse","floor":1.0,"turns":3.0},{"damage":0.0,"enemies":"Cultist","floor":4.0,"turns":3.0},{"damage":12,"enemies":"Lagavulin","floor":6,"turns":5},{"damage":1,"enemies":"Jaw Worm","floor":7,"turns":2},{"damage":0,"enemies":"Gremlin Gang","floor":10,"turns":4},{"damage":21,"enemies":"3 Sentries","floor":12,"turns":5},{"damage":11,"enemies":"Red Slaver","floor":14,"turns":3},{"damage":24,"enemies":"Hexaghost","floor":16,"turns":6},{"damage":41,"enemies":"2 Thieves","floor":18,"turns":4},{"damage":8,"enemies":"Chosen","floor":20,"turns":3},{"damage":62,"enemies":"Book of Stabbing","floor":23,"turns":7}],"seed_played":"405496024532369123","potions_obtained":[{"floor":1.0,"key":"Block Potion"},{"floor":16,"key":"Poison Potion"},{"floor":19,"key":"Strength Potion"},{"floor":20,"key":"Regen Potion"}],"is_trial":false,"path_per_floor":["M","?","$","M","$","E","M","R","T","M","R","E","$","M","R","B",null,"M","?","M","AVR","?","E"],"character_chosen":"THE_SILENT","items_purchased":["Backflip","Flying Knee","Well Laid Plans"],"campfire_rested":2,"item_purchase_floors":[3,5,13],"current_hp_per_floor":[63,63,63,63,63,51,50,50,50,50,70,49,49,40,61,41,63,26,26,20,20,20,0,0],"gold":148,"neow_bonus":"THREE_CARDS","is_daily":false,"chose_seed":false,"campfire_upgraded":1,"win_rate":0.0,"timestamp":1607679101,"path_taken":["M","?","$","M","$","E","?","R","T","M","R","E","$","M","R","BOSS","M","?","M","AVR","?","E"],"items_purchased_type":["Card","Card","Card"],"build_version":"2020-11-30","purchased_purges":11,"victory":false,"max_hp_per_floor":[70,70,70,70,70,70,70,70,70,70,70,70,70,70,70,70,70,70,70,70,70,70,70,70],"card_choices":[{"not_picked":["PiercingWail","Underhanded Strike"],"picked":"Backflip","floor":0.0},{"not_picked":["Dagger Spray","Skewer"],"picked":"Sucker Punch","floor":1.0},{"not_picked":["Infinite Blades","Concentrate","Choke"],"picked":"SKIP","floor":4.0},{"not_picked":["Blur","Dagger Spray"],"picked":"REME_ShadowForm","floor":6},{"not_picked":["Blade Dance","Finisher","Riddle With Holes"],"picked":"SKIP","floor":7},{"not_picked":["REME_ShadowStrike","Distraction","Dagger Spray"],"picked":"SKIP","floor":10},{"not_picked":["Acrobatics","Prepared","Night Terror"],"picked":"SKIP","floor":12},{"not_picked":["Expertise","Dodge and Roll","Cloak And Dagger"],"picked":"SKIP","floor":14},{"not_picked":["Storm of Steel","Adrenaline"],"picked":"Burst","floor":16},{"not_picked":["Calculated Gamble","Caltrops","Escape Plan"],"picked":"SKIP","floor":18},{"not_picked":["Riddle With Holes","Blade Dance+1"],"picked":"Catalyst+1","floor":20}],"player_experience":491637,"relics_obtained":[{"floor":6,"key":"Bird Faced Urn"},{"floor":9,"key":"infinitespire:Bottled Soul"},{"floor":12,"key":"Juzu Bracelet"}],"event_choices":[{"damage_healed":0.0,"max_hp_gain":0.0,"max_hp_loss":0.0,"gold_gain":0.0,"event_name":"Wheel of Change","player_choice":"Cursed","floor":2.0,"gold_loss":0.0,"damage_taken":0.0,"cards_obtained":["Decay"]},{"damage_healed":0,"gold_gain":0,"player_choice":"Bought 1 Potion","damage_taken":0,"max_hp_gain":0,"max_hp_loss":0,"event_name":"The Woman in Blue","floor":19,"gold_loss":0},{"damage_healed":0,"gold_gain":0,"player_choice":"Upgraded","damage_taken":0,"max_hp_gain":0,"max_hp_loss":0,"event_name":"Upgrade Shrine","floor":22,"gold_loss":0,"cards_upgraded":["Burst"]}],"is_beta":false,"boss_relics":[{"not_picked":["REME_DemonsWealth","Snecko Eye"],"picked":"Pandora\u0027s Box"}],"items_purged_floors":[3,3,3,3,3,3,3,3,3,3,5],"is_endless":false,"potions_floor_spawned":[1,16,20],"killed_by":"Book of Stabbing","ascension_level":6}}