{"host":"f0gpob8hq9vgebej","time":1607995293,"event":{"mods":["AchievementEnabler","BaseMod","Googly Eyes","Minty Spire (QoL Compilation)","Quick Restart","SuperFastMode"],"gold_per_floor":[115,126,145,165,90,90,90,90,113,131,150,5,33,51,51,150,150,120,145,155,166,166,166,200,220,220,220,234,334,349,363,363,462,462,480,497,513,525,361,361,361,361,386,386,411,423,58,74,74,74],"floor_reached":51,"playtime":2491,"items_purged":["Strike_G","Defend_G","Strike_G","Strike_G"],"score":1041,"play_id":"69df274b-e11f-43be-848f-6666af9a534f","local_time":"20201215102133","is_ascension_mode":true,"campfire_choices":[{"data":"Burst","floor":6,"key":"SMITH"},{"data":"Tactician","floor":8,"key":"SMITH"},{"data":"Prepared","floor":15,"key":"SMITH"},{"data":"After Image","floor":23,"key":"SMITH"},{"data":"Prepared","floor":27,"key":"SMITH"},{"floor":32,"key":"REST"},{"data":"Calculated Gamble","floor":40,"key":"SMITH"},{"data":"Acrobatics","floor":42,"key":"SMITH"},{"data":"Neutralize","floor":44,"key":"SMITH"},{"data":"Tactician","floor":49,"key":"SMITH"}],"circlet_count":0,"master_deck":["Defend_G","Defend_G","Survivor","Neutralize+1","Tactician+1","Cloak And Dagger","Cloak And Dagger","Burst+1","Calculated Gamble+1","Accuracy+1","Prepared+1","Blade Dance","Well Laid Plans","After Image+1","CurseOfTheBell","PiercingWail","Accuracy+1","Storm of Steel","Backflip","Prepared+1","Acrobatics+1","Blade Dance+1","Tools of the Trade+1","Accuracy+1","Tactician+1","Footwork+1","Accuracy+1"],"relics":["Ring of the Snake","Toy Ornithopter","Snake Skull","Boot","Calling Bell","Lantern","Frozen Egg 2","FossilizedHelix","Red Mask","Du-Vu Doll","Art of War","Letter Opener","Thread and Needle","StrikeDummy","Empty Cage","Oddly Smooth Stone","PreservedInsect","Orrery"],"acts_visited":["Exordium","TheCity","TheBeyond"],"potions_floor_usage":[11,13,13,19,28,29,33,46,50,50,50],"damage_taken":[{"damage":0,"enemies":"2 Louse","floor":1,"turns":4},{"damage":0,"enemies":"Jaw Worm","floor":2,"turns":5},{"damage":3,"enemies":"Small Slimes","floor":3,"turns":4},{"damage":0,"enemies":"Looter","floor":4,"turns":4},{"damage":2,"enemies":"Gremlin Gang","floor":10,"turns":8},{"damage":0,"enemies":"Lots of Slimes","floor":11,"turns":6},{"damage":14,"enemies":"Gremlin Nob","floor":13,"turns":5},{"damage":0,"enemies":"Red Slaver","floor":14,"turns":4},{"damage":9,"enemies":"Hexaghost","floor":16,"turns":12},{"damage":1,"enemies":"2 Thieves","floor":18,"turns":5},{"damage":20,"enemies":"Masked Bandits","floor":19,"turns":7},{"damage":0,"enemies":"Spheric Guardian","floor":20,"turns":2},{"damage":12,"enemies":"Snake Plant","floor":21,"turns":4},{"damage":0,"enemies":"Book of Stabbing","floor":24,"turns":5},{"damage":0,"enemies":"Centurion and Healer","floor":25,"turns":5},{"damage":0,"enemies":"Shelled Parasite and Fungi","floor":28,"turns":5},{"damage":0,"enemies":"Colosseum Slavers","floor":29,"turns":4},{"damage":30,"enemies":"Colosseum Nobs","floor":29,"turns":7},{"damage":0,"enemies":"Sentry and Sphere","floor":30,"turns":2},{"damage":0,"enemies":"Snake Plant","floor":31,"turns":4},{"damage":0,"enemies":"Champ","floor":33,"turns":4},{"damage":0,"enemies":"3 Darklings","floor":35,"turns":5},{"damage":0,"enemies":"Orb Walker","floor":36,"turns":3},{"damage":0,"enemies":"3 Darklings","floor":37,"turns":3},{"damage":0,"enemies":"Transient","floor":38,"turns":5},{"damage":0,"enemies":"Giant Head","floor":45,"turns":4},{"damage":0,"enemies":"Jaw Worm Horde","floor":46,"turns":3},{"damage":14,"enemies":"Spire Growth","floor":48,"turns":4},{"damage":0,"enemies":"Time Eater","floor":50,"turns":7}],"seed_played":"-292352961905737417","potions_obtained":[{"floor":1,"key":"Weak Potion"},{"floor":3,"key":"Block Potion"},{"floor":11,"key":"ColorlessPotion"},{"floor":18,"key":"SkillPotion"},{"floor":25,"key":"Block Potion"},{"floor":28,"key":"Weak Potion"},{"floor":29,"key":"FearPotion"},{"floor":31,"key":"PowerPotion"},{"floor":33,"key":"SmokeBomb"},{"floor":37,"key":"GhostInAJar"},{"floor":38,"key":"LiquidMemories"},{"floor":46,"key":"EssenceOfSteel"}],"is_trial":false,"path_per_floor":["M","M","M","M","$","R","?","R","T","M","M","$","E","M","R","B",null,"M","?","M","M","T","R","E","M","T","R","M","?","M","M","R","B",null,"M","M","M","M","$","R","?","R","T","R","E","M","$","M","R","B",null],"character_chosen":"THE_SILENT","items_purchased":["Prepared","Accuracy+1","Orrery","Footwork+1"],"campfire_rested":1,"item_purchase_floors":[12,39,47,47],"current_hp_per_floor":[63,63,60,60,60,60,42,42,42,40,45,45,41,41,41,32,63,62,43,43,31,31,31,31,31,31,31,36,11,11,11,29,34,63,63,63,63,63,63,63,63,63,63,63,63,63,63,49,49,63],"gold":74,"neow_bonus":"REMOVE_TWO","is_daily":false,"chose_seed":false,"campfire_upgraded":9,"win_rate":0.0,"timestamp":1607995293,"path_taken":["M","M","M","M","$","R","?","R","T","M","M","$","E","M","R","BOSS","M","?","M","M","?","R","E","M","T","R","M","?","M","M","R","BOSS","M","M","M","M","$","R","?","R","T","R","E","M","$","M","R","BOSS"],"items_purchased_type":["Card","Card","Relic","Card"],"build_version":"2020-12-13","purchased_purges":4,"victory":true,"max_hp_per_floor":[63,63,63,63,63,63,63,63,63,63,63,63,63,63,63,63,63,63,63,63,63,63,63,63,63,63,63,63,63,63,63,63,63,63,63,63,63,63,63,63,63,63,63,63,63,63,63,63,63,63],"card_choices":[{"not_picked":["Backstab","Riddle With Holes"],"picked":"Tactician","floor":1},{"not_picked":["Setup","Sucker Punch"],"picked":"Cloak And Dagger","floor":2},{"not_picked":["Choke","Outmaneuver"],"picked":"Cloak And Dagger","floor":3},{"not_picked":["Crippling Poison","Backflip"],"picked":"Burst","floor":4},{"not_picked":["Concentrate","Riddle With Holes"],"picked":"Calculated Gamble","floor":10},{"not_picked":["Expertise","Tactician"],"picked":"Accuracy","floor":11},{"not_picked":["Flying Knee","Dodge and Roll"],"picked":"Blade Dance","floor":13},{"not_picked":["Masterful Stab","Expertise"],"picked":"Well Laid Plans","floor":14},{"not_picked":["Tools of the Trade","Night Terror"],"picked":"After Image","floor":16},{"not_picked":["Dagger Throw","Masterful Stab"],"picked":"PiercingWail","floor":18},{"not_picked":["Deadly Poison","Expertise"],"picked":"Accuracy+1","floor":19},{"not_picked":["Skewer","Sucker Punch"],"picked":"Storm of Steel","floor":20},{"not_picked":["Crippling Poison","Poisoned Stab+1"],"picked":"Backflip","floor":21},{"not_picked":["Deadly Poison","Flying Knee","Outmaneuver+1"],"picked":"SKIP","floor":24},{"not_picked":["Bane","Predator"],"picked":"Prepared","floor":25},{"not_picked":["Well Laid Plans+1","Storm of Steel","PiercingWail"],"picked":"SKIP","floor":28},{"not_picked":["Prepared","PiercingWail+1"],"picked":"Acrobatics","floor":29},{"not_picked":["All Out Attack","Deflect","Slice"],"picked":"SKIP","floor":30},{"not_picked":["Quick Slash","Deadly Poison"],"picked":"Blade Dance+1","floor":31},{"not_picked":["Doppelganger","A Thousand Cuts+1"],"picked":"Tools of the Trade+1","floor":33},{"not_picked":["Infinite Blades+1","Deflect","Poisoned Stab"],"picked":"SKIP","floor":35},{"not_picked":["Deadly Poison+1","Quick Slash","Underhanded Strike+1"],"picked":"SKIP","floor":36},{"not_picked":["Bane","Quick Slash+1","Catalyst"],"picked":"SKIP","floor":37},{"not_picked":["Underhanded Strike+1","Bane+1","Bouncing Flask"],"picked":"SKIP","floor":38},{"not_picked":["Skewer+1","Dagger Spray","Burst"],"picked":"SKIP","floor":45},{"not_picked":["Calculated Gamble","Setup+1","Backflip"],"picked":"SKIP","floor":46},{"not_picked":["Outmaneuver+1","Unload"],"picked":"Tactician","floor":47},{"not_picked":["Quick Slash+1","All Out Attack+1"],"picked":"Accuracy+1","floor":48}],"player_experience":134696,"relics_obtained":[{"floor":9,"key":"Snake Skull"},{"floor":13,"key":"Boot"},{"floor":17,"key":"Lantern"},{"floor":17,"key":"Frozen Egg 2"},{"floor":17,"key":"FossilizedHelix"},{"floor":19,"key":"Red Mask"},{"floor":22,"key":"Du-Vu Doll"},{"floor":24,"key":"Art of War"},{"floor":26,"key":"Letter Opener"},{"floor":29,"key":"Thread and Needle"},{"floor":29,"key":"StrikeDummy"},{"floor":43,"key":"Oddly Smooth Stone"},{"floor":45,"key":"PreservedInsect"}],"event_choices":[{"damage_healed":0,"gold_gain":0,"player_choice":"Success","damage_taken":18,"relics_obtained":["Toy Ornithopter"],"max_hp_gain":0,"max_hp_loss":0,"event_name":"Scrap Ooze","floor":7,"gold_loss":0},{"damage_healed":0,"gold_gain":0,"player_choice":"Fought Bandits","damage_taken":0,"max_hp_gain":0,"max_hp_loss":0,"event_name":"Masked Bandits","floor":19,"gold_loss":0},{"damage_healed":0,"gold_gain":0,"player_choice":"Fight","damage_taken":0,"max_hp_gain":0,"max_hp_loss":0,"event_name":"Colosseum","floor":29,"gold_loss":0},{"damage_healed":0,"gold_gain":0,"player_choice":"Fought Nobs","damage_taken":0,"max_hp_gain":0,"max_hp_loss":0,"event_name":"Colosseum","floor":29,"gold_loss":0},{"damage_healed":0,"gold_gain":0,"player_choice":"Upgraded","damage_taken":0,"max_hp_gain":0,"max_hp_loss":0,"event_name":"Upgrade Shrine","floor":41,"gold_loss":0,"cards_upgraded":["Accuracy"]}],"is_beta":false,"boss_relics":[{"not_picked":["Ectoplasm","Snecko Eye"],"picked":"Calling Bell"},{"not_picked":["Sozu","Astrolabe"],"picked":"Empty Cage"}],"items_purged_floors":[5,12,39,47],"is_endless":false,"potions_floor_spawned":[1,3,11,18,25,28,29,29,31,33,37,38,46],"ascension_level":4}}