{"host":"41zuqv3z4fqqx8y0","time":1607997706,"event":{"mods":["BaseMod","Minty Spire (QoL Compilation)","Replay The Spire","StSLib","The Servant 0.9.4"],"gold_per_floor":[113,127,142,161,173,173,185,185,185,205,58,58,58,70,70,170,170,182,200,200,100,135,135,152,152,152,184,195,195,209,84,84,182,182,199,209,59,59,59,84,94,106,131,131,162,175,222,237,237,237,237,237,66,101,101],"floor_reached":56,"playtime":5900,"items_purged":["Strike_S","Strike_S","Strike_S","Strike_S"],"score":1448,"play_id":"cb27d81f-0cc0-45d9-8504-46d1ac2aec6b","local_time":"20201215030146","is_ascension_mode":false,"campfire_choices":[{"data":"Luminosity","floor":6,"key":"SMITH"},{"data":"Hightail","floor":8,"key":"SMITH"},{"data":"FloweringNight","floor":12,"key":"SMITH"},{"data":"Collapse","floor":15,"key":"SMITH"},{"data":"Solidify","floor":23,"key":"SMITH"},{"data":"MoonPhase","floor":25,"key":"SMITH"},{"data":"Luminosity","floor":29,"key":"SMITH"},{"data":"Comet","floor":32,"key":"SMITH"},{"floor":49,"key":"RECALL"},{"data":"BottledTime","floor":52,"key":"SMITH"}],"circlet_count":0,"master_deck":["Defend_S","Defend_S","Defend_S","Defend_S","KidneyShot","Exchange","Barrier","Comet+1","Collapse+1","LightFlow","Unruled","Luminosity+1","Hightail+1","BottledTime+1","FloweringNight+1","MoonPhase+1","SpecialFormula","Solidify+1","InstantArmor","Luminosity+1","MurderousAura","SilverBlades+1","Foresight+1","SpecialFormula","Dilation","DualDimension+1","BestPractice+1","Crow Ritual"],"relics":["Uniform","Prayer Wheel","Kunai","Replay:Bronze Core","Nilry\u0027s Codex","CaptainsWheel","Bottled Lightning","Happy Flower","Replay:Bottled Eggs","Replay:Accelerometer","Mango","Replay:Rubber Ducky"],"acts_visited":["Exordium","TheCity","TheBeyond","TheEnding"],"potions_floor_usage":[5,10,54],"damage_taken":[{"damage":0,"enemies":"Cultist","floor":1,"turns":4},{"damage":5,"enemies":"Small Slimes","floor":2,"turns":3},{"damage":0,"enemies":"Jaw Worm","floor":3,"turns":6},{"damage":1,"enemies":"Exordium Wildlife","floor":4,"turns":6},{"damage":8,"enemies":"3 Louse","floor":5,"turns":4},{"damage":4,"enemies":"Blue Slaver","floor":7,"turns":3},{"damage":8,"enemies":"Lots of Slimes","floor":10,"turns":7},{"damage":0,"enemies":"Large Slime","floor":14,"turns":8},{"damage":0,"enemies":"Fading Forest","floor":16,"turns":11},{"damage":0,"enemies":"Chosen","floor":18,"turns":5},{"damage":0,"enemies":"Spheric Guardian","floor":19,"turns":6},{"damage":5,"enemies":"Shelled Parasite and Fungi","floor":24,"turns":4},{"damage":0,"enemies":"Gremlin Leader","floor":27,"turns":7},{"damage":0,"enemies":"3 Cultists","floor":28,"turns":4},{"damage":0,"enemies":"Snake Plant","floor":30,"turns":7},{"damage":0,"enemies":"Automaton","floor":33,"turns":5},{"damage":0,"enemies":"3 Shapes","floor":35,"turns":4},{"damage":0,"enemies":"Orb Walker","floor":36,"turns":4},{"damage":0,"enemies":"Giant Head","floor":40,"turns":7},{"damage":0,"enemies":"3 Darklings","floor":41,"turns":7},{"damage":0,"enemies":"Maw","floor":42,"turns":6},{"damage":0,"enemies":"Nemesis","floor":45,"turns":9},{"damage":0,"enemies":"Spire Growth","floor":46,"turns":5},{"damage":0,"enemies":"2 Orb Walkers","floor":47,"turns":7},{"damage":0,"enemies":"Sphere and 2 Shapes","floor":48,"turns":4},{"damage":0,"enemies":"Donu and Deca","floor":50,"turns":5},{"damage":16,"enemies":"Shield and Spear","floor":54,"turns":8},{"damage":2,"enemies":"The Heart","floor":55,"turns":11}],"seed_played":"4339218772568284883","potions_obtained":[{"floor":3,"key":"EssenceOfSteel"},{"floor":7,"key":"Regen Potion"},{"floor":10,"key":"SteroidPotion"},{"floor":18,"key":"Swift Potion"},{"floor":24,"key":"PowerPotion"},{"floor":28,"key":"Fire Potion"}],"is_trial":false,"path_per_floor":["M","M","M","M","M","R","M","R","T","M","$","R","?","M","R","B",null,"M","M","?","$","?","R","M","R","T","E","M","R","M","$","R","B",null,"M","M","$","?","$","E","M","M","T","$","E","M","?","M","R","B",null,"R","$","E","B",null],"character_chosen":"THE_SERVANT","items_purchased":["FloweringNight","Crow Ritual"],"campfire_rested":0,"item_purchase_floors":[11,53],"current_hp_per_floor":[59,54,54,53,45,45,41,41,41,48,48,48,48,48,48,59,59,59,59,43,43,43,43,38,38,38,38,38,38,43,43,43,48,59,59,59,59,56,56,56,56,56,56,56,56,56,70,70,70,70,70,70,70,64,70],"gold":101,"neow_bonus":"ONE_RARE_RELIC","is_daily":false,"chose_seed":false,"campfire_upgraded":9,"win_rate":0.0,"timestamp":1607997706,"path_taken":["M","?","M","M","M","R","M","R","T","M","?","R","?","?","R","BOSS","M","M","?","$","?","R","M","R","T","E","M","R","M","$","R","BOSS","M","M","?","?","?","E","M","?","T","$","E","M","?","M","R","BOSS","R","$","E","BOSS"],"items_purchased_type":["Card","Card"],"build_version":"2020-12-13","purchased_purges":4,"victory":true,"max_hp_per_floor":[59,59,59,59,59,59,59,59,59,59,59,59,59,59,59,59,59,59,59,59,59,59,59,59,59,59,59,59,59,59,59,59,59,59,59,59,59,56,56,56,56,56,56,56,56,56,70,70,70,70,70,70,70,70,70],"card_choices":[{"not_picked":["Spin","Starlight"],"picked":"Barrier","floor":1},{"not_picked":["FastForward","Alleviate"],"picked":"Comet","floor":1},{"not_picked":["Spin","Potential"],"picked":"Collapse","floor":2},{"not_picked":["Replace","Rewind","Unruled"],"picked":"SKIP","floor":2},{"not_picked":["Unruled","Rewind"],"picked":"LightFlow","floor":3},{"not_picked":["Potential","Unruled","Revamp"],"picked":"SKIP","floor":3},{"not_picked":["Potential","Revamp"],"picked":"Unruled","floor":3},{"not_picked":["Ricochet","GearUp","Spin"],"picked":"SKIP","floor":4},{"not_picked":["Starlight","Moondial","Unruled"],"picked":"SKIP","floor":4},{"not_picked":["TimeWarp","SilverBlades"],"picked":"Luminosity","floor":5},{"not_picked":["LightFlow","Misdirection","Replace"],"picked":"SKIP","floor":5},{"not_picked":["ShatteredReality","DoubleEdge"],"picked":"Hightail","floor":7},{"not_picked":["Alleviate","ShatteredReality","FastForward"],"picked":"SKIP","floor":7},{"not_picked":["TimeWarp","Collapse"],"picked":"BottledTime","floor":10},{"not_picked":["Rewind","Shuttle","Revamp"],"picked":"SKIP","floor":10},{"not_picked":["Rewind","Shuttle","Revamp"],"picked":"SKIP","floor":10},{"not_picked":["Defy","Snipe"],"picked":"MoonPhase","floor":14},{"not_picked":["Potential","ReturningBlade"],"picked":"SpecialFormula","floor":14},{"not_picked":["Embodiment","FloweringNight"],"picked":"Solidify","floor":16},{"not_picked":["Starlight","Replace","Unruled"],"picked":"SKIP","floor":18},{"not_picked":["ShiftingGears+1","Rearm","ShatteredReality"],"picked":"SKIP","floor":18},{"not_picked":["Moondial","BottledTime","Ricochet"],"picked":"SKIP","floor":19},{"not_picked":["Gouge","Ricochet","Alleviate"],"picked":"SKIP","floor":19},{"not_picked":["ShatteredReality","ShiftingGears+1"],"picked":"InstantArmor","floor":22},{"not_picked":["Unruled","Duplication","Rewind"],"picked":"SKIP","floor":24},{"not_picked":["GearUp","Contraction","Revamp"],"picked":"SKIP","floor":24},{"not_picked":["Barrier+1","Sabotage"],"picked":"Luminosity","floor":27},{"not_picked":["Ricochet","Moonlight","Rearm+1"],"picked":"SKIP","floor":28},{"not_picked":["Moonlight","Manipulate","Comet"],"picked":"SKIP","floor":28},{"not_picked":["Replace","Revamp","Ricochet+1"],"picked":"SKIP","floor":30},{"not_picked":["Desolation","Defy+1","BottledTime"],"picked":"SKIP","floor":30},{"not_picked":["ForgedInTime","Deny"],"picked":"MurderousAura","floor":33},{"not_picked":["Revamp","Misdirection+1"],"picked":"SilverBlades+1","floor":35},{"not_picked":["Revamp+1","FanOfKnives","StarChef"],"picked":"SKIP","floor":35},{"not_picked":["Rearm","Spin"],"picked":"Foresight","floor":36},{"not_picked":["Rewind","Defy"],"picked":"SpecialFormula","floor":36},{"not_picked":["Advance+1","Rewind+1"],"picked":"Dilation","floor":40},{"not_picked":["ShatteredReality+1","Starlight+1","BottledTime"],"picked":"SKIP","floor":41},{"not_picked":["Replace","SpecialFormula+1","Ricochet"],"picked":"SKIP","floor":41},{"not_picked":["SpecialFormula","Rearm+1","InstantArmor"],"picked":"SKIP","floor":42},{"not_picked":["Rearm","Rewind","RealityMarble+1"],"picked":"SKIP","floor":42},{"not_picked":["Alleviate+1","Starlight","DoubleEdge+1"],"picked":"SKIP","floor":45},{"not_picked":["Unruled","FastForward","Contraction+1"],"picked":"SKIP","floor":46},{"not_picked":["Spin","SilverBlades","Replace+1"],"picked":"SKIP","floor":46},{"not_picked":["Unruled","FastForward","Contraction+1"],"picked":"SKIP","floor":46},{"not_picked":["Spin","SilverBlades","Replace+1"],"picked":"SKIP","floor":46},{"not_picked":["TimeWarp+1","Ricochet+1"],"picked":"DualDimension+1","floor":48},{"not_picked":["ShatteredReality+1","TimeWarp"],"picked":"BestPractice+1","floor":48},{"not_picked":["LightFlow","Desolation","Rewind"],"picked":"SKIP","floor":54}],"player_experience":571653,"relics_obtained":[{"floor":9,"key":"Kunai"},{"floor":20,"key":"Nilry\u0027s Codex"},{"floor":22,"key":"CaptainsWheel"},{"floor":26,"key":"Bottled Lightning"},{"floor":27,"key":"Happy Flower"},{"floor":40,"key":"Replay:Bottled Eggs"},{"floor":45,"key":"Replay:Accelerometer"},{"floor":47,"key":"Mango"},{"floor":54,"key":"Replay:Rubber Ducky"}],"event_choices":[{"damage_healed":0,"gold_gain":0,"player_choice":"Ignored","damage_taken":0,"max_hp_gain":0,"max_hp_loss":0,"event_name":"Liars Game","floor":13,"gold_loss":0},{"damage_healed":0,"gold_gain":0,"player_choice":"Obtained Book","damage_taken":16,"max_hp_gain":0,"max_hp_loss":0,"event_name":"Cursed Tome","floor":20,"gold_loss":0},{"damage_healed":0,"gold_gain":0,"player_choice":"Max HP","damage_taken":0,"max_hp_gain":0,"max_hp_loss":3,"event_name":"Winding Halls","floor":38,"gold_loss":0},{"damage_healed":0,"gold_gain":0,"player_choice":"Fight","damage_taken":0,"max_hp_gain":0,"max_hp_loss":0,"event_name":"Mysterious Sphere","floor":47,"gold_loss":0}],"is_beta":false,"boss_relics":[{"not_picked":["Abe\u0027s Treasure","Honey Jar"],"picked":"Replay:Bronze Core"},{"not_picked":["Astrolabe","Cursed Key","Kintsugi"]}],"items_purged_floors":[11,21,31,37],"is_endless":false,"potions_floor_spawned":[3,7,10,18,24,28,41,42,45,47,48],"ascension_level":0}}