{"host":"enfgzo6yn4zdbao9","time":1608000296,"event":{"mods":["AchievementEnabler","BaseMod","Colored Powertips","Minty Spire (QoL Compilation)","Relic Stats","StSLib","slay the spire mod where everything is the same but ironclad has a cowboy hat"],"gold_per_floor":[118,118,193,38,38,71,71,97,123,156,156,4,4,22,22,125,125,138,166,182,182,200,200,235,245,271,271,291,325,325,9,9,106,106,126,144,366,415,427,455,466,94,176,24,39,49,68,91,91,91,91,91,56,86,86],"floor_reached":56,"playtime":4327,"items_purged":["Regret","Zap"],"score":1750,"play_id":"09afcaa0-13a8-4e95-9e23-c6dc7d00e736","local_time":"20201214184456","is_ascension_mode":true,"campfire_choices":[{"floor":7.0,"key":"REST"},{"floor":11.0,"key":"REST"},{"data":"Buffer","floor":15.0,"key":"SMITH"},{"floor":23.0,"key":"REST"},{"floor":27,"key":"REST"},{"floor":32,"key":"REST"},{"floor":49,"key":"RECALL"},{"floor":52,"key":"REST"}],"circlet_count":0,"master_deck":["Dualcast","Heatsinks","Biased Cognition","Ball Lightning","Go for the Eyes+1","Hyperbeam","Glacier+1","Ball Lightning","Buffer+1","Undo","Storm","Redo","Turbo","Self Repair","Cold Snap","Auto Shields","Static Discharge","Biased Cognition","Ball Lightning","Darkness","Machine Learning","Coolheaded","Sweeping Beam+1","Doom and Gloom+1","Heatsinks","Amplify","Conserve Battery+1","Capacitor+1","Stack+1","Doom and Gloom+1","Barrage+1","Redo+1","Glacier+1","Defragment+1","Apotheosis","Fission","Amplify","Defragment","Static Discharge","Consume+1"],"relics":["Pandora\u0027s Box","Ginger","Dead Branch","Du-Vu Doll","Omamori","Incense Burner","Gambling Chip","Fusion Hammer","Red Mask","Meat on the Bone","HornCleat","Membership Card","Prayer Wheel","Sozu","FossilizedHelix","Happy Flower","TungstenRod","Symbiotic Virus","MealTicket","Bronze Scales","Pen Nib"],"acts_visited":["Exordium","TheCity","TheBeyond","TheEnding"],"potions_floor_usage":[40,41],"damage_taken":[{"damage":0.0,"enemies":"2 Louse","floor":1.0,"turns":1.0},{"damage":10.0,"enemies":"Gremlin Nob","floor":6.0,"turns":5.0},{"damage":20.0,"enemies":"3 Sentries","floor":8.0,"turns":6.0},{"damage":1.0,"enemies":"Lagavulin","floor":10.0,"turns":6.0},{"damage":0.0,"enemies":"Jaw Worm","floor":14.0,"turns":3.0},{"damage":19.0,"enemies":"The Guardian","floor":16.0,"turns":11.0},{"damage":0.0,"enemies":"Chosen","floor":18.0,"turns":6.0},{"damage":10.0,"enemies":"Masked Bandits","floor":19.0,"turns":3.0},{"damage":8.0,"enemies":"2 Thieves","floor":20.0,"turns":4.0},{"damage":5.0,"enemies":"Centurion and Healer","floor":22.0,"turns":4.0},{"damage":16,"enemies":"Book of Stabbing","floor":24,"turns":5},{"damage":0,"enemies":"Snecko","floor":25,"turns":4},{"damage":5,"enemies":"Snake Plant","floor":28,"turns":3},{"damage":26,"enemies":"Slavers","floor":29,"turns":5},{"damage":27,"enemies":"Champ","floor":33,"turns":10},{"damage":0,"enemies":"3 Shapes","floor":35,"turns":3},{"damage":0,"enemies":"3 Darklings","floor":36,"turns":4},{"damage":35,"enemies":"2 Orb Walkers","floor":38,"turns":6},{"damage":0,"enemies":"Writhing Mass","floor":39,"turns":4},{"damage":0,"enemies":"Nemesis","floor":40,"turns":9},{"damage":0,"enemies":"Maw","floor":41,"turns":4},{"damage":0,"enemies":"Transient","floor":45,"turns":5},{"damage":0,"enemies":"Spire Growth","floor":46,"turns":5},{"damage":0,"enemies":"Sphere and 2 Shapes","floor":47,"turns":4},{"damage":0,"enemies":"Time Eater","floor":50,"turns":8},{"damage":10,"enemies":"Shield and Spear","floor":54,"turns":4},{"damage":92,"enemies":"The Heart","floor":55,"turns":7}],"seed_played":"7947399418307094880","potions_obtained":[{"floor":10.0,"key":"BlessingOfTheForge"},{"floor":14.0,"key":"FairyPotion"},{"floor":19.0,"key":"PotionOfCapacity"},{"floor":20.0,"key":"Swift Potion"},{"floor":24,"key":"EssenceOfSteel"}],"is_trial":false,"path_per_floor":["M","?","?","$","?","E","R","E","T","E","R","$","?","M","R","B",null,"M","?","M","?","M","R","E","M","T","R","M","E","?","$","R","B",null,"M","M","?","?","M","E","M","$","T","$","M","M","M","T","R","B",null,"R","$","E","B",null],"character_chosen":"DEFECT","items_purchased":["Storm","Self Repair","Cold Snap","Auto Shields","Membership Card","Heatsinks","Prayer Wheel","Apotheosis","Fission","TungstenRod","Amplify","Defragment","MealTicket","Static Discharge"],"campfire_rested":6,"item_purchase_floors":[4,12,12,12,31,31,31,42,42,42,44,44,44,53],"current_hp_per_floor":[68,68,57,57,42,32,54,34,34,33,55,55,52,52,52,40,66,73,63,62,62,57,75,66,73,73,75,75,56,42,42,66,58,75,75,80,80,52,52,59,66,66,66,66,73,80,80,80,80,80,80,80,80,80,36],"gold":86,"neow_bonus":"BOSS_RELIC","is_daily":false,"chose_seed":false,"campfire_upgraded":1,"win_rate":0.0,"timestamp":1608000296,"path_taken":["M","?","?","$","?","E","R","E","T","E","R","$","?","M","R","BOSS","M","?","M","?","M","R","E","M","T","R","?","E","?","?","R","BOSS","M","M","?","?","M","E","M","?","T","$","?","?","M","?","R","BOSS","R","$","E","BOSS"],"items_purchased_type":["Card","Card","Card","Card","Relic","Card","Relic","Card","Card","Relic","Card","Card","Relic","Card"],"build_version":"2020-12-13","purchased_purges":2,"victory":true,"max_hp_per_floor":[75,75,75,75,75,75,75,75,75,75,75,75,75,75,75,75,75,75,75,75,75,75,75,75,75,75,75,75,75,80,80,80,80,80,80,80,80,80,80,80,80,80,80,80,80,80,80,80,80,80,80,80,80,80,80],"relic_stats":{"Happy Flower":[12],"counters":[27,139],"Dead Branch":[34],"Pen Nib":[0],"Ginger":[16],"Sozu":4,"Gambling Chip":[36],"Bronze Scales":[141],"Pandora\u0027s Box":["Heatsinks","Biased Cognition","Ball Lightning","Go for the Eyes","Hyperbeam","Glacier","Ball Lightning","Buffer"],"Prayer Wheel":7,"MealTicket":0,"obtain_stats":[{"Happy Flower":40,"Dead Branch":6,"Pen Nib":54,"Omamori":9,"Incense Burner":10,"Ginger":2,"Du-Vu Doll":8,"Sozu":34,"HornCleat":29,"Gambling Chip":13,"Bronze Scales":48,"Pandora\u0027s Box":0,"Prayer Wheel":31,"MealTicket":44,"Fusion Hammer":17,"Red Mask":19,"Membership Card":31,"Cracked Core":0,"Symbiotic Virus":43,"FossilizedHelix":38,"TungstenRod":42,"Meat on the Bone":24},{"Happy Flower":20,"Dead Branch":2,"Pen Nib":26,"Omamori":3,"Incense Burner":4,"Ginger":1,"Du-Vu Doll":3,"Sozu":15,"HornCleat":14,"Gambling Chip":4,"Bronze Scales":24,"Pandora\u0027s Box":0,"Prayer Wheel":14,"MealTicket":21,"Fusion Hammer":6,"Red Mask":8,"Membership Card":14,"Cracked Core":0,"Symbiotic Virus":21,"FossilizedHelix":18,"TungstenRod":21,"Meat on the Bone":11},{"Happy Flower":102,"Dead Branch":6,"Pen Nib":132,"Omamori":12,"Incense Burner":18,"Ginger":1,"Du-Vu Doll":12,"Sozu":76,"HornCleat":66,"Gambling Chip":18,"Bronze Scales":120,"Pandora\u0027s Box":0,"Prayer Wheel":66,"MealTicket":106,"Fusion Hammer":32,"Red Mask":41,"Membership Card":66,"Cracked Core":0,"Symbiotic Virus":106,"FossilizedHelix":89,"TungstenRod":106,"Meat on the Bone":54}],"TungstenRod":42,"Meat on the Bone":24},"card_choices":[{"not_picked":["Go for the Eyes","Barrage"],"picked":"Undo","floor":1.0},{"not_picked":["Go for the Eyes","Turbo"],"picked":"Redo","floor":6.0},{"not_picked":["Melter","Rebound"],"picked":"Turbo","floor":8.0},{"not_picked":["Reprogram","Gash","Hologram"],"picked":"SKIP","floor":10.0},{"not_picked":["Rebound","Go for the Eyes"],"picked":"Static Discharge","floor":14.0},{"not_picked":["Buffer","Thunder Strike"],"picked":"Biased Cognition","floor":16.0},{"not_picked":["Leap","Coolheaded"],"picked":"Ball Lightning","floor":18.0},{"not_picked":["Fusion","Gash"],"picked":"Darkness","floor":19.0},{"not_picked":["Go for the Eyes","Redo","Gash"],"picked":"SKIP","floor":20.0},{"not_picked":["Recycle","Steam"],"picked":"Coolheaded","floor":22.0},{"not_picked":["Ball Lightning","Redo"],"picked":"Sweeping Beam+1","floor":24},{"not_picked":["Scrape+1","Hologram","Reinforced Body"],"picked":"SKIP","floor":25},{"not_picked":["Gash","Coolheaded","Cold Snap"],"picked":"SKIP","floor":28},{"not_picked":["Conserve Battery","Reprogram"],"picked":"Doom and Gloom+1","floor":29},{"not_picked":["All For One","Thunder Strike"],"picked":"Amplify","floor":33},{"not_picked":["Streamline+1","Compile Driver+1"],"picked":"Conserve Battery+1","floor":35},{"not_picked":["Capacitor+1","Rip and Tear+1","Reboot"],"picked":"SKIP","floor":35},{"not_picked":["Rip and Tear+1","Reboot"],"picked":"Capacitor+1","floor":35},{"not_picked":["Hologram","Turbo+1"],"picked":"Stack+1","floor":36},{"not_picked":["Melter","Doom and Gloom+1","Capacitor+1"],"picked":"SKIP","floor":36},{"not_picked":["Melter","Capacitor+1"],"picked":"Doom and Gloom+1","floor":36},{"not_picked":["Cold Snap","Scrape+1"],"picked":"Barrage+1","floor":38},{"not_picked":["Rebound","Gash"],"picked":"Redo+1","floor":39},{"not_picked":["Glacier+1","Turbo+1","Leap+1"],"picked":"SKIP","floor":39},{"not_picked":["Turbo+1","Leap+1"],"picked":"Glacier+1","floor":39},{"not_picked":["Conserve Battery","Steam+1","Meteor Strike"],"picked":"SKIP","floor":40},{"not_picked":["Rebound","Hologram+1"],"picked":"Defragment+1","floor":41},{"not_picked":["Redo+1","Skim","Turbo"],"picked":"SKIP","floor":41},{"not_picked":["Turbo","Lockon","Chaos+1"],"picked":"SKIP","floor":45},{"not_picked":["Turbo","Rebound","Genetic Algorithm"],"picked":"SKIP","floor":45},{"not_picked":["Go for the Eyes+1","Turbo+1","Heatsinks"],"picked":"SKIP","floor":46},{"not_picked":["Skim+1","Leap","Undo"],"picked":"SKIP","floor":46},{"not_picked":["Go for the Eyes+1","Turbo+1","Heatsinks"],"picked":"SKIP","floor":46},{"not_picked":["Skim+1","Leap","Undo"],"picked":"SKIP","floor":46},{"not_picked":["Beam Cell","Hologram","Cold Snap"],"picked":"SKIP","floor":47},{"not_picked":["Genetic Algorithm+1","Doom and Gloom","Cold Snap+1"],"picked":"SKIP","floor":47},{"not_picked":["Turbo","Electrodynamics"],"picked":"Consume+1","floor":54}],"player_experience":421624,"relics_obtained":[{"floor":6.0,"key":"Dead Branch"},{"floor":8.0,"key":"Du-Vu Doll"},{"floor":9.0,"key":"Omamori"},{"floor":10.0,"key":"Incense Burner"},{"floor":19.0,"key":"Red Mask"},{"floor":24,"key":"Meat on the Bone"},{"floor":29,"key":"HornCleat"},{"floor":38,"key":"FossilizedHelix"},{"floor":40,"key":"Happy Flower"},{"floor":43,"key":"Symbiotic Virus"},{"floor":48,"key":"Bronze Scales"},{"floor":54,"key":"Pen Nib"}],"event_choices":[{"damage_healed":0.0,"max_hp_gain":0.0,"max_hp_loss":0.0,"gold_gain":0.0,"event_name":"Big Fish","player_choice":"Box","floor":2.0,"gold_loss":0.0,"damage_taken":0.0,"relics_obtained":["Ginger"],"cards_obtained":["Regret"]},{"damage_healed":0.0,"max_hp_gain":0.0,"max_hp_loss":0.0,"gold_gain":75.0,"event_name":"World of Goop","player_choice":"Gather Gold","floor":3.0,"gold_loss":0.0,"damage_taken":11.0},{"damage_healed":0.0,"max_hp_gain":0.0,"max_hp_loss":0.0,"gold_gain":0.0,"event_name":"Shining Light","player_choice":"Entered Light","floor":5.0,"gold_loss":0.0,"damage_taken":15.0,"cards_upgraded":["Glacier","Go for the Eyes"]},{"damage_healed":0.0,"max_hp_gain":0.0,"max_hp_loss":0.0,"gold_gain":0.0,"event_name":"Scrap Ooze","player_choice":"Success","floor":13.0,"gold_loss":0.0,"damage_taken":3.0,"relics_obtained":["Gambling Chip"]},{"damage_healed":0.0,"max_hp_gain":0.0,"max_hp_loss":0.0,"gold_gain":0.0,"event_name":"Masked Bandits","player_choice":"Fought Bandits","floor":19.0,"gold_loss":0.0,"damage_taken":0.0},{"damage_healed":0.0,"max_hp_gain":0.0,"max_hp_loss":0.0,"gold_gain":0.0,"event_name":"The Library","player_choice":"Read","floor":21.0,"gold_loss":0.0,"damage_taken":0.0,"cards_obtained":["Machine Learning"]},{"damage_healed":0,"gold_gain":0,"player_choice":"Shed Blood","damage_taken":19,"max_hp_gain":5,"max_hp_loss":0,"event_name":"Forgotten Altar","floor":30,"gold_loss":0},{"damage_healed":0,"gold_gain":222,"player_choice":"Wore Mask","damage_taken":0,"max_hp_gain":0,"max_hp_loss":0,"event_name":"Tomb of Lord Red Mask","floor":37,"gold_loss":0},{"damage_healed":0,"gold_gain":0,"player_choice":"Fight","damage_taken":0,"max_hp_gain":0,"max_hp_loss":0,"event_name":"Mysterious Sphere","floor":38,"gold_loss":0}],"is_beta":false,"boss_relics":[{"not_picked":["SacredBark","Velvet Choker"],"picked":"Fusion Hammer"},{"not_picked":["Tiny House","Black Star"],"picked":"Sozu"}],"items_purged_floors":[4,42],"is_endless":false,"potions_floor_spawned":[10,14,19,20,24,36,39,40,54],"ascension_level":9}}