{"host":"h7phgxvratutj9mx","time":1607996313,"event":{"mods":["BaseMod","Highlight Path","Minty Spire (QoL Compilation)"],"gold_per_floor":[216,56,56,67,81,81,111,129,129,159,179,179,199,255,255,360,360,373,373,423,92,108,108,136,136,206,221,221,221],"floor_reached":28,"playtime":1662,"items_purged":["Defend_P","Strike_P"],"score":273,"play_id":"76cb7487-a22b-48a0-a3be-bcf6ffc51818","local_time":"25631215083833","is_ascension_mode":true,"campfire_choices":[{"data":"Eruption","floor":6,"key":"SMITH"},{"floor":15,"key":"REST"},{"floor":23,"key":"REST"},{"floor":25,"key":"REST"}],"circlet_count":0,"master_deck":["Strike_P","Strike_P","Strike_P","Defend_P","Defend_P","Defend_P","Eruption+1","Vigilance","Evaluate","ReachHeaven","Evaluate","Crescendo","FollowUp","EmptyBody","EmptyFist","Evaluate","FollowUp","BowlingBash","Alpha","JustLucky","Swivel","ThirdEye","EmptyBody"],"relics":["PureWater","Mummified Hand","Letter Opener","Damaru","Gremlin Horn","Singing Bowl","Fusion Hammer","MutagenicStrength","GoldenEye","Shuriken"],"acts_visited":["Exordium","TheCity"],"potions_floor_usage":[7,14,16,16,16,16,16,16],"damage_taken":[{"damage":0,"enemies":"2 Louse","floor":1,"turns":3},{"damage":0,"enemies":"Cultist","floor":4,"turns":3},{"damage":0,"enemies":"Small Slimes","floor":5,"turns":2},{"damage":14,"enemies":"Gremlin Nob","floor":7,"turns":3},{"damage":20,"enemies":"Exordium Thugs","floor":8,"turns":2},{"damage":7,"enemies":"Lagavulin","floor":10,"turns":4},{"damage":3,"enemies":"Exordium Wildlife","floor":11,"turns":4},{"damage":0,"enemies":"Large Slime","floor":13,"turns":3},{"damage":17,"enemies":"Lagavulin Event","floor":14,"turns":6},{"damage":29,"enemies":"The Guardian","floor":16,"turns":8},{"damage":23,"enemies":"Shell Parasite","floor":18,"turns":5},{"damage":14,"enemies":"2 Thieves","floor":22,"turns":4},{"damage":30,"enemies":"Book of Stabbing","floor":24,"turns":5},{"damage":10,"enemies":"Centurion and Healer","floor":27,"turns":4},{"damage":14,"enemies":"Snake Plant","floor":28,"turns":3}],"seed_played":"3885192173741040617","potions_obtained":[{"floor":1,"key":"CultistPotion"},{"floor":3,"key":"Block Potion"},{"floor":3,"key":"BottledMiracle"},{"floor":3,"key":"DuplicationPotion"},{"floor":8,"key":"PowerPotion"},{"floor":13,"key":"EntropicBrew"},{"floor":14,"key":"SkillPotion"},{"floor":16,"key":"StancePotion"},{"floor":22,"key":"LiquidBronze"}],"is_trial":false,"path_per_floor":["M","$","?","M","M","R","E","M","T","E","M","T","M","?","R","B",null,"M","?","?","$","M","R","E","R","T","M","M"],"character_chosen":"WATCHER","items_purchased":["ReachHeaven","Evaluate","EntropicBrew","Swivel","ThirdEye"],"campfire_rested":3,"item_purchase_floors":[2,2,21,21,21],"current_hp_per_floor":[72,72,72,72,72,72,58,38,38,31,28,28,28,13,35,6,74,51,51,51,51,39,61,31,53,53,45,31,31],"gold":221,"neow_bonus":"HUNDRED_GOLD","is_daily":false,"chose_seed":false,"campfire_upgraded":1,"win_rate":0.0,"timestamp":1607996313,"path_taken":["M","$","?","M","M","R","E","?","T","E","M","?","M","?","R","BOSS","M","?","?","$","M","R","E","R","T","M","M"],"items_purchased_type":["Card","Card","Potion","Card","Card"],"build_version":"2020-12-13","purchased_purges":2,"victory":false,"max_hp_per_floor":[72,72,72,72,72,72,72,72,72,72,72,72,72,74,74,74,74,74,74,74,74,76,76,76,76,76,78,78,78],"card_choices":[{"not_picked":["Pray","Crescendo"],"picked":"Evaluate","floor":1},{"not_picked":["EmptyMind","SandsOfTime"],"picked":"Crescendo","floor":4},{"not_picked":["JustLucky","ThirdEye"],"picked":"FollowUp","floor":5},{"not_picked":["Blasphemy","Consecrate"],"picked":"EmptyBody","floor":7},{"not_picked":["LikeWater","ReachHeaven"],"picked":"EmptyFist","floor":8},{"not_picked":["ConjureBlade","JustLucky"],"picked":"Evaluate","floor":10},{"not_picked":["Consecrate","Perseverance"],"picked":"FollowUp","floor":11},{"not_picked":["Wish","CrushJoints"],"picked":"BowlingBash","floor":13},{"not_picked":["Swivel","Crescendo","CutThroughFate"],"picked":"Singing Bowl","floor":14},{"not_picked":["Blasphemy","Omniscience"],"picked":"Alpha","floor":16},{"not_picked":["FlyingSleeves","EmptyFist"],"picked":"JustLucky","floor":18},{"not_picked":["ForeignInfluence","Fasting2+1","CarveReality+1"],"picked":"Singing Bowl","floor":22},{"not_picked":["SashWhip","Indignation"],"picked":"EmptyBody","floor":24},{"not_picked":["FlurryOfBlows","ClearTheMind+1","FollowUp+1"],"picked":"Singing Bowl","floor":27}],"player_experience":477935,"relics_obtained":[{"floor":7,"key":"Mummified Hand"},{"floor":9,"key":"Letter Opener"},{"floor":10,"key":"Damaru"},{"floor":12,"key":"Gremlin Horn"},{"floor":14,"key":"Singing Bowl"},{"floor":24,"key":"GoldenEye"},{"floor":26,"key":"Shuriken"}],"event_choices":[{"damage_healed":0,"gold_gain":0,"player_choice":"Got Potions","damage_taken":0,"max_hp_gain":0,"max_hp_loss":0,"event_name":"Lab","floor":3,"gold_loss":0},{"damage_healed":0,"gold_gain":30,"player_choice":"Searched \u00272\u0027 times","damage_taken":0,"max_hp_gain":0,"max_hp_loss":0,"event_name":"Dead Adventurer","floor":14,"gold_loss":0},{"damage_healed":0,"gold_gain":0,"player_choice":"Inject Mutagens","damage_taken":0,"relics_obtained":["MutagenicStrength"],"max_hp_gain":0,"max_hp_loss":0,"event_name":"Drug Dealer","floor":19,"gold_loss":0},{"damage_healed":0,"gold_gain":100,"player_choice":"Bet on Murderer","damage_taken":0,"max_hp_gain":0,"max_hp_loss":0,"event_name":"The Joust","floor":20,"gold_loss":50}],"is_beta":false,"boss_relics":[{"not_picked":["Snecko Eye","Black Star"],"picked":"Fusion Hammer"}],"items_purged_floors":[2,21],"is_endless":false,"potions_floor_spawned":[1,8,13,14,16,22,27],"killed_by":"Snake Plant","ascension_level":2}}