{"host":"jm9833yuloeli2yd","time":1607998959,"event":{"mods":["AchievementEnabler","BaseMod","Better Altar","Better Match","Better Note","Better Sensory Stone","Better Skull","Better Vampires","Colored Map","Colored Powertips","DeckTracker","Minty Spire (QoL Compilation)","Permanent Neow","Quick Restart","Replay The Spire","StSLib","SuperFastMode"],"gold_per_floor":[112,126,126,126,138,169,169,194,247,274,32,64,9,26,26,124,124,96,21,21,21,21,21,52,52,76,76,76,76,110,124,124,222,222,242,254,306,306,318,343,359,709,756,756,790,801,818,76,76,76,76,76,26,57,57],"floor_reached":56,"playtime":1771,"items_purged":["Strike_R","Shame"],"score":2264,"play_id":"0c5ce519-905b-4949-984c-a7fcb63f9aee","local_time":"20201214212239","is_ascension_mode":true,"campfire_choices":[{"data":"Clothesline","floor":7.0,"key":"SMITH"},{"data":"Hologram","floor":15.0,"key":"SMITH"},{"data":"Demon Form","floor":23.0,"key":"SMITH"},{"data":"Entrench","floor":25.0,"key":"SMITH"},{"data":"Hologram","floor":27.0,"key":"SMITH"},{"data":"Recycle","floor":32.0,"key":"SMITH"},{"data":"Demon Form","floor":44.0,"key":"SMITH"},{"floor":49,"key":"RECALL"},{"data":"Madness","floor":52,"key":"SMITH"}],"circlet_count":0,"master_deck":["AscendersBane","Strike_R+1","Defend_R","Bash","Clothesline+1","Disarm+1","Self Repair+1","Cold Snap","Recycle+1","Hologram+1","Metallicize","Cold Snap","Hologram+1","Beam Cell","Glacier","Hemogenesis","Perfected Strike+1","ReplayTheSpireMod:Corrosion Curse+1","Bludgeon+1","Entrench+1","Demon Form+1","Defy Death","Necronomicurse","Glacier","Demon Form+1","Replay:Undeath\u0027s Touch+1","Heavy Blade+1","Madness","Madness+1","Hemogenesis"],"relics":["Incense Burner","Iron Core","Bottled Tornado","Replay:Wax Seal","Vajra","Oddly Smooth Stone","Unceasing Top","Toy Ornithopter","Replay:Grab Bag","Coffee Dripper","Ooze Armor","Replay:Drink Me","Astrolabe","Regal Pillow","Juzu Bracelet","Bag of Marbles","Necronomicon","Mango","Turnip","Anchor","Old Coin","ReplayFunnel","Toolbox","Letter Opener","Gremlin Horn","Divine Protection"],"acts_visited":["Exordium","TheCity","TheBeyond","TheEnding"],"potions_floor_usage":[47,55,55],"damage_taken":[{"damage":6.0,"enemies":"Cultist","floor":1.0,"turns":4.0},{"damage":2.0,"enemies":"2 Louse","floor":2.0,"turns":3.0},{"damage":0.0,"enemies":"Small Slimes","floor":5.0,"turns":3.0},{"damage":27.0,"enemies":"Lagavulin","floor":6.0,"turns":11.0},{"damage":14.0,"enemies":"Gremlin Nob","floor":8.0,"turns":5.0},{"damage":13.0,"enemies":"Lagavulin","floor":10.0,"turns":9.0},{"damage":15.0,"enemies":"Gremlin Nob","floor":12.0,"turns":5.0},{"damage":5.0,"enemies":"Looter","floor":14.0,"turns":3.0},{"damage":15.0,"enemies":"The Guardian","floor":16.0,"turns":16.0},{"damage":2.0,"enemies":"2 Thieves","floor":18.0,"turns":5.0},{"damage":25.0,"enemies":"Gremlin Leader","floor":24.0,"turns":7.0},{"damage":18.0,"enemies":"Slavers","floor":30.0,"turns":7.0},{"damage":9.0,"enemies":"3 Byrds","floor":31.0,"turns":8.0},{"damage":8.0,"enemies":"Pondfish","floor":33.0,"turns":7.0},{"damage":4.0,"enemies":"Orb Walker","floor":35.0,"turns":4.0},{"damage":33.0,"enemies":"3 Darklings","floor":36.0,"turns":8.0},{"damage":20.0,"enemies":"2 Orb Walkers","floor":37.0,"turns":4.0},{"damage":17.0,"enemies":"Spire Growth","floor":39.0,"turns":4.0},{"damage":1.0,"enemies":"Giant Head","floor":40.0,"turns":5.0},{"damage":0.0,"enemies":"Sphere and 2 Shapes","floor":41.0,"turns":3.0},{"damage":5.0,"enemies":"Mind Bloom Boss Battle","floor":42.0,"turns":5.0},{"damage":6,"enemies":"Reptomancer","floor":45,"turns":2},{"damage":1,"enemies":"Maw","floor":46,"turns":6},{"damage":8,"enemies":"Writhing Mass","floor":47,"turns":5},{"damage":46,"enemies":"Awakened One","floor":50,"turns":8},{"damage":28,"enemies":"Shield and Spear","floor":54,"turns":7},{"damage":32,"enemies":"The Heart","floor":55,"turns":8}],"seed_played":"5399979857298734995","potions_obtained":[{"floor":2.0,"key":"PowerPotion"},{"floor":8.0,"key":"Adrenaline Potion"},{"floor":10.0,"key":"AttackPotion"},{"floor":14.0,"key":"PowerPotion"},{"floor":24.0,"key":"Dexterity Potion"},{"floor":30.0,"key":"DuplicationPotion"},{"floor":35.0,"key":"Fire Potion"},{"floor":36.0,"key":"AttackPotion"},{"floor":39.0,"key":"DistilledChaos"}],"is_trial":false,"path_per_floor":["M","M","?","?","M","E","R","E","T","E","$","E","?","M","R","B",null,"M","$","?","?","?","R","E","R","T","R","?","?","E","M","R","B",null,"M","M","?","?","M","E","M","?","T","R","E","M","M","$","R","B",null,"R","$","E","B",null],"character_chosen":"IRONCLAD","items_purchased":["Metallicize","Cold Snap","Hologram","Entrench","Toolbox","Letter Opener","Gremlin Horn","Adrenaline Potion"],"campfire_rested":0,"item_purchase_floors":[11,11,11,19,48,48,48,53],"current_hp_per_floor":[72,72,72,58,68,51,51,47,47,44,44,29,29,24,24,24,47,54,54,44,44,44,44,34,34,34,34,18,18,34,40,40,57,65,68,55,48,39,32,31,46,51,51,51,45,64,68,68,68,42,62,62,62,39,31],"gold":57,"neow_bonus":"ONE_RARE_RELIC","is_daily":false,"chose_seed":false,"campfire_upgraded":8,"win_rate":0.0,"timestamp":1607998959,"path_taken":["M","?","?","?","M","E","R","E","T","E","$","E","?","M","R","BOSS","M","$","?","?","?","R","E","R","T","R","?","?","E","M","R","BOSS","M","M","?","?","M","E","M","?","T","R","E","M","M","$","R","BOSS","R","$","E","BOSS"],"items_purchased_type":["Card","Card","Card","Card","Relic","Relic","Relic","Potion"],"build_version":"2020-12-13","purchased_purges":2,"victory":true,"max_hp_per_floor":[72,72,72,72,72,72,72,72,72,72,72,72,72,72,72,72,54,54,54,54,54,54,54,54,54,54,54,54,54,68,68,68,68,68,68,68,68,68,68,68,68,68,68,68,68,68,68,68,68,68,68,68,68,68,68],"card_choices":[{"not_picked":["True Grit","Bloodletting"],"picked":"Clothesline","floor":1.0},{"not_picked":["Headbutt","Pummel"],"picked":"Disarm","floor":2.0},{"not_picked":["Thunderclap","ReplayTheSpireMod:Strike From Hell"],"picked":"Iron Wave","floor":5.0},{"not_picked":["Rupture","Body Slam"],"picked":"Cold Snap","floor":6.0},{"not_picked":["Havoc","Fire Breathing"],"picked":"Recycle","floor":8.0},{"not_picked":["Warcry","Fire Breathing"],"picked":"Hologram","floor":10.0},{"not_picked":["Searing Blow","Perfected Strike"],"picked":"Beam Cell","floor":12.0},{"not_picked":["Carnage","Dropkick"],"picked":"Glacier","floor":14.0},{"not_picked":["Immolate","Bludgeon"],"picked":"Hemogenesis","floor":16.0},{"not_picked":["Run Through+1","Life Link","True Grit"],"picked":"SKIP","floor":18.0},{"not_picked":["Pommel Strike","Ghostly Armor"],"picked":"Defy Death","floor":24.0},{"not_picked":["Rebound","ReplayTheSpireMod:Muscle Training","Sentinel"],"picked":"SKIP","floor":30.0},{"not_picked":["Fire Breathing","ReplayTheSpireMod:Repulse"],"picked":"Glacier","floor":31.0},{"not_picked":["Immolate","Feed"],"picked":"Demon Form","floor":33.0},{"not_picked":["Iron Wave","Twin Strike"],"picked":"Replay:Undeath\u0027s Touch+1","floor":35.0},{"not_picked":["Run Through+1","Hemokinesis+1","ReplayTheSpireMod:Strike From Hell+1"],"picked":"SKIP","floor":36.0},{"not_picked":["Sentinel","Run Through+1"],"picked":"Heavy Blade+1","floor":37.0},{"not_picked":["Cleave+1","ReplayTheSpireMod:Strike From Hell+1","Thunderclap+1"],"picked":"SKIP","floor":39.0},{"not_picked":["Carnage+1","Dual Wield+1","Feed"],"picked":"SKIP","floor":40.0},{"not_picked":["Anger+1","Warcry+1","Dual Wield+1"],"picked":"SKIP","floor":41.0},{"not_picked":["Searing Blow","Cleave"],"picked":"Hemogenesis","floor":45},{"not_picked":["Flex+1","ReplayTheSpireMod:Repulse","Dropkick"],"picked":"SKIP","floor":46},{"not_picked":["Capacitor","Dual Wield+1","Body Slam+1"],"picked":"SKIP","floor":47},{"not_picked":["Blood for Blood+1","Metallicize","Flex+1"],"picked":"SKIP","floor":54}],"player_experience":1068503,"relics_obtained":[{"floor":6.0,"key":"Bottled Tornado"},{"floor":8.0,"key":"Replay:Wax Seal"},{"floor":9.0,"key":"Vajra"},{"floor":10.0,"key":"Oddly Smooth Stone"},{"floor":12.0,"key":"Unceasing Top"},{"floor":24.0,"key":"Juzu Bracelet"},{"floor":26.0,"key":"Bag of Marbles"},{"floor":28.0,"key":"Necronomicon"},{"floor":30.0,"key":"Mango"},{"floor":37.0,"key":"Turnip"},{"floor":40.0,"key":"Anchor"},{"floor":42.0,"key":"Old Coin"},{"floor":45,"key":"ReplayFunnel"},{"floor":54,"key":"Divine Protection"}],"event_choices":[{"damage_healed":0.0,"max_hp_gain":0.0,"max_hp_loss":0.0,"gold_gain":0.0,"event_name":"Shining Light","player_choice":"Entered Light","floor":4.0,"gold_loss":0.0,"damage_taken":14.0,"cards_upgraded":["Strike_R","Disarm"]},{"damage_healed":0.0,"max_hp_gain":0.0,"max_hp_loss":0.0,"gold_gain":0.0,"event_name":"WeMeetAgain","player_choice":"Paid Gold","floor":13.0,"gold_loss":55.0,"damage_taken":0.0,"relics_obtained":["Toy Ornithopter"]},{"damage_healed":0.0,"max_hp_gain":0.0,"max_hp_loss":10.0,"gold_gain":2.0,"event_name":"betterStone:BetterStone","player_choice":"2","floor":20.0,"gold_loss":0.0,"damage_taken":0.0},{"cards_removed":["Iron Wave"],"damage_healed":0.0,"max_hp_gain":0.0,"max_hp_loss":0.0,"gold_gain":0.0,"event_name":"Back to Basics","player_choice":"Elegance","floor":21.0,"gold_loss":0.0,"damage_taken":0.0},{"damage_healed":0.0,"max_hp_gain":0.0,"max_hp_loss":0.0,"gold_gain":0.0,"event_name":"Addict","player_choice":"Stole Relic","floor":22.0,"gold_loss":0.0,"damage_taken":0.0,"relics_obtained":["Regal Pillow"],"cards_obtained":["Shame"]},{"damage_healed":0.0,"max_hp_gain":0.0,"max_hp_loss":0.0,"gold_gain":0.0,"event_name":"Cursed Tome","player_choice":"Obtained Book","floor":28.0,"gold_loss":0.0,"damage_taken":16.0},{"damage_healed":0.0,"max_hp_gain":0.0,"max_hp_loss":0.0,"gold_gain":0.0,"event_name":"Vampires","player_choice":"Ignored","floor":29.0,"gold_loss":0.0,"damage_taken":0.0},{"damage_healed":0.0,"max_hp_gain":0.0,"max_hp_loss":0.0,"gold_gain":0.0,"event_name":"Mysterious Sphere","player_choice":"Fight","floor":37.0,"gold_loss":0.0,"damage_taken":0.0},{"damage_healed":0.0,"max_hp_gain":0.0,"max_hp_loss":0.0,"gold_gain":0.0,"event_name":"Winding Halls","player_choice":"Embrace Madness","floor":38.0,"gold_loss":0.0,"damage_taken":9.0,"cards_obtained":["Madness","Madness"]},{"damage_healed":0.0,"max_hp_gain":0.0,"max_hp_loss":0.0,"gold_gain":0.0,"event_name":"MindBloom","player_choice":"Fight","floor":42.0,"gold_loss":0.0,"damage_taken":0.0}],"is_beta":false,"boss_relics":[{"not_picked":["Snecko Eye","Calling Bell"],"picked":"Replay:Grab Bag"},{"not_picked":["ReplayTheSpireMod:DimensionalGlitch","Cursed Key"],"picked":"Coffee Dripper"},{"not_picked":["Runic Dome","Mark of Pain"],"picked":"Ooze Armor"},{"not_picked":["Empty Cage","Kintsugi"],"picked":"Replay:Drink Me"},{"not_picked":["Pandora\u0027s Box","Runic Pyramid"],"picked":"Astrolabe"},{"not_picked":[]}],"items_purged_floors":[11,48],"is_endless":false,"potions_floor_spawned":[2,8,10,12,14,24,30,35,36,39,40,54],"ascension_level":11}}