{"host":"zsm7bdfo51n66z45","time":1607995187,"event":{"mods":["AchievementEnabler","BaseMod","Better Skull","Better Third Choice","Colored Powertips","Hermit","Minty Spire (QoL Compilation)","Relic Stats","Spicy Shops","StSLib","Waifu the Spire"],"gold_per_floor":[117,132,207,220,233,233,258,277,301,301,301,317,331,296,296,392,392,405,436,451,451,464,464,464,464],"floor_reached":24,"playtime":869,"items_purged":[],"score":200,"play_id":"ed9c7f32-be6f-4267-af7a-d6e17c752303","local_time":"20201214191947","is_ascension_mode":false,"campfire_choices":[{"data":"hermit:Snapshot","floor":6,"key":"SMITH"},{"floor":10,"key":"REST"},{"floor":15,"key":"REST"},{"floor":23,"key":"REST"}],"circlet_count":0,"master_deck":["hermit:Strike_Hermit","hermit:Strike_Hermit","hermit:Strike_Hermit","hermit:Strike_Hermit","hermit:Defend_Hermit","hermit:Defend_Hermit","hermit:Defend_Hermit","hermit:Defend_Hermit","hermit:Snapshot+1","hermit:Covet","hermit:Headshot","hermit:Misfire","hermit:TrackingShot","hermit:BlackWind","hermit:Combo+1","hermit:TrackingShot","hermit:Dive","hermit:Deadeye","hermit:Roughhouse","CurseOfTheBell","hermit:Malice+1","hermit:Desperado","hermit:Brawl+1","hermit:Quickdraw+1"],"relics":["hermit:Momento","Ice Cream","MealTicket","Calling Bell","Blood Vial","White Beast Statue","Incense Burner","Red Mask"],"acts_visited":["Exordium","TheCity"],"potions_floor_usage":[7,16,16,18],"damage_taken":[{"damage":0,"enemies":"Cultist","floor":1,"turns":4},{"damage":0,"enemies":"Small Slimes","floor":2,"turns":3},{"damage":8,"enemies":"Jaw Worm","floor":4,"turns":3},{"damage":12,"enemies":"Blue Slaver","floor":5,"turns":3},{"damage":21,"enemies":"Lagavulin","floor":7,"turns":4},{"damage":10,"enemies":"Looter","floor":8,"turns":2},{"damage":23,"enemies":"Exordium Wildlife","floor":12,"turns":3},{"damage":13,"enemies":"Gremlin Gang","floor":13,"turns":3},{"damage":45,"enemies":"Hexaghost","floor":16,"turns":9},{"damage":41,"enemies":"2 Thieves","floor":18,"turns":4},{"damage":16,"enemies":"Masked Bandits","floor":19,"turns":4},{"damage":5,"enemies":"3 Byrds","floor":20,"turns":4},{"damage":9,"enemies":"Sentry and Sphere","floor":22,"turns":3},{"damage":45,"enemies":"Slavers","floor":24,"turns":4}],"seed_played":"-2977970022847058203","potions_obtained":[{"floor":2,"key":"CultistPotion"},{"floor":4,"key":"Fire Potion"},{"floor":13,"key":"ColorlessPotion"},{"floor":16,"key":"Fruit Juice"},{"floor":18,"key":"PowerPotion"},{"floor":19,"key":"SteroidPotion"},{"floor":20,"key":"FearPotion"},{"floor":22,"key":"hermit:BlackBile"}],"is_trial":false,"path_per_floor":["M","M","?","M","M","R","E","M","T","R","?","M","M","?","R","B",null,"M","?","M","?","M","R","E"],"character_chosen":"HERMIT","items_purchased":[],"campfire_rested":3,"item_purchase_floors":[],"current_hp_per_floor":[82,82,71,63,51,51,30,20,20,44,44,21,8,28,52,12,87,46,32,29,29,22,48,5,5],"gold":464,"neow_bonus":"TEN_PERCENT_HP_BONUS","is_daily":false,"chose_seed":false,"campfire_upgraded":1,"win_rate":0.0,"timestamp":1607995187,"path_taken":["M","M","?","M","M","R","E","M","T","R","?","M","M","?","R","BOSS","M","?","M","?","M","R","E"],"items_purchased_type":[],"build_version":"2020-12-13","purchased_purges":0,"victory":false,"max_hp_per_floor":[82,82,82,82,82,82,82,82,82,82,82,82,82,82,82,87,87,87,87,87,87,87,87,87,87],"relic_stats":{"Blood Vial":8,"counters":[14,53],"MealTicket":0,"obtain_stats":[{"Ice Cream":7,"Calling Bell":17,"Blood Vial":17,"MealTicket":9,"Incense Burner":17,"Red Mask":19,"hermit:Momento":0,"White Beast Statue":17},{"Ice Cream":5,"Calling Bell":9,"Blood Vial":9,"MealTicket":6,"Incense Burner":9,"Red Mask":11,"hermit:Momento":0,"White Beast Statue":9},{"Ice Cream":17,"Calling Bell":34,"Blood Vial":34,"MealTicket":19,"Incense Burner":34,"Red Mask":42,"hermit:Momento":0,"White Beast Statue":34}]},"card_choices":[{"not_picked":["hermit:Desperado","hermit:ItchyTrigger"],"picked":"hermit:Headshot","floor":1},{"not_picked":["hermit:DeadMansHand","hermit:BodyArmor"],"picked":"hermit:Misfire","floor":2},{"not_picked":["hermit:LowProfile","hermit:Feint"],"picked":"hermit:TrackingShot","floor":4},{"not_picked":["hermit:Manifest","hermit:TakeAim"],"picked":"hermit:BlackWind","floor":5},{"not_picked":["hermit:GhostlyPresence","hermit:Snipe"],"picked":"hermit:Combo","floor":7},{"not_picked":["hermit:Desperado","hermit:Virtue"],"picked":"hermit:TrackingShot","floor":8},{"not_picked":["hermit:Midnight","hermit:Headshot"],"picked":"hermit:Dive","floor":12},{"not_picked":["hermit:Malice","hermit:FullyLoaded"],"picked":"hermit:Deadeye","floor":13},{"not_picked":["hermit:Magnum","hermit:FatalDesire"],"picked":"hermit:Roughhouse","floor":16},{"not_picked":["hermit:LoneWolf","hermit:FullyLoaded+1"],"picked":"hermit:Malice+1","floor":18},{"not_picked":["hermit:Snipe","hermit:Misfire"],"picked":"hermit:Desperado","floor":19},{"not_picked":["hermit:Glare","hermit:Roulette"],"picked":"hermit:Brawl+1","floor":20},{"not_picked":["hermit:CalledShot","hermit:Enervate"],"picked":"hermit:Quickdraw+1","floor":22}],"player_experience":157566,"relics_obtained":[{"floor":7,"key":"Ice Cream"},{"floor":9,"key":"MealTicket"},{"floor":17,"key":"Blood Vial"},{"floor":17,"key":"White Beast Statue"},{"floor":17,"key":"Incense Burner"},{"floor":19,"key":"Red Mask"}],"event_choices":[{"damage_healed":0,"gold_gain":75,"player_choice":"Gold","damage_taken":11,"max_hp_gain":0,"max_hp_loss":0,"event_name":"betterThird:BetterGoop","floor":3,"gold_loss":0},{"damage_healed":0,"gold_gain":0,"player_choice":"Grow","damage_taken":0,"max_hp_gain":0,"max_hp_loss":0,"event_name":"Living Wall","floor":11,"gold_loss":0,"cards_upgraded":["hermit:Combo"]},{"damage_healed":20,"gold_gain":0,"player_choice":"Healed","damage_taken":0,"max_hp_gain":0,"max_hp_loss":0,"event_name":"The Cleric","floor":14,"gold_loss":35},{"damage_healed":0,"gold_gain":0,"player_choice":"Fought Bandits","damage_taken":0,"max_hp_gain":0,"max_hp_loss":0,"event_name":"Masked Bandits","floor":19,"gold_loss":0},{"damage_healed":0,"gold_gain":0,"player_choice":"Ignored","damage_taken":0,"max_hp_gain":0,"max_hp_loss":0,"event_name":"Beggar","floor":21,"gold_loss":0}],"is_beta":false,"boss_relics":[{"not_picked":["Runic Pyramid","hermit:DentedPlate"],"picked":"Calling Bell"}],"items_purged_floors":[],"is_endless":false,"potions_floor_spawned":[2,4,13,16,18,19,20,22],"killed_by":"Slavers","ascension_level":0}}