{"host":"un97lkyah1pp4w16","time":1607994811,"event":{"mods":["BaseMod","Colored Map","Colored Powertips","Minty Spire (QoL Compilation)","StSLib","SuperFastMode"],"gold_per_floor":[109,284,294,310,337,337,114,114,195,94,110,10,10,30,30,130,180,194,101,200,217,29,29,42,42,42],"floor_reached":25,"playtime":854,"items_purged":["Strike_B","Strike_B","Doubt"],"score":191,"play_id":"6ccbe1ff-354c-4866-9231-894132122518","local_time":"20201215091331","is_ascension_mode":false,"campfire_choices":[{"data":"Capacitor","floor":6.0,"key":"SMITH"},{"data":"Dualcast","floor":8.0,"key":"SMITH"},{"data":"Streamline","floor":15,"key":"SMITH"},{"floor":23,"key":"REST"}],"circlet_count":0,"master_deck":["Strike_B","Strike_B","Defend_B","Defend_B","Defend_B","Defend_B","Zap","Dualcast+1","Capacitor+1","Conserve Battery","Redo","Streamline+1","Reinforced Body","Parasite","Cold Snap+1","Electrodynamics","Rip and Tear","Barrage+1","Streamline","Coolheaded","Conserve Battery","Hello World","Blizzard","Coolheaded","Stack"],"relics":["Inserter","Bag of Marbles","Toolbox","The Courier","Tiny House","Toy Ornithopter"],"acts_visited":["Exordium","TheCity"],"potions_floor_usage":[],"damage_taken":[{"damage":1.0,"enemies":"2 Louse","floor":1.0,"turns":4.0},{"damage":6.0,"enemies":"Jaw Worm","floor":3.0,"turns":4.0},{"damage":0.0,"enemies":"Small Slimes","floor":4.0,"turns":5.0},{"damage":7.0,"enemies":"Blue Slaver","floor":11.0,"turns":5.0},{"damage":22,"enemies":"3 Louse","floor":14,"turns":3},{"damage":30,"enemies":"Slime Boss","floor":16,"turns":12},{"damage":43,"enemies":"2 Thieves","floor":18,"turns":4},{"damage":16,"enemies":"Spheric Guardian","floor":21,"turns":4},{"damage":26,"enemies":"Centurion and Healer","floor":24,"turns":9},{"damage":22,"enemies":"Snecko","floor":25,"turns":4}],"seed_played":"-3223214307572130695","potions_obtained":[{"floor":1.0,"key":"SpeedPotion"},{"floor":4.0,"key":"Explosive Potion"},{"floor":11.0,"key":"Weak Potion"},{"floor":24,"key":"Energy Potion"}],"is_trial":false,"path_per_floor":["M","?","M","M","T","R","$","R","T","$","M","$","?","M","R","B",null,"M","$","?","M","$","R","M","M"],"character_chosen":"DEFECT","items_purchased":["Toolbox","Streamline","Streamline","Coolheaded","Conserve Battery","Blizzard","Toy Ornithopter","Coolheaded"],"campfire_rested":1,"item_purchase_floors":[7,10,19,19,19,22,22,22],"current_hp_per_floor":[74,74,68,68,68,68,68,68,68,68,61,61,75,53,53,23,80,37,37,37,21,21,45,19,0,0],"gold":42,"neow_bonus":"BOSS_RELIC","is_daily":false,"chose_seed":false,"campfire_upgraded":3,"win_rate":0.0,"timestamp":1607994811,"path_taken":["M","?","M","M","?","R","$","R","T","$","M","$","?","M","R","BOSS","M","$","?","M","$","R","M","M"],"items_purchased_type":["Relic","Card","Card","Card","Card","Card","Relic","Card"],"build_version":"2020-12-13","purchased_purges":3,"victory":false,"max_hp_per_floor":[75,75,75,75,75,75,75,75,75,75,75,75,75,75,75,75,80,80,80,80,80,80,80,80,80,80],"card_choices":[{"not_picked":["Melter","Aggregate"],"picked":"Capacitor","floor":1.0},{"not_picked":["Compile Driver","Hello World"],"picked":"Conserve Battery","floor":3.0},{"not_picked":["Compile Driver","Stack"],"picked":"Redo","floor":4.0},{"not_picked":["Gash","Lockon"],"picked":"Reinforced Body","floor":11.0},{"not_picked":["Beam Cell","Sunder"],"picked":"Cold Snap","floor":14},{"not_picked":["Meteor Strike","Thunder Strike"],"picked":"Electrodynamics","floor":16},{"not_picked":["Beam Cell","Skim"],"picked":"Rip and Tear","floor":17},{"not_picked":["Turbo","Lockon"],"picked":"Barrage+1","floor":18},{"not_picked":["Turbo","Sweeping Beam+1"],"picked":"Hello World","floor":21},{"not_picked":["BootSequence","Scrape"],"picked":"Stack","floor":24}],"player_experience":82889,"relics_obtained":[{"floor":5.0,"key":"Bag of Marbles"},{"floor":9.0,"key":"The Courier"}],"event_choices":[{"damage_healed":0.0,"max_hp_gain":0.0,"max_hp_loss":0.0,"gold_gain":175.0,"event_name":"Liars Game","player_choice":"AGREE","floor":2.0,"gold_loss":0.0,"damage_taken":0.0,"cards_obtained":["Doubt"]},{"damage_healed":18,"gold_gain":0,"player_choice":"Healed and dodged fight","damage_taken":0,"max_hp_gain":0,"max_hp_loss":0,"event_name":"Mushrooms","floor":13,"gold_loss":0,"cards_obtained":["Parasite"]},{"damage_healed":0,"gold_gain":99,"player_choice":"Stole From Cult","damage_taken":0,"max_hp_gain":0,"max_hp_loss":0,"event_name":"Nest","floor":20,"gold_loss":0}],"is_beta":false,"boss_relics":[{"not_picked":["Philosopher\u0027s Stone","Cursed Key"],"picked":"Tiny House"}],"items_purged_floors":[7,10,12],"is_endless":false,"potions_floor_spawned":[1,4,11,16,24],"killed_by":"Snecko","ascension_level":0}}