{"host":"ibfpjm2kz059o009","time":1607997311,"event":{"mods":["AchievementEnabler","BaseMod","Block Reminder","Colored Powertips","DeckTracker","Googly Eyes","Key Reminder","Minty Spire (QoL Compilation)","Shop Mod","Unceasing Turn Reminder"],"gold_per_floor":[114,189,204,379,379,409,424,10,10,10,10,25,25,40,40,140,140,155,170,185,200,200,3,3,3,3,18,33,0,0,15,15,115,115,130,145,160,175,190,190,190,190,190],"floor_reached":42,"playtime":2120,"items_purged":[],"score":506,"play_id":"42551ed3-06ac-45ed-9dda-90a2e314b579","local_time":"20201214205511","daily_mods":["Allstar","Hoarder","Night Terrors"],"is_ascension_mode":false,"campfire_choices":[{"floor":11,"key":"REST"},{"data":"Dramatic Entrance","floor":15,"key":"SMITH"},{"floor":32,"key":"REST"},{"floor":40,"key":"REST"}],"circlet_count":0,"master_deck":["Strike_B","Strike_B","Strike_B","Strike_B","Defend_B","Defend_B","Defend_B","Defend_B","Zap","Dualcast","Discovery","Discovery","Discovery","Dramatic Entrance+1","Dramatic Entrance","Dramatic Entrance","Forethought","Forethought","Forethought","Jack Of All Trades","Jack Of All Trades","Jack Of All Trades","Forethought+1","Forethought","Forethought","Cold Snap","Cold Snap","Cold Snap+1","Leap","Leap","Leap","Doubt","Doubt","Doubt","Chill","Chill","Chill","Gash","Gash","Gash","Bandage Up","Bandage Up","Bandage Up","Melter","Melter","Melter","Sunder","Sunder","Sunder","Sweeping Beam","Sweeping Beam","Sweeping Beam","Core Surge","Core Surge","Core Surge","Chaos","Chaos","Chaos","Beam Cell","Beam Cell","Beam Cell","Reinforced Body+1","Reinforced Body+1","Reinforced Body+1","Ball Lightning","Ball Lightning","Ball Lightning","Static Discharge","Static Discharge","Static Discharge","Leap","Leap","Leap","Go for the Eyes","Go for the Eyes","Go for the Eyes","Biased Cognition","Biased Cognition","Biased Cognition","Self Repair","Self Repair","Self Repair","Conserve Battery+1","Conserve Battery+1","Conserve Battery+1","Hyperbeam","Hyperbeam","Hyperbeam","Redo+1","Redo+1","Redo+1"],"relics":["Cracked Core","Shuriken","Meat on the Bone","The Courier","SlaversCollar","Lantern","Nilry\u0027s Codex","Singing Bowl","Busted Crown"],"acts_visited":["Exordium","TheCity","TheBeyond"],"potions_floor_usage":[12,16,21,21,27,27,35,38,41,42],"damage_taken":[{"damage":0,"enemies":"Small Slimes","floor":1,"turns":1},{"damage":0,"enemies":"Jaw Worm","floor":3,"turns":1},{"damage":34,"enemies":"Lagavulin","floor":6,"turns":6},{"damage":0,"enemies":"2 Louse","floor":7,"turns":1},{"damage":0,"enemies":"Large Slime","floor":12,"turns":3},{"damage":0,"enemies":"2 Fungi Beasts","floor":14,"turns":1},{"damage":49,"enemies":"Hexaghost","floor":16,"turns":9},{"damage":16,"enemies":"Shell Parasite","floor":18,"turns":4},{"damage":8,"enemies":"Spheric Guardian","floor":19,"turns":3},{"damage":8,"enemies":"Chosen and Byrds","floor":20,"turns":3},{"damage":30,"enemies":"Snecko","floor":21,"turns":5},{"damage":18,"enemies":"Centurion and Healer","floor":27,"turns":3},{"damage":21,"enemies":"Snake Plant","floor":28,"turns":4},{"damage":0,"enemies":"3 Cultists","floor":31,"turns":4},{"damage":20,"enemies":"Champ","floor":33,"turns":11},{"damage":16,"enemies":"3 Darklings","floor":35,"turns":4},{"damage":26,"enemies":"3 Shapes","floor":36,"turns":3},{"damage":28,"enemies":"Jaw Worm Horde","floor":37,"turns":2},{"damage":0,"enemies":"3 Darklings","floor":38,"turns":2},{"damage":16,"enemies":"4 Shapes","floor":39,"turns":2},{"damage":0,"enemies":"Transient","floor":41,"turns":1},{"damage":72,"enemies":"Writhing Mass","floor":42,"turns":5}],"seed_played":"8833210206598683822","potions_obtained":[{"floor":3,"key":"SpeedPotion"},{"floor":7,"key":"Block Potion"},{"floor":12,"key":"ColorlessPotion"},{"floor":19,"key":"DuplicationPotion"},{"floor":20,"key":"FocusPotion"},{"floor":21,"key":"Strength Potion"},{"floor":33,"key":"Explosive Potion"},{"floor":35,"key":"SteroidPotion"},{"floor":38,"key":"SmokeBomb"},{"floor":39,"key":"LiquidBronze"}],"is_trial":false,"path_per_floor":["M","?","M","?","?","E","M","$","T","?","R","M","$","M","R","B",null,"M","M","M","M","?","$","?","?","T","M","M","?","?","M","R","B",null,"M","M","M","M","M","R","M","M"],"character_chosen":"DEFECT","items_purchased":["Meat on the Bone","Bandage Up","Melter","Lantern","Static Discharge","Leap"],"campfire_rested":3,"item_purchase_floors":[8,8,8,23,23,23],"current_hp_per_floor":[75,64,64,64,49,15,15,15,15,3,70,70,70,70,70,41,70,66,62,58,44,67,67,67,51,51,47,38,38,38,45,67,65,67,67,47,33,45,43,70,70,0,0],"gold":190,"neow_bonus":"","is_daily":true,"chose_seed":false,"campfire_upgraded":1,"win_rate":0.0,"timestamp":1607997311,"path_taken":["M","?","M","?","?","E","M","$","T","?","R","M","$","M","R","BOSS","M","M","M","M","?","$","?","?","T","M","M","?","?","M","R","BOSS","M","M","M","M","?","R","M","M"],"items_purchased_type":["Relic","Card","Card","Relic","Card","Card"],"build_version":"2020-12-13","purchased_purges":0,"victory":false,"max_hp_per_floor":[75,75,75,75,75,75,75,75,75,75,70,70,70,70,70,70,70,70,70,70,70,70,70,70,70,70,72,72,72,72,72,67,67,67,69,71,73,73,75,70,70,70,70],"card_choices":[{"not_picked":["Stack","Reinforced Body"],"picked":"Cold Snap","floor":1},{"not_picked":["Consume","Redo"],"picked":"Leap","floor":3},{"not_picked":["Rebound","Gash"],"picked":"Chill","floor":6},{"not_picked":["Redo","Rebound"],"picked":"Gash","floor":7},{"not_picked":["Leap","Undo"],"picked":"Sunder","floor":12},{"not_picked":["Rebound","Amplify"],"picked":"Sweeping Beam","floor":14},{"not_picked":["Meteor Strike","Reboot"],"picked":"Core Surge","floor":16},{"not_picked":["Barrage+1","Capacitor+1"],"picked":"Chaos","floor":18},{"not_picked":["Lockon","Steam"],"picked":"Beam Cell","floor":19},{"not_picked":["Steam","Beam Cell"],"picked":"Reinforced Body+1","floor":20},{"not_picked":["Tempest","Undo"],"picked":"Ball Lightning","floor":21},{"not_picked":["Conserve Battery+1","Stack","Fusion"],"picked":"Singing Bowl","floor":27},{"not_picked":["Streamline","Stack"],"picked":"Go for the Eyes","floor":28},{"not_picked":["Sweeping Beam","Streamline"],"picked":"Conserve Battery+1","floor":31},{"not_picked":["Fission","Biased Cognition"],"picked":"Hyperbeam","floor":33},{"not_picked":["Streamline"],"picked":"Singing Bowl","floor":35},{"not_picked":["Steam Power+1"],"picked":"Singing Bowl","floor":36},{"not_picked":["Ball Lightning"],"picked":"Singing Bowl","floor":37},{"not_picked":[],"picked":"Redo+1","floor":38},{"not_picked":["Go for the Eyes+1"],"picked":"Singing Bowl","floor":39}],"player_experience":577137,"relics_obtained":[{"floor":6,"key":"Shuriken"},{"floor":9,"key":"The Courier"},{"floor":25,"key":"Nilry\u0027s Codex"},{"floor":26,"key":"Singing Bowl"}],"event_choices":[{"damage_healed":0,"gold_gain":75,"player_choice":"Gather Gold","damage_taken":11,"max_hp_gain":0,"max_hp_loss":0,"event_name":"World of Goop","floor":2,"gold_loss":0},{"damage_healed":0,"gold_gain":175,"player_choice":"AGREE","damage_taken":0,"max_hp_gain":0,"max_hp_loss":0,"event_name":"Liars Game","floor":4,"gold_loss":0,"cards_obtained":["Doubt"]},{"damage_healed":0,"gold_gain":0,"player_choice":"Entered Light","damage_taken":15,"max_hp_gain":0,"max_hp_loss":0,"event_name":"Shining Light","floor":5,"gold_loss":0,"cards_upgraded":["Forethought","Cold Snap"]},{"damage_healed":0,"gold_gain":0,"player_choice":"Fled","damage_taken":12,"max_hp_gain":0,"max_hp_loss":0,"event_name":"Scrap Ooze","floor":10,"gold_loss":0},{"damage_healed":23,"gold_gain":0,"player_choice":"Heal","damage_taken":0,"max_hp_gain":0,"max_hp_loss":0,"event_name":"The Library","floor":22,"gold_loss":0},{"damage_healed":0,"gold_gain":0,"player_choice":"Ignored","damage_taken":0,"max_hp_gain":0,"max_hp_loss":0,"event_name":"Ghosts","floor":24,"gold_loss":0},{"damage_healed":0,"gold_gain":0,"player_choice":"Obtained Book","damage_taken":16,"max_hp_gain":0,"max_hp_loss":0,"event_name":"Cursed Tome","floor":25,"gold_loss":0},{"damage_healed":0,"gold_gain":0,"player_choice":"Paid Fearfully","damage_taken":0,"max_hp_gain":0,"max_hp_loss":0,"event_name":"Masked Bandits","floor":29,"gold_loss":33},{"damage_healed":0,"gold_gain":0,"player_choice":"2 cards matched","damage_taken":0,"max_hp_gain":0,"max_hp_loss":0,"event_name":"Match and Keep!","floor":30,"gold_loss":0,"cards_obtained":["Biased Cognition","Self Repair"]}],"is_beta":false,"boss_relics":[{"not_picked":["Inserter","Runic Dome"],"picked":"SlaversCollar"},{"not_picked":["SacredBark","Philosopher\u0027s Stone"],"picked":"Busted Crown"}],"items_purged_floors":[],"is_endless":false,"potions_floor_spawned":[3,7,12,19,20,21,33,35,38,39],"killed_by":"Writhing Mass","ascension_level":0}}