{"host":"8xovtsvm9b4u6m9y","time":1607993299,"event":{"mods":["AchievementEnabler","BaseMod","Colored Map","Colored Powertips","Downfall","Friendly Minions","Hermit","Marisa????????","Minty Spire (QoL Compilation)","Quick Restart","Rare Cards Sparkle","StSLib","The Cursed","The Servant 0.9.4"],"gold_per_floor":[117,137,137,152,77,87,118,144,170,201,213,225,263,275,287,398,410,442,454,491,503,532,544,590,619,631,654,686,598,58,157,157,254,254,268,268,268,490,490,517,529,547,574,574,587,116,130,41,41,41],"floor_reached":51,"playtime":3050,"items_purged":["Defend_R","hexamod:Haunted","Slimebound:Tackle+1","sneckomod:Bewildered"],"score":780,"play_id":"2093fef2-b09e-4f95-8a2f-d70472fde34d","local_time":"20201214224819","is_ascension_mode":false,"campfire_choices":[{"data":"Double Tap","floor":15.0,"key":"SMITH"},{"data":"Demon Form","floor":23.0,"key":"SMITH"},{"data":"Sword Boomerang","floor":32,"key":"SMITH"},{"floor":44,"key":"REST"},{"floor":49,"key":"REST"}],"circlet_count":0,"master_deck":["Defend_R","Defend_R","Bash","Sword Boomerang+1","Shrug It Off","Shrug It Off","Rampage","Double Tap+1","Demon Form+1","Rampage","Slimebound:Tackle+1","Slimebound:Tackle+1","Warcry+1","Pommel Strike+1","Whirlwind","Madness","Madness","Sword Boomerang+1","Pommel Strike+1","Iron Wave+1","Blood for Blood","expansioncontent:QuickStudy","expansioncontent:Flail","Flash of Steel"],"relics":["Burning Blood","Lantern","Odd Mushroom","MawBank","Gambling Chip","Oddly Smooth Stone","Cursed Key","Red Mask","Nunchaku","FossilizedHelix","PreservedInsect","Brimstone","Runic Cube","TungstenRod","Red Skull"],"acts_visited":["Exordium","TheCity","TheBeyond"],"potions_floor_usage":[28,33,50,50,50],"damage_taken":[{"damage":1.0,"enemies":"Cultist","floor":1.0,"turns":3.0},{"damage":1.0,"enemies":"2 Louse","floor":2.0,"turns":2.0},{"damage":3.0,"enemies":"Jaw Worm","floor":4.0,"turns":4.0},{"damage":10.0,"enemies":"Exordium Wildlife","floor":6.0,"turns":7.0},{"damage":21.0,"enemies":"Gremlin Nob","floor":7.0,"turns":4.0},{"damage":23.0,"enemies":"The Mushroom Lair","floor":8.0,"turns":6.0},{"damage":2.0,"enemies":"Blue Slaver","floor":10.0,"turns":3.0},{"damage":3.0,"enemies":"3 Sentries","floor":13.0,"turns":7.0},{"damage":49.0,"enemies":"The Guardian","floor":16.0,"turns":10.0},{"damage":2.0,"enemies":"3 Byrds","floor":18.0,"turns":7.0},{"damage":33.0,"enemies":"Masked Bandits","floor":20.0,"turns":5.0},{"damage":0.0,"enemies":"Chosen","floor":22.0,"turns":3.0},{"damage":6.0,"enemies":"Book of Stabbing","floor":24.0,"turns":4.0},{"damage":3.0,"enemies":"Snake Plant","floor":25.0,"turns":3.0},{"damage":0.0,"enemies":"Centurion and Healer","floor":27.0,"turns":4.0},{"damage":6,"enemies":"3 Cultists","floor":28,"turns":4},{"damage":0,"enemies":"Champ","floor":33,"turns":4},{"damage":30,"enemies":"3 Shapes","floor":35,"turns":2},{"damage":6,"enemies":"Nemesis","floor":40,"turns":3},{"damage":0,"enemies":"Orb Walker","floor":41,"turns":2},{"damage":53,"enemies":"4 Shapes","floor":42,"turns":4},{"damage":0,"enemies":"Spire Growth","floor":45,"turns":4},{"damage":8,"enemies":"Writhing Mass","floor":47,"turns":3},{"damage":42,"enemies":"Awakened One","floor":50,"turns":5}],"seed_played":"-6712074229204848162","potions_obtained":[{"floor":2.0,"key":"AttackPotion"},{"floor":4.0,"key":"EssenceOfSteel"},{"floor":7.0,"key":"Regen Potion"},{"floor":8.0,"key":"Fire Potion"},{"floor":20.0,"key":"SpeedPotion"},{"floor":22.0,"key":"champ:CounterPotion"},{"floor":25.0,"key":"LiquidMemories"},{"floor":27.0,"key":"sneckomod:MuddlingPotion"},{"floor":35,"key":"SteroidPotion"},{"floor":42,"key":"Strength Potion"},{"floor":47,"key":"sneckomod:MuddlingPotion"}],"is_trial":false,"path_per_floor":["M","M","?","M","$","M","E","?","T","M","$","T","E","$","R","B",null,"M","?","?","?","M","R","E","M","T","M","M","$","$","?","R","B",null,"M","$","?","?","?","E","M","M","T","R","M","$","M","$","R","B",null],"character_chosen":"IRONCLAD","items_purchased":["PreservedInsect","Brimstone","Whirlwind","Inflame","Blood for Blood","expansioncontent:QuickStudy","expansioncontent:Flail","Flash of Steel"],"campfire_rested":2,"item_purchase_floors":[30,30,30,30,46,46,46,48],"current_hp_per_floor":[88,88,88,88,88,84,69,67,67,71,71,71,74,74,74,31,88,88,88,61,61,67,67,67,70,70,76,76,76,76,76,76,82,88,64,64,53,53,53,53,59,12,12,38,44,44,42,42,68,32],"gold":41,"neow_bonus":"TEN_PERCENT_HP_BONUS","is_daily":false,"chose_seed":false,"campfire_upgraded":3,"win_rate":0.0,"timestamp":1607993299,"path_taken":["M","?","?","?","$","M","E","?","T","M","?","?","E","?","R","BOSS","M","?","?","?","M","R","E","M","T","M","M","?","$","?","R","BOSS","M","$","?","?","?","E","M","M","T","R","M","$","M","?","R","BOSS"],"items_purchased_type":["Relic","Relic","Card","Card","Card","Card","Card","Card"],"build_version":"2020-12-13","purchased_purges":4,"victory":true,"max_hp_per_floor":[88,88,88,88,88,88,88,88,88,88,88,88,88,88,88,88,88,88,88,88,88,88,88,88,88,88,88,88,88,88,88,88,88,88,88,88,88,88,88,88,88,88,88,88,88,88,88,88,88,88],"card_choices":[{"not_picked":["Perfected Strike","Thunderclap"],"picked":"Sword Boomerang","floor":1.0},{"not_picked":["Body Slam","Headbutt"],"picked":"Shrug It Off","floor":2.0},{"not_picked":["Shrug It Off","Cleave","Armaments"],"picked":"SKIP","floor":4.0},{"not_picked":["Cleave","Armaments"],"picked":"Shrug It Off","floor":4.0},{"not_picked":["True Grit","Shrug It Off"],"picked":"Rampage","floor":6.0},{"not_picked":["Infernal Blade","Armaments","Uppercut"],"picked":"SKIP","floor":7.0},{"not_picked":["Twin Strike","Clothesline"],"picked":"Double Tap","floor":8.0},{"not_picked":["Perfected Strike","Feel No Pain","Warcry"],"picked":"SKIP","floor":10.0},{"not_picked":["Rage","Flex","Infernal Blade"],"picked":"SKIP","floor":13.0},{"not_picked":["Juggernaut","Fiend Fire"],"picked":"Demon Form","floor":16.0},{"not_picked":["Iron Wave","Clothesline"],"picked":"Rampage","floor":18.0},{"not_picked":["Headbutt","Clothesline+1"],"picked":"Warcry+1","floor":20.0},{"not_picked":["Rupture","True Grit"],"picked":"Pommel Strike+1","floor":22.0},{"not_picked":["Rage","Shrug It Off","Headbutt"],"picked":"SKIP","floor":24.0},{"not_picked":["Clothesline","Perfected Strike","Body Slam"],"picked":"SKIP","floor":25.0},{"not_picked":["Second Wind","Entrench","Flex"],"picked":"SKIP","floor":27.0},{"not_picked":["Carnage","Reckless Charge+1","Intimidate"],"picked":"SKIP","floor":28},{"not_picked":["Headbutt","Perfected Strike","Cleave+1"],"picked":"SKIP","floor":35},{"not_picked":["Seeing Red+1","Clothesline"],"picked":"Sword Boomerang+1","floor":40},{"not_picked":["Body Slam","Berserk","Shockwave+1"],"picked":"SKIP","floor":41},{"not_picked":["Second Wind","Dual Wield+1"],"picked":"Pommel Strike+1","floor":42},{"not_picked":["Hemokinesis+1","Flex+1"],"picked":"Iron Wave+1","floor":45},{"not_picked":["Clash","Carnage","Pommel Strike"],"picked":"SKIP","floor":47}],"player_experience":0,"relics_obtained":[{"floor":7.0,"key":"Lantern"},{"floor":8.0,"key":"Odd Mushroom"},{"floor":9.0,"key":"MawBank"},{"floor":12.0,"key":"Gambling Chip"},{"floor":13.0,"key":"Oddly Smooth Stone"},{"floor":20.0,"key":"Red Mask"},{"floor":24.0,"key":"Nunchaku"},{"floor":26.0,"key":"FossilizedHelix"},{"floor":40,"key":"TungstenRod"},{"floor":43,"key":"Red Skull"}],"event_choices":[{"damage_healed":0.0,"max_hp_gain":0.0,"max_hp_loss":0.0,"gold_gain":0.0,"event_name":"The Woman in Blue","player_choice":"Bought 0 Potions","floor":3.0,"gold_loss":0.0,"damage_taken":0.0},{"damage_healed":0.0,"max_hp_gain":0.0,"max_hp_loss":0.0,"gold_gain":0.0,"event_name":"Mushrooms","player_choice":"Fought Mushrooms","floor":8.0,"gold_loss":0.0,"damage_taken":0.0},{"damage_healed":0.0,"max_hp_gain":0.0,"max_hp_loss":0.0,"gold_gain":0.0,"event_name":"Masked Bandits","player_choice":"Fought Bandits","floor":20.0,"gold_loss":0.0,"damage_taken":0.0},{"cards_removed":["Defend_R"],"damage_healed":0.0,"max_hp_gain":0.0,"max_hp_loss":0.0,"gold_gain":0.0,"event_name":"Back to Basics","player_choice":"Elegance","floor":21.0,"gold_loss":0.0,"damage_taken":0.0},{"damage_healed":0,"gold_gain":99,"player_choice":"Stole From Cult","damage_taken":0,"max_hp_gain":0,"max_hp_loss":0,"event_name":"Nest","floor":31,"gold_loss":0},{"damage_healed":0,"gold_gain":0,"player_choice":"Embrace Madness","damage_taken":11,"max_hp_gain":0,"max_hp_loss":0,"event_name":"Winding Halls","floor":37,"gold_loss":0,"cards_obtained":["Madness","Madness"]},{"damage_healed":0,"gold_gain":222,"player_choice":"Wore Mask","damage_taken":0,"max_hp_gain":0,"max_hp_loss":0,"event_name":"Tomb of Lord Red Mask","floor":38,"gold_loss":0},{"cards_removed":["Inflame"],"damage_healed":0,"gold_gain":0,"player_choice":"Removed Power","damage_taken":0,"max_hp_gain":0,"max_hp_loss":0,"event_name":"Falling","floor":39,"gold_loss":0}],"is_beta":false,"boss_relics":[{"not_picked":["SacredBark","Astrolabe"],"picked":"Cursed Key"},{"not_picked":["Black Star","Tiny House"],"picked":"Runic Cube"}],"items_purged_floors":[5,29,30,46],"is_endless":false,"potions_floor_spawned":[2,4,7,8,20,22,25,27,35,42,47],"ascension_level":0}}