{"host":"szp1d6dso4pv7ddl","time":1607999423,"event":{"mods":["AchievementEnabler","Alarm Clock","BaseMod","Bestiary","Block Reminder","Colored Map","Colored Powertips","Curses Come First","Displayed Cursed Tome","Highlight Path","Minty Spire (QoL Compilation)","Permanent Neow","Quick Restart","Relic Stats","StSLib"],"gold_per_floor":[360,373,298,298,198,198,210,210,210,210,227,227,227,177,177,277,277,294,294,307,307,325,325,352,352,377,389,402,402,418,446,446,446,446],"floor_reached":33,"playtime":2080,"items_purged":["Writhe","Defend_B"],"score":330,"play_id":"44df2d85-2ed6-4a86-9dcf-15a3b791958e","local_time":"20201214183023","is_ascension_mode":true,"campfire_choices":[{"data":"Glacier","floor":6,"key":"SMITH"},{"data":"Zap","floor":8,"key":"SMITH"},{"floor":10,"key":"REST"},{"data":"Dualcast","floor":12,"key":"SMITH"},{"floor":15,"key":"RECALL"},{"data":"Strike_B","floor":23,"key":"SMITH"},{"floor":25,"key":"REST"},{"data":"Strike_B","floor":29,"key":"SMITH"},{"floor":32,"key":"REST"}],"circlet_count":0,"master_deck":["Strike_B","Strike_B+1","Strike_B+1","Defend_B","Defend_B","Zap+1","Dualcast+1","Glacier+1","Streamline+1","Redo+1","Gash"],"relics":["Cracked Core","Omamori","Mercury Hourglass","Nuclear Battery","Akabeko","Orichalcum","Blood Vial"],"acts_visited":["Exordium","TheCity"],"potions_floor_usage":[16,22,24,31,31,33],"damage_taken":[{"damage":12,"enemies":"Small Slimes","floor":1,"turns":3},{"damage":7,"enemies":"Jaw Worm","floor":2,"turns":5},{"damage":0,"enemies":"2 Louse","floor":7,"turns":3},{"damage":4,"enemies":"Red Slaver","floor":11,"turns":3},{"damage":55,"enemies":"Slime Boss","floor":16,"turns":14},{"damage":8,"enemies":"3 Byrds","floor":18,"turns":5},{"damage":0,"enemies":"Chosen","floor":20,"turns":3},{"damage":7,"enemies":"Centurion and Healer","floor":22,"turns":5},{"damage":24,"enemies":"Gremlin Leader","floor":24,"turns":6},{"damage":2,"enemies":"Shelled Parasite and Fungi","floor":27,"turns":4},{"damage":0,"enemies":"3 Cultists","floor":28,"turns":4},{"damage":6,"enemies":"Centurion and Healer","floor":30,"turns":5},{"damage":48,"enemies":"Book of Stabbing","floor":31,"turns":7},{"damage":48,"enemies":"Automaton","floor":33,"turns":8}],"seed_played":"3117219579380785099","potions_obtained":[{"floor":2,"key":"Explosive Potion"},{"floor":11,"key":"Regen Potion"},{"floor":22,"key":"Block Potion"},{"floor":27,"key":"Block Potion"},{"floor":30,"key":"ColorlessPotion"},{"floor":31,"key":"DuplicationPotion"}],"is_trial":false,"path_per_floor":["M","M","$","?","$","R","M","R","T","R","M","R","$","?","R","B",null,"M","?","M","?","M","R","E","R","T","M","M","R","M","E","R","B"],"character_chosen":"DEFECT","items_purchased":[],"campfire_rested":3,"item_purchase_floors":[],"current_hp_per_floor":[63,56,56,44,44,44,44,44,44,66,62,62,62,62,62,7,75,67,67,67,67,73,73,49,71,71,69,69,69,63,15,37,0,0],"gold":446,"neow_bonus":"TWO_FIFTY_GOLD","is_daily":false,"chose_seed":false,"campfire_upgraded":5,"win_rate":0.0,"timestamp":1607999423,"path_taken":["M","M","$","?","$","R","M","R","T","R","M","R","$","?","R","BOSS","M","?","M","?","?","R","E","R","T","M","?","R","M","E","R","BOSS"],"items_purchased_type":[],"build_version":"2020-12-13","purchased_purges":2,"victory":false,"max_hp_per_floor":[75,75,75,75,75,75,75,75,75,75,75,75,75,75,75,75,75,75,75,75,75,75,75,75,75,75,75,75,75,75,75,75,75,75],"relic_stats":{"Blood Vial":2,"counters":[14,74],"Orichalcum":[42],"obtain_stats":[{"Blood Vial":31,"Omamori":4,"Orichalcum":26,"Cracked Core":0,"Akabeko":24,"Mercury Hourglass":9,"Nuclear Battery":17},{"Blood Vial":13,"Omamori":2,"Orichalcum":9,"Cracked Core":0,"Akabeko":9,"Mercury Hourglass":3,"Nuclear Battery":5},{"Blood Vial":66,"Omamori":8,"Orichalcum":47,"Cracked Core":0,"Akabeko":47,"Mercury Hourglass":11,"Nuclear Battery":28}],"Mercury Hourglass":[296]},"card_choices":[{"not_picked":["Cold Snap","Stack"],"picked":"Glacier","floor":1},{"not_picked":["Defragment","Beam Cell","Stack"],"picked":"SKIP","floor":2},{"not_picked":["Redo","Seek","Static Discharge"],"picked":"SKIP","floor":7},{"not_picked":["Redo","Compile Driver","Lockon"],"picked":"SKIP","floor":11},{"not_picked":["Cold Snap+1","Gash"],"picked":"Streamline+1","floor":18},{"not_picked":["Darkness","BootSequence","Ball Lightning"],"picked":"SKIP","floor":20},{"not_picked":["Darkness","BootSequence","Ball Lightning"],"picked":"SKIP","floor":20},{"not_picked":["Sweeping Beam","Turbo","Genetic Algorithm+1"],"picked":"SKIP","floor":22},{"not_picked":["Biased Cognition","Sweeping Beam","Darkness"],"picked":"SKIP","floor":24},{"not_picked":["Storm","Barrage","Lockon"],"picked":"SKIP","floor":27},{"not_picked":["Turbo+1","Reinforced Body"],"picked":"Redo+1","floor":28},{"not_picked":["Force Field","FTL"],"picked":"Gash","floor":30},{"not_picked":["Cold Snap+1","Redo","Compile Driver"],"picked":"SKIP","floor":31}],"player_experience":939884,"relics_obtained":[{"floor":9,"key":"Mercury Hourglass"},{"floor":24,"key":"Akabeko"},{"floor":26,"key":"Orichalcum"},{"floor":31,"key":"Blood Vial"}],"event_choices":[{"damage_healed":0,"gold_gain":0,"player_choice":"Success","damage_taken":12,"relics_obtained":["Omamori"],"max_hp_gain":0,"max_hp_loss":0,"event_name":"Scrap Ooze","floor":4,"gold_loss":0},{"cards_removed":["Defend_B"],"damage_healed":0,"gold_gain":0,"player_choice":"Card Removal","damage_taken":0,"max_hp_gain":0,"max_hp_loss":0,"event_name":"The Cleric","floor":14,"gold_loss":50},{"damage_healed":0,"gold_gain":0,"player_choice":"Ignored","damage_taken":0,"max_hp_gain":0,"max_hp_loss":0,"event_name":"Ghosts","floor":19,"gold_loss":0},{"cards_removed":["Strike_B"],"damage_healed":0,"gold_gain":0,"player_choice":"Purged","damage_taken":0,"max_hp_gain":0,"max_hp_loss":0,"event_name":"Purifier","floor":21,"gold_loss":0}],"is_beta":false,"boss_relics":[{"not_picked":["Tiny House","Runic Dome"],"picked":"Nuclear Battery"}],"items_purged_floors":[3,5],"is_endless":false,"potions_floor_spawned":[2,11,22,27,30,31],"killed_by":"Automaton","ascension_level":4}}