{"host":"vddnn8yddbh0df4g","time":1607993144,"event":{"mods":["Act Like it!","BaseMod","Beaked The Cultist","Downfall","Hallownest","Hermit","Minty Spire (QoL Compilation)","Shop Mod","StSLib","SuperFastMode","The Bug Knight","The Runesmith","The Vixen"],"gold_per_floor":[99,99,99,99,99,99,145,157,201,213,245,257,369,398,422,434,434],"floor_reached":16,"playtime":434,"items_purged":[],"score":96,"play_id":"1fb34f11-f5f1-42c1-b6ea-c1d5b76d3ca8","local_time":"20201214174544","is_ascension_mode":false,"campfire_choices":[{"data":"champ:Taunt","floor":1,"key":"SMITH"},{"data":"champ:Execute","floor":4,"key":"SMITH"},{"data":"champ:Defend","floor":10,"key":"SMITH"}],"circlet_count":0,"master_deck":["champ:Strike","champ:Strike","champ:Strike","champ:Strike","champ:Defend+1","champ:Defend","champ:Defend+1","champ:Defend+1","champ:Execute+1","champ:Taunt+1","champ:ShieldWall+1","Regret","champ:EndlessRage+1","champ:FanOfKnives+1","champ:EndlessRage+1","champ:DeathBlow+1","champ:IronFortress+1"],"relics":["champ:ChampionCrown","downfall:HeartsMalice","Frozen Egg 2","Molten Egg 2","Toxic Egg 2","War Paint","MawBank","Frozen Egg 2"],"acts_visited":["Exordium"],"potions_floor_usage":[11,16,16],"damage_taken":[{"damage":0,"enemies":"Jaw Worm","floor":2,"turns":1},{"damage":0,"enemies":"2 Louse","floor":5,"turns":1},{"damage":0,"enemies":"Cultist","floor":8,"turns":1},{"damage":41,"enemies":"Lagavulin","floor":9,"turns":8},{"damage":32,"enemies":"Large Slime","floor":11,"turns":6},{"damage":36,"enemies":"2 Fungi Beasts","floor":14,"turns":4},{"damage":35,"enemies":"3 Louse","floor":15,"turns":4},{"damage":88,"enemies":"downfall:Ironclad","floor":16,"turns":5}],"seed_played":"-555323091848796490","potions_obtained":[{"floor":6,"key":"AttackPotion"},{"floor":6,"key":"LiquidMemories"},{"floor":6,"key":"EssenceOfSteel"},{"floor":15,"key":"SpeedPotion"}],"is_trial":false,"path_per_floor":["R","M","?","R","M","?","T","M","E","R","M","?","?","M","M","B"],"character_chosen":"THE_CHAMP","items_purchased":[],"campfire_rested":0,"item_purchase_floors":[],"current_hp_per_floor":[90,90,90,90,90,90,90,90,72,72,49,49,49,49,50,0,0],"gold":434,"neow_bonus":"THREE_ENEMY_KILL","is_daily":false,"chose_seed":false,"campfire_upgraded":3,"win_rate":0.0,"timestamp":1607993144,"path_taken":["R","M","?","R","M","?","T","?","E","R","M","?","?","M","M","BOSS"],"items_purchased_type":[],"build_version":"2020-12-13","purchased_purges":0,"victory":false,"max_hp_per_floor":[90,90,90,90,90,90,90,90,90,90,90,90,90,90,90,90,90],"card_choices":[{"not_picked":["champ:BerserkersShout+1","champ:DefensiveShout+1"],"picked":"champ:ShieldWall+1","floor":2},{"not_picked":["champ:Lariat+1","champ:StanceDance+1"],"picked":"champ:EndlessRage+1","floor":5},{"not_picked":["champ:PerfectedStrike+1","champ:DefensiveShout+1"],"picked":"champ:FanOfKnives+1","floor":8},{"not_picked":["champ:SkillfulDodge+1","champ:Encircle+1"],"picked":"champ:EndlessRage+1","floor":9},{"not_picked":["champ:FaceSlap+1","champ:FanOfKnives+1"],"picked":"champ:DeathBlow+1","floor":11},{"not_picked":["champ:Haymaker+1","champ:DancingMaster+1","champ:EnGarde+1"],"picked":"SKIP","floor":14},{"not_picked":["champ:FaceSlap+1","champ:Haymaker+1"],"picked":"champ:IronFortress+1","floor":15}],"player_experience":679031,"relics_obtained":[{"floor":7,"key":"MawBank"},{"floor":9,"key":"Frozen Egg 2"}],"event_choices":[{"damage_healed":0,"gold_gain":0,"player_choice":"Box","damage_taken":0,"relics_obtained":["War Paint"],"max_hp_gain":0,"max_hp_loss":0,"event_name":"Big Fish","floor":3,"gold_loss":0,"cards_obtained":["Regret"]},{"damage_healed":0,"gold_gain":0,"player_choice":"Got Potions","damage_taken":0,"max_hp_gain":0,"max_hp_loss":0,"event_name":"Lab","floor":6,"gold_loss":0}],"is_beta":false,"boss_relics":[],"items_purged_floors":[],"is_endless":false,"potions_floor_spawned":[15],"killed_by":"downfall:Ironclad","ascension_level":0}}