{"host":"vwbv8761kql87467","time":1607990764,"event":{"mods":["BaseMod","Bestiary","Block Reminder","Colored Map","Colored Powertips","DeckTracker","Hubris","KinomotoSakuraMod(????)","Koishi","Marisa????????","Minty Spire (QoL Compilation)","MostiFishMod","Quick Restart","Rare Cards Sparkle","Relic Stats","RumiaBox-????????","StSLib","The Animator","The Blue Laboratory","The Cursed","The Gatherer","The IronCluck","The Mystic","The Runesmith","The Servant 0.9.4","TheSwordswoman","Thieving Mod","Uncapped","Waifu the Spire","Yuri Mod","Yuyuko","??????REMEMod"],"gold_per_floor":[109,109,209,224,39,64,64,80,104,16,16,16,32,32,32,130,130,142,142,142,158,178,178,191,191,240,83,113,113,127,139,139,249,249,283,299,299,319,332,332,359,359,359],"floor_reached":42,"playtime":2517,"items_purged":[],"score":550,"play_id":"5d952543-6397-40a8-94f8-6aa5400dee70","local_time":"20201214170604","is_ascension_mode":false,"campfire_choices":[{"floor":15.0,"key":"REST"},{"floor":23.0,"key":"REST"},{"data":"EnergyFlow","floor":29,"key":"SMITH"},{"floor":32,"key":"REST"},{"floor":40,"key":"REST"}],"circlet_count":0,"master_deck":["Strike_MRS","Strike_MRS","Strike_MRS","Defend_MRS+1","Defend_MRS","Defend_MRS+1","MasterSpark","UpSweep","DoubleSpark","MysteriousBeam","DarkMatter+1","AsteroidBelt","DarkMatter+1","PowerUp","CollectingQuirk+1","AlicesGift","AlicesGift","ManaRampage","MilkyWay","EnergyFlow+1","SprinkleStarSeal","MilkyWay","IllusionStar+1","WitchOfGreed","PowerUp","CollectingQuirk+1","6A","DragonMeteor+1","MysteriousBeam","PropBag","UltimateShortwave","FairyDestructionRay+1","SporeBomb","DoubleSpark+1","UnstableBomb+1"],"relics":["BewitchedHakkero","REME_ComplimentaryCards","DaveBox","NeowsBlessing","Question Card","Membership Card","ArrowTower","War Paint","MagicDraw4","ImportantClient","REME_PuzzleBoxRelic","hubris:EmptyBottle","Runesmith:AutoHammer","Art of War","Shuriken"],"acts_visited":["TheBeyond"],"potions_floor_usage":[33,33,33,33,33,35,39,39,39,39,39,39],"damage_taken":[{"damage":0.0,"enemies":"2 Louse","floor":1.0,"turns":1.0},{"damage":0.0,"enemies":"Small Slimes","floor":4.0,"turns":1.0},{"damage":0.0,"enemies":"Gremlin Nob","floor":6.0,"turns":1.0},{"damage":0.0,"enemies":"Cultist","floor":8.0,"turns":3.0},{"damage":5.0,"enemies":"Red Slaver","floor":13.0,"turns":2.0},{"damage":20.0,"enemies":"Hexaghost","floor":16.0,"turns":6.0},{"damage":5.0,"enemies":"Chosen","floor":18.0,"turns":4.0},{"damage":0.0,"enemies":"Spheric Guardian","floor":21.0,"turns":3.0},{"damage":24.0,"enemies":"Snake Plant","floor":22.0,"turns":4.0},{"damage":19.0,"enemies":"Sentry and Sphere","floor":24.0,"turns":4.0},{"damage":0,"enemies":"Chosen and Byrds","floor":28,"turns":4},{"damage":4,"enemies":"Snecko","floor":30,"turns":3},{"damage":7,"enemies":"Snake Plant","floor":31,"turns":3},{"damage":13,"enemies":"hubris:MusketHawk","floor":33,"turns":4},{"damage":40,"enemies":"3 Darklings","floor":35,"turns":4},{"damage":5,"enemies":"Orb Walker","floor":36,"turns":2},{"damage":44,"enemies":"Sphere and 2 Shapes","floor":38,"turns":4},{"damage":0,"enemies":"Maw","floor":39,"turns":2},{"damage":8,"enemies":"Writhing Mass","floor":42,"turns":2}],"seed_played":"-7950233975148691743","potions_obtained":[{"floor":6.0,"key":"SteroidPotion"},{"floor":21.0,"key":"blueLaboratory:ForbiddenFruitJuice"},{"floor":22.0,"key":"blueLaboratory:BottleOfRum"},{"floor":28,"key":"blueLaboratory:SavagePotion"},{"floor":33,"key":"blueLaboratory:HorrorPotion"},{"floor":33,"key":"SteroidPotion"},{"floor":35,"key":"blueLaboratory:TrueEctoplasm"},{"floor":36,"key":"Fire Potion"},{"floor":38,"key":"Strength Potion"},{"floor":39,"key":"LiquidMemories"}],"is_trial":false,"path_per_floor":["M","?","?","M","$","E","?","M","T","$","$","T","M","?","R","B",null,"M","?","?","M","M","R","M","?","T","$","M","R","M","M","R","B",null,"M","M","?","M","M","R","T","M"],"character_chosen":"MARISA","items_purchased":["Membership Card","DarkMatter","PowerUp","CollectingQuirk","hubris:EmptyBottle","Runesmith:AutoHammer","Strength Potion","6A"],"campfire_rested":4,"item_purchase_floors":[5,5,10,10,27,27,27,27],"current_hp_per_floor":[75,60,60,60,60,60,65,65,65,65,65,65,60,60,80,60,80,75,75,75,75,51,75,56,56,56,56,56,56,57,50,74,61,80,52,47,47,3,3,27,27,19,19],"gold":359,"neow_bonus":"THREE_ENEMY_KILL","is_daily":false,"chose_seed":false,"campfire_upgraded":1,"win_rate":0.0,"timestamp":1607990764,"path_taken":["M","?","?","?","?","E","?","M","T","?","$","?","M","?","R","BOSS","M","?","?","?","M","R","M","?","T","$","M","R","M","?","R","BOSS","M","M","?","M","?","R","?","M"],"items_purchased_type":["Relic","Card","Card","Card","Relic","Relic","Potion","Card"],"build_version":"2020-12-13","purchased_purges":0,"victory":false,"max_hp_per_floor":[75,75,75,75,75,75,80,80,80,80,80,80,80,80,80,80,80,80,80,80,80,80,80,80,80,80,80,80,80,80,80,80,80,80,80,80,80,80,80,80,80,80,80],"relic_stats":{"counters":[19,53],"Shuriken":[0],"Art of War":[0],"War Paint":["DarkMatter","DarkMatter"],"Question Card":17,"obtain_stats":[{"DaveBox":0,"NeowsBlessing":0,"Letter Opener":31,"War Paint":9,"MagicDraw4":12,"hubris:EmptyBottle":27,"Question Card":1,"Sundial":38,"Shuriken":42,"Art of War":41,"MiniHakkero":0,"Membership Card":5,"Runesmith:AutoHammer":27,"Kunai":39,"REME_PuzzleBoxRelic":26,"BewitchedHakkero":34,"ArrowTower":6,"REME_ComplimentaryCards":0,"ImportantClient":16,"Meat on the Bone":35},{"DaveBox":0,"NeowsBlessing":0,"Letter Opener":13,"War Paint":4,"MagicDraw4":4,"hubris:EmptyBottle":10,"Question Card":1,"Sundial":17,"Shuriken":19,"Art of War":18,"MiniHakkero":0,"Membership Card":2,"Runesmith:AutoHammer":10,"Kunai":18,"REME_PuzzleBoxRelic":10,"BewitchedHakkero":14,"ArrowTower":3,"REME_ComplimentaryCards":0,"ImportantClient":6,"Meat on the Bone":15},{"DaveBox":0,"NeowsBlessing":0,"Letter Opener":34,"War Paint":5,"MagicDraw4":5,"hubris:EmptyBottle":26,"Question Card":1,"Sundial":49,"Shuriken":53,"Art of War":51,"MiniHakkero":0,"Membership Card":2,"Runesmith:AutoHammer":26,"Kunai":51,"REME_PuzzleBoxRelic":26,"BewitchedHakkero":39,"ArrowTower":3,"REME_ComplimentaryCards":0,"ImportantClient":12,"Meat on the Bone":42}]},"card_choices":[{"not_picked":["PulseMagic","Acceleration"],"picked":"DoubleSpark","floor":1.0},{"not_picked":["WitchOfGreed","GrandCross","Orbital"],"picked":"MysteriousBeam","floor":4.0},{"not_picked":["GravityBeat","NonDirectionalLaser","GrandCross"],"picked":"AsteroidBelt","floor":6.0},{"not_picked":["SuperPerseids","ChargeUpSpray","Orbital"],"picked":"DarkMatter","floor":8.0},{"not_picked":["WitchLeyline","GrandCross","ChargingUp"],"picked":"AlicesGift","floor":13.0},{"not_picked":["BigCrunch","MillisecondPulsars","AbsoluteMagnitude"],"picked":"ManaRampage","floor":16.0},{"not_picked":["DoubleSpark","LuminesStrike","Acceleration"],"picked":"MilkyWay","floor":18.0},{"not_picked":["UnstableBomb","WitchOfGreed","NonDirectionalLaser+1"],"picked":"IllusionStar+1","floor":21.0},{"not_picked":["DC","ShootingEcho+1","RefractionSpark"],"picked":"WitchOfGreed","floor":22.0},{"not_picked":["Acceleration","GravityBeat","DC"],"picked":"PowerUp","floor":24.0},{"not_picked":["WitchOfGreed+1","DoubleSpark+1","JA"],"picked":"DragonMeteor+1","floor":28},{"not_picked":["6A+1","Acceleration","GrandCross"],"picked":"MysteriousBeam","floor":30},{"not_picked":["ChargingUp","StarBarrage","LuminesStrike"],"picked":"PropBag","floor":31},{"not_picked":["BlazingStar","ManaRampage","CollectingQuirk"],"picked":"UltimateShortwave","floor":33},{"not_picked":["MeteoricShower","WitchLeyline+1","6A"],"picked":"FairyDestructionRay+1","floor":35},{"not_picked":["GasGiant+1","Robbery","DarkSpark+1"],"picked":"SporeBomb","floor":36},{"not_picked":["Acceleration","RefractionSpark+1","NonDirectionalLaser"],"picked":"DoubleSpark+1","floor":38},{"not_picked":["StarBarrage","LuminesStrike","WitchOfGreed"],"picked":"UnstableBomb+1","floor":39}],"player_experience":136218,"relics_obtained":[{"floor":1.0,"key":"Question Card"},{"floor":6.0,"key":"ArrowTower"},{"floor":9.0,"key":"War Paint"},{"floor":12.0,"key":"MagicDraw4"},{"floor":16.0,"key":"ImportantClient"},{"floor":26.0,"key":"REME_PuzzleBoxRelic"},{"floor":41,"key":"Art of War"}],"event_choices":[{"damage_healed":0.0,"max_hp_gain":0.0,"max_hp_loss":0.0,"gold_gain":0.0,"event_name":"Shining Light","player_choice":"Entered Light","floor":2.0,"gold_loss":0.0,"damage_taken":15.0,"cards_upgraded":["Defend_MRS","Defend_MRS"]},{"damage_healed":0.0,"max_hp_gain":0.0,"max_hp_loss":0.0,"gold_gain":100.0,"event_name":"Wheel of Change","player_choice":"Gold","floor":3.0,"gold_loss":0.0,"damage_taken":0.0},{"damage_healed":0.0,"max_hp_gain":5.0,"max_hp_loss":0.0,"gold_gain":0.0,"event_name":"Big Fish","player_choice":"Donut","floor":7.0,"gold_loss":0.0,"damage_taken":0.0},{"damage_healed":0.0,"max_hp_gain":0.0,"max_hp_loss":0.0,"gold_gain":0.0,"event_name":"Living Wall","player_choice":"Grow","floor":14.0,"gold_loss":0.0,"damage_taken":0.0,"cards_upgraded":["CollectingQuirk"]},{"damage_healed":0.0,"max_hp_gain":0.0,"max_hp_loss":0.0,"gold_gain":0.0,"cards_transformed":["Defend_MRS","Strike_MRS"],"event_name":"Drug Dealer","player_choice":"Became Test Subject","floor":19.0,"gold_loss":0.0,"damage_taken":0.0,"cards_obtained":["EnergyFlow","SprinkleStarSeal"]},{"damage_healed":0.0,"max_hp_gain":0.0,"max_hp_loss":0.0,"gold_gain":0.0,"event_name":"The Library","player_choice":"Read","floor":20.0,"gold_loss":0.0,"damage_taken":0.0,"cards_obtained":["MilkyWay"]},{"damage_healed":0.0,"max_hp_gain":0.0,"max_hp_loss":0.0,"gold_gain":0.0,"event_name":"Duplicator","player_choice":"Copied","floor":25.0,"gold_loss":0.0,"damage_taken":0.0,"cards_obtained":["CollectingQuirk"]},{"damage_healed":0,"gold_gain":0,"player_choice":"Ignored","damage_taken":0,"max_hp_gain":0,"max_hp_loss":0,"event_name":"NoteForYourself","floor":37,"gold_loss":0}],"is_beta":false,"boss_relics":[{"not_picked":["AddBug","TakeMeEscape","TimeKeys"]},{"not_picked":["REME_DuelDisc","hubris:Backtick"],"picked":"BewitchedHakkero"}],"items_purged_floors":[],"is_endless":false,"potions_floor_spawned":[6,21,22,30,33,36,38,39],"killed_by":"Writhing Mass","ascension_level":0}}