{"host":"vtakxgab1vu2j1nx","time":1607996010,"event":{"mods":["AchievementEnabler","BaseMod","Colored Map","Minty Spire (QoL Compilation)","Quick Restart","SuperFastMode"],"gold_per_floor":[109,1,13,13,32,32,58,58,58,89,89,43,43,56,56,157,157,168,184,198,218,218,218,249,249,249,284,284,297,297,297,297,297,297],"floor_reached":33,"playtime":581,"items_purged":[],"score":494,"play_id":"6d6e71e9-5d6d-49ca-b76a-1babca60a336","local_time":"20201214203330","is_ascension_mode":true,"campfire_choices":[{"data":"Inflame","floor":6.0,"key":"SMITH"},{"data":"Pummel","floor":8.0,"key":"SMITH"},{"floor":11.0,"key":"REST"},{"data":"Disarm","floor":13.0,"key":"SMITH"},{"floor":15.0,"key":"RECALL"},{"floor":23.0,"key":"REST"},{"floor":25.0,"key":"REST"},{"floor":28.0,"key":"REST"},{"floor":32.0,"key":"REST"}],"circlet_count":0,"master_deck":["AscendersBane","Strike_R","Strike_R","Strike_R","Strike_R","Strike_R","Defend_R","Defend_R","Defend_R","Defend_R","Bash","Wild Strike","Inflame+1","Pummel+1","Flex","Disarm+1","Perfected Strike+1","Perfected Strike+1","Bludgeon+1","Flex","Perfected Strike+1","Shrug It Off","Demon Form","Power Through+1","Perfected Strike+1","J.A.X."],"relics":["Burning Blood","NeowsBlessing","Molten Egg 2","Singing Bowl","Ornamental Fan","Cursed Key","Omamori","Bottled Flame","Red Skull"],"acts_visited":["Exordium","TheCity"],"potions_floor_usage":[],"damage_taken":[{"damage":0.0,"enemies":"Cultist","floor":1.0,"turns":1.0},{"damage":0.0,"enemies":"Jaw Worm","floor":3.0,"turns":1.0},{"damage":0.0,"enemies":"2 Louse","floor":5.0,"turns":1.0},{"damage":32.0,"enemies":"Gremlin Nob","floor":7.0,"turns":4.0},{"damage":30.0,"enemies":"3 Sentries","floor":10.0,"turns":5.0},{"damage":8.0,"enemies":"Blue Slaver","floor":14.0,"turns":3.0},{"damage":43.0,"enemies":"Slime Boss","floor":16.0,"turns":7.0},{"damage":17.0,"enemies":"2 Thieves","floor":18.0,"turns":3.0},{"damage":14.0,"enemies":"Shell Parasite","floor":19.0,"turns":2.0},{"damage":6.0,"enemies":"Centurion and Healer","floor":20.0,"turns":4.0},{"damage":16.0,"enemies":"Shelled Parasite and Fungi","floor":21.0,"turns":4.0},{"damage":40.0,"enemies":"Book of Stabbing","floor":24.0,"turns":5.0},{"damage":33.0,"enemies":"Gremlin Leader","floor":27.0,"turns":6.0},{"damage":12.0,"enemies":"Cultist and Chosen","floor":29.0,"turns":4.0},{"damage":89,"enemies":"Automaton","floor":33,"turns":8}],"seed_played":"-5397312936416233741","potions_obtained":[{"floor":1.0,"key":"Swift Potion"},{"floor":5.0,"key":"Strength Potion"},{"floor":10.0,"key":"Swift Potion"},{"floor":19.0,"key":"BlessingOfTheForge"}],"is_trial":false,"path_per_floor":["M","$","M","$","M","R","E","R","T","E","R","$","R","M","R","B",null,"M","M","M","M","?","R","E","R","T","E","R","M","?","?","R","B"],"character_chosen":"IRONCLAD","items_purchased":["Inflame","Pummel","Perfected Strike+1"],"campfire_rested":5,"item_purchase_floors":[2,2,12],"current_hp_per_floor":[78,78,80,80,80,80,54,54,54,32,56,56,56,56,56,19,68,57,49,49,39,39,64,30,55,55,30,55,49,49,49,74,0,0],"gold":297,"neow_bonus":"THREE_ENEMY_KILL","is_daily":false,"chose_seed":false,"campfire_upgraded":3,"win_rate":0.0,"timestamp":1607996010,"path_taken":["M","?","M","?","M","R","E","R","T","E","R","$","R","M","R","BOSS","M","M","M","M","?","R","E","R","T","E","R","M","?","?","R","BOSS"],"items_purchased_type":["Card","Card","Card"],"build_version":"2020-12-13","purchased_purges":0,"victory":false,"max_hp_per_floor":[80,80,80,80,80,80,80,80,80,82,82,82,82,84,84,84,84,84,84,84,84,84,84,84,84,84,86,86,86,86,86,86,86,86],"card_choices":[{"not_picked":["Ghostly Armor","Sword Boomerang"],"picked":"Wild Strike","floor":1.0},{"not_picked":["True Grit","Sword Boomerang"],"picked":"Flex","floor":3.0},{"not_picked":["Shrug It Off","Havoc"],"picked":"Disarm","floor":5.0},{"not_picked":["Fire Breathing","Headbutt+1"],"picked":"Perfected Strike+1","floor":7.0},{"not_picked":["Fire Breathing","Uppercut+1","Intimidate"],"picked":"Singing Bowl","floor":10.0},{"not_picked":["True Grit","Burning Pact","Clash+1"],"picked":"Singing Bowl","floor":14.0},{"not_picked":["Berserk","Fiend Fire+1"],"picked":"Bludgeon+1","floor":16.0},{"not_picked":["Warcry","Body Slam+1"],"picked":"Flex","floor":18.0},{"not_picked":["Sword Boomerang+1","Sever Soul+1"],"picked":"Perfected Strike+1","floor":19.0},{"not_picked":["Wild Strike+1","Clothesline+1"],"picked":"Shrug It Off","floor":20.0},{"not_picked":["Warcry","Rampage+1"],"picked":"Demon Form","floor":21.0},{"not_picked":["Ghostly Armor","Shrug It Off"],"picked":"Power Through","floor":24.0},{"not_picked":["Anger+1","Burning Pact","Entrench"],"picked":"Singing Bowl","floor":27.0},{"not_picked":["Headbutt+1","Pommel Strike+1"],"picked":"Perfected Strike+1","floor":29.0}],"player_experience":179946,"relics_obtained":[{"floor":7.0,"key":"Molten Egg 2"},{"floor":9.0,"key":"Singing Bowl"},{"floor":10.0,"key":"Ornamental Fan"},{"floor":24.0,"key":"Omamori"},{"floor":26.0,"key":"Bottled Flame"},{"floor":27.0,"key":"Red Skull"}],"event_choices":[{"damage_healed":0.0,"max_hp_gain":0.0,"max_hp_loss":0.0,"gold_gain":0.0,"event_name":"Beggar","player_choice":"Ignored","floor":22.0,"gold_loss":0.0,"damage_taken":0.0},{"damage_healed":0.0,"max_hp_gain":0.0,"max_hp_loss":0.0,"gold_gain":0.0,"event_name":"Drug Dealer","player_choice":"Obtain J.A.X.","floor":30.0,"gold_loss":0.0,"damage_taken":0.0,"cards_obtained":["J.A.X."]},{"damage_healed":0.0,"max_hp_gain":0.0,"max_hp_loss":0.0,"gold_gain":0.0,"event_name":"Upgrade Shrine","player_choice":"Upgraded","floor":31.0,"gold_loss":0.0,"damage_taken":0.0,"cards_upgraded":["Power Through"]}],"is_beta":false,"boss_relics":[{"not_picked":["Philosopher\u0027s Stone","Tiny House"],"picked":"Cursed Key"}],"items_purged_floors":[],"is_endless":false,"potions_floor_spawned":[1,5,10,19,20],"killed_by":"Automaton","ascension_level":12}}