{"host":"wonp23fsqqcu31ie","time":1607999093,"event":{"mods":["2.2 Compatiblity","AchievementEnabler","Aspiration","BaseMod","Better Altar","Better Match","Better Sensory Stone","Better Skull","Better Third Choice","BetterRewards","Block Reminder","Colored Map","Colored Powertips","Conspire","DeckTracker","Displayed Cursed Tome","Downfall","Hermit","Highlight Path","Hubris","Minty Spire (QoL Compilation)","Permanent Neow","Quick Restart","Rare Cards Sparkle","Relic Stats","Replay The Spire","Shade Mod","Shop Mod","StSLib","SuperFastMode","The Animator","The Cursed","The Gatherer","The Necromancer","The Runesmith","The Servant 0.9.4"],"gold_per_floor":[119,97,97,110,128,161,174,174,221,234,245,255,255,282,282,378,378,397,203,203,217,217,217],"floor_reached":22,"playtime":648,"items_purged":[],"score":234,"play_id":"d0075f71-4420-424a-8d59-b692a66c0aaa","local_time":"20201215132453","is_ascension_mode":true,"campfire_choices":[{"floor":8,"key":"RECALL"},{"floor":13,"key":"REST"},{"floor":15,"key":"REST"}],"circlet_count":0,"master_deck":["Runesmith:Strike_RS","Runesmith:Strike_RS","Runesmith:Strike_RS","Runesmith:Defend_RS","Runesmith:CraftFirestone","Runesmith:Fortify","Runesmith:BackupBattery","Runesmith:ChiselStab","Runesmith:HammerThrow","Runesmith:CraftMagma","Runesmith:FissionHammer","Runesmith:Firestorm","Runesmith:EarthShield","Runesmith:Terraform","Runesmith:CraftIndustria","Runesmith:FieryHammer","Runesmith:ArcReactor","Runesmith:HammerThrow","Sucker Punch","Replay:Bag of Tricks","Deadly Poison","Runesmith:EarthShield+1"],"relics":["Runesmith:BrokenRuby","Replay:Mystery Machine","hubris:TenFootPole","hubris:Reverence","Ring of Chaos","MerchantsRug","Lee\u0027s Waffle"],"acts_visited":["Exordium","TheCity"],"potions_floor_usage":[6,12,12,14,16,21],"damage_taken":[{"damage":0,"enemies":"2 Louse","floor":1,"turns":3},{"damage":3,"enemies":"Cultist","floor":4,"turns":4},{"damage":7,"enemies":"Jaw Worm","floor":5,"turns":4},{"damage":12,"enemies":"Gremlin Nob","floor":6,"turns":2},{"damage":7,"enemies":"Looter","floor":7,"turns":3},{"damage":16,"enemies":"Exordium Thugs","floor":10,"turns":4},{"damage":12,"enemies":"3 Louse","floor":11,"turns":3},{"damage":2,"enemies":"Large Slime","floor":12,"turns":5},{"damage":11,"enemies":"Lagavulin","floor":14,"turns":7},{"damage":7,"enemies":"Hexaghost","floor":16,"turns":10},{"damage":8,"enemies":"Shell Parasite","floor":18,"turns":7},{"damage":49,"enemies":"3 Byrds","floor":21,"turns":6},{"damage":36,"enemies":"3 Cultists","floor":22,"turns":4}],"seed_played":"-5095334598006979018","potions_obtained":[{"floor":5,"key":"Death Potion"},{"floor":10,"key":"LifebloodPotion"},{"floor":11,"key":"champ:CounterPotion"},{"floor":12,"key":"AttackPotion"},{"floor":14,"key":"GamblersBrew"},{"floor":18,"key":"SkillPotion"}],"is_trial":false,"path_per_floor":["M","$","?","M","M","E","M","R","T","M","M","M","R","E","R","B",null,"M","$","?","M","M"],"character_chosen":"RUNESMITH_CLASS","items_purchased":["Runesmith:ChiselStab","MerchantsRug","Lee\u0027s Waffle"],"campfire_rested":2,"item_purchase_floors":[2,19,19],"current_hp_per_floor":[70,70,70,67,60,48,41,41,41,25,13,11,32,21,42,35,70,62,77,77,28,0,0],"gold":217,"neow_bonus":"NOSTALGIA","is_daily":false,"chose_seed":false,"campfire_upgraded":0,"win_rate":0.0,"timestamp":1607999093,"path_taken":["M","$","?","M","M","E","M","R","T","M","?","M","R","E","R","BOSS","M","$","?","M","M"],"items_purchased_type":["Card","Relic","Relic"],"build_version":"2020-12-13","purchased_purges":0,"victory":false,"max_hp_per_floor":[70,70,70,70,70,70,70,70,70,70,70,70,70,70,70,70,70,70,77,77,77,77,77],"relic_stats":{"Lee\u0027s Waffle":15,"counters":[13,62],"obtain_stats":[{"MerchantsRug":19,"Runesmith:BrokenRuby":0,"Lee\u0027s Waffle":19,"aspiration:Nostalgia":0,"Ring of Chaos":17,"Slimebound:AbsorbEndCombat":0,"hubris:TenFootPole":9,"Replay:Mystery Machine":6,"hubris:Reverence":14},{"MerchantsRug":11,"Runesmith:BrokenRuby":0,"Lee\u0027s Waffle":11,"aspiration:Nostalgia":0,"Ring of Chaos":10,"Slimebound:AbsorbEndCombat":0,"hubris:TenFootPole":5,"Replay:Mystery Machine":4,"hubris:Reverence":9},{"MerchantsRug":52,"Runesmith:BrokenRuby":0,"Lee\u0027s Waffle":52,"aspiration:Nostalgia":0,"Ring of Chaos":45,"Slimebound:AbsorbEndCombat":0,"hubris:TenFootPole":16,"Replay:Mystery Machine":13,"hubris:Reverence":35}]},"card_choices":[{"not_picked":["Runesmith:CraftMagma","Runesmith:StaticCage"],"picked":"Runesmith:BackupBattery","floor":1},{"not_picked":["Runesmith:Retool","Runesmith:Repurpose"],"picked":"Runesmith:HammerThrow","floor":4},{"not_picked":["Runesmith:BackupBattery","Runesmith:RuneHurl"],"picked":"Runesmith:CraftMagma","floor":5},{"not_picked":["Runesmith:Refine","Runesmith:BackupBattery"],"picked":"Runesmith:FissionHammer","floor":6},{"not_picked":["Runesmith:CraftMagma","Runesmith:ShiftingStrike"],"picked":"Runesmith:Firestorm","floor":7},{"not_picked":["Runesmith:CraftMagma","Runesmith:Permafrost"],"picked":"Runesmith:EarthShield","floor":10},{"not_picked":["Runesmith:HammerThrow","Runesmith:HeatExchange"],"picked":"Runesmith:Terraform","floor":11},{"not_picked":["Runesmith:FrozenChisel","Runesmith:CraftSpiculum"],"picked":"Runesmith:CraftIndustria","floor":12},{"not_picked":["Runesmith:Prism","Runesmith:CraftReservo"],"picked":"Runesmith:FieryHammer","floor":14},{"not_picked":["Runesmith:Duplicate","Runesmith:GenerateForcefield"],"picked":"Runesmith:ArcReactor","floor":16},{"not_picked":["Runesmith:CraftMagma","Runesmith:BackupBattery"],"picked":"Runesmith:HammerThrow","floor":18},{"not_picked":["Runesmith:CraftMagma","Runesmith:Grindstone"],"picked":"Runesmith:EarthShield+1","floor":21}],"player_experience":609935,"relics_obtained":[{"floor":6,"key":"Replay:Mystery Machine"},{"floor":9,"key":"hubris:TenFootPole"},{"floor":14,"key":"hubris:Reverence"}],"event_choices":[{"cards_removed":["Runesmith:Defend_RS"],"damage_healed":0,"gold_gain":0,"player_choice":"Offered Basic","damage_taken":0,"max_hp_gain":0,"max_hp_loss":0,"event_name":"Bonfire Elementals","floor":3,"gold_loss":0}],"is_beta":false,"boss_relics":[{"not_picked":["ChewingGum","aspiration:PoetsPen_weak"],"picked":"Ring of Chaos"}],"items_purged_floors":[],"is_endless":false,"potions_floor_spawned":[5,10,11,12,14,18],"killed_by":"3 Cultists","ascension_level":1}}