{"host":"ztqjwusiwlngvd4e","time":1607997261,"event":{"mods":["BaseMod","BetterRewards","Downfall","Minty Spire (QoL Compilation)","Replay The Spire","StSLib","The Bug Knight"],"gold_per_floor":[110,110,120,134,108,108,123,153,176,176,194,194,194,211,261,362,362,375,389,403,403,420,420,439,16,16,16,30,30,47,59,59,59,59],"floor_reached":33,"playtime":4285,"items_purged":[],"score":278,"play_id":"c6639559-47d6-4989-ae1c-533b127b664f","local_time":"20201215125421","is_ascension_mode":false,"campfire_choices":[{"data":"Armaments","floor":6.0,"key":"SMITH"},{"data":"Anger","floor":10.0,"key":"SMITH"},{"data":"Berserk","floor":12,"key":"SMITH"},{"floor":23,"key":"REST"},{"floor":27,"key":"REST"},{"floor":29,"key":"REST"},{"data":"Reaper","floor":32,"key":"SMITH"}],"circlet_count":0,"master_deck":["Strike_R","Strike_R","Strike_R","Strike_R","Strike_R","Defend_R","Defend_R","Defend_R","Defend_R","Bash","Anger+1","Armaments+1","Flame Barrier","Perfected Strike","Iron Wave","Heavy Blade","Berserk+1","ReplayTheSpireMod:Strike From Hell","Spot Weakness","Berserk","Feed","Cleave","Ghostly Armor+1","Anger+1","Seeing Red","Reaper+1","Blood for Blood+1","Anger","Infernal Blade+1"],"relics":["Burning Blood","Toolbox","Omamori","PreservedInsect","Honey Jar","Bottled Tornado","Golden Egg"],"acts_visited":["Exordium","TheCity"],"potions_floor_usage":[16,16,18,19,31,33],"damage_taken":[{"damage":3.0,"enemies":"2 Louse","floor":1.0,"turns":4.0},{"damage":0.0,"enemies":"Small Slimes","floor":3.0,"turns":3.0},{"damage":7.0,"enemies":"Jaw Worm","floor":4.0,"turns":5.0},{"damage":10.0,"enemies":"Large Slime","floor":7.0,"turns":6.0},{"damage":8.0,"enemies":"3 Sentries","floor":8.0,"turns":7.0},{"damage":0,"enemies":"2 Fungi Beasts","floor":11,"turns":1},{"damage":15,"enemies":"Looter","floor":14,"turns":3},{"damage":19,"enemies":"Fading Forest","floor":16,"turns":11},{"damage":16,"enemies":"Spheric Guardian","floor":18,"turns":4},{"damage":42,"enemies":"2 Thieves","floor":19,"turns":4},{"damage":30,"enemies":"Snake Plant","floor":20,"turns":4},{"damage":0,"enemies":"Centurion and Healer","floor":22,"turns":5},{"damage":21,"enemies":"Sentry and Sphere","floor":24,"turns":6},{"damage":9,"enemies":"Snecko","floor":28,"turns":4},{"damage":25,"enemies":"Centurion and Healer","floor":30,"turns":6},{"damage":30,"enemies":"Sentry and Sphere","floor":31,"turns":6},{"damage":74,"enemies":"Champ","floor":33,"turns":8}],"seed_played":"-1638648813430974934","potions_obtained":[{"floor":1.0,"key":"Reflective Coating"},{"floor":3.0,"key":"Adrenaline Potion"},{"floor":11,"key":"ColorlessPotion"},{"floor":16,"key":"SkillPotion"},{"floor":18,"key":"DistilledChaos"},{"floor":24,"key":"EssenceOfSteel"},{"floor":30,"key":"AttackPotion"}],"is_trial":false,"path_per_floor":["M","?","M","M","$","R","M","E","T","R","M","R","?","M","R","B",null,"M","M","M","?","M","R","M","$","T","R","M","R","M","M","R","B"],"character_chosen":"IRONCLAD","items_purchased":["Toolbox","Anger","Iron Wave","Bottled Tornado","Reaper"],"campfire_rested":3,"item_purchase_floors":[0,0,5,25,25],"current_hp_per_floor":[77,77,80,79,79,79,75,73,73,73,79,79,79,70,70,57,80,70,37,13,13,22,47,36,36,36,63,60,87,74,58,58,0,0],"gold":59,"neow_bonus":"","is_daily":false,"chose_seed":false,"campfire_upgraded":4,"win_rate":0.0,"timestamp":1607997261,"path_taken":["M","?","M","M","$","R","M","E","T","R","M","R","?","M","R","BOSS","M","M","M","?","M","R","M","$","T","R","M","R","M","M","R","BOSS"],"items_purchased_type":["Relic","Card","Card","Relic","Card"],"build_version":"2020-12-13","purchased_purges":0,"victory":false,"max_hp_per_floor":[80,80,80,80,80,80,80,80,80,80,80,80,80,80,80,80,80,80,83,83,83,86,86,90,90,90,90,90,90,93,97,97,97,97],"card_choices":[{"not_picked":["Anger","ReplayTheSpireMod:Corrosion Curse"],"picked":"Armaments","floor":1.0},{"not_picked":["Clothesline","Pommel Strike"],"picked":"Flame Barrier","floor":3.0},{"not_picked":["Heavy Blade","Headbutt"],"picked":"Perfected Strike","floor":4.0},{"not_picked":["True Grit","Disarm"],"picked":"Heavy Blade","floor":7.0},{"not_picked":["ReplayTheSpireMod:Stacked","Thunderclap"],"picked":"Berserk","floor":8.0},{"not_picked":["Run Through","Heavy Blade"],"picked":"ReplayTheSpireMod:Strike From Hell","floor":11},{"not_picked":["Shrug It Off","Intimidate"],"picked":"Spot Weakness","floor":14},{"not_picked":["Corruption","Demonic Infusion"],"picked":"Berserk","floor":16},{"not_picked":["True Grit","Clothesline+1","Replay:Undeath\u0027s Touch"],"picked":"Feed","floor":18},{"not_picked":["True Grit","Run Through","Pommel Strike"],"picked":"Cleave","floor":19},{"not_picked":["Armaments","Clash+1","Thunderclap"],"picked":"Ghostly Armor+1","floor":20},{"not_picked":["Armaments","Headbutt","Sever Soul"],"picked":"Anger+1","floor":22},{"not_picked":["Burning Pact+1","Run Through","Body Slam"],"picked":"Seeing Red","floor":24},{"not_picked":["Run Through","Anger","Clothesline"],"picked":"Blood for Blood+1","floor":28},{"not_picked":["Heavy Blade","Ghostly Armor+1","Pommel Strike"],"picked":"Anger","floor":30},{"not_picked":["Iron Wave","Armaments","Fiend Fire"],"picked":"Infernal Blade+1","floor":31}],"player_experience":18784,"relics_obtained":[{"floor":8.0,"key":"Omamori"},{"floor":9.0,"key":"PreservedInsect"},{"floor":26,"key":"Golden Egg"}],"event_choices":[{"damage_healed":0.0,"max_hp_gain":0.0,"max_hp_loss":0.0,"gold_gain":0.0,"event_name":"Golden Wing","player_choice":"Ignored","floor":2.0,"gold_loss":0.0,"damage_taken":0.0},{"damage_healed":0,"gold_gain":0,"player_choice":"Leave","damage_taken":0,"max_hp_gain":0,"max_hp_loss":0,"event_name":"The Cleric","floor":13,"gold_loss":0},{"damage_healed":0,"gold_gain":0,"player_choice":"Ignored","damage_taken":0,"max_hp_gain":0,"max_hp_loss":0,"event_name":"Beggar","floor":21,"gold_loss":0}],"is_beta":false,"boss_relics":[{"not_picked":["Astrolabe","Busted Crown"],"picked":"Honey Jar"}],"items_purged_floors":[],"is_endless":false,"potions_floor_spawned":[1,3,11,16,18,24,30],"killed_by":"Champ","ascension_level":0}}