{"host":"t6j3b2be3h8sm33f","time":1607997130,"event":{"mods":["BaseMod","Better Match","Better Skull","Colored Map","Colored Powertips","Downfall","Highlight Path","Infinite Spire","Jedi Mod","Minty Spire (QoL Compilation)","Quick Restart","Rare Cards Sparkle","Replay The Spire","StSLib","The Cursed"],"gold_per_floor":[176,191,191,191,220,220,269,194,229,229,239,224,224,224,224,324,324,324,343,343,343,357,357,357,382,397,397,397],"floor_reached":27,"playtime":1804,"items_purged":[],"score":235,"play_id":"cdde62fd-e802-420b-bc23-4ba18c63402c","local_time":"20201214205210","is_ascension_mode":false,"campfire_choices":[{"floor":4,"key":"RECALL"},{"floor":8,"key":"REST"}],"circlet_count":0,"master_deck":["Guardian:Defend_Guardian","Guardian:Defend_Guardian","Guardian:Defend_Guardian","Guardian:Defend_Guardian","Guardian:CurlUp","Guardian:TwinSlam","Guardian:Planning","Guardian:ChargeUp","Guardian:BronzeArmor","Guardian:PrismaticBeam","Guardian:Suspension","Guardian:AncientConstruct","Guardian:StasisStrike+1","Guardian:FastForward+1","Guardian:Suspension+1","Guardian:WalkerClaw","Guardian:Gem_Purple","Guardian:Gem_White","Guardian:Gem_Green","Guardian:ConstructionForm","Guardian:FloatingOrbs"],"relics":["Guardian:ModeShifter","MealTicket","infinitespire:Lucky Rock","Juzu Bracelet","downfall:HeartBlessingRed","Guardian:PickAxe","Replay:Grab Bag","jedi:paperlyon","ChewingGum","SlaversCollar","Astrolabe","Gremlin Food","infinitespire:Joker Card","jedi:archwizardhat"],"acts_visited":["Exordium","TheCity"],"potions_floor_usage":[9,12,25,27],"damage_taken":[{"damage":0,"enemies":"2 Louse","floor":2,"turns":3},{"damage":35,"enemies":"Replay:BlueRogue","floor":5,"turns":7},{"damage":2,"enemies":"Lagavulin","floor":9,"turns":5},{"damage":10,"enemies":"Small Slimes","floor":11,"turns":4},{"damage":0,"enemies":"downfall:FleeingMerchant","floor":12,"turns":4},{"damage":0,"enemies":"Cultist","floor":15,"turns":1},{"damage":44,"enemies":"downfall:Silent","floor":16,"turns":10},{"damage":5,"enemies":"3 Byrds","floor":19,"turns":6},{"damage":10,"enemies":"Snake Plant","floor":22,"turns":5},{"damage":36,"enemies":"Nightmare","floor":25,"turns":8},{"damage":26,"enemies":"Snecko","floor":26,"turns":7},{"damage":11,"enemies":"Gremlin Leader","floor":27,"turns":2}],"seed_played":"136917552268766912","potions_obtained":[{"floor":2,"key":"Adrenaline Potion"},{"floor":11,"key":"ColorlessPotion"},{"floor":16,"key":"Cursed Concoction"},{"floor":19,"key":"ColorlessPotion"},{"floor":20,"key":"CultistPotion"},{"floor":20,"key":"infinitespire:BlackPotion"},{"floor":26,"key":"Adrenaline Potion"}],"is_trial":false,"path_per_floor":["R_BF","M","?","R","E","?","T","R","E","R","M","$","?","?","M","B",null,"R","M","?","R","M","?","T","NM","M","E"],"character_chosen":"GUARDIAN","items_purchased":[],"campfire_rested":1,"item_purchase_floors":[],"current_hp_per_floor":[88,88,63,63,28,28,28,54,52,52,42,57,57,57,57,13,88,88,83,83,83,73,73,73,37,11,0,0],"gold":397,"neow_bonus":"TEN_PERCENT_HP_BONUS","is_daily":false,"chose_seed":false,"campfire_upgraded":0,"win_rate":0.0,"timestamp":1607997130,"path_taken":["R_BF","M","?","R","E","?","T","R","E","R","M","$","?","?","M","BOSS","R","M","?","R","M","?","T","NM","M","E"],"items_purchased_type":[],"build_version":"2020-12-13","purchased_purges":0,"victory":false,"max_hp_per_floor":[88,88,88,88,88,88,88,88,88,88,88,88,88,88,88,88,88,88,88,88,88,88,88,88,88,88,88,88],"card_choices":[{"not_picked":["Guardian:TemporalStrike","Guardian:Gem_Green"],"picked":"Guardian:Gem_Crimson","floor":2},{"not_picked":["Guardian:Clone","Guardian:WalkerClaw"],"picked":"Guardian:Planning","floor":5},{"not_picked":["Guardian:MultiBeam","Guardian:RefractedBeam"],"picked":"Guardian:BronzeArmor","floor":9},{"not_picked":["Guardian:PrimingBeam","Guardian:WalkerClaw"],"picked":"Guardian:PrismaticBeam","floor":11},{"not_picked":["Guardian:DonusPower","Guardian:TemporalStrike"],"picked":"Guardian:Gem_Lightblue","floor":12},{"not_picked":["Guardian:HyperBeam_Guardian","Guardian:PiercingHide"],"picked":"Guardian:Suspension","floor":15},{"not_picked":["Guardian:StasisStrike","Guardian:Gem_Synthetic"],"picked":"Guardian:AncientConstruct","floor":16},{"not_picked":["Guardian:Recover+1","Guardian:Suspension"],"picked":"Guardian:WalkerClaw","floor":19},{"not_picked":["Guardian:Suspension","Guardian:Recover"],"picked":"Guardian:Gem_Green","floor":22},{"not_picked":["Guardian:PiercingHide","Guardian:Reroute+1"],"picked":"Guardian:ConstructionForm","floor":25},{"not_picked":["Guardian:TemporalShield","Guardian:CrystalBeam"],"picked":"Guardian:FloatingOrbs","floor":26}],"player_experience":45456,"relics_obtained":[{"floor":5,"key":"infinitespire:Lucky Rock"},{"floor":7,"key":"Juzu Bracelet"},{"floor":9,"key":"Guardian:PickAxe"},{"floor":23,"key":"Gremlin Food"},{"floor":24,"key":"infinitespire:Joker Card"},{"floor":25,"key":"jedi:archwizardhat"}],"event_choices":[{"damage_healed":0,"gold_gain":0,"player_choice":"Success","damage_taken":25,"relics_obtained":["MealTicket"],"max_hp_gain":0,"max_hp_loss":0,"event_name":"Scrap Ooze","floor":3,"gold_loss":0},{"damage_healed":0,"gold_gain":0,"player_choice":"Got Potions","damage_taken":0,"max_hp_gain":0,"max_hp_loss":0,"event_name":"Lab","floor":20,"gold_loss":0}],"is_beta":false,"boss_relics":[{"not_picked":["Sozu","Replay:Ancient Bell"],"picked":"Replay:Grab Bag"},{"not_picked":["Abe\u0027s Treasure","Philosopher\u0027s Stone"],"picked":"jedi:paperlyon"},{"not_picked":["ReplayTheSpireMod:DimensionalGlitch","Runic Dome"],"picked":"ChewingGum"},{"not_picked":["Kintsugi","Snecko Eye"],"picked":"SlaversCollar"},{"not_picked":["Ring of Chaos","ReplayTheSpireMod:SealedPack"],"picked":"Astrolabe"}],"items_purged_floors":[],"is_endless":true,"potions_floor_spawned":[2,11,16,19,26],"killed_by":"Gremlin Leader","ascension_level":0}}