{"host":"3iouabftir4t7z56","time":1607992272,"event":{"mods":["BaseMod","Colored Map","Conspire","Downfall","Hermit","Mad Scientist","Minty Spire (QoL Compilation)","StSLib","The Cursed"],"gold_per_floor":[99,99,99,128,128,162,216,216,176,176,176,186,206,156,173,283,283,283,306,306,334,334,365,365,393,426,426,416,416,6,6,22,139,139,64,92,92,106,106,126,126,153,163,163,183,210,122,122,122,140],"floor_reached":51,"playtime":5523,"items_purged":[],"score":675,"play_id":"26f3c63d-5c27-4542-b5f5-71f0389f8c71","local_time":"20201215013112","is_ascension_mode":false,"campfire_choices":[{"data":"Guardian:TwinSlam","floor":1.0,"key":"SMITH"},{"data":"Guardian:TimeCapacitor","floor":3.0,"key":"SMITH"},{"data":"Guardian:FloatingOrbs","floor":8.0,"key":"SMITH"},{"data":"Guardian:ChargeCore","floor":10.0,"key":"SMITH"},{"data":"Guardian:DonusPower","floor":18,"key":"SMITH"},{"floor":27,"key":"REST"},{"floor":35,"key":"RECALL"},{"floor":44,"key":"REST"}],"circlet_count":0,"master_deck":["Guardian:Strike_Guardian","Guardian:Strike_Guardian","Guardian:Strike_Guardian","Guardian:Strike_Guardian","Guardian:Defend_Guardian","Guardian:Defend_Guardian","Guardian:Defend_Guardian","Guardian:Defend_Guardian","Guardian:CurlUp","Guardian:TwinSlam+1","Guardian:TimeCapacitor+1","Guardian:SentryBeam","Guardian:ChargeCore+1","Guardian:FloatingOrbs+1","Guardian:PiercingHide","Guardian:Planning","Guardian:DonusPower+1","Guardian:TimeSifter","conspire:SpireCoStock","Guardian:Suspension","Guardian:FastForward","Guardian:ArmoredProtocol+1","Guardian:WalkerClaw","Guardian:AncientConstruct","Guardian:Harden","Guardian:TimeBomb","Guardian:TimeCapacitor","Guardian:Reroute","Guardian:BronzeOrb","Guardian:DecasProtection","Guardian:ArmoredProtocol","Guardian:TemporalShield","Guardian:Suspension+1","Guardian:StasisStrike","Guardian:RollAttack","expansioncontent:GoopSpray","Guardian:ChargeUp","Guardian:RevengeProtocol","TheCursedMod:Dregs","Guardian:Incinerate+1","Guardian:TimeBomb+1","Parasite","Guardian:GuardianWhirl+1","Guardian:WalkerClaw+1","Guardian:Clone","Guardian:ChargeCore"],"relics":["Guardian:ModeShifter","downfall:HeartsMalice","Guardian:SackOfGems","HornCleat","Nunchaku","Philosopher\u0027s Stone","Centennial Puzzle","Enchiridion","Strange Spoon","Cursed Key","downfall:HeartBlessingGreen","conspire:Dentures","Omamori"],"acts_visited":["Exordium","TheCity","TheBeyond"],"potions_floor_usage":[16,26,26,26,36,49],"damage_taken":[{"damage":0.0,"enemies":"Cultist","floor":2.0,"turns":1.0},{"damage":0.0,"enemies":"Gremlin Nob","floor":4.0,"turns":1.0},{"damage":0.0,"enemies":"Small Slimes","floor":5.0,"turns":1.0},{"damage":16.0,"enemies":"3 Sentries","floor":6.0,"turns":9.0},{"damage":0.0,"enemies":"downfall:FleeingMerchant","floor":9.0,"turns":4.0},{"damage":0,"enemies":"Jaw Worm","floor":12,"turns":3},{"damage":1,"enemies":"2 Fungi Beasts","floor":13,"turns":3},{"damage":3,"enemies":"Lots of Slimes","floor":15,"turns":3},{"damage":14,"enemies":"downfall:Ironclad","floor":16,"turns":7},{"damage":0,"enemies":"Chosen","floor":19,"turns":4},{"damage":2,"enemies":"Shell Parasite","floor":21,"turns":5},{"damage":16,"enemies":"Centurion and Healer","floor":23,"turns":5},{"damage":26,"enemies":"3 Cultists","floor":25,"turns":6},{"damage":19,"enemies":"Gremlin Leader","floor":26,"turns":6},{"damage":0,"enemies":"downfall:FleeingMerchant","floor":28,"turns":4},{"damage":0,"enemies":"downfall:FleeingMerchant","floor":30,"turns":4},{"damage":3,"enemies":"conspire:HollyBat","floor":32,"turns":6},{"damage":1,"enemies":"downfall:Silent","floor":33,"turns":7},{"damage":9,"enemies":"3 Shapes","floor":36,"turns":5},{"damage":0,"enemies":"3 Darklings","floor":38,"turns":4},{"damage":16,"enemies":"Spire Growth","floor":40,"turns":6},{"damage":4,"enemies":"Sphere and 2 Shapes","floor":42,"turns":5},{"damage":11,"enemies":"4 Shapes","floor":43,"turns":3},{"damage":7,"enemies":"Writhing Mass","floor":45,"turns":7},{"damage":15,"enemies":"downfall:FleeingMerchant","floor":47,"turns":4},{"damage":0,"enemies":"Jaw Worm Horde","floor":49,"turns":1},{"damage":13,"enemies":"downfall:Watcher","floor":50,"turns":8}],"seed_played":"-204745580279646181","potions_obtained":[{"floor":6.0,"key":"Fire Potion"},{"floor":12,"key":"sneckomod:MuddlingPotion"},{"floor":13,"key":"EntropicBrew"},{"floor":16,"key":"SpeedPotion"},{"floor":21,"key":"Slimebound:ThreeZeroPotion"},{"floor":31,"key":"SmokeBomb"},{"floor":45,"key":"hexamod:EctoCoolerPotion"}],"is_trial":false,"path_per_floor":["R","M","R","E","M","E","T","R","$","R","?","M","M","?","M","B",null,"R","M","?","M","?","M","T","M","E","R","$","?","$","?","M","B",null,"R","M","?","M","?","M","T","M","M","R","M","?","$","?","M","B",null],"character_chosen":"GUARDIAN","items_purchased":["Guardian:Planning","Guardian:BronzeOrb","Guardian:DecasProtection","Strange Spoon","Guardian:ArmoredProtocol","Guardian:TemporalShield","Guardian:Clone","Guardian:ChargeCore"],"campfire_rested":2,"item_purchase_floors":[9,30,30,30,30,30,47,47],"current_hp_per_floor":[80,80,80,80,80,64,64,64,64,64,64,64,63,63,60,46,80,80,80,80,78,78,62,62,36,17,41,41,25,25,25,22,21,80,80,71,71,71,71,55,55,51,40,64,57,57,42,42,42,29],"gold":140,"neow_bonus":"THREE_ENEMY_KILL","is_daily":false,"chose_seed":false,"campfire_upgraded":5,"win_rate":0.0,"timestamp":1607992272,"path_taken":["R","M","R","E","M","E","T","R","$","R","?","M","?","?","M","BOSS","R","M","?","M","?","M","T","?","E","R","$","?","$","?","M","BOSS","R","M","?","M","?","M","T","M","M","R","M","?","$","?","M","BOSS"],"items_purchased_type":["Card","Card","Card","Relic","Card","Card","Card","Card"],"build_version":"2020-12-13","purchased_purges":0,"victory":true,"max_hp_per_floor":[80,80,80,80,80,80,80,80,80,80,80,80,80,80,80,80,80,80,80,80,80,80,80,80,80,80,80,80,80,80,80,80,80,80,80,80,80,80,80,80,80,80,80,80,80,80,80,80,80,80],"card_choices":[{"not_picked":["Guardian:TemporalStrike","Guardian:VentSteam"],"picked":"Guardian:TimeCapacitor","floor":2.0},{"not_picked":["Guardian:TemporalStrike","Guardian:Gem_White"],"picked":"Guardian:SentryBeam","floor":4.0},{"not_picked":["Guardian:PiercingHide","Guardian:Recover"],"picked":"Guardian:ChargeCore","floor":5.0},{"not_picked":["Guardian:SentryBeam","Guardian:ShieldCharger"],"picked":"Guardian:FloatingOrbs","floor":6.0},{"not_picked":["Guardian:FloatingOrbs","Guardian:ArmoredProtocol"],"picked":"Guardian:PiercingHide","floor":9.0},{"not_picked":["Guardian:VentSteam","Guardian:Gem_Red"],"picked":"Guardian:DonusPower","floor":12},{"not_picked":["Guardian:Gem_Purple","Guardian:TemporalStrike"],"picked":"Guardian:TimeSifter","floor":13},{"not_picked":["Guardian:Reroute","Guardian:Recover"],"picked":"Guardian:Suspension","floor":15},{"not_picked":["Guardian:AncientConstruct","Guardian:RevengeProtocol"],"picked":"Guardian:FastForward","floor":16},{"not_picked":["Guardian:Gem_Cyan","Guardian:VentSteam"],"picked":"Guardian:ArmoredProtocol+1","floor":19},{"not_picked":["Guardian:Suspension","Guardian:PiercingHide+1"],"picked":"Guardian:WalkerClaw","floor":21},{"not_picked":["Guardian:Suspension+1","Guardian:Gem_Lightblue"],"picked":"Guardian:Harden","floor":23},{"not_picked":["Guardian:PrismaticBeam","Guardian:TemporalShield"],"picked":"Guardian:TimeBomb","floor":25},{"not_picked":["Guardian:TemporalStrike","Guardian:Recover"],"picked":"Guardian:Gem_White","floor":26},{"not_picked":["Guardian:DecasProtection+1","Guardian:TimeSifter"],"picked":"Guardian:TimeCapacitor","floor":28},{"not_picked":["Guardian:Incinerate+1","Guardian:TemporalStrike"],"picked":"Guardian:Reroute","floor":30},{"not_picked":["Guardian:ChargeCore","Guardian:PiercingHide"],"picked":"Guardian:Suspension+1","floor":32},{"not_picked":["Guardian:Gem_Orange","Guardian:ConstructionForm"],"picked":"Guardian:StasisStrike","floor":33},{"not_picked":["Guardian:DecasProtection","Guardian:Harden"],"picked":"Guardian:RollAttack","floor":36},{"not_picked":["expansioncontent:Collect","expansioncontent:DecasProtection"],"picked":"expansioncontent:GoopSpray","floor":37},{"not_picked":["Guardian:TemporalStrike+1","Guardian:RefractedBeam+1"],"picked":"Guardian:ChargeUp","floor":38},{"not_picked":["Guardian:VentSteam+1","Guardian:TimeBomb"],"picked":"Guardian:RevengeProtocol","floor":40},{"not_picked":["Guardian:RollAttack+1","Guardian:ShieldCharger+1"],"picked":"Guardian:Incinerate+1","floor":42},{"not_picked":["Guardian:BronzeArmor","Guardian:HyperBeam_Guardian"],"picked":"Guardian:TimeBomb+1","floor":43},{"not_picked":["Guardian:WalkerClaw+1","Guardian:SentryBeam"],"picked":"Guardian:GuardianWhirl+1","floor":45},{"not_picked":["Guardian:TemporalStrike","Guardian:Recover+1"],"picked":"Guardian:WalkerClaw+1","floor":47}],"player_experience":597392,"relics_obtained":[{"floor":4.0,"key":"Guardian:SackOfGems"},{"floor":6.0,"key":"HornCleat"},{"floor":7.0,"key":"Nunchaku"},{"floor":26,"key":"Centennial Puzzle"},{"floor":29,"key":"Enchiridion"},{"floor":41,"key":"conspire:Dentures"},{"floor":46,"key":"Omamori"}],"event_choices":[{"damage_healed":0,"gold_gain":0,"player_choice":"Invest 1","damage_taken":0,"max_hp_gain":0,"max_hp_loss":0,"event_name":"conspire:Investor","floor":14,"gold_loss":0},{"damage_healed":0,"gold_gain":0,"player_choice":"Got Potions","damage_taken":0,"max_hp_gain":0,"max_hp_loss":0,"event_name":"Lab","floor":31,"gold_loss":0}],"is_beta":false,"boss_relics":[{"not_picked":["Astrolabe","Busted Crown"],"picked":"Philosopher\u0027s Stone"},{"not_picked":["Black Star","Tiny House"],"picked":"Cursed Key"}],"items_purged_floors":[],"is_endless":false,"potions_floor_spawned":[6,12,13,15,16,21,23,32,45,49],"ascension_level":0}}