{"host":"ecuvtzmejf7hhjpv","time":1607996541,"event":{"mods":["AchievementEnabler","Act Like it!","Aspiration","BaseMod","Better Altar","Better Match","Better Note","Better Sensory Stone","Better Skull","Better Third Choice","BetterRewards","Conspire","Custom Start","GifTheSpireLib","Hallownest","Hermit","Hubris","Marisa????????","Minty Spire (QoL Compilation)","Prisma Mod","Replay The Spire","Spicy Shops","StSLib","The Animator","The Blackbeard","The Bug Knight","The Forsaken","The Hierophant","The Jungle","The Necromancer","The Poker Player","The Wild Card"],"gold_per_floor":[124,124,133,159,159,195,195,195,195],"floor_reached":8,"playtime":329,"items_purged":["HollowMod:Weaversong+1"],"score":54,"play_id":"86fbc250-7e40-4f54-927b-3469f3b9d912","local_time":"20201214194221","is_ascension_mode":false,"campfire_choices":[{"data":"HollowMod:FocusHealStart","floor":7,"key":"SMITH"}],"circlet_count":0,"master_deck":["HollowMod:Weaversong+1","HollowMod:NailStrikeStart","HollowMod:NailStrikeStart","HollowMod:NailStrikeStart","HollowMod:NailStrikeStart","HollowMod:QuickDashStart","HollowMod:QuickDashStart","HollowMod:QuickDashStart","HollowMod:QuickDashStart","HollowMod:FocusHealStart+1","HollowMod:PogoStrike","HollowMod:CycloneSlash+1","HollowMod:DreamGate+1","HollowMod:PureVessel+1","HollowMod:SoulVessel+1","HollowMod:CycloneSlash","The Bomb+1","HollowMod:FallenFury","HollowMod:SoulShaman"],"relics":["HollowMod:VesselMask","Membership Card","conspire:GlowingRock","CeramicFish","Golden Egg","Orrery","Gremlin Horn"],"acts_visited":["Exordium"],"potions_floor_usage":[6,6,6],"damage_taken":[{"damage":12,"enemies":"Small Slimes","floor":1,"turns":4},{"damage":4,"enemies":"Cultist","floor":4,"turns":4},{"damage":34,"enemies":"3 Sentries","floor":6,"turns":4},{"damage":23,"enemies":"Replay:BlueRogue","floor":8,"turns":4}],"seed_played":"6758200829425541471","potions_obtained":[{"floor":4,"key":"ColorlessPotion"},{"floor":5,"key":"Regen Potion"}],"is_trial":false,"path_per_floor":["M","?","?","M","?","E","R","E"],"character_chosen":"THE_BUGKNIGHT","items_purchased":["Membership Card","conspire:GlowingRock","CeramicFish","Golden Egg","Orrery","ColorlessPotion","Swift Potion"],"campfire_rested":0,"item_purchase_floors":[0,0,0,0,0,0,0],"current_hp_per_floor":[47,47,47,43,43,23,23,0,0],"gold":195,"neow_bonus":"","is_daily":false,"chose_seed":false,"campfire_upgraded":1,"win_rate":0.0,"timestamp":1607996541,"path_taken":["M","?","?","?","?","E","R","E"],"items_purchased_type":["Relic","Relic","Relic","Relic","Relic","Potion","Potion"],"build_version":"2020-12-13","purchased_purges":1,"victory":false,"max_hp_per_floor":[75,75,75,75,75,75,75,75,75],"card_choices":[{"not_picked":["HollowMod:DoubleDash","HollowMod:MantisMark"],"picked":"HollowMod:CycloneSlash","floor":0},{"not_picked":["HollowMod:SoulEater","HollowMod:MonarchWings"],"picked":"HollowMod:DreamGate","floor":0},{"not_picked":["HollowMod:QuirrelsAssistance","HollowMod:DashSlash"],"picked":"HollowMod:PureVessel","floor":0},{"not_picked":["HollowMod:NewInfectedGuardian","HollowMod:HowlingWraiths"],"picked":"HollowMod:SoulVessel","floor":0},{"not_picked":["HollowMod:WraithStrike","HollowMod:DreamGate"],"picked":"HollowMod:CycloneSlash","floor":1},{"not_picked":["Specialist","Forethought"],"picked":"The Bomb","floor":3},{"not_picked":["HollowMod:DescendingDark","HollowMod:NewJinnsSoul"],"picked":"HollowMod:FallenFury","floor":4},{"not_picked":["HollowMod:TaintedHusks","HollowMod:ShapeofUnn"],"picked":"HollowMod:SoulShaman","floor":6}],"player_experience":887596,"relics_obtained":[{"floor":6,"key":"Gremlin Horn"}],"event_choices":[{"damage_healed":0,"gold_gain":1,"player_choice":"1","damage_taken":0,"max_hp_gain":0,"max_hp_loss":0,"event_name":"betterStone:BetterStone","floor":3,"gold_loss":0},{"damage_healed":0,"gold_gain":0,"player_choice":"Got Potions","damage_taken":0,"max_hp_gain":0,"max_hp_loss":0,"event_name":"Lab","floor":5,"gold_loss":0}],"is_beta":false,"boss_relics":[],"items_purged_floors":[0],"is_endless":false,"potions_floor_spawned":[4],"killed_by":"Replay:BlueRogue","ascension_level":0}}