{"host":"j4g6ia6asvpyu2b0","time":1607992552,"event":{"mods":["BaseMod","Colored Map","Minty Spire (QoL Compilation)","Permanent Neow","Quick Restart","Relic Stats","StSLib","Unceasing Turn Reminder"],"gold_per_floor":[111,111,130,305,305,305,305],"floor_reached":6,"playtime":109,"items_purged":[],"score":39,"play_id":"1b159eb5-20fc-4dd7-9c37-f8c8f3221a2b","local_time":"20201214173552","is_ascension_mode":true,"campfire_choices":[],"circlet_count":0,"master_deck":["Strike_G","Strike_G","Strike_G","Strike_G","Strike_G","Defend_G","Defend_G","Defend_G","Defend_G","Defend_G","Survivor","Neutralize","CurseOfTheBell","Predator","PiercingWail","Doubt"],"relics":["Calling Bell","Nunchaku","Darkstone Periapt","Thread and Needle","Golden Idol","Bronze Scales"],"acts_visited":["Exordium"],"potions_floor_usage":[],"damage_taken":[{"damage":0,"enemies":"Jaw Worm","floor":1,"turns":4},{"damage":0,"enemies":"Small Slimes","floor":3,"turns":4},{"damage":0,"enemies":"Lagavulin","floor":6,"turns":1}],"seed_played":"2726902790821930947","potions_obtained":[{"floor":1,"key":"Dexterity Potion"}],"is_trial":false,"path_per_floor":["M","?","M","?","?","E"],"character_chosen":"THE_SILENT","items_purchased":[],"campfire_rested":0,"item_purchase_floors":[],"current_hp_per_floor":[70,53,53,59,52,52,52],"gold":305,"neow_bonus":"BOSS_RELIC","is_daily":false,"chose_seed":false,"campfire_upgraded":0,"win_rate":0.0,"timestamp":1607992552,"path_taken":["M","?","M","?","?","E"],"items_purchased_type":[],"build_version":"2020-12-13","purchased_purges":0,"victory":false,"max_hp_per_floor":[70,70,70,76,76,76,76],"relic_stats":{"Darkstone Periapt":6,"Nunchaku":[1],"counters":[3,9],"Golden Idol":4,"Bronze Scales":[0],"obtain_stats":[{"Calling Bell":0,"Darkstone Periapt":0,"Nunchaku":0,"Golden Idol":2,"Bronze Scales":5,"Thread and Needle":0,"Ring of the Snake":0},{"Calling Bell":0,"Darkstone Periapt":0,"Nunchaku":0,"Golden Idol":1,"Bronze Scales":2,"Thread and Needle":0,"Ring of the Snake":0},{"Calling Bell":0,"Darkstone Periapt":0,"Nunchaku":0,"Golden Idol":4,"Bronze Scales":8,"Thread and Needle":0,"Ring of the Snake":0}]},"card_choices":[{"not_picked":["Backflip","Flying Knee"],"picked":"Predator","floor":1},{"not_picked":["Acrobatics","Deflect"],"picked":"PiercingWail","floor":3}],"player_experience":659542,"relics_obtained":[{"floor":0,"key":"Nunchaku"},{"floor":0,"key":"Darkstone Periapt"},{"floor":0,"key":"Thread and Needle"}],"event_choices":[{"damage_healed":0,"gold_gain":0,"player_choice":"Take Damage","damage_taken":17,"relics_obtained":["Golden Idol"],"max_hp_gain":0,"max_hp_loss":0,"event_name":"Golden Idol","floor":2,"gold_loss":0},{"damage_healed":0,"gold_gain":175,"player_choice":"AGREE","damage_taken":0,"max_hp_gain":0,"max_hp_loss":0,"event_name":"Liars Game","floor":4,"gold_loss":0,"cards_obtained":["Doubt"]},{"damage_healed":0,"gold_gain":0,"player_choice":"Success","damage_taken":7,"relics_obtained":["Bronze Scales"],"max_hp_gain":0,"max_hp_loss":0,"event_name":"Scrap Ooze","floor":5,"gold_loss":0}],"is_beta":false,"boss_relics":[],"items_purged_floors":[],"is_endless":false,"potions_floor_spawned":[1],"killed_by":"Lagavulin","ascension_level":3}}