{"host":"x6tlfgqpy55vgxdn","time":1607997607,"event":{"mods":["AchievementEnabler","BaseMod","DeckTracker","Minty Spire (QoL Compilation)","Permanent Neow","StSLib","SuperFastMode"],"gold_per_floor":[112,112,130,148,161,161,175,175,175,195,208,208,208,221,221,292,292,305,305,320,88,88,88,116,116,143,159,159,169,11,29,29,104,104,122,122,141,41,41,41,74,74,153,187,212,256,268,24,24,24],"floor_reached":51,"playtime":1579,"items_purged":["Strike_P","Strike_P","Strike_P"],"score":1659,"play_id":"99f2240a-8990-4b09-b889-f37623ce0c3c","local_time":"20201215110007","is_ascension_mode":true,"campfire_choices":[{"data":"Eruption","floor":6.0,"key":"SMITH"},{"data":"Scrawl","floor":8.0,"key":"SMITH"},{"data":"Adaptation","floor":15.0,"key":"SMITH"},{"data":"ConjureBlade","floor":23.0,"key":"SMITH"},{"data":"Vault","floor":25.0,"key":"SMITH"},{"data":"TalkToTheHand","floor":28.0,"key":"SMITH"},{"data":"WheelKick","floor":32.0,"key":"SMITH"},{"floor":40.0,"key":"REST"},{"floor":49.0,"key":"REST"}],"circlet_count":0,"master_deck":["AscendersBane","Strike_P","Defend_P","Defend_P","Eruption+1","Vigilance","WheelKick+1","ConjureBlade+1","Scrawl+1","Adaptation+1","Vault+1","TalkToTheHand+1","TalkToTheHand","Blasphemy","Master of Strategy","Master of Strategy","Tantrum","Madness","Madness","TalkToTheHand+1","Fasting2"],"relics":["PureWater","Matryoshka","Bag of Preparation","Runic Dome","Medical Kit","FossilizedHelix","Nunchaku","Vajra","Potion Belt","OrangePellets","Fusion Hammer","Bird Faced Urn","CeramicFish","Ornamental Fan","MawBank","Molten Egg 2","Lizard Tail"],"acts_visited":["Exordium","TheCity","TheBeyond"],"potions_floor_usage":[50],"damage_taken":[{"damage":0.0,"enemies":"Small Slimes","floor":1.0,"turns":2.0},{"damage":0.0,"enemies":"Cultist","floor":3.0,"turns":2.0},{"damage":0.0,"enemies":"2 Louse","floor":4.0,"turns":3.0},{"damage":4.0,"enemies":"2 Fungi Beasts","floor":5.0,"turns":3.0},{"damage":1.0,"enemies":"Exordium Wildlife","floor":7.0,"turns":4.0},{"damage":0.0,"enemies":"Exordium Thugs","floor":10.0,"turns":2.0},{"damage":0.0,"enemies":"Large Slime","floor":11.0,"turns":4.0},{"damage":0.0,"enemies":"Red Slaver","floor":14.0,"turns":1.0},{"damage":0.0,"enemies":"Slime Boss","floor":16.0,"turns":2.0},{"damage":8.0,"enemies":"3 Byrds","floor":18.0,"turns":4.0},{"damage":0.0,"enemies":"Chosen","floor":20.0,"turns":4.0},{"damage":7.0,"enemies":"Book of Stabbing","floor":24.0,"turns":4.0},{"damage":0.0,"enemies":"Centurion and Healer","floor":27.0,"turns":3.0},{"damage":16.0,"enemies":"Snake Plant","floor":29.0,"turns":3.0},{"damage":0.0,"enemies":"Cultist and Chosen","floor":31.0,"turns":3.0},{"damage":0.0,"enemies":"Automaton","floor":33.0,"turns":3.0},{"damage":0.0,"enemies":"3 Darklings","floor":35.0,"turns":2.0},{"damage":0.0,"enemies":"Orb Walker","floor":37.0,"turns":2.0},{"damage":0.0,"enemies":"Reptomancer","floor":41.0,"turns":2.0},{"damage":7.0,"enemies":"Nemesis","floor":44.0,"turns":5.0},{"damage":0.0,"enemies":"Transient","floor":45.0,"turns":7.0},{"damage":0.0,"enemies":"Reptomancer","floor":46.0,"turns":4.0},{"damage":52,"enemies":"Awakened One","floor":50,"turns":5}],"seed_played":"6931510668874438709","potions_obtained":[{"floor":1.0,"key":"Dexterity Potion"},{"floor":3.0,"key":"DistilledChaos"},{"floor":5.0,"key":"Fire Potion"},{"floor":14.0,"key":"FearPotion"},{"floor":20.0,"key":"Fire Potion"},{"floor":27.0,"key":"Strength Potion"},{"floor":33.0,"key":"Regen Potion"},{"floor":37.0,"key":"Swift Potion"},{"floor":41.0,"key":"Swift Potion"}],"is_trial":false,"path_per_floor":["M","?","M","M","M","R","M","R","T","M","M","?","?","M","R","B",null,"M","?","M","$","?","R","E","R","T","M","R","M","$","M","R","B",null,"M","?","M","$","?","R","E","$","T","E","M","E","T","$","R","B",null],"character_chosen":"WATCHER","items_purchased":["Medical Kit","OrangePellets","Fasting2","Swift Potion"],"campfire_rested":2,"item_purchase_floors":[21,30,48,48],"current_hp_per_floor":[61,61,61,61,57,57,56,56,56,56,56,61,16,16,16,16,54,46,46,46,46,46,46,39,39,39,39,39,23,23,23,23,23,56,56,46,46,46,34,54,54,54,54,49,51,53,53,53,67,24],"gold":24,"neow_bonus":"REMOVE_TWO","is_daily":false,"chose_seed":false,"campfire_upgraded":7,"win_rate":0.0,"timestamp":1607997607,"path_taken":["M","?","?","?","M","R","M","R","T","M","M","?","?","?","R","BOSS","M","?","M","$","?","R","E","R","T","M","R","?","$","M","R","BOSS","M","?","M","$","?","R","E","?","T","E","?","E","?","$","R","BOSS"],"items_purchased_type":["Relic","Relic","Card","Potion"],"build_version":"2020-12-13","purchased_purges":3,"victory":true,"max_hp_per_floor":[62,62,62,62,62,62,62,62,62,62,62,67,67,67,67,67,67,67,67,67,67,67,67,67,67,67,67,67,67,67,67,67,67,67,67,67,67,67,67,67,67,67,67,67,67,67,67,67,67,67],"card_choices":[{"not_picked":["CutThroughFate","Wireheading"],"picked":"WheelKick","floor":1.0},{"not_picked":["Conclude","PathToVictory","BowlingBash"],"picked":"SKIP","floor":3.0},{"not_picked":["Halt","EmptyBody"],"picked":"Scrawl","floor":4.0},{"not_picked":["Crescendo","Evaluate","FlyingSleeves"],"picked":"SKIP","floor":5.0},{"not_picked":["BowlingBash","Evaluate","EmptyFist"],"picked":"SKIP","floor":7.0},{"not_picked":["Worship","Crescendo","ForeignInfluence"],"picked":"SKIP","floor":10.0},{"not_picked":["PathToVictory","FlyingSleeves"],"picked":"Adaptation","floor":11.0},{"not_picked":["ClearTheMind","Weave","WaveOfTheHand"],"picked":"SKIP","floor":14.0},{"not_picked":["Establishment","Scrawl"],"picked":"Vault","floor":16.0},{"not_picked":["JustLucky","EmptyBody","ReachHeaven+1"],"picked":"SKIP","floor":18.0},{"not_picked":["SashWhip","Prostrate","FlyingSleeves"],"picked":"SKIP","floor":20.0},{"not_picked":["Consecrate","FollowUp","ClearTheMind"],"picked":"SKIP","floor":24.0},{"not_picked":["BowlingBash","EmptyFist"],"picked":"TalkToTheHand","floor":27.0},{"not_picked":["SashWhip","CutThroughFate","CrushJoints"],"picked":"SKIP","floor":29.0},{"not_picked":["FollowUp","Crescendo","FlyingSleeves"],"picked":"SKIP","floor":31.0},{"not_picked":["Omniscience","Judgement"],"picked":"Blasphemy","floor":33.0},{"not_picked":["Conclude","FlyingSleeves+1","CutThroughFate"],"picked":"SKIP","floor":35.0},{"not_picked":["Dramatic Entrance","Deep Breath"],"picked":"Master of Strategy","floor":36.0},{"not_picked":["Violence","Jack Of All Trades"],"picked":"Master of Strategy","floor":36.0},{"not_picked":["EmptyFist","Halt"],"picked":"Tantrum","floor":37.0},{"not_picked":["EmptyFist+1","TalkToTheHand+1","MentalFortress"],"picked":"SKIP","floor":41.0},{"not_picked":["EmptyFist+1","MentalFortress"],"picked":"TalkToTheHand+1","floor":41.0},{"not_picked":["SashWhip","Consecrate","EmptyMind+1"],"picked":"SKIP","floor":44.0},{"not_picked":["SashWhip","Consecrate","EmptyMind+1"],"picked":"SKIP","floor":44.0},{"not_picked":["SashWhip","Consecrate","EmptyMind+1"],"picked":"SKIP","floor":44.0},{"not_picked":["PathToVictory","JustLucky","Nirvana"],"picked":"SKIP","floor":45.0},{"not_picked":["Collect","FlurryOfBlows+1","CarveReality+1"],"picked":"SKIP","floor":46.0}],"player_experience":167400,"relics_obtained":[{"floor":9.0,"key":"Matryoshka"},{"floor":24.0,"key":"Nunchaku"},{"floor":26.0,"key":"Vajra"},{"floor":26.0,"key":"Potion Belt"},{"floor":41.0,"key":"Bird Faced Urn"},{"floor":43.0,"key":"CeramicFish"},{"floor":43.0,"key":"Ornamental Fan"},{"floor":44.0,"key":"MawBank"},{"floor":46.0,"key":"Molten Egg 2"},{"floor":47.0,"key":"Lizard Tail"}],"event_choices":[{"damage_healed":0.0,"max_hp_gain":0.0,"max_hp_loss":0.0,"gold_gain":0.0,"event_name":"Match and Keep!","player_choice":"1 cards matched","floor":2.0,"gold_loss":0.0,"damage_taken":0.0,"cards_obtained":["ConjureBlade"]},{"damage_healed":0.0,"max_hp_gain":5.0,"max_hp_loss":0.0,"gold_gain":0.0,"event_name":"Big Fish","player_choice":"Donut","floor":12.0,"gold_loss":0.0,"damage_taken":0.0},{"damage_healed":0.0,"max_hp_gain":0.0,"max_hp_loss":0.0,"gold_gain":0.0,"event_name":"Scrap Ooze","player_choice":"Success","floor":13.0,"gold_loss":0.0,"damage_taken":45.0,"relics_obtained":["Bag of Preparation"]},{"damage_healed":0.0,"max_hp_gain":0.0,"max_hp_loss":0.0,"gold_gain":0.0,"event_name":"The Library","player_choice":"Read","floor":19.0,"gold_loss":0.0,"damage_taken":0.0,"cards_obtained":["TalkToTheHand"]},{"damage_healed":0.0,"max_hp_gain":0.0,"max_hp_loss":0.0,"gold_gain":0.0,"event_name":"WeMeetAgain","player_choice":"Gave Potion","floor":22.0,"gold_loss":0.0,"damage_taken":0.0,"relics_obtained":["FossilizedHelix"]},{"damage_healed":0.0,"max_hp_gain":0.0,"max_hp_loss":0.0,"gold_gain":0.0,"event_name":"SensoryStone","player_choice":"Memory 3","floor":36.0,"gold_loss":0.0,"damage_taken":10.0},{"damage_healed":0.0,"max_hp_gain":0.0,"max_hp_loss":0.0,"gold_gain":0.0,"event_name":"Winding Halls","player_choice":"Embrace Madness","floor":39.0,"gold_loss":0.0,"damage_taken":12.0,"cards_obtained":["Madness","Madness"]}],"is_beta":false,"boss_relics":[{"not_picked":["Ectoplasm","Calling Bell"],"picked":"Runic Dome"},{"not_picked":["Cursed Key","Snecko Eye"],"picked":"Fusion Hammer"}],"items_purged_floors":[21,38,48],"is_endless":false,"potions_floor_spawned":[1,3,5,7,14,20,27,33,37,41],"ascension_level":18}}