{"host":"yk98keyoflza93y0","time":1607993410,"event":{"mods":["AchievementEnabler","BaseMod","BetterRewards","Card Forge","Colored Map","DeckTracker","Minty Spire (QoL Compilation)","Shop Mod","StSLib","SuperFastMode","The Poker Player"],"gold_per_floor":[110,185,135,39,50,84,84,98,98,98,129,145,145,180,180,282,282,300,300,314,346,362,394,394,428,452,452,470,32,65,84,84,181,181,199,212,262,262,275,308,343,363,387,414,446,458,370,370,370,370,370,370,28,63,63],"floor_reached":56,"playtime":2231,"items_purged":["PokerPlayerMod:Diamond1","PokerPlayerMod:Diamond3","PokerPlayerMod:Diamond4"],"score":2802,"play_id":"050c8168-da48-473b-8619-be8ed223c5cd","local_time":"20201215095010","is_ascension_mode":true,"metric_token":734,"campfire_choices":[{"data":"PokerPlayerMod:Mulligan","floor":7,"key":"SMITH"},{"data":"PokerPlayerMod:TrumpStrike","floor":13,"key":"SMITH"},{"data":"PokerPlayerMod:BadJoker","floor":15,"key":"SMITH"},{"data":"PokerPlayerMod:Diamond6","floor":24,"key":"SMITH"},{"data":"PokerPlayerMod:ItsShowtime","floor":27,"key":"SMITH"},{"data":"PokerPlayerMod:CardBurn","floor":32,"key":"SMITH"},{"floor":46,"key":"RECALL"},{"data":"PokerPlayerMod:CardBurn","floor":49,"key":"SMITH"},{"data":"PokerPlayerMod:Club2","floor":52,"key":"PURGE"}],"circlet_count":0,"master_deck":["PokerPlayerMod:Diamond7","PokerPlayerMod:Spade2","PokerPlayerMod:Spade3","PokerPlayerMod:Spade4","PokerPlayerMod:TrumpStrike+1","PokerPlayerMod:BadJoker+1","PokerPlayerMod:Mulligan+1","PokerPlayerMod:Spade7","PokerPlayerMod:Club4","PokerPlayerMod:Heart7","PokerPlayerMod:Diamond7","PokerPlayerMod:CardBurn+1","PokerPlayerMod:ItsShowtime+1","PokerPlayerMod:ClubStrike+1","PokerPlayerMod:Heart7","PokerPlayerMod:Diamond7","PokerPlayerMod:Diamond7","PokerPlayerMod:CardBurn+1","PokerPlayerMod:CloakAndDiamond+1"],"relics":["PokerPlayerMod:DeckCase","Hammer of Thor","Seething Fire","Anvil of the Gods","Peace Pipe","Orichalcum","CaptainsWheel","PreservedInsect","Incense Burner","Bronze Scales","PokerPlayerMod:JackpotMachine","Kunai","Pantograph","Nunchaku","Dream Catcher","Cursed Key","Red Mask","Eternal Feather","Anchor","ClockworkSouvenir","Ice Cream","Omamori","PokerPlayerMod:AceCard","WingedGreaves","PokerPlayerMod:CoolBox","Torii","Bottled Lightning","Juzu Bracelet","Oddly Smooth Stone","MawBank","Strawberry","TungstenRod"],"acts_visited":["Exordium","TheCity","TheBeyond","TheEnding"],"potions_floor_usage":[6,14,55],"damage_taken":[{"damage":0,"enemies":"2 Louse","floor":1,"turns":2},{"damage":0,"enemies":"Jaw Worm","floor":5,"turns":2},{"damage":0,"enemies":"Gremlin Nob","floor":6,"turns":2},{"damage":0,"enemies":"Small Slimes","floor":8,"turns":2},{"damage":0,"enemies":"Lagavulin","floor":11,"turns":3},{"damage":0,"enemies":"2 Fungi Beasts","floor":12,"turns":2},{"damage":0,"enemies":"Gremlin Nob","floor":14,"turns":3},{"damage":0,"enemies":"Slime Boss","floor":16,"turns":6},{"damage":0,"enemies":"2 Thieves","floor":18,"turns":3},{"damage":0,"enemies":"Shell Parasite","floor":20,"turns":2},{"damage":8,"enemies":"Masked Bandits","floor":21,"turns":3},{"damage":0,"enemies":"3 Cultists","floor":22,"turns":2},{"damage":0,"enemies":"Gremlin Leader","floor":23,"turns":2},{"damage":10,"enemies":"Slavers","floor":25,"turns":2},{"damage":0,"enemies":"Chosen and Byrds","floor":28,"turns":2},{"damage":0,"enemies":"Gremlin Leader","floor":30,"turns":1},{"damage":0,"enemies":"Shelled Parasite and Fungi","floor":31,"turns":1},{"damage":0,"enemies":"Collector","floor":33,"turns":3},{"damage":0,"enemies":"Orb Walker","floor":35,"turns":2},{"damage":0,"enemies":"3 Shapes","floor":36,"turns":1},{"damage":0,"enemies":"Mind Bloom Boss Battle","floor":37,"turns":3},{"damage":0,"enemies":"Jaw Worm Horde","floor":39,"turns":1},{"damage":0,"enemies":"Giant Head","floor":40,"turns":3},{"damage":0,"enemies":"Nemesis","floor":41,"turns":1},{"damage":0,"enemies":"Transient","floor":42,"turns":5},{"damage":0,"enemies":"Giant Head","floor":44,"turns":3},{"damage":0,"enemies":"Nemesis","floor":45,"turns":1},{"damage":8,"enemies":"Time Eater","floor":50,"turns":6},{"damage":0,"enemies":"Shield and Spear","floor":54,"turns":1},{"damage":0,"enemies":"The Heart","floor":55,"turns":4}],"seed_played":"-8637270732637069304","potions_obtained":[{"floor":8,"key":"FearPotion"},{"floor":18,"key":"Dexterity Potion"},{"floor":31,"key":"CultistPotion"},{"floor":39,"key":"SkillPotion"}],"is_trial":false,"path_per_floor":["M","?","?","$","M","E","R","M","T","?","E","M","R","E","R","B",null,"M","?","M","?","M","E","R","E","T","R","M","$","E","M","R","B",null,"M","M","?","?","M","E","E","M","T","E","E","R","$","?","R","B",null,"R","$","E","B",null],"character_chosen":"THE_POKER_PLAYER","items_purchased":["Peace Pipe","Orichalcum","PreservedInsect","Bronze Scales","LiquidMemories","Dexterity Potion","Fire Potion","PokerPlayerMod:Spade7","ClockworkSouvenir","Ice Cream","LiquidMemories","Strawberry"],"campfire_rested":0,"item_purchase_floors":[0,0,0,0,0,0,0,4,29,29,53,53],"current_hp_per_floor":[50,39,39,39,41,43,43,46,46,46,46,48,48,51,51,52,52,52,52,52,48,51,52,52,42,42,51,52,52,52,52,52,52,52,52,52,52,52,52,52,52,52,52,52,52,52,52,52,52,44,50,52,59,59,59],"gold":63,"neow_bonus":"","is_daily":false,"chose_seed":false,"campfire_upgraded":7,"win_rate":0.0,"timestamp":1607993410,"path_taken":["M","?","?","$","M","E","R","M","T","?","E","M","R","E","R","BOSS","M","?","?","?","M","E","R","E","T","R","M","$","E","M","R","BOSS","M","M","?","?","M","E","E","?","T","E","E","R","$","?","R","BOSS","R","$","E","BOSS"],"items_purchased_type":["Relic","Relic","Relic","Relic","Potion","Potion","Potion","Card","Relic","Relic","Potion","Relic"],"build_version":"2020-12-13","purchased_purges":3,"victory":true,"max_hp_per_floor":[52,52,52,52,52,52,52,52,52,52,52,52,52,52,52,52,52,52,52,52,52,52,52,52,52,52,52,52,52,52,52,52,52,52,52,52,52,52,52,52,52,52,52,52,52,52,52,52,52,52,52,52,59,59,59],"card_choices":[{"not_picked":["PokerPlayerMod:SpadeStrike","PokerPlayerMod:Diamond4","PokerPlayerMod:Club1"],"picked":"SKIP","floor":1},{"not_picked":["PokerPlayerMod:Diamond4","PokerPlayerMod:Club4","PokerPlayerMod:Raise"],"picked":"SKIP","floor":5},{"not_picked":["PokerPlayerMod:DartThrow","PokerPlayerMod:Fold","PokerPlayerMod:Spade1"],"picked":"SKIP","floor":6},{"not_picked":["PokerPlayerMod:RoyalStrike","PokerPlayerMod:Spade1","PokerPlayerMod:HotShotCut"],"picked":"SKIP","floor":8},{"not_picked":["PokerPlayerMod:Diamond1","PokerPlayerMod:CloakAndDiamond","PokerPlayerMod:StackedDeck"],"picked":"SKIP","floor":11},{"not_picked":["PokerPlayerMod:Spade3","PokerPlayerMod:Spade1","PokerPlayerMod:Heart2"],"picked":"SKIP","floor":12},{"not_picked":["PokerPlayerMod:ClubsClub","PokerPlayerMod:FlyingCard","PokerPlayerMod:RoyalStrike"],"picked":"SKIP","floor":14},{"not_picked":["PokerPlayerMod:StackedDeck","PokerPlayerMod:GamblerForm"],"picked":"PokerPlayerMod:Heart7","floor":16},{"not_picked":["PokerPlayerMod:Diamond3","PokerPlayerMod:Spade1"],"picked":"PokerPlayerMod:Diamond7","floor":18},{"not_picked":["PokerPlayerMod:ClubStrike","PokerPlayerMod:Raise"],"picked":"PokerPlayerMod:CardBurn","floor":20},{"not_picked":["PokerPlayerMod:Diamond1","PokerPlayerMod:JackOfSpades","PokerPlayerMod:Diamond3"],"picked":"SKIP","floor":22},{"not_picked":["PokerPlayerMod:Heart6","PokerPlayerMod:Spade1"],"picked":"PokerPlayerMod:ItsShowtime","floor":23},{"not_picked":["PokerPlayerMod:Diamond3","PokerPlayerMod:Club2","PokerPlayerMod:Club4"],"picked":"SKIP","floor":25},{"not_picked":["PokerPlayerMod:Spade4","PokerPlayerMod:Club4","PokerPlayerMod:DartThrow"],"picked":"SKIP","floor":28},{"not_picked":["PokerPlayerMod:Raise","PokerPlayerMod:Spade3"],"picked":"PokerPlayerMod:ClubStrike+1","floor":30},{"not_picked":["PokerPlayerMod:Diamond5","PokerPlayerMod:Club2","PokerPlayerMod:Raise+1"],"picked":"SKIP","floor":31},{"not_picked":["PokerPlayerMod:Diamond9","PokerPlayerMod:Heart8"],"picked":"PokerPlayerMod:Heart7","floor":33},{"not_picked":["PokerPlayerMod:MagicTrick","PokerPlayerMod:Heart4","PokerPlayerMod:Diamond8"],"picked":"SKIP","floor":35},{"not_picked":["PokerPlayerMod:Diamond3","PokerPlayerMod:Club3","PokerPlayerMod:Club2"],"picked":"SKIP","floor":36},{"not_picked":["PokerPlayerMod:Diamond2","PokerPlayerMod:Diamond5"],"picked":"PokerPlayerMod:Diamond7","floor":37},{"not_picked":["PokerPlayerMod:TheDieIsCast","PokerPlayerMod:Spade8","PokerPlayerMod:DartThrow"],"picked":"SKIP","floor":39},{"not_picked":["PokerPlayerMod:Trickery+1","PokerPlayerMod:Spade3","PokerPlayerMod:DiamondStrike"],"picked":"SKIP","floor":40},{"not_picked":["PokerPlayerMod:GamblerForm","PokerPlayerMod:Spade5","PokerPlayerMod:DiamondStrike"],"picked":"SKIP","floor":41},{"not_picked":["PokerPlayerMod:Diamond5","PokerPlayerMod:Spade2"],"picked":"PokerPlayerMod:Diamond7","floor":42},{"not_picked":["PokerPlayerMod:FakeSymbols","PokerPlayerMod:Raise+1","PokerPlayerMod:SpadeStrike+1"],"picked":"SKIP","floor":44},{"not_picked":["PokerPlayerMod:Sharpen+1","PokerPlayerMod:Spade2","PokerPlayerMod:Diamond3"],"picked":"SKIP","floor":45},{"not_picked":["PokerPlayerMod:JackOfSpades+1","PokerPlayerMod:ClubShade"],"picked":"PokerPlayerMod:CloakAndDiamond+1","floor":54}],"player_experience":1480284,"relics_obtained":[{"floor":6,"key":"Kunai"},{"floor":9,"key":"Pantograph"},{"floor":11,"key":"Nunchaku"},{"floor":14,"key":"Dream Catcher"},{"floor":21,"key":"Red Mask"},{"floor":23,"key":"Eternal Feather"},{"floor":25,"key":"Anchor"},{"floor":30,"key":"Omamori"},{"floor":37,"key":"WingedGreaves"},{"floor":40,"key":"Torii"},{"floor":41,"key":"Bottled Lightning"},{"floor":43,"key":"Juzu Bracelet"},{"floor":44,"key":"Oddly Smooth Stone"},{"floor":45,"key":"MawBank"},{"floor":54,"key":"TungstenRod"}],"event_choices":[{"damage_healed":0,"gold_gain":75,"player_choice":"Gather Gold","damage_taken":11,"max_hp_gain":0,"max_hp_loss":0,"event_name":"World of Goop","floor":2,"gold_loss":0},{"cards_removed":["PokerPlayerMod:Club1"],"damage_healed":0,"gold_gain":0,"player_choice":"Card Removal","damage_taken":0,"max_hp_gain":0,"max_hp_loss":0,"event_name":"The Cleric","floor":3,"gold_loss":50},{"cards_removed":["PokerPlayerMod:Diamond2"],"damage_healed":0,"gold_gain":0,"player_choice":"Trade","damage_taken":0,"max_hp_gain":0,"max_hp_loss":0,"event_name":"PokerPlayerMod:ExordiumClub","floor":10,"gold_loss":0,"cards_obtained":["PokerPlayerMod:Club4"]},{"damage_healed":0,"gold_gain":0,"player_choice":"Forge","damage_taken":0,"max_hp_gain":0,"max_hp_loss":0,"event_name":"Accursed Blacksmith","floor":19,"gold_loss":0,"cards_upgraded":["PokerPlayerMod:Diamond6"]},{"damage_healed":0,"gold_gain":0,"player_choice":"Fought Bandits","damage_taken":0,"max_hp_gain":0,"max_hp_loss":0,"event_name":"Masked Bandits","floor":21,"gold_loss":0},{"damage_healed":0,"gold_gain":0,"player_choice":"Fight","damage_taken":0,"max_hp_gain":0,"max_hp_loss":0,"event_name":"MindBloom","floor":37,"gold_loss":0},{"damage_healed":0,"gold_gain":0,"player_choice":"Gave Potion","damage_taken":0,"relics_obtained":["PokerPlayerMod:CoolBox"],"max_hp_gain":0,"max_hp_loss":0,"event_name":"WeMeetAgain","floor":38,"gold_loss":0},{"damage_healed":0,"gold_gain":0,"cards_transformed":["PokerPlayerMod:Heart2"],"player_choice":"Transformed","damage_taken":0,"max_hp_gain":0,"max_hp_loss":0,"event_name":"Transmorgrifier","floor":48,"gold_loss":0,"cards_obtained":["PokerPlayerMod:CardBurn"]}],"is_beta":false,"boss_relics":[{"not_picked":["Calling Bell","Runic Dome"],"picked":"Cursed Key"},{"not_picked":["Astrolabe","SlaversCollar"],"picked":"PokerPlayerMod:AceCard"}],"items_purged_floors":[0,47,53],"is_endless":false,"potions_floor_spawned":[1,8,12,18,30,31,33,36,37,39,40,45],"ascension_level":8}}