{"host":"j49z5jz0n7e8vjox","time":1607993000,"event":{"mods":["AchievementEnabler","BaseMod","Bestiary","Colored Map","Colored Powertips","DeckTracker","Minty Spire (QoL Compilation)"],"gold_per_floor":[119,119,133,58,158,189,203,203,230,250,279,43,43,61,61,156,156,174,22,35,35,53,53,53,53,53],"floor_reached":25,"playtime":1322,"items_purged":["Regret","Strike_B"],"score":289,"play_id":"7be1cf53-a189-492c-86ea-ea53c64b8075","local_time":"20201214184320","is_ascension_mode":true,"campfire_choices":[{"data":"White Noise","floor":8.0,"key":"SMITH"},{"data":"Self Repair","floor":13.0,"key":"SMITH"},{"floor":15.0,"key":"REST"},{"data":"Seek","floor":23,"key":"SMITH"}],"circlet_count":0,"master_deck":["Strike_B","Strike_B","Strike_B","Defend_B","Defend_B","Defend_B","Defend_B","Zap","Dualcast","Seek+1","Melter","White Noise+1","Cold Snap","Leap","Compile Driver","White Noise","Ball Lightning","Self Repair+1","Coolheaded","Leap","Cold Snap","Ghostly","Ghostly","Ghostly","Ghostly","Ghostly"],"relics":["Cracked Core","Potion Belt","Pantograph","Tiny Chest","Singing Bowl","Toy Ornithopter","Nuclear Battery","Enchiridion"],"acts_visited":["Exordium","TheCity"],"potions_floor_usage":[25],"damage_taken":[{"damage":0.0,"enemies":"Small Slimes","floor":1.0,"turns":3.0},{"damage":1.0,"enemies":"Cultist","floor":3.0,"turns":3.0},{"damage":22.0,"enemies":"Gremlin Nob","floor":6.0,"turns":3.0},{"damage":7.0,"enemies":"Jaw Worm","floor":7.0,"turns":2.0},{"damage":7.0,"enemies":"3 Louse","floor":10.0,"turns":4.0},{"damage":21.0,"enemies":"Lagavulin","floor":11.0,"turns":7.0},{"damage":16.0,"enemies":"2 Fungi Beasts","floor":14.0,"turns":3.0},{"damage":32,"enemies":"The Guardian","floor":16,"turns":15},{"damage":16,"enemies":"Chosen","floor":18,"turns":5},{"damage":3,"enemies":"Shell Parasite","floor":20,"turns":6},{"damage":25,"enemies":"Snake Plant","floor":22,"turns":4},{"damage":46,"enemies":"Gremlin Leader","floor":25,"turns":7}],"seed_played":"3319428789563298889","potions_obtained":[{"floor":1.0,"key":"EssenceOfSteel"},{"floor":3.0,"key":"ColorlessPotion"},{"floor":11.0,"key":"PotionOfCapacity"},{"floor":14.0,"key":"Ancient Potion"},{"floor":18,"key":"SpeedPotion"},{"floor":22,"key":"SmokeBomb"}],"is_trial":false,"path_per_floor":["M","?","M","$","?","E","M","R","T","M","E","$","R","M","R","B",null,"M","$","M","?","M","R","?","E"],"character_chosen":"DEFECT","items_purchased":["Toy Ornithopter","Ball Lightning","Self Repair","Leap"],"campfire_rested":1,"item_purchase_floors":[12,12,12,19],"current_hp_per_floor":[75,75,74,74,74,52,45,45,45,38,17,17,17,11,33,38,67,63,63,72,56,41,41,40,0,0],"gold":53,"neow_bonus":"ONE_RANDOM_RARE_CARD","is_daily":false,"chose_seed":false,"campfire_upgraded":3,"win_rate":0.0,"timestamp":1607993000,"path_taken":["M","?","M","$","?","E","M","R","T","M","E","$","R","?","R","BOSS","M","$","M","?","M","R","?","E"],"items_purchased_type":["Relic","Card","Card","Card"],"build_version":"2020-12-13","purchased_purges":2,"victory":false,"max_hp_per_floor":[75,75,75,75,75,75,75,75,75,75,75,75,75,75,75,77,77,79,79,81,81,81,81,40,40,40],"card_choices":[{"not_picked":["Rebound","Compile Driver"],"picked":"Melter","floor":1.0},{"not_picked":["Loop","Coolheaded"],"picked":"White Noise","floor":3.0},{"not_picked":["Rebound","Redo"],"picked":"Cold Snap","floor":6.0},{"not_picked":["Seek","Turbo"],"picked":"Leap","floor":7.0},{"not_picked":["Leap","Recycle"],"picked":"Compile Driver","floor":10.0},{"not_picked":["Beam Cell","Steam Power"],"picked":"White Noise","floor":11.0},{"not_picked":["Reboot","Gash"],"picked":"Coolheaded","floor":14.0},{"not_picked":["Amplify","Fission","Thunder Strike"],"picked":"Singing Bowl","floor":16},{"not_picked":["Rip and Tear+1","Sweeping Beam","Blizzard"],"picked":"Singing Bowl","floor":18},{"not_picked":["BootSequence","Hologram","Redo"],"picked":"Singing Bowl","floor":20},{"not_picked":["Leap","Redo"],"picked":"Cold Snap","floor":22}],"player_experience":662770,"relics_obtained":[{"floor":6.0,"key":"Pantograph"},{"floor":9.0,"key":"Tiny Chest"},{"floor":11.0,"key":"Singing Bowl"},{"floor":21,"key":"Enchiridion"}],"event_choices":[{"damage_healed":0.0,"max_hp_gain":0.0,"max_hp_loss":0.0,"gold_gain":0.0,"event_name":"Big Fish","player_choice":"Box","floor":2.0,"gold_loss":0.0,"damage_taken":0.0,"relics_obtained":["Potion Belt"],"cards_obtained":["Regret"]},{"damage_healed":0.0,"max_hp_gain":0.0,"max_hp_loss":0.0,"gold_gain":100.0,"event_name":"Golden Shrine","player_choice":"Pray","floor":5.0,"gold_loss":0.0,"damage_taken":0.0},{"damage_healed":0,"gold_gain":0,"player_choice":"Obtained Book","damage_taken":16,"max_hp_gain":0,"max_hp_loss":0,"event_name":"Cursed Tome","floor":21,"gold_loss":0},{"damage_healed":0,"gold_gain":0,"player_choice":"Became a Ghost","damage_taken":0,"max_hp_gain":0,"max_hp_loss":41,"event_name":"Ghosts","floor":24,"gold_loss":0,"cards_obtained":["Ghostly","Ghostly","Ghostly","Ghostly","Ghostly"]}],"is_beta":false,"boss_relics":[{"not_picked":["Tiny House","Philosopher\u0027s Stone"],"picked":"Nuclear Battery"}],"items_purged_floors":[4,19],"is_endless":false,"potions_floor_spawned":[1,3,11,14,18,22],"killed_by":"Gremlin Leader","ascension_level":5}}