{"host":"nox","time":1607998709,"event":{"mods":["BaseMod","Colored Powertips","Minty Spire (QoL Compilation)","Quick Restart","Replay The Spire","StSLib"],"gold_per_floor":[117,146,157,82,82,99,111,128,151,151,151],"floor_reached":10,"playtime":383,"items_purged":["Strike_B"],"score":72,"play_id":"84dc6490-d6f7-4e57-a993-6c99e0f180ba","local_time":"20201215091829","is_ascension_mode":true,"campfire_choices":[],"circlet_count":0,"master_deck":["Defend_B","Defend_B","Defend_B","Zap","Dualcast","Loop","Conserve Battery"],"relics":["Replay:Drink Me","Smiling Mask","Prayer Wheel"],"acts_visited":[],"potions_floor_usage":[8,10,10,10,10],"damage_taken":[{"damage":5.0,"enemies":"Jaw Worm","floor":1.0,"turns":6.0},{"damage":6.0,"enemies":"Small Slimes","floor":3.0,"turns":4.0},{"damage":4.0,"enemies":"2 Louse","floor":6.0,"turns":3.0},{"damage":3.0,"enemies":"Looter","floor":7.0,"turns":4.0},{"damage":0,"enemies":"Lots of Slimes","floor":8,"turns":2},{"damage":83,"enemies":"Gremlin Nob","floor":10,"turns":6}],"seed_played":"-39984890356122932","potions_obtained":[{"floor":1.0,"key":"Toxic Potion"},{"floor":2.0,"key":"EntropicBrew"},{"floor":2.0,"key":"Block Potion"},{"floor":6.0,"key":"SkillPotion"},{"floor":8,"key":"Elixir"}],"is_trial":false,"path_per_floor":["M","?","M","$","?","M","M","M","T","E"],"character_chosen":"DEFECT","items_purchased":[],"campfire_rested":0,"item_purchase_floors":[],"current_hp_per_floor":[52,52,46,46,39,35,32,32,32,0,0],"gold":151,"neow_bonus":"BOSS_RELIC","is_daily":false,"chose_seed":false,"campfire_upgraded":0,"win_rate":0.0,"timestamp":1607998709,"path_taken":["M","?","M","$","?","M","M","M","T","E"],"items_purchased_type":[],"build_version":"2020-11-17","purchased_purges":1,"victory":false,"max_hp_per_floor":[57,57,57,57,57,57,57,57,57,57,57],"card_choices":[{"not_picked":["Turbo","Rebound"],"picked":"Loop","floor":1.0},{"not_picked":["Cold Snap","Steam Power"],"picked":"Conserve Battery","floor":3.0},{"not_picked":["Compile Driver","Steam","Auto Shields"],"picked":"SKIP","floor":6.0},{"not_picked":["Self Repair","Buffer","ReplayTheSpireMod:Repulse"],"picked":"SKIP","floor":7.0},{"not_picked":["Panic Button","ReplayTheSpireMod:GoodbyeWorld","Hologram"],"picked":"SKIP","floor":8}],"player_experience":105401,"relics_obtained":[{"floor":9,"key":"Smiling Mask"}],"event_choices":[{"cards_removed":["Strike_B"],"damage_healed":0.0,"max_hp_gain":0.0,"max_hp_loss":0.0,"gold_gain":0.0,"event_name":"Golden Wing","player_choice":"Card Removal","floor":5.0,"gold_loss":0.0,"damage_taken":7.0}],"is_beta":true,"boss_relics":[],"items_purged_floors":[4],"is_endless":false,"potions_floor_spawned":[1,6,8],"killed_by":"Gremlin Nob","ascension_level":4}}