{"host":"126yiuos2nq86se7","time":1607999973,"event":{"mods":["AchievementEnabler","Act Like it!","BaseMod","Colored Map","Colored Powertips","Friendly Minions","Highlight Path","Minty Spire (QoL Compilation)","StSLib","SuperFastMode","The Animator","The Hierophant","The Servant 0.9.4"],"gold_per_floor":[18,38,38,59,59,59,79,79,79,79,104,142,217,230,230,230,230],"floor_reached":16,"playtime":449,"items_purged":[],"score":102,"play_id":"d97d3094-9596-4492-b8a2-61d0326d4054","local_time":"20201215133933","is_ascension_mode":false,"campfire_choices":[{"data":"WasteNot","floor":6,"key":"SMITH"},{"floor":15,"key":"REST"}],"circlet_count":0,"master_deck":["Strike_S","Strike_S","Defend_S","Defend_S","Defend_S","Defend_S+1","KidneyShot","Exchange+1","Potential","Unruled","Rewind","Spin","WasteNot+1","Rewind","ShiftingGears"],"relics":["Uniform","Golden Idol","Darkstone Periapt","War Paint","Regal Pillow"],"acts_visited":["Exordium"],"potions_floor_usage":[12,12,16],"damage_taken":[{"damage":6,"enemies":"2 Louse","floor":1,"turns":2},{"damage":0,"enemies":"Cultist","floor":2,"turns":4},{"damage":0,"enemies":"Small Slimes","floor":4,"turns":3},{"damage":2,"enemies":"Blue Slaver","floor":7,"turns":3},{"damage":7,"enemies":"Red Slaver","floor":11,"turns":3},{"damage":4,"enemies":"3 Sentries","floor":12,"turns":4},{"damage":4,"enemies":"2 Fungi Beasts","floor":14,"turns":3},{"damage":41,"enemies":"Hexaghost","floor":16,"turns":14}],"seed_played":"78589357328968085","potions_obtained":[{"floor":1,"key":"Energy Potion"},{"floor":4,"key":"Energy Potion"},{"floor":7,"key":"LiquidBronze"}],"is_trial":false,"path_per_floor":["M","M","?","M","?","R","M","?","T","?","M","E","?","M","R","B"],"character_chosen":"THE_SERVANT","items_purchased":[],"campfire_rested":1,"item_purchase_floors":[],"current_hp_per_floor":[59,59,43,43,43,43,41,29,29,29,22,18,7,3,37,0,0],"gold":230,"neow_bonus":"TRANSFORM_TWO_CARDS","is_daily":false,"chose_seed":false,"campfire_upgraded":1,"win_rate":0.0,"timestamp":1607999973,"path_taken":["M","M","?","M","?","R","?","?","T","?","M","E","?","M","R","BOSS"],"items_purchased_type":[],"build_version":"2020-12-13","purchased_purges":0,"victory":false,"max_hp_per_floor":[65,65,65,65,65,65,65,65,65,65,65,65,65,65,65,65,65],"card_choices":[{"not_picked":["DancingSilver","Moonlight"],"picked":"Rewind","floor":1},{"not_picked":["ShatteredReality","Deadline"],"picked":"Spin","floor":2},{"not_picked":["DoubleEdge","Rearm"],"picked":"WasteNot","floor":4},{"not_picked":["Revamp","Alleviate","Replace"],"picked":"SKIP","floor":7},{"not_picked":["Starlight","Moondial"],"picked":"Rewind","floor":11},{"not_picked":["Read","ShatteredReality","Replace"],"picked":"SKIP","floor":12},{"not_picked":["Deadline","ShatteredReality"],"picked":"ShiftingGears","floor":14}],"player_experience":1591083,"relics_obtained":[{"floor":9,"key":"War Paint"},{"floor":12,"key":"Regal Pillow"}],"event_choices":[{"damage_healed":0,"gold_gain":0,"player_choice":"Take Damage","damage_taken":16,"relics_obtained":["Golden Idol"],"max_hp_gain":0,"max_hp_loss":0,"event_name":"Golden Idol","floor":3,"gold_loss":0},{"damage_healed":0,"gold_gain":0,"player_choice":"Bought 0 Potions","damage_taken":0,"max_hp_gain":0,"max_hp_loss":0,"event_name":"The Woman in Blue","floor":5,"gold_loss":0},{"damage_healed":0,"gold_gain":0,"player_choice":"Success","damage_taken":12,"relics_obtained":["Darkstone Periapt"],"max_hp_gain":0,"max_hp_loss":0,"event_name":"Scrap Ooze","floor":8,"gold_loss":0},{"damage_healed":0,"gold_gain":0,"player_choice":"Searched \u00270\u0027 times","damage_taken":0,"max_hp_gain":0,"max_hp_loss":0,"event_name":"Dead Adventurer","floor":10,"gold_loss":0},{"damage_healed":0,"gold_gain":75,"player_choice":"Gather Gold","damage_taken":11,"max_hp_gain":0,"max_hp_loss":0,"event_name":"World of Goop","floor":13,"gold_loss":0}],"is_beta":false,"boss_relics":[],"items_purged_floors":[],"is_endless":false,"potions_floor_spawned":[1,4,7],"killed_by":"Hexaghost","ascension_level":0}}