{"host":"a0bi5e935fpwrwib","time":1607991653,"event":{"mods":["AchievementEnabler","BaseMod","BetterRewards","Colored Powertips","Hubris","Minty Spire (QoL Compilation)","Rare Cards Sparkle","Relic Stats","Replay The Spire","Spicy Shops","StSLib"],"gold_per_floor":[112,129,149,161,175,175,209,209,209,243,255,255,10,10,10,110,110,123,151,151,170,188,188,188],"floor_reached":23,"playtime":1742,"items_purged":["Strike_R","Sickly"],"score":291,"play_id":"6a44ea38-49b6-46a5-ba5c-4b6a1f865dd6","local_time":"20201214182053","is_ascension_mode":true,"campfire_choices":[{"data":"True Grit","floor":6,"key":"SMITH"},{"data":"Armaments","floor":8,"key":"SMITH"},{"data":"Flame Barrier","floor":12,"key":"SMITH"},{"data":"ReplayTheSpireMod:Strike From Hell","floor":15,"key":"SMITH"}],"circlet_count":0,"master_deck":["Strike_R","Strike_R","Strike_R+1","Defend_R","Defend_R","Defend_R","Defend_R","Bash","Armaments+1","True Grit+1","Carnage+1","Body Slam","ReplayTheSpireMod:Strike From Hell+1","Clothesline","Flame Barrier+1","Barricade","ReplayReversal+1","Shrug It Off"],"relics":["Burning Blood","Lee\u0027s Waffle","hubris:Spice","ReplayTheSpireMod:CursedCoin","Replay:Rubber Ducky","Whetstone","Red Mask","MutagenicStrength"],"acts_visited":["Exordium","TheCity"],"potions_floor_usage":[2,4,5,7,16,18,19,22],"damage_taken":[{"damage":0,"enemies":"Cultist","floor":1,"turns":3},{"damage":0,"enemies":"2 Louse","floor":2,"turns":1},{"damage":0,"enemies":"Small Slimes","floor":3,"turns":3},{"damage":0,"enemies":"3 Louse","floor":4,"turns":2},{"damage":0,"enemies":"2 Fungi Beasts","floor":5,"turns":2},{"damage":12,"enemies":"Lagavulin","floor":7,"turns":6},{"damage":3,"enemies":"3 Sentries","floor":10,"turns":7},{"damage":0,"enemies":"Looter","floor":11,"turns":2},{"damage":0,"enemies":"Slime Boss","floor":16,"turns":7},{"damage":0,"enemies":"Chosen","floor":18,"turns":4},{"damage":43,"enemies":"Masked Bandits","floor":19,"turns":7},{"damage":0,"enemies":"3 Byrds","floor":21,"turns":3},{"damage":0,"enemies":"Snecko","floor":22,"turns":4},{"damage":39,"enemies":"Book of Stabbing","floor":23,"turns":6}],"seed_played":"-8203836301768054192","potions_obtained":[{"floor":3,"key":"Fire Potion"},{"floor":5,"key":"Energy Potion"},{"floor":7,"key":"Dexterity Potion"},{"floor":11,"key":"Adrenaline Potion"},{"floor":16,"key":"Block Potion"},{"floor":18,"key":"Block Potion"}],"is_trial":false,"path_per_floor":["M","M","M","M","M","R","E","R","T","E","M","R","$","?","R","B",null,"M","?","?","M","M","E"],"character_chosen":"IRONCLAD","items_purchased":["Lee\u0027s Waffle","hubris:Spice","ReplayTheSpireMod:CursedCoin","Replay:Rubber Ducky","AttackPotion","Whetstone"],"campfire_rested":0,"item_purchase_floors":[0,0,0,0,0,13],"current_hp_per_floor":[103,103,103,103,103,103,95,95,87,79,71,71,71,71,71,71,63,63,26,26,32,38,0,0],"gold":188,"neow_bonus":"","is_daily":false,"chose_seed":false,"campfire_upgraded":4,"win_rate":0.0,"timestamp":1607991653,"path_taken":["M","?","M","M","?","R","E","R","T","E","M","R","?","?","R","BOSS","M","?","?","M","M","E"],"items_purchased_type":["Relic","Relic","Relic","Relic","Potion","Relic"],"build_version":"2020-12-13","purchased_purges":2,"victory":false,"max_hp_per_floor":[103,103,103,103,103,103,95,95,87,79,71,71,71,71,71,71,63,63,63,63,55,55,55,55],"relic_stats":{"Lee\u0027s Waffle":43,"counters":[111,413],"Whetstone":["Carnage","Strike_R"],"obtain_stats":[{"Ice Cream":23,"Golden Egg":20,"hubris:CrystalStatue":0,"Tiny House":17,"Gremlin Horn":22,"Nilry\u0027s Codex":21,"CeramicFish":42,"Ginger":42,"Whetstone":13,"Sling":0,"HornCleat":14,"VioletLotus":34,"Replay:Wax Seal":0,"Pear":9,"Happy Flower":9,"ReplayTheSpireMod:CursedCoin":0,"Blue Candle":24,"Astrolabe":17,"hubris:FruitBowl":22,"Eternal Feather":31,"Pen Nib":9,"Akabeko":26,"hubris:Zylophone":0,"ReplayTheSpireMod:Spearhead":0,"hubris:BottledHeart":20,"Bronze Scales":43,"MutagenicStrength":20,"Molten Egg 2":19,"Simple Rune":0,"hubris:PeanutButter":9,"Onion Ring":9,"Black Star":17,"ReplayFunnel":17,"Lantern":43,"Torii":0,"Enchiridion":24,"StoneCalendar":20,"King of Hearts":11,"Replay:Multitool":0,"Juzu Bracelet":0,"Incense Burner":0,"Ancient Tea Set":6,"Burning Blood":0,"Replay:Rubber Ducky":0,"hubris:BlackHole":34,"SsserpentHead":7,"Nunchaku":29,"Replay:Bandana":25,"Shovel":46,"hubris:Icosahedron":4,"hubris:Backtick":17,"Matryoshka":26,"Chameleon Ring":11,"Mummified Hand":22,"Tiny Chest":7,"Red Mask":19,"hubris:ChampionShield":19,"Potion Belt":31,"hubris:DisguiseKit":6,"BargainBundle":0,"Lee\u0027s Waffle":0,"Replay:M_StaffOfTheSnake":3,"ReplayTheSpireMod:Ninjato":39,"Guide Book":20,"Quantum Egg":6,"Thread and Needle":43,"PreservedInsect":36,"MawBank":22,"Pondfish Scales":0,"CaptainsWheel":11,"hubris:Spice":0,"Ring of Misfortune":36,"hubris:GrandSneckoEye":17,"Garlic":28,"Art of War":40,"Membership Card":0,"Champion Belt":0,"PureWater":0,"ReplayTheSpireMod:Ring of Challenge":36,"TungstenRod":19,"hubris:OldNail":0},{"Ice Cream":80,"Golden Egg":13,"hubris:CrystalStatue":1,"Tiny House":12,"Gremlin Horn":27,"Nilry\u0027s Codex":79,"CeramicFish":39,"Ginger":65,"Whetstone":105,"Sling":43,"HornCleat":88,"VioletLotus":61,"Replay:Wax Seal":1,"Pear":86,"Happy Flower":73,"ReplayTheSpireMod:CursedCoin":97,"Blue Candle":28,"Astrolabe":89,"hubris:FruitBowl":27,"Eternal Feather":33,"Pen Nib":7,"Akabeko":92,"hubris:Zylophone":1,"ReplayTheSpireMod:Spearhead":69,"hubris:BottledHeart":90,"Bronze Scales":65,"MutagenicStrength":108,"Molten Egg 2":13,"Simple Rune":16,"hubris:PeanutButter":20,"Onion Ring":47,"Black Star":78,"ReplayFunnel":52,"Lantern":65,"Torii":1,"Enchiridion":56,"StoneCalendar":79,"King of Hearts":87,"Replay:Multitool":1,"Juzu Bracelet":1,"Incense Burner":16,"Ancient Tea Set":19,"Burning Blood":0,"Replay:Rubber Ducky":97,"hubris:BlackHole":34,"SsserpentHead":85,"Nunchaku":58,"Replay:Bandana":92,"Shovel":41,"hubris:Icosahedron":45,"hubris:Backtick":52,"Matryoshka":57,"Chameleon Ring":75,"Mummified Hand":27,"Tiny Chest":73,"Red Mask":54,"hubris:ChampionShield":90,"Potion Belt":60,"hubris:DisguiseKit":5,"BargainBundle":16,"Lee\u0027s Waffle":43,"Replay:M_StaffOfTheSnake":17,"ReplayTheSpireMod:Ninjato":63,"Guide Book":13,"Quantum Egg":46,"Thread and Needle":39,"PreservedInsect":35,"MawBank":79,"Pondfish Scales":1,"CaptainsWheel":9,"hubris:Spice":97,"Ring of Misfortune":62,"hubris:GrandSneckoEye":24,"Garlic":57,"Art of War":64,"Membership Card":1,"Champion Belt":69,"PureWater":0,"ReplayTheSpireMod:Ring of Challenge":62,"TungstenRod":13,"hubris:OldNail":16},{"Ice Cream":285,"Golden Egg":57,"hubris:CrystalStatue":3,"Tiny House":52,"Gremlin Horn":108,"Nilry\u0027s Codex":279,"CeramicFish":142,"Ginger":222,"Whetstone":382,"Sling":157,"HornCleat":316,"VioletLotus":210,"Replay:Wax Seal":3,"Pear":307,"Happy Flower":250,"ReplayTheSpireMod:CursedCoin":356,"Blue Candle":112,"Astrolabe":328,"hubris:FruitBowl":108,"Eternal Feather":125,"Pen Nib":29,"Akabeko":336,"hubris:Zylophone":3,"ReplayTheSpireMod:Spearhead":233,"hubris:BottledHeart":331,"Bronze Scales":222,"MutagenicStrength":400,"Molten Egg 2":57,"Simple Rune":75,"hubris:PeanutButter":84,"Onion Ring":169,"Black Star":274,"ReplayFunnel":183,"Lantern":222,"Torii":3,"Enchiridion":195,"StoneCalendar":279,"King of Hearts":314,"Replay:Multitool":3,"Juzu Bracelet":3,"Incense Burner":75,"Ancient Tea Set":83,"Burning Blood":0,"Replay:Rubber Ducky":356,"hubris:BlackHole":130,"SsserpentHead":303,"Nunchaku":199,"Replay:Bandana":336,"Shovel":148,"hubris:Icosahedron":164,"hubris:Backtick":183,"Matryoshka":198,"Chameleon Ring":257,"Mummified Hand":108,"Tiny Chest":250,"Red Mask":189,"hubris:ChampionShield":331,"Potion Belt":206,"hubris:DisguiseKit":19,"BargainBundle":75,"Lee\u0027s Waffle":157,"Replay:M_StaffOfTheSnake":78,"ReplayTheSpireMod:Ninjato":217,"Guide Book":57,"Quantum Egg":166,"Thread and Needle":142,"PreservedInsect":132,"MawBank":279,"Pondfish Scales":3,"CaptainsWheel":36,"hubris:Spice":356,"Ring of Misfortune":213,"hubris:GrandSneckoEye":98,"Garlic":198,"Art of War":221,"Membership Card":3,"Champion Belt":233,"PureWater":0,"ReplayTheSpireMod:Ring of Challenge":213,"TungstenRod":57,"hubris:OldNail":75}],"Burning Blood":162},"card_choices":[{"not_picked":["Clash","Replay:Undeath\u0027s Touch"],"picked":"Armaments","floor":1},{"not_picked":["Cleave","Rage"],"picked":"True Grit","floor":2},{"not_picked":["Burning Pact","Perfected Strike"],"picked":"Carnage","floor":3},{"not_picked":["Iron Wave","Wild Strike"],"picked":"Body Slam","floor":4},{"not_picked":["Searing Blow","True Grit"],"picked":"ReplayTheSpireMod:Strike From Hell","floor":5},{"not_picked":["Twin Strike","Sword Boomerang"],"picked":"Clothesline","floor":7},{"not_picked":["ReplayTheSpireMod:Stacked","Headbutt"],"picked":"Flame Barrier","floor":10},{"not_picked":["Double Tap","Sword Boomerang"],"picked":"hubris:SpiceAddiction","floor":11},{"not_picked":["Corruption","hubris:StunningStrike"],"picked":"Barricade","floor":16},{"not_picked":["hubris:SpiceAddiction","Thunderclap"],"picked":"ReplayReversal+1","floor":18},{"not_picked":["Carnage","Sever Soul"],"picked":"hubris:SpiceAddiction","floor":21},{"not_picked":["Whirlwind","Run Through"],"picked":"Shrug It Off","floor":22}],"player_experience":139151,"relics_obtained":[{"floor":7,"key":"hubris:Spice"},{"floor":9,"key":"hubris:Spice"},{"floor":10,"key":"hubris:Spice"},{"floor":19,"key":"Red Mask"}],"event_choices":[{"cards_removed":["Strike_R"],"damage_healed":0,"gold_gain":0,"player_choice":"Forget","damage_taken":0,"max_hp_gain":0,"max_hp_loss":0,"event_name":"Living Wall","floor":14,"gold_loss":0},{"damage_healed":0,"gold_gain":0,"player_choice":"Fought Bandits","damage_taken":0,"max_hp_gain":0,"max_hp_loss":0,"event_name":"Masked Bandits","floor":19,"gold_loss":0},{"damage_healed":0,"gold_gain":0,"player_choice":"Inject Mutagens","damage_taken":0,"relics_obtained":["MutagenicStrength"],"max_hp_gain":0,"max_hp_loss":0,"event_name":"Drug Dealer","floor":20,"gold_loss":0}],"is_beta":false,"boss_relics":[{"not_picked":["hubris:Spice","ChewingGum"],"picked":"hubris:Spice"}],"items_purged_floors":[0,13],"is_endless":false,"potions_floor_spawned":[3,5,7,11,16,18],"killed_by":"Book of Stabbing","ascension_level":3}}