{"host":"3ek78t4i81ecmdy1","time":1607997630,"event":{"mods":["2.2 Compatiblity","AchievementEnabler","BaseMod","Colored Map","DeckTracker","Filter the Spire","Keyboard Shortcuts","Minty Spire (QoL Compilation)","Permanent Neow","Quick Restart","SuperFastMode","everything is the same but u backflip on backflip"],"gold_per_floor":[118,136,149,149,166,166,198,148,148,148,148,148,148,167,167,266,266,283,330,330,36,48,79,79,112,112,112,123,123,133,153,153,153,153],"floor_reached":33,"playtime":1171,"items_purged":["Calculated Gamble"],"score":341,"play_id":"0c610e90-3e43-4624-97b3-df1e78e0428f","local_time":"20201215110030","is_ascension_mode":true,"campfire_choices":[{"data":"Apotheosis","floor":6,"key":"SMITH"},{"floor":13,"key":"REST"},{"floor":15,"key":"REST"},{"data":"Prepared","floor":24,"key":"SMITH"},{"floor":27,"key":"RECALL"},{"floor":29,"key":"REST"},{"data":"Calculated Gamble","floor":32,"key":"SMITH"}],"circlet_count":0,"master_deck":["Survivor+1","Neutralize","Apotheosis+1","Cloak And Dagger+1","Outmaneuver","Dagger Throw","Quick Slash","Deadly Poison+1","PiercingWail","Corpse Explosion","Grand Finale","Die Die Die","Calculated Gamble+1","Acrobatics","Prepared+1","Eviscerate","Blade Dance","Endless Agony","Blur+1","Cloak And Dagger+1","Deflect","Backflip+1"],"relics":["Ring of the Snake","Pen Nib","Tiny Chest","The Courier","Pandora\u0027s Box","Omamori","Boot","War Paint","Ninja Scroll","Orichalcum"],"acts_visited":["Exordium","TheCity"],"potions_floor_usage":[7,23,31,31],"damage_taken":[{"damage":4,"enemies":"Small Slimes","floor":1,"turns":4},{"damage":1,"enemies":"2 Louse","floor":2,"turns":4},{"damage":0,"enemies":"Cultist","floor":3,"turns":4},{"damage":23,"enemies":"Exordium Wildlife","floor":5,"turns":4},{"damage":2,"enemies":"3 Sentries","floor":7,"turns":8},{"damage":10,"enemies":"Gremlin Gang","floor":14,"turns":5},{"damage":13,"enemies":"Hexaghost","floor":16,"turns":11},{"damage":0,"enemies":"3 Byrds","floor":18,"turns":2},{"damage":0,"enemies":"Chosen","floor":22,"turns":3},{"damage":0,"enemies":"Gremlin Leader","floor":23,"turns":5},{"damage":44,"enemies":"Book of Stabbing","floor":25,"turns":6},{"damage":0,"enemies":"3 Cultists","floor":28,"turns":2},{"damage":2,"enemies":"Chosen and Byrds","floor":30,"turns":3},{"damage":0,"enemies":"Snecko","floor":31,"turns":5},{"damage":47,"enemies":"Automaton","floor":33,"turns":6}],"seed_played":"1204939798162570768","potions_obtained":[{"floor":3,"key":"Fire Potion"},{"floor":5,"key":"BlessingOfTheForge"},{"floor":14,"key":"Explosive Potion"},{"floor":25,"key":"SkillPotion"},{"floor":28,"key":"EssenceOfSteel"}],"is_trial":false,"path_per_floor":["M","M","M","?","M","R","E","?","T","?","?","?","R","M","R","B",null,"M","T","?","$","M","E","R","E","T","R","M","R","M","M","R","B"],"character_chosen":"THE_SILENT","items_purchased":["Boot","War Paint"],"campfire_rested":3,"item_purchase_floors":[21,21],"current_hp_per_floor":[45,44,44,30,7,7,5,5,5,5,2,2,23,13,34,21,70,70,70,70,70,70,70,70,26,26,26,26,47,45,45,45,0,0],"gold":153,"neow_bonus":"RANDOM_COLORLESS_2","is_daily":false,"chose_seed":false,"campfire_upgraded":3,"win_rate":0.0,"timestamp":1607997630,"path_taken":["M","M","M","?","M","R","E","?","T","?","?","?","R","M","R","BOSS","M","?","?","$","M","E","R","E","T","R","M","R","M","M","R","BOSS"],"items_purchased_type":["Relic","Relic"],"build_version":"2020-12-13","purchased_purges":1,"victory":false,"max_hp_per_floor":[70,70,70,70,70,70,70,70,70,70,70,70,70,70,70,70,70,70,70,70,70,70,70,70,70,70,70,70,70,70,70,70,70,70],"card_choices":[{"not_picked":["Violence","The Bomb"],"picked":"Apotheosis","floor":0},{"not_picked":["Blur","Slice"],"picked":"Cloak And Dagger","floor":1},{"not_picked":["Dodge and Roll","Sucker Punch"],"picked":"Outmaneuver","floor":2},{"not_picked":["All Out Attack","Acrobatics"],"picked":"Dagger Throw","floor":3},{"not_picked":["Dagger Spray","Skewer"],"picked":"Quick Slash","floor":5},{"not_picked":["Dodge and Roll","Burst"],"picked":"Deadly Poison","floor":7},{"not_picked":["Choke","Prepared"],"picked":"PiercingWail","floor":14},{"not_picked":["Night Terror","Unload"],"picked":"Corpse Explosion","floor":16},{"not_picked":["Flying Knee","Deflect"],"picked":"Endless Agony","floor":18},{"not_picked":["Dagger Throw","Poisoned Stab"],"picked":"Blur+1","floor":22},{"not_picked":["Predator","Prepared","Sucker Punch"],"picked":"SKIP","floor":23},{"not_picked":["Die Die Die","Backstab"],"picked":"Cloak And Dagger+1","floor":25},{"not_picked":["Deadly Poison","Blade Dance+1","PiercingWail"],"picked":"SKIP","floor":28},{"not_picked":["Envenom","Quick Slash"],"picked":"Deflect","floor":30},{"not_picked":["PiercingWail+1","Leg Sweep"],"picked":"Backflip+1","floor":31}],"player_experience":144541,"relics_obtained":[{"floor":7,"key":"Pen Nib"},{"floor":9,"key":"Tiny Chest"},{"floor":19,"key":"Omamori"},{"floor":23,"key":"Ninja Scroll"},{"floor":25,"key":"Orichalcum"}],"event_choices":[{"damage_healed":0,"gold_gain":0,"player_choice":"Entered Light","damage_taken":14,"max_hp_gain":0,"max_hp_loss":0,"event_name":"Shining Light","floor":4,"gold_loss":0,"cards_upgraded":["Defend_G","Strike_G"]},{"cards_removed":["Defend_G"],"damage_healed":0,"gold_gain":0,"player_choice":"Card Removal","damage_taken":0,"max_hp_gain":0,"max_hp_loss":0,"event_name":"The Cleric","floor":8,"gold_loss":50},{"damage_healed":0,"gold_gain":0,"player_choice":"Searched \u00271\u0027 times","damage_taken":0,"relics_obtained":["The Courier"],"max_hp_gain":0,"max_hp_loss":0,"event_name":"Dead Adventurer","floor":10,"gold_loss":0},{"damage_healed":0,"gold_gain":0,"player_choice":"Fled","damage_taken":3,"max_hp_gain":0,"max_hp_loss":0,"event_name":"Scrap Ooze","floor":11,"gold_loss":0},{"damage_healed":0,"gold_gain":0,"player_choice":"Upgraded","damage_taken":0,"max_hp_gain":0,"max_hp_loss":0,"event_name":"Upgrade Shrine","floor":12,"gold_loss":0,"cards_upgraded":["Cloak And Dagger"]},{"cards_removed":["Wraith Form v2"],"damage_healed":0,"gold_gain":0,"player_choice":"Card Removal","damage_taken":0,"max_hp_gain":0,"max_hp_loss":0,"event_name":"Wheel of Change","floor":20,"gold_loss":0}],"is_beta":false,"boss_relics":[{"not_picked":["Empty Cage","Coffee Dripper"],"picked":"Pandora\u0027s Box"}],"items_purged_floors":[21],"is_endless":false,"potions_floor_spawned":[3,5,14,25,28,30],"killed_by":"Automaton","ascension_level":2}}