{"host":"2ejh8pm4r3nhfji7","time":1607990668,"event":{"mods":["2.2 Compatiblity","AchievementEnabler","BaseMod","Better Third Choice","Better Vampires","Block Reminder","Colored Map","Colored Powertips","Hermit","Minty Spire (QoL Compilation)","Rare Cards Sparkle","StSLib"],"gold_per_floor":[112,128,147,165,115,149,149,184,232,249,28,28,28,28,28,156,156,177,377,401,414,432,432,432],"floor_reached":23,"playtime":1983,"items_purged":[],"score":203,"play_id":"b7c38e4a-e250-4c3b-ab71-cbc53439419f","local_time":"20201214220428","is_ascension_mode":false,"campfire_choices":[{"floor":7,"key":"REST"},{"floor":13,"key":"REST"},{"floor":15,"key":"REST"}],"circlet_count":0,"master_deck":["hermit:Strike_Hermit","hermit:Strike_Hermit","hermit:Strike_Hermit","hermit:Defend_Hermit","hermit:Defend_Hermit","hermit:Defend_Hermit","hermit:Defend_Hermit","hermit:Snapshot","hermit:Covet","hermit:Enervate","hermit:Ricochet","hermit:Glare","hermit:EyeOfTheStorm","hermit:GoldenBullet","hermit:Magnum","hermit:PistolWhip","Apotheosis+1","Injury","hermit:FromBeyond","hermit:Ricochet","hermit:PistolWhip","hermit:Grudge","hermit:WideOpen+1"],"relics":["hermit:ClaspedLocket","Vajra","Centennial Puzzle","White Beast Statue","Potion Belt","Golden Idol"],"acts_visited":["Exordium","TheCity"],"potions_floor_usage":[10,16,16,20,22,23,23,23,23],"damage_taken":[{"damage":5,"enemies":"Small Slimes","floor":1,"turns":3},{"damage":0,"enemies":"2 Louse","floor":2,"turns":1},{"damage":0,"enemies":"Cultist","floor":3,"turns":2},{"damage":20,"enemies":"Gremlin Gang","floor":4,"turns":5},{"damage":25,"enemies":"Gremlin Nob","floor":6,"turns":4},{"damage":27,"enemies":"3 Sentries","floor":8,"turns":5},{"damage":7,"enemies":"Blue Slaver","floor":10,"turns":3},{"damage":19,"enemies":"The Guardian","floor":16,"turns":6},{"damage":25,"enemies":"3 Byrds","floor":18,"turns":6},{"damage":2,"enemies":"Spheric Guardian","floor":20,"turns":3},{"damage":20,"enemies":"Snecko","floor":21,"turns":4},{"damage":13,"enemies":"3 Cultists","floor":22,"turns":4},{"damage":19,"enemies":"Book of Stabbing","floor":23,"turns":2}],"seed_played":"8930121234130049270","potions_obtained":[{"floor":1,"key":"hermit:BlackBile"},{"floor":3,"key":"BlessingOfTheForge"},{"floor":4,"key":"Swift Potion"},{"floor":6,"key":"FearPotion"},{"floor":10,"key":"Fire Potion"},{"floor":16,"key":"GamblersBrew"},{"floor":18,"key":"SpeedPotion"},{"floor":20,"key":"Strength Potion"},{"floor":21,"key":"Explosive Potion"},{"floor":22,"key":"Ancient Potion"}],"is_trial":false,"path_per_floor":["M","M","M","M","?","E","R","E","T","M","$","?","R","?","R","B",null,"M","?","M","M","M","E"],"character_chosen":"HERMIT","items_purchased":["Potion Belt","DuplicationPotion"],"campfire_rested":3,"item_purchase_floors":[11,11],"current_hp_per_floor":[70,70,70,50,50,25,47,20,20,13,13,13,35,35,57,38,75,50,50,48,28,15,0,0],"gold":432,"neow_bonus":"RANDOM_COMMON_RELIC","is_daily":false,"chose_seed":false,"campfire_upgraded":0,"win_rate":0.0,"timestamp":1607990668,"path_taken":["M","M","M","M","?","E","R","E","T","M","$","?","R","?","R","BOSS","M","?","M","M","?","E"],"items_purchased_type":["Relic","Potion"],"build_version":"2020-12-13","purchased_purges":0,"victory":false,"max_hp_per_floor":[75,75,75,75,75,75,75,75,75,75,75,75,75,75,75,75,75,75,75,75,75,75,75,75],"card_choices":[{"not_picked":["hermit:CursedWeapon","hermit:TrackingShot"],"picked":"hermit:Enervate","floor":1},{"not_picked":["hermit:Manifest","hermit:LowProfile"],"picked":"hermit:Ricochet","floor":2},{"not_picked":["hermit:GhostlyPresence","hermit:CursedWeapon"],"picked":"hermit:Glare","floor":3},{"not_picked":["hermit:CalledShot","hermit:Feint"],"picked":"hermit:EyeOfTheStorm","floor":4},{"not_picked":["hermit:WideOpen","hermit:LowProfile"],"picked":"hermit:GoldenBullet","floor":6},{"not_picked":["hermit:Desperado","hermit:Showdown"],"picked":"hermit:Magnum","floor":8},{"not_picked":["hermit:Dive","hermit:Misfire"],"picked":"hermit:PistolWhip","floor":10},{"not_picked":["hermit:Purgatory","hermit:Adapt"],"picked":"hermit:FromBeyond","floor":16},{"not_picked":["hermit:CursedWeapon","hermit:Maintenance"],"picked":"hermit:Ricochet","floor":18},{"not_picked":["hermit:Roulette","hermit:Desperado"],"picked":"hermit:PistolWhip","floor":20},{"not_picked":["hermit:Roulette","hermit:Scavenge"],"picked":"hermit:Grudge","floor":21},{"not_picked":["hermit:Brawl","hermit:Vantage"],"picked":"hermit:WideOpen+1","floor":22}],"player_experience":4715,"relics_obtained":[{"floor":6,"key":"Centennial Puzzle"},{"floor":8,"key":"White Beast Statue"},{"floor":9,"key":"Dream Catcher"}],"event_choices":[{"cards_removed":["hermit:Strike_Hermit"],"damage_healed":0,"gold_gain":0,"player_choice":"Card Removal","damage_taken":0,"max_hp_gain":0,"max_hp_loss":0,"event_name":"The Cleric","floor":5,"gold_loss":50},{"damage_healed":13,"gold_gain":0,"player_choice":"Protect","damage_taken":0,"max_hp_gain":0,"max_hp_loss":75,"event_name":"betterThird:BetterShining","floor":12,"gold_loss":1},{"damage_healed":0,"gold_gain":0,"player_choice":"Take Wound","damage_taken":0,"relics_obtained":["Golden Idol"],"max_hp_gain":0,"max_hp_loss":0,"event_name":"Golden Idol","floor":14,"gold_loss":0,"cards_obtained":["Injury"]},{"damage_healed":0,"gold_gain":200,"player_choice":"Gold","damage_taken":0,"max_hp_gain":0,"max_hp_loss":0,"event_name":"Wheel of Change","floor":19,"gold_loss":0}],"is_beta":false,"boss_relics":[{"not_picked":["Cursed Key","Velvet Choker"],"picked":"hermit:ClaspedLocket"}],"items_purged_floors":[],"is_endless":false,"potions_floor_spawned":[1,3,4,6,10,16,18,20,21,22],"killed_by":"Book of Stabbing","ascension_level":0}}