{"host":"jm9833yuloeli2yd","time":1607993078,"event":{"mods":["AchievementEnabler","BaseMod","Better Altar","Better Match","Better Note","Better Sensory Stone","Better Skull","Better Vampires","Colored Map","Colored Powertips","DeckTracker","Minty Spire (QoL Compilation)","Permanent Neow","Quick Restart","Replay The Spire","StSLib","SuperFastMode"],"gold_per_floor":[217,37,37,50,50,80,80,80,107,122,122,152,169,38,38,139,139,159,176,194,47,66,66,66,66],"floor_reached":24,"playtime":773,"items_purged":[],"score":319,"play_id":"9f47d236-54e1-4c05-b6a1-6c6e6bfd68be","local_time":"20201214194438","is_ascension_mode":true,"campfire_choices":[{"data":"Bash","floor":8,"key":"SMITH"},{"floor":11,"key":"REST"},{"data":"Combust","floor":15,"key":"SMITH"},{"floor":23,"key":"REST"}],"circlet_count":0,"master_deck":["AscendersBane","Strike_R","Strike_R","Strike_R","Strike_R","Strike_R","Defend_R","Defend_R","Defend_R","Bash+1","Disarm+1","Metallicize","Self Repair+1","Ghostly Armor","Replay:Many Hands+1","Body Slam","ReplayTheSpireMod:Repulse","Hologram","Cold Snap","Shrug It Off","Combust+1","Barricade","True Grit","Flame Barrier","Demon Form","Armaments","Feel No Pain"],"relics":["Art of War","Iron Core","Strawberry","War Paint","Dream Catcher","Incense Burner","ReplayTheSpireMod:DimensionalGlitch"],"acts_visited":["Exordium","TheCity"],"potions_floor_usage":[6,16,20,24],"damage_taken":[{"damage":1,"enemies":"Cultist","floor":1,"turns":4},{"damage":14,"enemies":"Jaw Worm","floor":4,"turns":6},{"damage":11,"enemies":"3 Sentries","floor":6,"turns":15},{"damage":6,"enemies":"2 Louse","floor":10,"turns":4},{"damage":32,"enemies":"Lagavulin","floor":12,"turns":8},{"damage":13,"enemies":"Blue Slaver","floor":13,"turns":3},{"damage":47,"enemies":"The Guardian","floor":16,"turns":15},{"damage":22,"enemies":"Chosen","floor":18,"turns":6},{"damage":38,"enemies":"Shell Parasite","floor":19,"turns":8},{"damage":7,"enemies":"Centurion and Healer","floor":20,"turns":11},{"damage":19,"enemies":"3 Cultists","floor":22,"turns":6},{"damage":38,"enemies":"Slavers","floor":24,"turns":3}],"seed_played":"5487054883713000750","potions_obtained":[{"floor":1,"key":"HeartOfIron"},{"floor":6,"key":"Block Potion"},{"floor":16,"key":"SpeedPotion"},{"floor":18,"key":"Explosive Potion"},{"floor":19,"key":"Fruit Juice"}],"is_trial":false,"path_per_floor":["M","$","?","M","?","E","?","R","T","M","R","E","M","$","R","B",null,"M","M","M","$","M","R","E"],"character_chosen":"IRONCLAD","items_purchased":["Metallicize","Art of War","Shrug It Off","Combust","Demon Form"],"campfire_rested":2,"item_purchase_floors":[2,2,14,14,21],"current_hp_per_floor":[77,77,77,73,66,72,65,65,65,69,87,65,52,52,52,15,69,52,19,20,20,1,28,0,0],"gold":66,"neow_bonus":"HUNDRED_GOLD","is_daily":false,"chose_seed":false,"campfire_upgraded":2,"win_rate":0.0,"timestamp":1607993078,"path_taken":["M","$","?","M","?","E","?","R","T","M","R","E","M","?","R","BOSS","M","M","M","$","?","R","E"],"items_purchased_type":["Card","Relic","Card","Card","Card"],"build_version":"2020-12-13","purchased_purges":0,"victory":false,"max_hp_per_floor":[80,80,80,80,80,87,87,87,87,87,87,87,87,87,87,87,87,87,87,92,92,92,92,92,92],"card_choices":[{"not_picked":["Shrug It Off","Sentinel"],"picked":"Disarm","floor":1},{"not_picked":["Rebound","Warcry"],"picked":"Ghostly Armor","floor":4},{"not_picked":["Perfected Strike","Second Wind"],"picked":"Replay:Many Hands","floor":6},{"not_picked":["Sword Boomerang","Sentinel"],"picked":"Body Slam","floor":10},{"not_picked":["Pommel Strike","WeaponsOverheat"],"picked":"ReplayTheSpireMod:Repulse","floor":11},{"not_picked":["Rebound","Gash"],"picked":"Hologram","floor":12},{"not_picked":["ReplayTheSpireMod:GoodbyeWorld","Gash"],"picked":"Cold Snap","floor":13},{"not_picked":["Exhume","Firewall"],"picked":"Barricade","floor":16},{"not_picked":["Clash","Wild Strike+1"],"picked":"True Grit","floor":18},{"not_picked":["Flex","Dropkick"],"picked":"Flame Barrier","floor":19},{"not_picked":["Sword Boomerang+1","Havoc","Life Link"],"picked":"SKIP","floor":20},{"not_picked":["Clash","Wild Strike"],"picked":"Armaments","floor":22},{"not_picked":["Uppercut","Sword Boomerang"],"picked":"Feel No Pain","floor":23}],"player_experience":1068503,"relics_obtained":[{"floor":6,"key":"Strawberry"},{"floor":9,"key":"Dream Catcher"},{"floor":12,"key":"Incense Burner"}],"event_choices":[{"cards_removed":["Defend_R"],"damage_healed":0,"gold_gain":0,"player_choice":"Card Removal","damage_taken":7,"max_hp_gain":0,"max_hp_loss":0,"event_name":"Golden Wing","floor":5,"gold_loss":0},{"damage_healed":0,"gold_gain":0,"player_choice":"Success","damage_taken":7,"relics_obtained":["War Paint"],"max_hp_gain":0,"max_hp_loss":0,"event_name":"Scrap Ooze","floor":7,"gold_loss":0}],"is_beta":false,"boss_relics":[{"not_picked":["Kintsugi","Fusion Hammer"],"picked":"ReplayTheSpireMod:DimensionalGlitch"}],"items_purged_floors":[],"is_endless":false,"potions_floor_spawned":[1,6,16,18,19],"killed_by":"Slavers","ascension_level":11}}