{"host":"5mo0809oo9tcrmpl","time":1607992497,"event":{"mods":["BaseMod","Highlight Path","Minty Spire (QoL Compilation)","Relic Stats","Slay the Relics Exporter"],"gold_per_floor":[119,133,149,149,160,160,193,205,252,294,294,46,74,96,96,176,176,191,191,116,13,13,13,51,51,51,60,10,47,67,99,99,182,182,201,213,228,16,50,50,75,18,18,37,37,72,72,106,115,115,115,115],"floor_reached":51,"playtime":2813,"items_purged":["Strike_R","Strike_R","Strike_R"],"score":1548,"play_id":"aacdf3dd-7e5a-4def-8987-d89cd8fb9020","local_time":"20201214183457","is_ascension_mode":true,"campfire_choices":[{"data":"Clothesline","floor":6.0,"key":"SMITH"},{"data":"Demon Form","floor":11.0,"key":"SMITH"},{"data":"Armaments","floor":15.0,"key":"SMITH"},{"floor":23.0,"key":"REST"},{"data":"Whirlwind","floor":25.0,"key":"SMITH"},{"floor":27.0,"key":"REST"},{"floor":32.0,"key":"REST"},{"floor":40.0,"key":"RECALL"},{"data":"Heavy Blade","floor":45.0,"key":"SMITH"},{"floor":47.0,"key":"REST"},{"floor":49.0,"key":"REST"}],"circlet_count":0,"master_deck":["AscendersBane","Defend_R","Defend_R","Defend_R+1","Defend_R+1","Bash","Heavy Blade+1","Clothesline+1","Shrug It Off","Cleave","Demon Form+1","Twin Strike","Armaments+1","Flame Barrier","Fiend Fire","Shrug It Off","Whirlwind+1","Havoc+1","Battle Trance","Shockwave","Limit Break","Iron Wave","Flame Barrier+1"],"relics":["Burning Blood","HornCleat","CeramicFish","Kunai","PreservedInsect","Odd Mushroom","Velvet Choker","Dream Catcher","Smiling Mask","Omamori","Pantograph","Runic Dome","Lantern","Calipers","Red Skull","War Paint","Bronze Scales","Bag of Preparation"],"acts_visited":["Exordium","TheCity","TheBeyond"],"potions_floor_usage":[51],"damage_taken":[{"damage":0.0,"enemies":"2 Louse","floor":1.0,"turns":2.0},{"damage":6.0,"enemies":"Small Slimes","floor":2.0,"turns":4.0},{"damage":6.0,"enemies":"Jaw Worm","floor":3.0,"turns":4.0},{"damage":12.0,"enemies":"Looter","floor":5.0,"turns":4.0},{"damage":22.0,"enemies":"Lagavulin","floor":7.0,"turns":7.0},{"damage":9.0,"enemies":"2 Fungi Beasts","floor":8.0,"turns":2.0},{"damage":25.0,"enemies":"3 Sentries","floor":10.0,"turns":7.0},{"damage":18.0,"enemies":"The Mushroom Lair","floor":13.0,"turns":5.0},{"damage":2.0,"enemies":"Gremlin Gang","floor":14.0,"turns":6.0},{"damage":28.0,"enemies":"Hexaghost","floor":16.0,"turns":9.0},{"damage":14.0,"enemies":"2 Thieves","floor":18.0,"turns":4.0},{"damage":22.0,"enemies":"Slavers","floor":24.0,"turns":5.0},{"damage":19.0,"enemies":"Gremlin Leader","floor":29.0,"turns":5.0},{"damage":1.0,"enemies":"Spheric Guardian","floor":30.0,"turns":4.0},{"damage":16.0,"enemies":"Book of Stabbing","floor":31.0,"turns":4.0},{"damage":28.0,"enemies":"Automaton","floor":33.0,"turns":8.0},{"damage":13.0,"enemies":"3 Shapes","floor":35.0,"turns":6.0},{"damage":6.0,"enemies":"Orb Walker","floor":36.0,"turns":2.0},{"damage":11.0,"enemies":"4 Shapes","floor":37.0,"turns":11.0},{"damage":0.0,"enemies":"Mind Bloom Boss Battle","floor":39.0,"turns":6.0},{"damage":33.0,"enemies":"Giant Head","floor":41.0,"turns":6.0},{"damage":9.0,"enemies":"3 Darklings","floor":44.0,"turns":4.0},{"damage":19.0,"enemies":"Reptomancer","floor":46.0,"turns":4.0},{"damage":21.0,"enemies":"Nemesis","floor":48.0,"turns":5.0},{"damage":45.0,"enemies":"Awakened One","floor":50.0,"turns":13.0},{"damage":68,"enemies":"Donu and Deca","floor":51,"turns":7}],"seed_played":"717854679005259430","potions_obtained":[{"floor":2.0,"key":"Strength Potion"},{"floor":7.0,"key":"Block Potion"},{"floor":8.0,"key":"Strength Potion"},{"floor":13.0,"key":"BloodPotion"},{"floor":30.0,"key":"ElixirPotion"},{"floor":31.0,"key":"LiquidBronze"},{"floor":36.0,"key":"GamblersBrew"},{"floor":41.0,"key":"DuplicationPotion"},{"floor":48.0,"key":"Explosive Potion"}],"is_trial":false,"path_per_floor":["M","M","M","?","M","R","E","M","T","E","R","$","?","M","R","B",null,"M","?","?","$","?","R","E","R","T","R","$","E","M","E","R","B",null,"M","M","M","$","?","R","E","?","T","M","R","E","R","E","R","B","B"],"character_chosen":"IRONCLAD","items_purchased":["PreservedInsect","Shrug It Off","SteroidPotion","Lantern"],"campfire_rested":5,"item_purchase_floors":[12,21,21,38],"current_hp_per_floor":[74,74,74,67,61,61,45,42,42,23,23,23,11,15,15,8,58,50,29,29,29,29,53,37,37,37,61,61,48,53,43,67,58,75,68,68,63,63,80,80,53,53,53,50,50,37,61,46,70,41,0,0],"gold":115,"neow_bonus":"THREE_CARDS","is_daily":false,"chose_seed":false,"campfire_upgraded":5,"win_rate":0.0,"timestamp":1607992497,"path_taken":["M","M","M","?","M","R","E","M","T","E","R","$","?","M","R","BOSS","M","?","?","$","?","R","E","R","T","R","$","E","?","E","R","BOSS","M","M","M","$","?","R","E","?","T","?","R","E","R","E","R","BOSS","BOSS"],"items_purchased_type":["Relic","Card","Potion","Relic"],"build_version":"2020-12-13","purchased_purges":3,"victory":false,"max_hp_per_floor":[75,75,75,75,75,75,75,75,75,75,75,75,75,75,75,75,75,75,80,80,80,80,80,80,80,80,80,80,80,80,80,80,80,80,80,80,80,80,80,80,80,80,80,80,80,80,80,80,80,80,80,80],"relic_stats":{"Dream Catcher":4,"counters":[26,144],"CeramicFish":99,"Pantograph":65,"Bronze Scales":[103],"PreservedInsect":376,"Bag of Preparation":[4],"Kunai":[8],"War Paint":["Defend_R","Defend_R"],"Smiling Mask":125,"obtain_stats":[{"Lantern":38,"Calipers":39,"CeramicFish":9,"Velvet Choker":17,"PreservedInsect":12,"Omamori":29,"Bag of Preparation":48,"Odd Mushroom":13,"War Paint":42,"Smiling Mask":26,"Burning Blood":0,"Runic Dome":34,"Dream Catcher":24,"HornCleat":7,"Pantograph":31,"Bronze Scales":46,"Kunai":10,"Red Skull":41},{"Lantern":19,"Calipers":20,"CeramicFish":6,"Velvet Choker":10,"PreservedInsect":7,"Omamori":13,"Bag of Preparation":24,"Odd Mushroom":8,"War Paint":21,"Smiling Mask":12,"Burning Blood":0,"Runic Dome":16,"Dream Catcher":12,"HornCleat":5,"Pantograph":15,"Bronze Scales":23,"Kunai":7,"Red Skull":21},{"Lantern":99,"Calipers":105,"CeramicFish":23,"Velvet Choker":50,"PreservedInsect":30,"Omamori":64,"Bag of Preparation":124,"Odd Mushroom":35,"War Paint":111,"Smiling Mask":59,"Burning Blood":0,"Runic Dome":80,"Dream Catcher":59,"HornCleat":21,"Pantograph":72,"Bronze Scales":119,"Kunai":30,"Red Skull":111}],"Burning Blood":144},"card_choices":[{"not_picked":["Dark Embrace","Shrug It Off"],"picked":"Heavy Blade","floor":0.0},{"not_picked":["Heavy Blade","Armaments"],"picked":"Clothesline","floor":1.0},{"not_picked":["Anger","Carnage"],"picked":"Shrug It Off","floor":2.0},{"not_picked":["Thunderclap","Clothesline"],"picked":"Perfected Strike","floor":3.0},{"not_picked":["Clothesline","Wild Strike"],"picked":"Cleave","floor":5.0},{"not_picked":["Pommel Strike","Sentinel"],"picked":"Demon Form","floor":7.0},{"not_picked":["Warcry","Hemokinesis"],"picked":"Twin Strike","floor":8.0},{"not_picked":["Rampage","Clash"],"picked":"Armaments","floor":10.0},{"not_picked":["Warcry","Iron Wave"],"picked":"Flame Barrier","floor":14.0},{"not_picked":["Juggernaut","Demon Form"],"picked":"Fiend Fire","floor":16.0},{"not_picked":["Hemokinesis","Pommel Strike+1","Armaments"],"picked":"SKIP","floor":18.0},{"not_picked":["Wild Strike","Evolve"],"picked":"Whirlwind","floor":24.0},{"not_picked":["Pommel Strike","Inflame"],"picked":"Havoc+1","floor":27.0},{"not_picked":["Warcry","Twin Strike"],"picked":"Battle Trance","floor":29.0},{"not_picked":["Dropkick","Inflame+1"],"picked":"Shockwave","floor":30.0},{"not_picked":["Spot Weakness","Rupture","Fire Breathing"],"picked":"SKIP","floor":31.0},{"not_picked":["Brutality","Exhume"],"picked":"Limit Break","floor":33.0},{"not_picked":["Blood for Blood+1","Anger","Infernal Blade"],"picked":"SKIP","floor":35.0},{"not_picked":["Headbutt+1","Thunderclap","Twin Strike"],"picked":"SKIP","floor":36.0},{"not_picked":["Second Wind","Sever Soul","Pummel"],"picked":"SKIP","floor":37.0},{"not_picked":["Feel No Pain","Dropkick"],"picked":"Iron Wave","floor":39.0},{"not_picked":["Fiend Fire","True Grit","Thunderclap+1"],"picked":"SKIP","floor":41.0},{"not_picked":["Pommel Strike","Flex+1","Warcry"],"picked":"SKIP","floor":44.0},{"not_picked":["Burning Pact","Rage","Clothesline"],"picked":"SKIP","floor":46.0},{"not_picked":["Rupture","Dual Wield","Whirlwind"],"picked":"SKIP","floor":48.0},{"not_picked":["Rage","Sword Boomerang"],"picked":"Flame Barrier+1","floor":49.0}],"player_experience":1255376,"relics_obtained":[{"floor":7.0,"key":"HornCleat"},{"floor":9.0,"key":"CeramicFish"},{"floor":10.0,"key":"Kunai"},{"floor":13.0,"key":"Odd Mushroom"},{"floor":24.0,"key":"Dream Catcher"},{"floor":26.0,"key":"Smiling Mask"},{"floor":29.0,"key":"Omamori"},{"floor":31.0,"key":"Pantograph"},{"floor":39.0,"key":"Calipers"},{"floor":41.0,"key":"Red Skull"},{"floor":46.0,"key":"Bronze Scales"},{"floor":48.0,"key":"Bag of Preparation"}],"event_choices":[{"cards_removed":["Strike_R"],"damage_healed":0.0,"max_hp_gain":0.0,"max_hp_loss":0.0,"gold_gain":0.0,"event_name":"Golden Wing","player_choice":"Card Removal","floor":4.0,"gold_loss":0.0,"damage_taken":7.0},{"damage_healed":0.0,"max_hp_gain":0.0,"max_hp_loss":0.0,"gold_gain":0.0,"event_name":"Mushrooms","player_choice":"Fought Mushrooms","floor":13.0,"gold_loss":0.0,"damage_taken":0.0},{"damage_healed":0.0,"max_hp_gain":5.0,"max_hp_loss":0.0,"gold_gain":0.0,"event_name":"Forgotten Altar","player_choice":"Shed Blood","floor":19.0,"gold_loss":0.0,"damage_taken":26.0},{"cards_removed":["Perfected Strike"],"damage_healed":0.0,"max_hp_gain":0.0,"max_hp_loss":0.0,"gold_gain":0.0,"event_name":"Beggar","player_choice":"Gave Gold","floor":20.0,"gold_loss":75.0,"damage_taken":0.0},{"cards_removed":["Strike_R"],"damage_healed":0.0,"max_hp_gain":0.0,"max_hp_loss":0.0,"gold_gain":0.0,"event_name":"Purifier","player_choice":"Purged","floor":22.0,"gold_loss":0.0,"damage_taken":0.0},{"damage_healed":0.0,"max_hp_gain":0.0,"max_hp_loss":0.0,"gold_gain":0.0,"event_name":"MindBloom","player_choice":"Fight","floor":39.0,"gold_loss":0.0,"damage_taken":0.0},{"damage_healed":0.0,"max_hp_gain":0.0,"max_hp_loss":0.0,"gold_gain":0.0,"event_name":"WeMeetAgain","player_choice":"Paid Gold","floor":42.0,"gold_loss":57.0,"damage_taken":0.0,"relics_obtained":["War Paint"]}],"is_beta":false,"boss_relics":[{"not_picked":["SacredBark","Runic Pyramid"],"picked":"Velvet Choker"},{"not_picked":["Philosopher\u0027s Stone","Astrolabe"],"picked":"Runic Dome"}],"items_purged_floors":[12,28,38],"is_endless":false,"potions_floor_spawned":[2,7,8,13,30,31,36,41,44,48],"killed_by":"Donu and Deca","ascension_level":20}}