{"host":"5w5nlj9te6rhm47m","time":1607998846,"event":{"mods":["BaseMod","Downfall","Hermit","Minty Spire (QoL Compilation)","Replay The Spire","Shop Mod","StSLib"],"gold_per_floor":[99,99,165,192,117,292,592,592,607,607,625,648,658,658,671,671,671],"floor_reached":16,"playtime":713,"items_purged":[],"score":123,"play_id":"c6ce7e75-0791-4f9b-a9c4-ac3ac14bd7b2","local_time":"20201215102046","is_ascension_mode":false,"campfire_choices":[{"floor":1,"key":"RECALL"},{"data":"Guardian:SpikerProtocol","floor":5,"key":"SMITH"},{"data":"Guardian:TwinSlam","floor":10,"key":"SMITH"}],"circlet_count":0,"master_deck":["Guardian:Strike_Guardian","Guardian:Strike_Guardian","Guardian:Strike_Guardian","Guardian:Strike_Guardian","Guardian:Defend_Guardian","Guardian:Defend_Guardian","Guardian:Defend_Guardian","Guardian:Defend_Guardian","Guardian:CurlUp","Guardian:TwinSlam+1","Guardian:ChargeCore","Pot Of Greed","Guardian:BronzeArmor","Pot Of Greed","Guardian:SpikerProtocol+1","Guardian:Planning","Doubt","Guardian:GuardianWhirl","Guardian:Gem_Blue","Regret","Guardian:Preprogram"],"relics":["Guardian:ModeShifter","downfall:HeartsMalice","Grinning Jar","Centennial Puzzle","downfall:HeartBlessingRed","Old Coin","Pen Nib"],"acts_visited":["Exordium"],"potions_floor_usage":[15,16,16,16],"damage_taken":[{"damage":0,"enemies":"2 Louse","floor":2,"turns":1},{"damage":0,"enemies":"Lagavulin","floor":4,"turns":1},{"damage":0,"enemies":"downfall:FleeingMerchant","floor":8,"turns":1},{"damage":0,"enemies":"Jaw Worm","floor":9,"turns":3},{"damage":0,"enemies":"Small Slimes","floor":11,"turns":2},{"damage":13,"enemies":"Gremlin Gang","floor":13,"turns":3},{"damage":16,"enemies":"Large Slime","floor":15,"turns":4},{"damage":36,"enemies":"downfall:Defect","floor":16,"turns":6}],"seed_played":"9220439758629886669","potions_obtained":[{"floor":3,"key":"champ:CounterPotion"},{"floor":11,"key":"SneckoOil"},{"floor":13,"key":"PowerPotion"},{"floor":15,"key":"Toxic Potion"}],"is_trial":false,"path_per_floor":["R","M","?","E","R","?","T","$","M","R","M","T","M","?","M","B"],"character_chosen":"GUARDIAN","items_purchased":[],"campfire_rested":0,"item_purchase_floors":[],"current_hp_per_floor":[80,80,60,60,60,60,60,60,60,60,60,60,47,47,31,0,0],"gold":671,"neow_bonus":"THREE_ENEMY_KILL","is_daily":false,"chose_seed":false,"campfire_upgraded":2,"win_rate":0.0,"timestamp":1607998846,"path_taken":["R","M","?","E","R","?","T","$","M","R","?","?","M","?","M","BOSS"],"items_purchased_type":[],"build_version":"2020-12-13","purchased_purges":0,"victory":false,"max_hp_per_floor":[80,80,80,80,80,80,80,80,80,80,80,80,80,80,80,80,80],"card_choices":[{"not_picked":["Guardian:Repulse","Guardian:WalkerClaw"],"picked":"Guardian:ChargeCore","floor":2},{"not_picked":["Guardian:Incinerate","Guardian:DonusPower"],"picked":"Guardian:BronzeArmor","floor":3},{"not_picked":["Guardian:Gem_Cyan","Guardian:Recover"],"picked":"Guardian:SpikerProtocol","floor":3},{"not_picked":["Guardian:TimeBomb","Guardian:FloatingOrbs"],"picked":"Guardian:Planning","floor":4},{"not_picked":["Guardian:PrismaticBeam","Guardian:AncientConstruct"],"picked":"Guardian:Gem_White","floor":8},{"not_picked":["Guardian:CrystalBeam","Guardian:Planning"],"picked":"Guardian:GuardianWhirl","floor":9},{"not_picked":["Guardian:Reroute","Guardian:Incinerate"],"picked":"Guardian:Gem_Blue","floor":11},{"not_picked":["Guardian:GuardianWhirl","Guardian:WalkerClaw","Guardian:Reroute"],"picked":"SKIP","floor":13},{"not_picked":["Guardian:Planning","Guardian:CrystalBeam"],"picked":"Guardian:Preprogram","floor":15}],"player_experience":145430,"relics_obtained":[{"floor":3,"key":"Grinning Jar"},{"floor":4,"key":"Centennial Puzzle"},{"floor":7,"key":"Old Coin"}],"event_choices":[{"damage_healed":0,"gold_gain":0,"player_choice":"Box","damage_taken":0,"relics_obtained":["Pen Nib"],"max_hp_gain":0,"max_hp_loss":0,"event_name":"Big Fish","floor":14,"gold_loss":0,"cards_obtained":["Regret"]}],"is_beta":false,"boss_relics":[],"items_purged_floors":[],"is_endless":false,"potions_floor_spawned":[11,13,15],"killed_by":"downfall:Defect","ascension_level":0}}