{"host":"jwbw4f4imxd0v0b0","time":1607991307,"event":{"mods":["BaseMod","Colored Map","Highlight Path","Minty Spire (QoL Compilation)","Relic Stats","StSLib"],"gold_per_floor":[114,189,204,204,204,234,234,249,249,264,264,264,279,287,287,387,387,402,402,402,402,2,2,2],"floor_reached":23,"playtime":844,"items_purged":[],"score":262,"play_id":"7a41618e-0a3d-45c4-b833-3a85d5e55e39","local_time":"20201214181507","daily_mods":["Allstar","Hoarder","Night Terrors"],"is_ascension_mode":false,"campfire_choices":[{"data":"Gash","floor":7.0,"key":"SMITH"},{"data":"Dramatic Entrance","floor":11.0,"key":"SMITH"},{"data":"Coolheaded","floor":15.0,"key":"SMITH"}],"circlet_count":0,"master_deck":["Strike_B","Strike_B","Strike_B","Strike_B","Defend_B+1","Defend_B","Defend_B","Defend_B","Zap","Dualcast","Discovery","Discovery","Discovery","Dramatic Entrance+1","Dramatic Entrance","Dramatic Entrance","Forethought","Forethought+1","Jack Of All Trades","Jack Of All Trades","Jack Of All Trades","Forethought","Consume","Consume","Consume","Gash+1","Gash","Gash","Gash","Gash","Gash","Coolheaded","Coolheaded","Coolheaded+1","Bandage Up","Bandage Up","Bandage Up","Echo Form","Echo Form","Echo Form","Hologram","Hologram","Hologram","Reboot","Reboot","Reboot","Capacitor+1","Capacitor+1","Capacitor+1","Blind","Blind","Blind","HandOfGreed","HandOfGreed","HandOfGreed"],"relics":["Cracked Core","Shuriken","The Courier","Odd Mushroom","Inserter","CeramicFish","Omamori","Lantern"],"acts_visited":["Exordium","TheCity"],"potions_floor_usage":[],"damage_taken":[{"damage":0.0,"enemies":"Small Slimes","floor":1.0,"turns":1.0},{"damage":6.0,"enemies":"Jaw Worm","floor":3.0,"turns":3.0},{"damage":25.0,"enemies":"Lagavulin","floor":6.0,"turns":9.0},{"damage":0.0,"enemies":"2 Louse","floor":8.0,"turns":1.0},{"damage":2.0,"enemies":"Large Slime","floor":10.0,"turns":5.0},{"damage":0.0,"enemies":"2 Fungi Beasts","floor":13.0,"turns":1.0},{"damage":0.0,"enemies":"The Mushroom Lair","floor":14.0,"turns":1.0},{"damage":18.0,"enemies":"Hexaghost","floor":16.0,"turns":8.0},{"damage":20.0,"enemies":"Shell Parasite","floor":18.0,"turns":6.0},{"damage":49,"enemies":"Book of Stabbing","floor":23,"turns":4}],"seed_played":"8833210206598683822","potions_obtained":[{"floor":3.0,"key":"SpeedPotion"},{"floor":8.0,"key":"Block Potion"},{"floor":10.0,"key":"Dexterity Potion"}],"is_trial":false,"path_per_floor":["M","?","M","?","?","E","R","M","T","M","R","?","M","?","R","B",null,"M","?","?","?","$","E"],"character_chosen":"DEFECT","items_purchased":["CeramicFish","Omamori","Lantern","SpeedPotion"],"campfire_rested":0,"item_purchase_floors":[22,22,22,22],"current_hp_per_floor":[75,64,58,58,43,18,18,18,18,16,16,16,20,20,20,10,75,55,41,41,41,41,0,0],"gold":2,"neow_bonus":"","is_daily":true,"chose_seed":false,"campfire_upgraded":3,"win_rate":0.0,"timestamp":1607991307,"path_taken":["M","?","M","?","?","E","R","M","T","M","R","?","M","?","R","BOSS","M","?","?","?","$","E"],"items_purchased_type":["Relic","Relic","Relic","Potion"],"build_version":"2020-12-13","purchased_purges":0,"victory":false,"max_hp_per_floor":[75,75,75,75,75,75,75,75,75,75,75,75,75,75,75,75,75,75,80,80,80,80,80,80],"relic_stats":{"Inserter":[5],"counters":[10,39],"Shuriken":[11],"CeramicFish":0,"obtain_stats":[{"Lantern":22,"Inserter":17,"Shuriken":6,"CeramicFish":22,"The Courier":9,"Omamori":22,"Odd Mushroom":14,"Cracked Core":0},{"Lantern":9,"Inserter":8,"Shuriken":3,"CeramicFish":9,"The Courier":4,"Omamori":9,"Odd Mushroom":7,"Cracked Core":0},{"Lantern":35,"Inserter":29,"Shuriken":13,"CeramicFish":35,"The Courier":14,"Omamori":35,"Odd Mushroom":21,"Cracked Core":0}]},"card_choices":[{"not_picked":["Stack","Reinforced Body","Cold Snap"],"picked":"SKIP","floor":1.0},{"not_picked":["Leap","Redo"],"picked":"Consume","floor":3.0},{"not_picked":["Rebound","Chill"],"picked":"Gash","floor":6.0},{"not_picked":["Redo","Rebound"],"picked":"Gash","floor":8.0},{"not_picked":["Conserve Battery","Aggregate"],"picked":"Coolheaded","floor":10.0},{"not_picked":["Sunder","Barrage"],"picked":"Echo Form","floor":13.0},{"not_picked":["Sweeping Beam","Streamline"],"picked":"Hologram","floor":14.0},{"not_picked":["Thunder Strike","Echo Form"],"picked":"Reboot","floor":16.0},{"not_picked":["Barrage+1","Chaos"],"picked":"Capacitor+1","floor":18.0}],"player_experience":922793,"relics_obtained":[{"floor":6.0,"key":"Shuriken"},{"floor":9.0,"key":"The Courier"},{"floor":14.0,"key":"Odd Mushroom"}],"event_choices":[{"damage_healed":0.0,"max_hp_gain":0.0,"max_hp_loss":0.0,"gold_gain":75.0,"event_name":"World of Goop","player_choice":"Gather Gold","floor":2.0,"gold_loss":0.0,"damage_taken":11.0},{"damage_healed":0.0,"max_hp_gain":0.0,"max_hp_loss":0.0,"gold_gain":0.0,"event_name":"Liars Game","player_choice":"Ignored","floor":4.0,"gold_loss":0.0,"damage_taken":0.0},{"damage_healed":0.0,"max_hp_gain":0.0,"max_hp_loss":0.0,"gold_gain":0.0,"event_name":"Shining Light","player_choice":"Entered Light","floor":5.0,"gold_loss":0.0,"damage_taken":15.0,"cards_upgraded":["Defend_B","Forethought"]},{"damage_healed":0.0,"max_hp_gain":0.0,"max_hp_loss":0.0,"gold_gain":0.0,"cards_transformed":["Forethought"],"event_name":"Living Wall","player_choice":"Change","floor":12.0,"gold_loss":0.0,"damage_taken":0.0,"cards_obtained":["Bandage Up"]},{"damage_healed":0.0,"max_hp_gain":0.0,"max_hp_loss":0.0,"gold_gain":0.0,"event_name":"Mushrooms","player_choice":"Fought Mushrooms","floor":14.0,"gold_loss":0.0,"damage_taken":0.0},{"damage_healed":0.0,"max_hp_gain":5.0,"max_hp_loss":0.0,"gold_gain":0.0,"event_name":"Forgotten Altar","player_choice":"Shed Blood","floor":19.0,"gold_loss":0.0,"damage_taken":19.0},{"damage_healed":0,"gold_gain":0,"player_choice":"Ignored","damage_taken":0,"max_hp_gain":0,"max_hp_loss":0,"event_name":"The Mausoleum","floor":20,"gold_loss":0},{"damage_healed":0,"gold_gain":0,"cards_transformed":["Forethought","Forethought"],"player_choice":"Became Test Subject","damage_taken":0,"max_hp_gain":0,"max_hp_loss":0,"event_name":"Drug Dealer","floor":21,"gold_loss":0,"cards_obtained":["Blind","HandOfGreed"]}],"is_beta":false,"boss_relics":[{"not_picked":["Runic Dome","SlaversCollar"],"picked":"Inserter"}],"items_purged_floors":[],"is_endless":false,"potions_floor_spawned":[3,8,10],"killed_by":"Book of Stabbing","ascension_level":0}}