{"host":"juqmwis5balotvcq","time":1607994148,"event":{"mods":["AchievementEnabler","Aspiration","BaseMod","Better Altar","Better Match","Better Note","Better Sensory Stone","Better Skull","Better Third Choice","BetterRewards","CCEM","Colored Map","Conspire","Downfall","GifTheSpireLib","Googly Eyes","Highlight Path","Minty Spire (QoL Compilation)","Permanent Neow","Replay The Spire","Spicy Shops","StSLib","The IronCluck","Unceasing Turn Reminder","everything is the same but u backflip on backflip"],"gold_per_floor":[0,12,12,12,0,0,26,26,26,26,26],"floor_reached":10,"playtime":570,"items_purged":[],"score":52,"play_id":"67613a0f-acec-4074-a5e5-56acb0f5f773","local_time":"20201214170228","is_ascension_mode":false,"campfire_choices":[{"floor":1,"key":"RECALL"},{"data":"champ:StrikeOfGenius","floor":4,"key":"SMITH"},{"data":"champ:Execute","floor":6,"key":"SMITH"},{"data":"champ:Taunt","floor":9,"key":"SMITH"}],"circlet_count":0,"master_deck":["champ:Strike","champ:Strike","champ:Strike","champ:Strike","champ:Defend","champ:Defend","champ:Defend","champ:Defend","champ:Taunt+1","champ:StrikeOfGenius+1","champ:AdrenalArmor","Regret","champ:GladiatorsShout+1"],"relics":["champ:ChampionCrown","Replay:Wax Seal","CCEMRelics:Barrel"],"acts_visited":["Exordium"],"potions_floor_usage":[],"damage_taken":[{"damage":17,"enemies":"Cultist","floor":2,"turns":5},{"damage":13,"enemies":"downfall:FleeingMerchant","floor":5,"turns":4},{"damage":79,"enemies":"3 Sentries","floor":10,"turns":11}],"seed_played":"8070907977968028066","potions_obtained":[],"is_trial":false,"path_per_floor":["R","M","?","R","$","R","T","?","R","E"],"character_chosen":"THE_CHAMP","items_purchased":[],"campfire_rested":0,"item_purchase_floors":[],"current_hp_per_floor":[90,81,81,81,77,77,77,77,77,0,0],"gold":26,"neow_bonus":"THREE_RARE_CARDS","is_daily":false,"chose_seed":false,"campfire_upgraded":3,"win_rate":0.0,"timestamp":1607994148,"path_taken":["R","?","?","R","$","R","T","?","R","E"],"items_purchased_type":[],"build_version":"2020-12-13","purchased_purges":0,"victory":false,"max_hp_per_floor":[90,90,90,90,90,90,90,90,90,90,90],"card_choices":[{"not_picked":["champ:HeavySlash","champ:SteelEdge"],"picked":"champ:StrikeOfGenius","floor":0},{"not_picked":["champ:Shatter","champ:Haymaker"],"picked":"champ:AdrenalArmor","floor":2},{"not_picked":["champ:StanceDance","champ:Haymaker","champ:Encircle"],"picked":"SKIP","floor":5}],"player_experience":321596,"relics_obtained":[{"floor":7,"key":"CCEMRelics:Barrel"}],"event_choices":[{"damage_healed":0,"gold_gain":0,"player_choice":"Box","damage_taken":0,"relics_obtained":["Replay:Wax Seal"],"max_hp_gain":0,"max_hp_loss":0,"event_name":"Big Fish","floor":3,"gold_loss":0,"cards_obtained":["Regret"]}],"is_beta":false,"boss_relics":[],"items_purged_floors":[],"is_endless":false,"potions_floor_spawned":[],"killed_by":"3 Sentries","ascension_level":0}}