{"host":"Crutt","time":1607991707,"event":{"mods":["2.2 Compatiblity","Aspiration","Bard","BaseMod","Better Altar","Better Skull","Better Third Choice","Googly Eyes","Hermit","Jedi Mod","Jorbs\u0027s Wanderer Trilogy","Minty Spire (QoL Compilation)","Optimize The Spire","Potionbrewer","Spicy Shops","StSLib","The Construct","The Cursed","The Disciple","The Hierophant","The Runesmith","thorton","vexMod"],"gold_per_floor":[139,163,163,163,21,21,39,80,80,80,145,167,167,192,192,312,312,348,348,369,14,14,14,58,58,84,117,151,151,179,229,229,340,340,360,360,100,100,122,178,210,210,235,271,271,313,335,370,370,390,390,390,44,71,86],"floor_reached":56,"playtime":6280,"items_purged":["thethorton:Strike","Underhanded Strike"],"score":2865,"play_id":"4c390dea-9a86-4707-a050-b3e8f24263b5","local_time":"20201214182147","is_ascension_mode":true,"campfire_choices":[{"floor":6.0,"key":"REST"},{"floor":10.0,"key":"REST"},{"data":"thethorton:SuperDefend","floor":13.0,"key":"SMITH"},{"data":"thethorton:AdministrativeActions","floor":15.0,"key":"SMITH"},{"data":"thethorton:SellShort","floor":23.0,"key":"SMITH"},{"data":"SandsOfTime","floor":29.0,"key":"SMITH"},{"floor":32.0,"key":"RECALL"},{"data":"Omega","floor":42.0,"key":"SMITH"},{"data":"thethorton:DualBap","floor":49.0,"key":"SMITH"},{"data":"thethorton:Defend","floor":52,"key":"SMITH"}],"circlet_count":0,"master_deck":["AscendersBane","thethorton:Strike","thethorton:Strike","thethorton:Defend+1","thethorton:Defend","thethorton:Defend","thethorton:SuperDefend+1","thethorton:Heckle+1","thethorton:Hindsight","thethorton:DualBap+1","SandsOfTime+1","thethorton:CashBash","thethorton:FearfulRun","thethorton:LastDitchEffort","thethorton:CoinShield","thethorton:AdministrativeActions+1","potionbrewer:ChoosePotion","thethorton:SellShort+1","thethorton:SnowDay+1","Distraction+1","Bane+1","potionbrewer:ChoosePotion","potionbrewer:ChoosePotion","thethorton:GoldBuffer","potionbrewer:ChoosePotion","potionbrewer:ChoosePotion","potionbrewer:ChoosePotion","potionbrewer:ChoosePotion","potionbrewer:ChoosePotion","potionbrewer:ChoosePotion","potionbrewer:ChoosePotion","potionbrewer:ChoosePotion","thethorton:FearfulRun+1","potionbrewer:ChoosePotion","potionbrewer:ChoosePotion","potionbrewer:ChoosePotion","potionbrewer:ChoosePotion","thethorton:AdministrativeActions+1","thethorton:BigBreak+1","potionbrewer:ChoosePotion","thethorton:BusinessCard+1","potionbrewer:ChoosePotion","potionbrewer:ChoosePotion","Omega+1","potionbrewer:ChoosePotion","potionbrewer:ChoosePotion","potionbrewer:ChoosePotion","potionbrewer:ChoosePotion","potionbrewer:ChoosePotion","potionbrewer:ChoosePotion","potionbrewer:ChoosePotion","potionbrewer:ChoosePotion","potionbrewer:ChoosePotion","potionbrewer:ChoosePotion","potionbrewer:ChoosePotion","potionbrewer:ChoosePotion","potionbrewer:ChoosePotion"],"relics":["thethorton:CouragePotion","Bag of Preparation","Ornamental Fan","Matryoshka","jedi:crownofsimplicity","aspiration:RunicSpoon","Omamori","Oddly Smooth Stone","Strawberry","thethorton:BusinessCardPrinter","aspiration:HiddenCompartment","jedi:heavyjacket","Prayer Wheel","Calling Bell","PreservedInsect","The Courier","construct:RocketBooster","jedi:arcanewood","Chemical X","aspiration:FrozenJewel","Calipers","Blood Vial","Vajra","jedi:shrinkray","potionbrewer:SlideRule","aspiration:AnachronicSnailShell","potionbrewer:Keyblade","potionbrewer:ToyAutogyro","Peace Pipe","Lantern"],"acts_visited":["Exordium","TheCity","TheBeyond","TheEnding"],"potions_floor_usage":[50],"damage_taken":[{"damage":11.0,"enemies":"Cultist","floor":1.0,"turns":6.0},{"damage":20.0,"enemies":"Jaw Worm","floor":2.0,"turns":6.0},{"damage":0.0,"enemies":"Small Slimes","floor":7.0,"turns":3.0},{"damage":11.0,"enemies":"Lagavulin","floor":8.0,"turns":3.0},{"damage":12.0,"enemies":"3 Sentries","floor":11.0,"turns":6.0},{"damage":1.0,"enemies":"Blue Slaver","floor":12.0,"turns":3.0},{"damage":0.0,"enemies":"2 Fungi Beasts","floor":14.0,"turns":4.0},{"damage":12.0,"enemies":"The Guardian","floor":16.0,"turns":8.0},{"damage":5.0,"enemies":"3 Byrds","floor":18.0,"turns":4.0},{"damage":2.0,"enemies":"Spheric Guardian","floor":20.0,"turns":7.0},{"damage":0.0,"enemies":"Book of Stabbing","floor":24.0,"turns":8.0},{"damage":0.0,"enemies":"Gremlin Leader","floor":27.0,"turns":8.0},{"damage":0.0,"enemies":"Centurion and Healer","floor":28.0,"turns":8.0},{"damage":0.0,"enemies":"Chosen and Byrds","floor":30.0,"turns":6.0},{"damage":0.0,"enemies":"Book of Stabbing","floor":31.0,"turns":5.0},{"damage":0.0,"enemies":"Collector","floor":33.0,"turns":7.0},{"damage":0.0,"enemies":"Orb Walker","floor":35.0,"turns":4.0},{"damage":0.0,"enemies":"3 Darklings","floor":39.0,"turns":4.0},{"damage":0.0,"enemies":"Reptomancer","floor":40.0,"turns":6.0},{"damage":0.0,"enemies":"4 Shapes","floor":41.0,"turns":10.0},{"damage":0.0,"enemies":"Jaw Worm Horde","floor":44.0,"turns":1.0},{"damage":0.0,"enemies":"Nemesis","floor":46.0,"turns":5.0},{"damage":22.0,"enemies":"Transient","floor":47.0,"turns":5.0},{"damage":0.0,"enemies":"Giant Head","floor":48.0,"turns":12.0},{"damage":5,"enemies":"Donu and Deca","floor":50,"turns":8},{"damage":0,"enemies":"Shield and Spear","floor":54,"turns":3},{"damage":0,"enemies":"The Heart","floor":55,"turns":11}],"seed_played":"-3211925257830519205","potions_obtained":[{"floor":1.0,"key":"potionbrewer:FreezingPotion"},{"floor":7.0,"key":"CultistPotion"},{"floor":11.0,"key":"BlessingOfTheForge"},{"floor":12.0,"key":"Swift Potion"},{"floor":24.0,"key":"FearPotion"},{"floor":27.0,"key":"Energy Potion"},{"floor":31.0,"key":"SpeedPotion"},{"floor":41.0,"key":"FearPotion"},{"floor":46.0,"key":"potionbrewer:InfectionPotion"},{"floor":47.0,"key":"LiquidMemories"},{"floor":54,"key":"Energy Potion"}],"is_trial":false,"path_per_floor":["M","M","?","?","$","R","M","E","T","R","?","M","R","M","R","B",null,"M","?","M","$","?","R","E","$","T","E","M","R","M","E","R","B",null,"M","?","$","?","M","E","M","R","T","M","?","E","M","E","R","B",null,"R","$","E","B",null],"character_chosen":"THE_THORT","items_purchased":["thethorton:StampSmack","Omamori","Oddly Smooth Stone","BlessingOfTheForge","jedi:arcanewood","Chemical X","potionbrewer:Keyblade","potionbrewer:ToyAutogyro","FairyPotion"],"campfire_rested":2,"item_purchase_floors":[5,21,21,21,37,37,53,53,53],"current_hp_per_floor":[50,30,30,16,16,36,36,25,25,45,33,32,32,32,32,20,56,51,51,49,49,49,49,75,75,75,75,75,75,75,75,75,75,75,75,71,71,71,71,71,71,71,71,71,71,71,71,75,75,75,75,75,75,75,75],"gold":86,"neow_bonus":"REMOVE_CARD","is_daily":false,"chose_seed":false,"campfire_upgraded":7,"win_rate":0.0,"timestamp":1607991707,"path_taken":["M","?","?","?","?","R","M","E","T","R","?","M","R","M","R","BOSS","M","?","M","$","?","R","E","?","T","E","M","R","?","E","R","BOSS","M","?","$","?","M","E","M","R","T","?","?","E","M","E","R","BOSS","R","$","E","BOSS"],"items_purchased_type":["Card","Relic","Relic","Potion","Relic","Relic","Relic","Relic","Potion"],"build_version":"2020-12-07","purchased_purges":2,"victory":true,"max_hp_per_floor":[68,68,68,68,68,68,68,68,68,68,68,68,68,68,68,68,68,68,68,68,68,68,68,75,75,75,75,75,75,75,75,75,75,75,75,71,71,71,71,71,71,71,71,71,71,71,71,75,75,75,75,75,75,75,75],"card_choices":[{"not_picked":["thethorton:BusinessBurst","thethorton:DownPayment"],"picked":"thethorton:Hindsight","floor":1.0},{"not_picked":["thethorton:BattleTrash","thethorton:MomentaryBreak"],"picked":"thethorton:DualBap","floor":2.0},{"not_picked":["thethorton:BusinessBoom","thethorton:DualBap"],"picked":"thethorton:CashBash","floor":7.0},{"not_picked":["thethorton:DownPayment","thethorton:ToxicGreed"],"picked":"thethorton:FearfulRun","floor":8.0},{"not_picked":["thethorton:WhirlingBriefcase","thethorton:RunningFeint"],"picked":"thethorton:LastDitchEffort","floor":11.0},{"not_picked":["thethorton:Crash","thethorton:ElbowSmash"],"picked":"thethorton:CoinShield","floor":12.0},{"not_picked":["thethorton:RunningKick","thethorton:BusinessCard"],"picked":"thethorton:AdministrativeActions","floor":14.0},{"not_picked":["thethorton:Octopus","thethorton:CrashingStocks"],"picked":"thethorton:SellShort","floor":16.0},{"not_picked":["thethorton:DownPayment","thethorton:StumblingSlap"],"picked":"thethorton:SnowDay","floor":18.0},{"not_picked":["thethorton:StumblingSlap","thethorton:GoldenPetal"],"picked":"thethorton:GoldBuffer","floor":20.0},{"not_picked":["thethorton:FocusStrength+1","thethorton:ThickSkin","thethorton:StumblingSlap"],"picked":"SKIP","floor":24.0},{"not_picked":["thethorton:BusinessBash","thethorton:Fortune","thethorton:SicklyRun"],"picked":"SKIP","floor":27.0},{"not_picked":["thethorton:SicklyRun","thethorton:FearfulRun","thethorton:CashBash"],"picked":"SKIP","floor":28.0},{"not_picked":["thethorton:Rebalance","thethorton:DualBap","thethorton:DownPayment"],"picked":"SKIP","floor":30.0},{"not_picked":["thethorton:DoubleRun+1","thethorton:DockPay","thethorton:GoldBuffer"],"picked":"SKIP","floor":31.0},{"not_picked":["thethorton:Octopus","thethorton:CardboardBox"],"picked":"thethorton:BigBreak","floor":33.0},{"not_picked":["thethorton:ROI","thethorton:SicklyRun+1"],"picked":"thethorton:BusinessCard+1","floor":35.0},{"not_picked":["thethorton:RunningKick","thethorton:StampSmack","thethorton:CannonShot"],"picked":"SKIP","floor":35.0},{"not_picked":["thethorton:ShoutAndRun","thethorton:LongDaysWork","thethorton:CashBash+1"],"picked":"SKIP","floor":39.0},{"not_picked":["thethorton:FearfulRun","thethorton:Hindsight","thethorton:SicklyRun"],"picked":"SKIP","floor":39.0},{"not_picked":["thethorton:ToxicGreed","thethorton:HitAhead","thethorton:RunningKick+1"],"picked":"SKIP","floor":40.0},{"not_picked":["thethorton:MomentaryBreak","thethorton:FearfulRun","thethorton:Octopus"],"picked":"SKIP","floor":41.0},{"not_picked":["thethorton:CallIn+1","thethorton:GoldBuffer+1","thethorton:ElbowSmash"],"picked":"SKIP","floor":41.0},{"not_picked":["thethorton:DualBap+1","thethorton:Distance","thethorton:AngerMoment+1"],"picked":"SKIP","floor":44.0},{"not_picked":["thethorton:PocketChange","thethorton:LongTermPayoff+1","thethorton:AngerMoment+1"],"picked":"SKIP","floor":44.0},{"not_picked":["thethorton:ROI+1","thethorton:DownPayment","thethorton:CallIn"],"picked":"SKIP","floor":46.0},{"not_picked":["thethorton:GemGun+1","thethorton:LongDaysWork+1","thethorton:GoldBuffer+1"],"picked":"SKIP","floor":47.0},{"not_picked":["thethorton:SicklyRun","thethorton:DownPayment+1","thethorton:WhirlingBriefcase"],"picked":"SKIP","floor":47.0},{"not_picked":["thethorton:GoldBuffer+1","thethorton:StumblingSlap","thethorton:LastDitchEffort+1"],"picked":"SKIP","floor":48.0},{"not_picked":["thethorton:BoardroomBlast","thethorton:SheetShred+1","thethorton:BookBash+1"],"picked":"SKIP","floor":54}],"player_experience":3520396,"relics_obtained":[{"floor":8.0,"key":"Ornamental Fan"},{"floor":9.0,"key":"Matryoshka"},{"floor":11.0,"key":"jedi:crownofsimplicity"},{"floor":24.0,"key":"Strawberry"},{"floor":26.0,"key":"thethorton:BusinessCardPrinter"},{"floor":26.0,"key":"aspiration:HiddenCompartment"},{"floor":27.0,"key":"jedi:heavyjacket"},{"floor":31.0,"key":"Prayer Wheel"},{"floor":34.0,"key":"PreservedInsect"},{"floor":34.0,"key":"The Courier"},{"floor":34.0,"key":"construct:RocketBooster"},{"floor":40.0,"key":"Calipers"},{"floor":43.0,"key":"Blood Vial"},{"floor":46.0,"key":"jedi:shrinkray"},{"floor":48.0,"key":"aspiration:AnachronicSnailShell"},{"floor":54,"key":"Lantern"}],"event_choices":[{"damage_healed":0.0,"max_hp_gain":0.0,"max_hp_loss":0.0,"gold_gain":0.0,"event_name":"Living Wall","player_choice":"Grow","floor":3.0,"gold_loss":0.0,"damage_taken":0.0,"cards_upgraded":["thethorton:Heckle"]},{"damage_healed":0.0,"max_hp_gain":0.0,"max_hp_loss":0.0,"gold_gain":30.0,"event_name":"Dead Adventurer","player_choice":"Searched \u00273\u0027 times","floor":11.0,"gold_loss":0.0,"damage_taken":0.0},{"damage_healed":0.0,"max_hp_gain":0.0,"max_hp_loss":0.0,"gold_gain":0.0,"event_name":"Vampires","player_choice":"Ignored","floor":22.0,"gold_loss":0.0,"damage_taken":0.0},{"damage_healed":0.0,"max_hp_gain":0.0,"max_hp_loss":4.0,"gold_gain":0.0,"event_name":"Winding Halls","player_choice":"Max HP","floor":36.0,"gold_loss":0.0,"damage_taken":0.0},{"damage_healed":0.0,"max_hp_gain":0.0,"max_hp_loss":0.0,"gold_gain":0.0,"event_name":"Upgrade Shrine","player_choice":"Upgraded","floor":38.0,"gold_loss":0.0,"damage_taken":0.0,"cards_upgraded":["Distraction"]},{"damage_healed":0.0,"max_hp_gain":0.0,"max_hp_loss":0.0,"gold_gain":0.0,"event_name":"SensoryStone","player_choice":"Memory 1","floor":45.0,"gold_loss":0.0,"damage_taken":0.0}],"is_beta":true,"boss_relics":[{"not_picked":["jedi:battlestandard","vexMod:TanglingVine"],"picked":"aspiration:RunicSpoon"},{"not_picked":["vexMod:EndlessSickness","Coffee Dripper"],"picked":"Calling Bell"}],"items_purged_floors":[5,37],"is_endless":false,"potions_floor_spawned":[1,7,11,12,24,27,31,41,46,47,48,54],"ascension_level":10}}