{"host":"6bsan6hkua32tfq7","time":1607996236,"event":{"mods":["BaseMod","Better Third Choice","Colored Map","Downfall","Highlight Path","Minty Spire (QoL Compilation)","StSLib"],"gold_per_floor":[117,129,129,129,46,46,76,76,76,86,115,115,0,14,14,88,88,107,107,126,138,138,167,0,0,25,43,43,43,43,43,43,117,117,133,33,50,50,50,84,84,110,110,135,146,171,171,196,196,196,196],"floor_reached":50,"playtime":1284,"items_purged":["Defend_P","WheelKick"],"score":1464,"play_id":"56669f21-1e82-47b6-90fe-cbcb658f930d","local_time":"20201215023716","is_ascension_mode":true,"campfire_choices":[{"data":"TalkToTheHand","floor":6.0,"key":"SMITH"},{"data":"Eruption","floor":8.0,"key":"SMITH"},{"data":"FlurryOfBlows","floor":12.0,"key":"SMITH"},{"data":"SignatureMove","floor":15.0,"key":"SMITH"},{"data":"Vault","floor":25.0,"key":"SMITH"},{"floor":30.0,"key":"REST"},{"floor":32.0,"key":"REST"},{"floor":41.0,"key":"RECALL"},{"floor":47.0,"key":"REST"},{"data":"PathToVictory","floor":49,"key":"SMITH"}],"circlet_count":0,"master_deck":["AscendersBane","Eruption+1","Vigilance","FlurryOfBlows+1","BowlingBash","TalkToTheHand+1","ClearTheMind+1","SignatureMove+1","Vault+1","Crescendo","TalkToTheHand+1","BowlingBash","Pray","expansioncontent:YouAreMine+1","BattleHymn","PathToVictory","Worship","PathToVictory+1"],"relics":["PureWater","NeowsBlessing","Toy Ornithopter","Bag of Preparation","Omamori","Philosopher\u0027s Stone","Ice Cream","Damaru","Art of War","Nilry\u0027s Codex","Velvet Choker","War Paint","Anchor","Bottled Flame","Centennial Puzzle","Torii"],"acts_visited":["Exordium","TheCity","TheBeyond"],"potions_floor_usage":[],"damage_taken":[{"damage":0.0,"enemies":"2 Louse","floor":1.0,"turns":1.0},{"damage":0.0,"enemies":"Small Slimes","floor":2.0,"turns":1.0},{"damage":0.0,"enemies":"Gremlin Nob","floor":7.0,"turns":1.0},{"damage":4.0,"enemies":"Jaw Worm","floor":10.0,"turns":2.0},{"damage":8.0,"enemies":"Lagavulin","floor":11.0,"turns":5.0},{"damage":0.0,"enemies":"Exordium Wildlife","floor":14.0,"turns":3.0},{"damage":0.0,"enemies":"Slime Boss","floor":16.0,"turns":5.0},{"damage":0.0,"enemies":"Spheric Guardian","floor":18.0,"turns":2.0},{"damage":0.0,"enemies":"Chosen","floor":20.0,"turns":2.0},{"damage":17.0,"enemies":"Centurion and Healer","floor":21.0,"turns":6.0},{"damage":0.0,"enemies":"Book of Stabbing","floor":23.0,"turns":3.0},{"damage":0.0,"enemies":"Snake Plant","floor":27.0,"turns":2.0},{"damage":10.0,"enemies":"Automaton","floor":33.0,"turns":6.0},{"damage":0.0,"enemies":"3 Shapes","floor":35.0,"turns":2.0},{"damage":33.0,"enemies":"3 Darklings","floor":37.0,"turns":4.0},{"damage":0.0,"enemies":"Giant Head","floor":40.0,"turns":5.0},{"damage":5.0,"enemies":"Nemesis","floor":42.0,"turns":5.0},{"damage":10.0,"enemies":"Reptomancer","floor":44.0,"turns":6.0},{"damage":0.0,"enemies":"Spire Growth","floor":45.0,"turns":3.0},{"damage":4.0,"enemies":"Giant Head","floor":46.0,"turns":5.0},{"damage":0.0,"enemies":"Mind Bloom Boss Battle","floor":48.0,"turns":4.0},{"damage":61,"enemies":"Donu and Deca","floor":50,"turns":4}],"seed_played":"9142481316396448087","potions_obtained":[{"floor":1.0,"key":"ColorlessPotion"},{"floor":2.0,"key":"SkillPotion"},{"floor":42.0,"key":"Strength Potion"},{"floor":48,"key":"Guardian:BlockOnCardUsePotion"}],"is_trial":false,"path_per_floor":["M","M","?","?","$","R","E","R","T","M","E","R","$","M","R","B",null,"M","?","M","M","?","E","$","R","T","M","?","?","R","$","R","B",null,"M","$","M","?","?","E","R","E","T","E","M","E","R","?","R","B"],"character_chosen":"WATCHER","items_purchased":["TalkToTheHand","SignatureMove","Damaru"],"campfire_rested":3,"item_purchase_floors":[5,13,24],"current_hp_per_floor":[61,61,66,66,66,66,66,66,66,62,54,54,54,54,54,54,68,68,68,68,51,51,51,51,51,51,51,30,9,32,32,55,50,71,71,71,38,54,54,54,54,49,49,39,39,35,58,58,58,0,0],"gold":196,"neow_bonus":"THREE_ENEMY_KILL","is_daily":false,"chose_seed":false,"campfire_upgraded":6,"win_rate":0.0,"timestamp":1607996236,"path_taken":["M","M","?","?","$","R","E","R","T","M","E","R","?","?","R","BOSS","M","?","?","M","?","E","$","R","T","M","?","?","R","?","R","BOSS","M","$","M","?","?","E","R","E","T","E","M","E","R","?","R","BOSS"],"items_purchased_type":["Card","Card","Relic"],"build_version":"2020-12-13","purchased_purges":2,"victory":false,"max_hp_per_floor":[68,68,73,73,73,73,73,73,73,73,73,73,73,73,73,73,73,73,73,73,73,73,73,73,73,73,73,78,78,78,78,78,78,78,78,78,78,78,78,78,78,78,78,78,78,78,78,78,78,78,78],"card_choices":[{"not_picked":["FearNoEvil","EmptyBody"],"picked":"FlurryOfBlows","floor":1.0},{"not_picked":["Weave","Evaluate"],"picked":"BowlingBash","floor":2.0},{"not_picked":["ConjureBlade","SashWhip"],"picked":"WheelKick","floor":7.0},{"not_picked":["Indignation","ForeignInfluence","ClearTheMind"],"picked":"SKIP","floor":10.0},{"not_picked":["Indignation","ForeignInfluence"],"picked":"ClearTheMind","floor":10.0},{"not_picked":["EmptyFist","SashWhip","Protect"],"picked":"SKIP","floor":11.0},{"not_picked":["Prostrate","EmptyMind","Evaluate"],"picked":"SKIP","floor":14.0},{"not_picked":["Establishment","Blasphemy"],"picked":"Vault","floor":16.0},{"not_picked":["EmptyBody+1","JustLucky"],"picked":"Crescendo","floor":18.0},{"not_picked":["CutThroughFate","Halt"],"picked":"BowlingBash","floor":20.0},{"not_picked":["CutThroughFate","EmptyFist","FollowUp"],"picked":"SKIP","floor":21.0},{"not_picked":["Pray","PathToVictory","Sanctity"],"picked":"SKIP","floor":23.0},{"not_picked":["Halt","CarveReality","Consecrate"],"picked":"SKIP","floor":27.0},{"not_picked":["Wireheading+1","FlurryOfBlows+1"],"picked":"Pray","floor":35.0},{"not_picked":["ClearTheMind","Weave","FollowUp"],"picked":"SKIP","floor":37.0},{"not_picked":["Good Instincts","The Bomb"],"picked":"expansioncontent:YouAreMine","floor":39.0},{"not_picked":["Weave","WheelKick"],"picked":"BattleHymn","floor":40.0},{"not_picked":["Protect+1","Consecrate"],"picked":"PathToVictory","floor":42.0},{"not_picked":["Weave","WindmillStrike+1"],"picked":"Worship","floor":44.0},{"not_picked":["Halt","SignatureMove"],"picked":"PathToVictory","floor":45.0},{"not_picked":["Blasphemy","Protect","FollowUp"],"picked":"SKIP","floor":46.0},{"not_picked":["Weave","BattleHymn+1","Halt"],"picked":"SKIP","floor":48}],"player_experience":5137516,"relics_obtained":[{"floor":7.0,"key":"Toy Ornithopter"},{"floor":9.0,"key":"Bag of Preparation"},{"floor":11.0,"key":"Omamori"},{"floor":23.0,"key":"Ice Cream"},{"floor":26.0,"key":"Art of War"},{"floor":29.0,"key":"Nilry\u0027s Codex"},{"floor":40.0,"key":"War Paint"},{"floor":42.0,"key":"Anchor"},{"floor":44.0,"key":"Bottled Flame"},{"floor":46.0,"key":"Centennial Puzzle"},{"floor":48,"key":"Torii"}],"event_choices":[{"damage_healed":0.0,"max_hp_gain":5.0,"max_hp_loss":0.0,"gold_gain":0.0,"event_name":"Big Fish","player_choice":"Donut","floor":3.0,"gold_loss":0.0,"damage_taken":0.0},{"damage_healed":0.0,"max_hp_gain":0.0,"max_hp_loss":0.0,"gold_gain":0.0,"event_name":"betterThird:BetterSerpent","player_choice":"Ignored","floor":4.0,"gold_loss":0.0,"damage_taken":129.0},{"damage_healed":0.0,"max_hp_gain":0.0,"max_hp_loss":0.0,"gold_gain":0.0,"event_name":"Duplicator","player_choice":"Copied","floor":19.0,"gold_loss":0.0,"damage_taken":0.0,"cards_obtained":["TalkToTheHand"]},{"damage_healed":0.0,"max_hp_gain":0.0,"max_hp_loss":7.0,"gold_gain":0.0,"event_name":"betterThird:BetterWriting","player_choice":"Materialism","floor":22.0,"gold_loss":0.0,"damage_taken":0.0},{"damage_healed":0.0,"max_hp_gain":5.0,"max_hp_loss":0.0,"gold_gain":0.0,"event_name":"Forgotten Altar","player_choice":"Shed Blood","floor":28.0,"gold_loss":0.0,"damage_taken":26.0},{"damage_healed":0.0,"max_hp_gain":0.0,"max_hp_loss":0.0,"gold_gain":0.0,"event_name":"Cursed Tome","player_choice":"Obtained Book","floor":29.0,"gold_loss":0.0,"damage_taken":21.0},{"damage_healed":16.0,"max_hp_gain":0.0,"max_hp_loss":0.0,"gold_gain":0.0,"event_name":"Winding Halls","player_choice":"Writhe","floor":38.0,"gold_loss":0.0,"damage_taken":0.0,"cards_obtained":["Writhe"]},{"damage_healed":0.0,"max_hp_gain":0.0,"max_hp_loss":0.0,"gold_gain":0.0,"event_name":"SensoryStone","player_choice":"Memory 1","floor":39.0,"gold_loss":0.0,"damage_taken":0.0},{"damage_healed":0.0,"max_hp_gain":0.0,"max_hp_loss":0.0,"gold_gain":0.0,"event_name":"MindBloom","player_choice":"Fight","floor":48.0,"gold_loss":0.0,"damage_taken":0.0}],"is_beta":false,"boss_relics":[{"not_picked":["SlaversCollar","SacredBark"],"picked":"Philosopher\u0027s Stone"},{"not_picked":["Tiny House","Empty Cage"],"picked":"Velvet Choker"}],"items_purged_floors":[13,36],"is_endless":false,"potions_floor_spawned":[1,2,7,16,18,23,42,46,48],"killed_by":"Donu and Deca","ascension_level":20}}