{"host":"6p0attdrtjqaih7v","time":1607996910,"event":{"mods":["2.2 Compatiblity","AchievementEnabler","Bard","BaseMod","Better Skull","Better Third Choice","Colored Powertips","Hermit","Highlight Path","Jorbs\u0027s Wanderer Trilogy","Key Reminder","Minty Spire (QoL Compilation)","Permanent Neow","Quick Restart","Random Character Button","Relic Stats","Replay The Spire","StSLib","The Construct"],"gold_per_floor":[364,2,15,25,25,25,50,50,50,50,70,82,82,97,97,170,170,183,183,212,262,77,77,94,108,108,142,142,176,101,118,118,192,192,208,401,415,440,440,440,466,478,490,512,524,551,49,75,75,75],"floor_reached":51,"playtime":2908,"items_purged":["Injury","Strike_B","Defend_B"],"score":1500,"play_id":"130e935e-5dff-427b-8ac6-a68aa414f6a6","local_time":"20201214204830","is_ascension_mode":true,"campfire_choices":[{"data":"Sunder","floor":6,"key":"SMITH"},{"data":"Defragment","floor":8,"key":"SMITH"},{"floor":10,"key":"REST"},{"data":"Recycle","floor":15,"key":"SMITH"},{"data":"Coolheaded","floor":23,"key":"SMITH"},{"floor":28,"key":"REST"},{"floor":32,"key":"REST"},{"data":"Defragment","floor":40,"key":"SMITH"},{"floor":42,"key":"REST"},{"data":"Chill","floor":49,"key":"SMITH"}],"circlet_count":0,"master_deck":["AscendersBane","Strike_B","Strike_B","Defend_B","Defend_B","Defend_B","Zap","Go for the Eyes","Sunder+1","Cold Snap","Defragment+1","Cold Snap","Recycle+1","Bash","Anger","Reboot","Coolheaded+1","Defragment+1","Doom and Gloom","Static Discharge","Compile Driver","Chill+1","Go for the Eyes","FIFO Queue","All For One","Compile Driver","White Noise+1","Compile Driver","BootSequence+1","Compile Driver","Chill"],"relics":["Replay:Ringing Soul","Ornamental Fan","Regal Pillow","Shuriken","Iron Core","Nuclear Battery","Red Mask","StrikeDummy","Tiny Chest","Blue Candle","ReplayTheSpireMod:DimensionalGlitch","Prayer Wheel","Replay:Bottled Steam","MawBank","Darkstone Periapt","Strawberry","Toy Ornithopter","Bronze Scales","Garlic"],"acts_visited":["Exordium","TheCity","TheBeyond"],"potions_floor_usage":[7,16,18,18,20,25,27,33,50,50],"damage_taken":[{"damage":10,"enemies":"Small Slimes","floor":1,"turns":3},{"damage":11,"enemies":"2 Louse","floor":3,"turns":3},{"damage":1,"enemies":"Cultist","floor":4,"turns":3},{"damage":10,"enemies":"3 Sentries","floor":7,"turns":7},{"damage":9,"enemies":"Blue Slaver","floor":11,"turns":3},{"damage":0,"enemies":"Looter","floor":12,"turns":2},{"damage":15,"enemies":"3 Louse","floor":14,"turns":3},{"damage":19,"enemies":"Hexaghost","floor":16,"turns":8},{"damage":1,"enemies":"Chosen","floor":18,"turns":3},{"damage":20,"enemies":"Masked Bandits","floor":20,"turns":4},{"damage":5,"enemies":"Spheric Guardian","floor":24,"turns":4},{"damage":0,"enemies":"Chosen and Byrds","floor":25,"turns":5},{"damage":55,"enemies":"Slavers","floor":27,"turns":4},{"damage":12,"enemies":"Book of Stabbing","floor":29,"turns":6},{"damage":19,"enemies":"Shelled Parasite and Fungi","floor":31,"turns":4},{"damage":38,"enemies":"Champ","floor":33,"turns":11},{"damage":1,"enemies":"Orb Walker","floor":35,"turns":3},{"damage":0,"enemies":"3 Shapes","floor":37,"turns":15},{"damage":4,"enemies":"Mind Bloom Boss Battle","floor":38,"turns":11},{"damage":0,"enemies":"Giant Head","floor":41,"turns":6},{"damage":16,"enemies":"Writhing Mass","floor":44,"turns":7},{"damage":4,"enemies":"Maw","floor":46,"turns":7},{"damage":0,"enemies":"R_Hoarder","floor":48,"turns":8},{"damage":36,"enemies":"Awakened One","floor":50,"turns":12}],"seed_played":"3453415994187391069","potions_obtained":[{"floor":1,"key":"Doom Potion"},{"floor":12,"key":"Adrenaline Potion"},{"floor":16,"key":"EntropicBrew"},{"floor":24,"key":"ColorlessPotion"},{"floor":25,"key":"Regen Potion"},{"floor":27,"key":"FearPotion"},{"floor":29,"key":"Fire Potion"},{"floor":37,"key":"Strength Potion"}],"is_trial":false,"path_per_floor":["M","$","M","M","?","R","E","R","T","R","M","M","?","M","R","B",null,"M","?","?","?","$","R","M","M","T","E","R","E","?","M","R","B",null,"M","?","M","?","T","R","E","R","T","M","?","M","$","E","R","B",null],"character_chosen":"DEFECT","items_purchased":["Replay:Ringing Soul","Doom and Gloom","Strength Potion","Toy Ornithopter","Bronze Scales"],"campfire_rested":4,"item_purchase_floors":[2,22,47,47,47],"current_hp_per_floor":[54,54,46,48,37,37,30,30,30,69,63,66,69,57,57,41,82,84,84,67,67,70,70,68,71,71,31,79,70,70,54,104,69,109,111,70,73,72,72,72,75,130,130,114,121,120,120,120,120,90],"gold":75,"neow_bonus":"TWO_FIFTY_GOLD","is_daily":false,"chose_seed":false,"campfire_upgraded":6,"win_rate":0.0,"timestamp":1607996910,"path_taken":["M","$","M","M","?","R","E","R","T","R","M","M","?","M","R","BOSS","M","?","?","?","$","R","?","M","T","E","R","E","?","M","R","BOSS","M","?","M","?","?","R","E","R","T","?","?","M","$","E","R","BOSS"],"items_purchased_type":["Relic","Card","Potion","Relic","Relic"],"build_version":"2020-12-13","purchased_purges":3,"victory":true,"max_hp_per_floor":[71,71,74,77,77,77,80,80,80,80,83,86,89,92,92,95,95,98,98,101,101,104,104,107,110,110,113,113,116,116,119,119,122,122,125,125,128,131,131,131,134,134,134,134,141,144,144,144,144,144],"relic_stats":{"Darkstone Periapt":0,"Regal Pillow":60,"counters":[24,142],"Ornamental Fan":[328],"Shuriken":[80],"Blue Candle":[0],"Bronze Scales":[24],"Tiny Chest":1,"Prayer Wheel":2,"MawBank":72,"obtain_stats":[{"Darkstone Periapt":43,"Regal Pillow":7,"Iron Core":13,"Blue Candle":29,"MawBank":41,"Nuclear Battery":17,"Replay:Ringing Soul":2,"Ornamental Fan":5,"Shuriken":9,"Strawberry":45,"Bronze Scales":47,"Tiny Chest":27,"Prayer Wheel":38,"Red Mask":20,"Garlic":48,"Cracked Core":0,"StrikeDummy":26,"ReplayTheSpireMod:DimensionalGlitch":34,"Toy Ornithopter":47,"Replay:Bottled Steam":39},{"Darkstone Periapt":20,"Regal Pillow":4,"Iron Core":6,"Blue Candle":14,"MawBank":20,"Nuclear Battery":8,"Replay:Ringing Soul":1,"Ornamental Fan":3,"Shuriken":4,"Strawberry":21,"Bronze Scales":22,"Tiny Chest":13,"Prayer Wheel":19,"Red Mask":10,"Garlic":23,"Cracked Core":0,"StrikeDummy":12,"ReplayTheSpireMod:DimensionalGlitch":16,"Toy Ornithopter":22,"Replay:Bottled Steam":19},{"Darkstone Periapt":108,"Regal Pillow":16,"Iron Core":21,"Blue Candle":58,"MawBank":108,"Nuclear Battery":32,"Replay:Ringing Soul":3,"Ornamental Fan":9,"Shuriken":16,"Strawberry":115,"Bronze Scales":122,"Tiny Chest":52,"Prayer Wheel":102,"Red Mask":39,"Garlic":130,"Cracked Core":0,"StrikeDummy":48,"ReplayTheSpireMod:DimensionalGlitch":73,"Toy Ornithopter":122,"Replay:Bottled Steam":102}],"Toy Ornithopter":6},"card_choices":[{"not_picked":["Conserve Battery","Capacitor"],"picked":"Go for the Eyes","floor":1},{"not_picked":["Loop","Auto Shields"],"picked":"Sunder","floor":3},{"not_picked":["FIFO Queue","Barrage"],"picked":"Cold Snap","floor":4},{"not_picked":["Cold Snap","Leap"],"picked":"Defragment","floor":7},{"not_picked":["Lockon","Conserve Battery"],"picked":"Cold Snap","floor":11},{"not_picked":["Sweeping Beam","Thunder Strike"],"picked":"Recycle","floor":12},{"not_picked":["Turbo","Hello World"],"picked":"Anger","floor":14},{"not_picked":["ReplayTheSpireMod:Omega Cannon","Juggernaut"],"picked":"Reboot","floor":16},{"not_picked":["Turbo","Double Energy+1"],"picked":"Coolheaded","floor":18},{"not_picked":["Hologram","Cold Snap"],"picked":"Defragment","floor":20},{"not_picked":["Rip and Tear+1","Conserve Battery"],"picked":"Static Discharge","floor":24},{"not_picked":["Leap","Reinforced Body"],"picked":"Compile Driver","floor":25},{"not_picked":["Hello World","Chill","Steam"],"picked":"SKIP","floor":27},{"not_picked":["Hello World","Steam"],"picked":"Chill","floor":27},{"not_picked":["Redo","ReplayTheSpireMod:System Scan"],"picked":"Go for the Eyes","floor":29},{"not_picked":["Thunder Strike","Leap"],"picked":"FIFO Queue","floor":31},{"not_picked":["Buffer","Rainbow"],"picked":"All For One","floor":33},{"not_picked":["Double Energy","Sweeping Beam+1"],"picked":"Compile Driver","floor":35},{"not_picked":["Ball Lightning+1","Steam"],"picked":"White Noise+1","floor":37},{"not_picked":["Cold Snap","Rebound"],"picked":"Compile Driver","floor":38},{"not_picked":["Leap","Beam Cell"],"picked":"BootSequence+1","floor":41},{"not_picked":["Tempest","ReplayTheSpireMod:Calculation Training","Seek"],"picked":"SKIP","floor":44},{"not_picked":["Leap","Conserve Battery","Beam Cell+1"],"picked":"SKIP","floor":44},{"not_picked":["Rebound","Conserve Battery"],"picked":"Compile Driver","floor":46},{"not_picked":["BasicCrystalCard+1","Ball Lightning+1"],"picked":"Chill","floor":46},{"not_picked":["Hologram","Stack","Beam Cell"],"picked":"SKIP","floor":48}],"player_experience":840759,"relics_obtained":[{"floor":7,"key":"Regal Pillow"},{"floor":9,"key":"Shuriken"},{"floor":20,"key":"Red Mask"},{"floor":26,"key":"StrikeDummy"},{"floor":27,"key":"Tiny Chest"},{"floor":29,"key":"Blue Candle"},{"floor":38,"key":"Prayer Wheel"},{"floor":39,"key":"Replay:Bottled Steam"},{"floor":41,"key":"MawBank"},{"floor":43,"key":"Darkstone Periapt"},{"floor":48,"key":"Garlic"}],"event_choices":[{"damage_healed":0,"gold_gain":0,"player_choice":"Relic ","damage_taken":11,"max_hp_gain":0,"max_hp_loss":0,"event_name":"betterThird:BetterScrap","floor":5,"gold_loss":0,"cards_obtained":["SignatureMove"]},{"damage_healed":0,"gold_gain":0,"player_choice":"Ignored","damage_taken":0,"max_hp_gain":0,"max_hp_loss":0,"event_name":"Vampires","floor":19,"gold_loss":0},{"damage_healed":0,"gold_gain":0,"player_choice":"Fought Bandits","damage_taken":0,"max_hp_gain":0,"max_hp_loss":0,"event_name":"Masked Bandits","floor":20,"gold_loss":0},{"damage_healed":0,"gold_gain":50,"player_choice":"Pray","damage_taken":0,"max_hp_gain":0,"max_hp_loss":0,"event_name":"Golden Shrine","floor":21,"gold_loss":0},{"cards_removed":["Strike_B"],"damage_healed":0,"gold_gain":0,"player_choice":"Gave Gold","damage_taken":0,"max_hp_gain":0,"max_hp_loss":0,"event_name":"Beggar","floor":30,"gold_loss":75},{"damage_healed":0,"gold_gain":0,"player_choice":"Fight","damage_taken":0,"max_hp_gain":0,"max_hp_loss":0,"event_name":"MindBloom","floor":38,"gold_loss":0},{"damage_healed":0,"gold_gain":0,"player_choice":"Gave Potion","damage_taken":0,"relics_obtained":["Strawberry"],"max_hp_gain":0,"max_hp_loss":0,"event_name":"WeMeetAgain","floor":45,"gold_loss":0}],"is_beta":false,"boss_relics":[{"not_picked":["Philosopher\u0027s Stone","Fusion Hammer"],"picked":"Nuclear Battery"},{"not_picked":["Black Star","Runic Dome"],"picked":"ReplayTheSpireMod:DimensionalGlitch"}],"items_purged_floors":[2,22,47],"is_endless":false,"potions_floor_spawned":[1,12,16,24,25,27,29,37,41],"ascension_level":17}}