{"host":"y98rs9c3ubr5er25","time":1607993544,"event":{"mods":["AchievementEnabler","Aspiration","Bartender","BaseMod","Better Altar","Better Match","Better Note","Better Sensory Stone","Better Skull","Better Third Choice","Downfall","GifTheSpireLib","HololiveMod","Hubris","Minty Spire (QoL Compilation)","Relic Stats","Replay The Spire","StSLib","The Construct","The Poker Player"],"gold_per_floor":[114,41,41,54,78,116,116,81,81,81,81,105,121,159,159,159,159],"floor_reached":16,"playtime":1405,"items_purged":[],"score":110,"play_id":"c895011d-5a70-487d-aa1e-e67521100617","local_time":"20201215005224","is_ascension_mode":false,"campfire_choices":[{"data":"Form_Shift","floor":7.0,"key":"SMITH"},{"data":"Raptor_Form","floor":10.0,"key":"SMITH"},{"floor":15,"key":"REST"}],"circlet_count":0,"master_deck":["Strike_Bartender","Strike_Bartender","Strike_Bartender","Strike_Bartender","Defend_Bartender","Defend_Bartender","Defend_Bartender","Defend_Bartender","Somersault","Center_Self","Raptor_Form+1","Injury","Power_Up_Punch","Hook","Form_Shift+1","Bicycle_Kick","Raptor_Form","Phantom_Blow","Beat_Rush"],"relics":["Sneakers","Golden Idol","Counterbalance","Mirror"],"acts_visited":["Exordium"],"potions_floor_usage":[],"damage_taken":[{"damage":0.0,"enemies":"2 Louse","floor":1.0,"turns":3.0},{"damage":3.0,"enemies":"Small Slimes","floor":4.0,"turns":4.0},{"damage":2.0,"enemies":"Cultist","floor":5.0,"turns":4.0},{"damage":29.0,"enemies":"Gremlin Nob","floor":6.0,"turns":5.0},{"damage":9.0,"enemies":"Red Slaver","floor":12.0,"turns":4.0},{"damage":12,"enemies":"Blue Slaver","floor":13,"turns":4},{"damage":19,"enemies":"Lagavulin","floor":14,"turns":5},{"damage":33,"enemies":"The Guardian","floor":16,"turns":5}],"seed_played":"-7866052566225334194","potions_obtained":[{"floor":1.0,"key":"EssenceOfSteel"},{"floor":6.0,"key":"Fire Potion"},{"floor":12.0,"key":"Ancient Potion"}],"is_trial":false,"path_per_floor":["M","$","?","M","M","E","R","$","T","R","?","M","M","E","R","B"],"character_chosen":"BARTENDER","items_purchased":["Raptor_Form","Bicycle_Kick"],"campfire_rested":1,"item_purchase_floors":[2,8],"current_hp_per_floor":[77,77,77,74,72,43,43,43,43,43,47,38,26,7,30,0,0],"gold":159,"neow_bonus":"TEN_PERCENT_HP_BONUS","is_daily":false,"chose_seed":false,"campfire_upgraded":2,"win_rate":0.0,"timestamp":1607993544,"path_taken":["M","$","?","M","M","E","R","$","T","R","?","M","M","E","R","BOSS"],"items_purchased_type":["Card","Card"],"build_version":"2020-12-13","purchased_purges":0,"victory":false,"max_hp_per_floor":[77,77,77,77,77,77,77,77,77,77,77,77,77,77,77,77,77],"relic_stats":{"counters":[8,32],"Golden Idol":32,"obtain_stats":[{"Sneakers":0,"Golden Idol":3,"Counterbalance":6,"Mirror":14},{"Sneakers":0,"Golden Idol":1,"Counterbalance":4,"Mirror":7},{"Sneakers":0,"Golden Idol":3,"Counterbalance":15,"Mirror":27}]},"card_choices":[{"not_picked":["Insight_B","Press_Forward"],"picked":"Center_Self","floor":1.0},{"not_picked":["Greased_Lightning","Step_Of_The_Wind"],"picked":"Power_Up_Punch","floor":4.0},{"not_picked":["Pony_Shot","Feint"],"picked":"Hook","floor":5.0},{"not_picked":["Perfect_Balance","Free_Pour"],"picked":"Form_Shift","floor":6.0},{"not_picked":["Ball_Of_Ice","Bloodbath_Bartender"],"picked":"Raptor_Form","floor":12.0},{"not_picked":["ThreeSidedStar","Center_Self"],"picked":"Phantom_Blow","floor":13},{"not_picked":["Power_Up_Punch","Bitters"],"picked":"Beat_Rush","floor":14}],"player_experience":497098,"relics_obtained":[{"floor":6.0,"key":"Counterbalance"},{"floor":14,"key":"Mirror"}],"event_choices":[{"damage_healed":0.0,"max_hp_gain":0.0,"max_hp_loss":0.0,"gold_gain":0.0,"event_name":"Golden Idol","player_choice":"Take Wound","floor":3.0,"gold_loss":0.0,"damage_taken":0.0,"relics_obtained":["Golden Idol"],"cards_obtained":["Injury"]},{"damage_healed":4.0,"max_hp_gain":0.0,"max_hp_loss":0.0,"gold_gain":0.0,"event_name":"betterSkull:BetterSkull","player_choice":"LEAVE ","floor":11.0,"gold_loss":0.0,"damage_taken":0.0,"cards_upgraded":[],"relics_obtained":[]}],"is_beta":false,"boss_relics":[],"items_purged_floors":[],"is_endless":false,"potions_floor_spawned":[1,6,12,14],"killed_by":"The Guardian","ascension_level":0}}