{"host":"opr81hzsdc1gmhxe","time":1607990713,"event":{"mods":["BaseMod","BetterRewards","Colored Map","Colored Powertips","Downfall","Friendly Minions","Minty Spire (QoL Compilation)","StSLib"],"gold_per_floor":[99,160,160,188,206,36,110,130,130,162,262,274,274,300,312,413,413,413,428,441,467,467,137,137,137,137,137,147,160,145,159,175,279,279,279,279,279],"floor_reached":36,"playtime":2936,"items_purged":[],"score":415,"play_id":"3ba52965-2c5b-407e-a854-1ec2432cb29f","local_time":"20201214190513","is_ascension_mode":false,"campfire_choices":[{"data":"hexamod:Sear","floor":1,"key":"SMITH"},{"floor":3,"key":"REST"},{"floor":9,"key":"REST"},{"floor":18,"key":"REST"},{"floor":25,"key":"REST"},{"floor":27,"key":"REST"},{"floor":35,"key":"REST"}],"circlet_count":0,"master_deck":["hexamod:Strike+1","hexamod:Defend","hexamod:Defend","hexamod:Defend","hexamod:Defend+1","hexamod:Sear+1","hexamod:Float","hexamod:HauntingEcho+1","hexamod:AdvancingGuard","hexamod:FourthSeal","hexamod:EtherealExpedition+1","hexamod:HauntingEcho","hexamod:VolcanoVisage+1","hexamod:BurningTouch+1","hexamod:CatchUp","hexamod:RecurringNightmare+1","hexamod:FirstSeal","hexamod:SoulSteal","hexamod:SkipABeat","hexamod:SixthSeal","hexamod:PhantomFireball+1","hexamod:Again","Shame","hexamod:EmpoweringStance"],"relics":["hexamod:SpiritBrand","Dream Catcher","Gremlin Horn","Eternal Feather","Oddly Smooth Stone","Odd Mushroom","Fusion Hammer","Bronze Scales","Mummified Hand","Dead Branch","Mango","Empty Cage"],"acts_visited":["Exordium","TheCity","TheBeyond"],"potions_floor_usage":[16,19,20,21,21,23,23,29,31,33,36,36],"damage_taken":[{"damage":50,"enemies":"3 Sentries","floor":2,"turns":13},{"damage":18,"enemies":"Lagavulin","floor":4,"turns":6},{"damage":0,"enemies":"Small Slimes","floor":5,"turns":3},{"damage":0,"enemies":"downfall:FleeingMerchant","floor":6,"turns":4},{"damage":1,"enemies":"Jaw Worm","floor":8,"turns":4},{"damage":10,"enemies":"3 Sentries","floor":10,"turns":6},{"damage":0,"enemies":"Cultist","floor":12,"turns":3},{"damage":0,"enemies":"The Mushroom Lair","floor":14,"turns":3},{"damage":0,"enemies":"Blue Slaver","floor":15,"turns":4},{"damage":38,"enemies":"downfall:Silent","floor":16,"turns":9},{"damage":5,"enemies":"3 Byrds","floor":19,"turns":4},{"damage":2,"enemies":"Spheric Guardian","floor":20,"turns":4},{"damage":36,"enemies":"Slavers","floor":21,"turns":3},{"damage":3,"enemies":"downfall:FleeingMerchant","floor":23,"turns":4},{"damage":15,"enemies":"Centurion and Healer","floor":28,"turns":5},{"damage":12,"enemies":"Snecko","floor":29,"turns":4},{"damage":14,"enemies":"downfall:FleeingMerchant","floor":30,"turns":4},{"damage":13,"enemies":"3 Cultists","floor":31,"turns":5},{"damage":16,"enemies":"Shelled Parasite and Fungi","floor":32,"turns":4},{"damage":7,"enemies":"downfall:Ironclad","floor":33,"turns":8},{"damage":121,"enemies":"Nemesis","floor":36,"turns":8}],"seed_played":"-1302708889402800701","potions_obtained":[{"floor":4,"key":"hexamod:InfernoChargePotion"},{"floor":5,"key":"Weak Potion"},{"floor":6,"key":"SpeedPotion"},{"floor":8,"key":"champ:CounterPotion"},{"floor":16,"key":"SkillPotion"},{"floor":19,"key":"EssenceOfSteel"},{"floor":20,"key":"Swift Potion"},{"floor":21,"key":"Regen Potion"},{"floor":21,"key":"Fire Potion"},{"floor":23,"key":"Ancient Potion"},{"floor":28,"key":"Fire Potion"},{"floor":30,"key":"LiquidMemories"},{"floor":31,"key":"EssenceOfSteel"},{"floor":32,"key":"BlessingOfTheForge"},{"floor":33,"key":"Strength Potion"}],"is_trial":false,"path_per_floor":["R","?","R","E","M","$","T","M","R","E","?","M","?","?","M","B",null,"R","M","M","E","?","$","T","R","?","R","M","M","$","M","M","B",null,"R","E"],"character_chosen":"THE_SPIRIT","items_purchased":["hexamod:VolcanoVisage","Dead Branch"],"campfire_rested":6,"item_purchase_floors":[6,23],"current_hp_per_floor":[77,27,50,32,32,32,32,31,63,53,53,53,46,46,53,22,77,77,77,77,48,48,52,66,91,91,91,83,71,64,72,63,63,91,91,0,0],"gold":279,"neow_bonus":"TEN_PERCENT_HP_BONUS","is_daily":false,"chose_seed":false,"campfire_upgraded":1,"win_rate":0.0,"timestamp":1607990713,"path_taken":["R","?","R","E","M","$","T","M","R","E","?","?","?","?","M","BOSS","R","M","M","E","?","$","T","R","?","R","?","?","$","M","M","BOSS","R","E"],"items_purchased_type":["Card","Relic"],"build_version":"2020-12-13","purchased_purges":0,"victory":false,"max_hp_per_floor":[77,77,77,77,77,77,77,77,77,77,77,77,77,77,77,77,77,77,77,77,77,77,77,91,91,91,91,91,91,91,91,91,91,91,91,91,91],"card_choices":[{"not_picked":["hexamod:Firestarter","hexamod:NightmareGuise"],"picked":"hexamod:HauntingEcho","floor":2},{"not_picked":["hexamod:NightmareGuise","hexamod:GhostLash"],"picked":"hexamod:AdvancingGuard","floor":3},{"not_picked":["hexamod:HauntingEcho","hexamod:ThermalTransfer"],"picked":"hexamod:FourthSeal","floor":4},{"not_picked":["hexamod:EmpoweredFlame","hexamod:DynamicBlow"],"picked":"hexamod:EtherealExpedition","floor":5},{"not_picked":["hexamod:Haunt","hexamod:GhostShield"],"picked":"hexamod:HauntingEcho","floor":6},{"not_picked":["hexamod:NightmareStrike","hexamod:Firestarter"],"picked":"hexamod:BurningTouch","floor":8},{"not_picked":["hexamod:Hexaguard","hexamod:GhostOfSpirePresent"],"picked":"hexamod:CatchUp","floor":10},{"not_picked":["hexamod:GhostOfSpireFuture","hexamod:HeatCrush"],"picked":"hexamod:RecurringNightmare","floor":12},{"not_picked":["hexamod:NightmareStrike","hexamod:SkipABeat"],"picked":"hexamod:SoulSteal","floor":14},{"not_picked":["hexamod:InspiringFlames","hexamod:BacktrackSmack"],"picked":"hexamod:SkipABeat","floor":15},{"not_picked":["hexamod:SearingWound","hexamod:FifthSeal"],"picked":"hexamod:SixthSeal","floor":16},{"not_picked":["hexamod:SoulSteal+1","hexamod:GhostOfSpirePast+1"],"picked":"hexamod:PhantomFireball","floor":18},{"not_picked":["hexamod:NightmareStrike","hexamod:HeatCrush"],"picked":"hexamod:Again","floor":19},{"not_picked":["hexamod:SoulSteal","hexamod:ChargedBarrage","hexamod:HauntingEcho"],"picked":"SKIP","floor":20},{"not_picked":["hexamod:SecondSeal","hexamod:NightmareGuise","hexamod:HauntingEcho"],"picked":"SKIP","floor":21},{"not_picked":["hexamod:ShieldOfDarkness","hexamod:Haunt","hexamod:GhostOfSpirePresent"],"picked":"SKIP","floor":23},{"not_picked":["hexamod:BurningTouch","hexamod:PhantomFireball","hexamod:AdvancingGuard+1"],"picked":"SKIP","floor":28},{"not_picked":["hexamod:RainOfEmbers+1","hexamod:GhostShield","hexamod:SwordOfDarkness"],"picked":"SKIP","floor":29},{"not_picked":["hexamod:BurningTouch","hexamod:HauntingEcho","hexamod:GhostflameBarrier"],"picked":"SKIP","floor":30},{"not_picked":["hexamod:NightmareStrike+1","hexamod:StepThrough","hexamod:RainOfEmbers"],"picked":"SKIP","floor":31},{"not_picked":["hexamod:GhostShield","hexamod:BacktrackSmack","hexamod:GhostOfSpirePresent"],"picked":"SKIP","floor":32},{"not_picked":["hexamod:HexaLevel","hexamod:TimeWarp"],"picked":"hexamod:EmpoweringStance","floor":33}],"player_experience":423052,"relics_obtained":[{"floor":2,"key":"Dream Catcher"},{"floor":4,"key":"Gremlin Horn"},{"floor":7,"key":"Eternal Feather"},{"floor":10,"key":"Oddly Smooth Stone"},{"floor":14,"key":"Odd Mushroom"},{"floor":21,"key":"Bronze Scales"},{"floor":24,"key":"Mango"}],"event_choices":[{"damage_healed":0,"gold_gain":0,"player_choice":"Fought Mushrooms","damage_taken":0,"max_hp_gain":0,"max_hp_loss":0,"event_name":"Mushrooms","floor":14,"gold_loss":0},{"damage_healed":0,"gold_gain":0,"player_choice":"Stole Relic","damage_taken":0,"relics_obtained":["Mummified Hand"],"max_hp_gain":0,"max_hp_loss":0,"event_name":"Addict","floor":22,"gold_loss":0,"cards_obtained":["Shame"]},{"cards_removed":["hexamod:Strike"],"damage_healed":0,"gold_gain":0,"player_choice":"Offered Basic","damage_taken":0,"max_hp_gain":0,"max_hp_loss":0,"event_name":"Bonfire Elementals","floor":26,"gold_loss":0}],"is_beta":false,"boss_relics":[{"not_picked":["Busted Crown","hexamod:IceCube"],"picked":"Fusion Hammer"},{"not_picked":["Philosopher\u0027s Stone","Runic Dome"],"picked":"Empty Cage"}],"items_purged_floors":[],"is_endless":false,"potions_floor_spawned":[4,8,14,15,16,21,28,31,32,33],"killed_by":"Nemesis","ascension_level":0}}