{"host":"m6aaltr68g9tvoay","time":1607995268,"event":{"mods":["AchievementEnabler","BaseMod","Colored Map","Downfall","Minty Spire (QoL Compilation)","StSLib"],"gold_per_floor":[99,99,24,43,78,78,151,151,57,57,5,22,22,39,53,150,150,150,165,165,175,175,191,217,48,83,83,100,200,200,200,218,314,314,314,324,324,374,374,401,428,428,447,372,422,422,432,443,458,458],"floor_reached":51,"playtime":3788,"items_purged":[],"score":1019,"play_id":"277bbc71-00fa-4a40-8e23-140a51024b96","local_time":"20201214172108","is_ascension_mode":true,"campfire_choices":[{"floor":1.0,"key":"RECALL"},{"data":"champ:Taunt","floor":3.0,"key":"SMITH"},{"floor":6.0,"key":"REST"},{"floor":10.0,"key":"REST"},{"data":"champ:VampiricStrike","floor":18.0,"key":"SMITH"},{"data":"champ:Lariat","floor":27.0,"key":"SMITH"},{"data":"champ:SteelEdge","floor":35,"key":"SMITH"},{"data":"champ:BladeFlurry","floor":37,"key":"SMITH"},{"data":"champ:Duel","floor":39,"key":"SMITH"},{"data":"champ:EnGarde","floor":44,"key":"SMITH"}],"circlet_count":0,"master_deck":["champ:Strike+1","champ:Strike+1","champ:Strike+1","champ:Defend+1","champ:Defend+1","champ:Defend+1","champ:Execute","champ:Taunt+1","champ:ViciousMockery","champ:Lariat+1","champ:BladeFlurry+1","champ:DefensiveStyle","champ:ShieldWall","champ:GladiatorStyle","champ:Aggression","champ:TornadoPunch","champ:Balance","champ:Duel+1","champ:VampiricStrike+1","champ:BringItOn+1","champ:CalledShot+1","champ:PerfectedStrike+1","champ:Haymaker+1","J.A.X.","champ:EnGarde+1","champ:DefensiveShout","champ:ArenaPreparation","champ:SkillfulDodge","champ:SteelEdge+1","champ:Improvising"],"relics":["champ:ChampionCrown","Ancient Tea Set","downfall:HeartBlessingRed","White Beast Statue","HornCleat","SlaversCollar","Guardian:PocketSentry","Potion Belt","Pen Nib","MutagenicStrength","champ:ChampionCrownUpgraded","Dead Branch","Bag of Preparation","downfall:HeartBlessingBlue","Girya","Bottled Lightning"],"acts_visited":["Exordium","TheCity","TheBeyond"],"potions_floor_usage":[33,33,40,40,50],"damage_taken":[{"damage":5.0,"enemies":"2 Louse","floor":4.0,"turns":3.0},{"damage":65.0,"enemies":"Lagavulin","floor":5.0,"turns":7.0},{"damage":16.0,"enemies":"downfall:FleeingMerchant","floor":9.0,"turns":4.0},{"damage":11.0,"enemies":"downfall:FleeingMerchant","floor":11.0,"turns":4.0},{"damage":8.0,"enemies":"Jaw Worm","floor":12.0,"turns":3.0},{"damage":0.0,"enemies":"Cultist","floor":13.0,"turns":1.0},{"damage":21.0,"enemies":"Exordium Wildlife","floor":14.0,"turns":4.0},{"damage":2.0,"enemies":"3 Louse","floor":15.0,"turns":2.0},{"damage":20.0,"enemies":"downfall:Silent","floor":16.0,"turns":12.0},{"damage":13.0,"enemies":"Shell Parasite","floor":19.0,"turns":4.0},{"damage":26.0,"enemies":"3 Byrds","floor":21.0,"turns":5.0},{"damage":20.0,"enemies":"Shelled Parasite and Fungi","floor":23.0,"turns":4.0},{"damage":5.0,"enemies":"downfall:FleeingMerchant","floor":25.0,"turns":4.0},{"damage":34.0,"enemies":"Slavers","floor":26.0,"turns":5.0},{"damage":5.0,"enemies":"Centurion and Healer","floor":28.0,"turns":4.0},{"damage":6.0,"enemies":"downfall:Augmenter","floor":29.0,"turns":4.0},{"damage":0.0,"enemies":"Snake Plant","floor":30.0,"turns":1.0},{"damage":18.0,"enemies":"3 Cultists","floor":32.0,"turns":4.0},{"damage":21,"enemies":"downfall:Ironclad","floor":33,"turns":5},{"damage":9,"enemies":"3 Shapes","floor":36,"turns":2},{"damage":14,"enemies":"2 Orb Walkers","floor":38,"turns":1},{"damage":15,"enemies":"Nemesis","floor":40,"turns":1},{"damage":3,"enemies":"Orb Walker","floor":43,"turns":1},{"damage":15,"enemies":"Mind Bloom Boss Battle","floor":45,"turns":2},{"damage":28,"enemies":"Maw","floor":47,"turns":6},{"damage":41,"enemies":"Sphere and 2 Shapes","floor":48,"turns":5},{"damage":34,"enemies":"4 Shapes","floor":49,"turns":6},{"damage":9,"enemies":"downfall:Defect","floor":50,"turns":1}],"seed_played":"5384611788331520295","potions_obtained":[{"floor":4.0,"key":"BlessingOfTheForge"},{"floor":9.0,"key":"EssenceOfSteel"},{"floor":11.0,"key":"sneckomod:MuddlingPotion"},{"floor":12.0,"key":"champ:TechniquePotion"},{"floor":13.0,"key":"sneckomod:MuddlingPotion"},{"floor":14.0,"key":"sneckomod:MuddlingPotion"},{"floor":15.0,"key":"SpeedPotion"},{"floor":16.0,"key":"PowerPotion"},{"floor":19.0,"key":"Swift Potion"},{"floor":21.0,"key":"Regen Potion"},{"floor":23.0,"key":"SmokeBomb"},{"floor":25.0,"key":"Strength Potion"},{"floor":26.0,"key":"AttackPotion"},{"floor":28.0,"key":"SpeedPotion"},{"floor":32.0,"key":"champ:CounterPotion"},{"floor":33,"key":"SteroidPotion"},{"floor":36,"key":"SteroidPotion"},{"floor":38,"key":"SkillPotion"},{"floor":40,"key":"SkillPotion"},{"floor":43,"key":"FearPotion"},{"floor":45,"key":"BlessingOfTheForge"},{"floor":48,"key":"LiquidMemories"}],"is_trial":false,"path_per_floor":["R","?","R","M","E","R","T","?","$","R","$","M","M","M","M","B",null,"R","M","?","M","?","M","T","$","E","R","M","?","M","?","M","B",null,"R","M","R","?","R","E","T","?","M","R","?","?","M","M","M","B",null],"character_chosen":"THE_CHAMP","items_purchased":["champ:DefensiveStyle","champ:GladiatorStyle","Potion Belt"],"campfire_rested":2,"item_purchase_floors":[9,11,25],"current_hp_per_floor":[90,90,90,90,35,62,62,67,67,95,95,87,87,71,69,49,95,95,95,95,80,80,86,86,95,85,85,95,95,95,95,82,95,95,95,95,95,95,95,95,95,95,95,105,105,105,105,92,84,81],"gold":458,"neow_bonus":"RANDOM_COMMON_RELIC","is_daily":false,"chose_seed":false,"campfire_upgraded":7,"win_rate":0.0,"timestamp":1607995268,"path_taken":["R","?","R","M","E","R","T","?","$","R","$","M","?","M","M","BOSS","R","M","?","M","?","M","T","$","E","R","M","?","M","?","M","BOSS","R","M","R","?","R","E","T","?","M","R","?","?","M","M","M","BOSS"],"items_purchased_type":["Card","Card","Relic"],"build_version":"2020-12-13","purchased_purges":0,"victory":true,"max_hp_per_floor":[90,90,90,90,90,90,90,95,95,95,95,95,95,95,95,95,95,95,95,95,95,95,95,95,95,95,95,95,95,95,95,95,95,95,95,95,95,95,95,95,95,95,95,105,105,105,105,105,105,105],"card_choices":[{"not_picked":["champ:PerfectedStrike","champ:ShieldSigil"],"picked":"champ:ViciousMockery","floor":4.0},{"not_picked":["champ:Encircle","champ:CrookedStrike"],"picked":"champ:Lariat","floor":5.0},{"not_picked":["champ:Encircle","champ:EnGarde"],"picked":"champ:BladeFlurry","floor":9.0},{"not_picked":["champ:Control","champ:FightOn"],"picked":"champ:ShieldWall","floor":11.0},{"not_picked":["champ:SwordSigil","champ:PerfectForm"],"picked":"champ:Aggression","floor":12.0},{"not_picked":["champ:RageSigil","champ:Encircle"],"picked":"champ:TornadoPunch","floor":13.0},{"not_picked":["champ:FocusedBerserking","champ:PerfectedStrike"],"picked":"champ:Balance","floor":14.0},{"not_picked":["champ:FocusedDefense","champ:StanceDance"],"picked":"champ:Duel","floor":15.0},{"not_picked":["champ:EnchantCrown","champ:HeavySlash"],"picked":"champ:VampiricStrike","floor":16.0},{"not_picked":["champ:RageSigil","champ:Circumvent+1"],"picked":"champ:BringItOn+1","floor":19.0},{"not_picked":["champ:Balance","champ:DefensiveShout"],"picked":"champ:CalledShot+1","floor":21.0},{"not_picked":["champ:GutPunch","champ:BringItOn"],"picked":"champ:PerfectedStrike+1","floor":23.0},{"not_picked":["champ:FightOn","champ:EnchantCrown","champ:PerfectedStrike"],"picked":"SKIP","floor":25.0},{"not_picked":["champ:Encircle","champ:AdrenalArmor"],"picked":"champ:Haymaker+1","floor":26.0},{"not_picked":["champ:Control","champ:StanceDance","champ:CrookedStrike+1"],"picked":"SKIP","floor":28.0},{"not_picked":[],"picked":"J.A.X.","floor":29.0},{"not_picked":["champ:BladeFlurry","champ:TornadoPunch+1"],"picked":"champ:EnGarde","floor":29.0},{"not_picked":["champ:BerserkersShout+1","champ:GladiatorsShout+1"],"picked":"champ:SkillfulDodge","floor":32.0},{"not_picked":["champ:EnchantShield","champ:Improvising"],"picked":"champ:SteelEdge","floor":33},{"not_picked":["champ:FanOfKnives+1","champ:BerserkerStyle","champ:FlashCut"],"picked":"SKIP","floor":36},{"not_picked":["champ:SwordSigil+1","champ:GutPunch+1","champ:EnGarde+1"],"picked":"SKIP","floor":40},{"not_picked":["champ:EnragedBash","champ:CrookedStrike+1","champ:SwordSigil+1"],"picked":"SKIP","floor":43},{"not_picked":["champ:GladiatorsShout","champ:Haymaker+1"],"picked":"champ:Improvising","floor":47},{"not_picked":["champ:RapidStrikes+1","champ:AdrenalArmor+1","champ:ShieldWall+1"],"picked":"SKIP","floor":48},{"not_picked":["champ:FanOfKnives+1","champ:FaceSlap","champ:Encircle"],"picked":"SKIP","floor":49}],"player_experience":1620777,"relics_obtained":[{"floor":5.0,"key":"White Beast Statue"},{"floor":7.0,"key":"HornCleat"},{"floor":24.0,"key":"Guardian:PocketSentry"},{"floor":26.0,"key":"Pen Nib"},{"floor":29.0,"key":"MutagenicStrength"},{"floor":38,"key":"Dead Branch"},{"floor":40,"key":"Bag of Preparation"},{"floor":45,"key":"Girya"},{"floor":46,"key":"Bottled Lightning"}],"event_choices":[{"damage_healed":0.0,"max_hp_gain":5.0,"max_hp_loss":0.0,"gold_gain":0.0,"event_name":"Big Fish","player_choice":"Donut","floor":8.0,"gold_loss":0.0,"damage_taken":0.0},{"damage_healed":0.0,"max_hp_gain":0.0,"max_hp_loss":0.0,"gold_gain":0.0,"event_name":"Back to Basics","player_choice":"Simplicity","floor":22.0,"gold_loss":0.0,"damage_taken":0.0,"cards_upgraded":["champ:Strike","champ:Strike","champ:Strike","champ:Strike","champ:Defend","champ:Defend","champ:Defend","champ:Defend"]},{"damage_healed":0.0,"max_hp_gain":0.0,"max_hp_loss":0.0,"gold_gain":0.0,"event_name":"Ghosts","player_choice":"Ignored","floor":31.0,"gold_loss":0.0,"damage_taken":0.0},{"damage_healed":0,"gold_gain":0,"player_choice":"Fight","damage_taken":0,"max_hp_gain":0,"max_hp_loss":0,"event_name":"Mysterious Sphere","floor":38,"gold_loss":0}],"is_beta":false,"boss_relics":[{"not_picked":["Tiny House","Philosopher\u0027s Stone"],"picked":"SlaversCollar"},{"not_picked":["Empty Cage","Runic Pyramid"],"picked":"champ:ChampionCrownUpgraded"}],"items_purged_floors":[],"is_endless":false,"potions_floor_spawned":[4,9,11,12,13,14,15,16,19,21,23,25,26,28,30,32,33,36,38,40,43,45,47,48,49],"ascension_level":4}}