{"host":"j4g6ia6asvpyu2b0","time":1607992038,"event":{"mods":["BaseMod","Colored Map","Minty Spire (QoL Compilation)","Permanent Neow","Quick Restart","Relic Stats","StSLib","Unceasing Turn Reminder"],"gold_per_floor":[12,287,303,320,34,59,59,86,109,119,119,119,119,145,145,241,241,257,257,257,257,271,271,296,315,315,345,377,377,443,460,460,558,558,573,593,593,607,607,632,185,216,216,216,241,256,256,268,268,268,268,268,6,34,34],"floor_reached":56,"playtime":1757,"items_purged":["Regret","Strike_R"],"score":1793,"play_id":"cc84f5eb-d2b4-4b3b-a009-eda7c6a65fab","local_time":"20201214172718","is_ascension_mode":true,"campfire_choices":[{"data":"Apotheosis","floor":7.0,"key":"SMITH"},{"floor":11.0,"key":"RECALL"},{"data":"Bash","floor":15.0,"key":"SMITH"},{"floor":23.0,"key":"REST"},{"floor":29,"key":"REST"},{"data":"Offering","floor":32,"key":"SMITH"},{"floor":44,"key":"REST"},{"floor":47,"key":"REST"},{"floor":49,"key":"REST"},{"data":"Barricade","floor":52,"key":"SMITH"}],"circlet_count":0,"master_deck":["Defend_R","Defend_R","Defend_R","Defend_R","Bash+1","Body Slam","Shrug It Off","Ghostly Armor","Apotheosis+1","Thunderclap","Rampage","True Grit","Offering+1","Dropkick+1","J.A.X.","Inflame","Shockwave","Pommel Strike+1","Immolate+1","Berserk","Sword Boomerang+1","Uppercut+1","Barricade+1","Carnage+1","Shockwave+1","Fiend Fire+1","Disarm","Battle Trance","Madness","Madness","Rage","Exhume","Clothesline+1","Flame Barrier","Whirlwind+1","Body Slam+1","Evolve+1","Body Slam+1","Carnage+1","Dual Wield","Ghostly Armor","Fiend Fire+1"],"relics":["Burning Blood","Thread and Needle","Centennial Puzzle","Omamori","Matryoshka","Happy Flower","Art of War","Molten Egg 2","StoneCalendar","Nloth\u0027s Gift","Incense Burner","Vajra","InkBottle","Paper Frog","Red Mask","Darkstone Periapt","Astrolabe","Blue Candle","Potion Belt","Membership Card","Bag of Marbles","Bronze Scales","Dead Branch","Smiling Mask","Juzu Bracelet","Blood Vial","Self Forming Clay","Anchor","Pear"],"acts_visited":["Exordium","TheCity","TheBeyond","TheEnding"],"potions_floor_usage":[27,30,30,54,55],"damage_taken":[{"damage":2.0,"enemies":"Cultist","floor":1.0,"turns":3.0},{"damage":3.0,"enemies":"Small Slimes","floor":3.0,"turns":4.0},{"damage":9.0,"enemies":"Jaw Worm","floor":4.0,"turns":4.0},{"damage":17.0,"enemies":"Gremlin Nob","floor":6.0,"turns":4.0},{"damage":0.0,"enemies":"3 Sentries","floor":8.0,"turns":7.0},{"damage":0.0,"enemies":"Large Slime","floor":10.0,"turns":5.0},{"damage":12.0,"enemies":"Gremlin Nob","floor":14.0,"turns":4.0},{"damage":0.0,"enemies":"Slime Boss","floor":16.0,"turns":8.0},{"damage":12.0,"enemies":"2 Thieves","floor":18.0,"turns":5.0},{"damage":18.0,"enemies":"Spheric Guardian","floor":22.0,"turns":4.0},{"damage":23.0,"enemies":"Slavers","floor":24.0,"turns":4.0},{"damage":9,"enemies":"Snake Plant","floor":25,"turns":4},{"damage":17,"enemies":"Gremlin Leader","floor":27,"turns":4},{"damage":6,"enemies":"Masked Bandits","floor":28,"turns":2},{"damage":9,"enemies":"Slavers","floor":30,"turns":3},{"damage":0,"enemies":"3 Cultists","floor":31,"turns":3},{"damage":10,"enemies":"Champ","floor":33,"turns":8},{"damage":4,"enemies":"Orb Walker","floor":35,"turns":3},{"damage":9,"enemies":"3 Darklings","floor":36,"turns":1},{"damage":15,"enemies":"Jaw Worm Horde","floor":38,"turns":2},{"damage":9,"enemies":"Giant Head","floor":40,"turns":7},{"damage":35,"enemies":"Reptomancer","floor":42,"turns":4},{"damage":38,"enemies":"Nemesis","floor":45,"turns":5},{"damage":19,"enemies":"4 Shapes","floor":46,"turns":5},{"damage":13,"enemies":"Spire Growth","floor":48,"turns":3},{"damage":37,"enemies":"Donu and Deca","floor":50,"turns":6},{"damage":43,"enemies":"Shield and Spear","floor":54,"turns":5},{"damage":6,"enemies":"The Heart","floor":55,"turns":3}],"seed_played":"-3976816679979062445","potions_obtained":[{"floor":3.0,"key":"FearPotion"},{"floor":8.0,"key":"LiquidMemories"},{"floor":10.0,"key":"FearPotion"},{"floor":16.0,"key":"ColorlessPotion"},{"floor":25,"key":"DistilledChaos"},{"floor":27,"key":"ColorlessPotion"},{"floor":28,"key":"PowerPotion"},{"floor":30,"key":"SkillPotion"},{"floor":31,"key":"SkillPotion"},{"floor":40,"key":"Swift Potion"},{"floor":45,"key":"BlessingOfTheForge"},{"floor":48,"key":"BloodPotion"}],"is_trial":false,"path_per_floor":["M","?","M","M","$","E","R","E","T","M","R","?","$","E","R","B",null,"M","?","?","?","M","R","E","M","T","E","?","R","E","M","R","B",null,"M","M","?","M","?","E","$","E","T","R","E","M","R","M","R","B",null,"R","$","E","B",null],"character_chosen":"IRONCLAD","items_purchased":["Apotheosis","Thunderclap","Membership Card","Bag of Marbles","Bronze Scales","Clothesline+1","Flame Barrier","Whirlwind+1","Self Forming Clay","Dual Wield","Anchor","Ghostly Armor"],"campfire_rested":5,"item_purchase_floors":[5,5,41,41,41,41,41,41,53,53,53,53],"current_hp_per_floor":[80,80,80,77,77,66,66,72,72,78,78,78,78,72,72,78,80,74,74,74,74,62,80,63,60,60,49,49,73,70,76,76,72,80,80,77,67,58,58,55,55,26,26,50,18,7,31,26,50,21,80,80,80,53,55],"gold":34,"neow_bonus":"ONE_RARE_RELIC","is_daily":false,"chose_seed":false,"campfire_upgraded":4,"win_rate":0.0,"timestamp":1607992038,"path_taken":["M","?","M","?","$","E","R","E","T","M","R","?","?","E","R","BOSS","M","?","?","?","?","R","E","M","T","E","?","R","E","M","R","BOSS","M","M","?","M","?","E","$","E","T","R","E","M","R","M","R","BOSS","R","$","E","BOSS"],"items_purchased_type":["Card","Card","Relic","Relic","Relic","Card","Card","Card","Relic","Card","Relic","Card"],"build_version":"2020-12-13","purchased_purges":2,"victory":true,"max_hp_per_floor":[80,80,80,80,80,80,80,80,80,80,80,80,80,80,80,80,80,80,80,80,80,80,80,80,80,80,80,80,80,80,80,80,80,80,80,80,80,80,80,80,80,80,80,80,80,80,80,80,80,80,80,80,80,90,90],"relic_stats":{"Darkstone Periapt":0,"Happy Flower":[29],"counters":[28,120],"Self Forming Clay":[36],"Astrolabe":["Carnage","Shockwave","Fiend Fire"],"Blue Candle":[0],"Dead Branch":[84],"StoneCalendar":[52],"Juzu Bracelet":0,"Smiling Mask":0,"Burning Blood":159,"Blood Vial":8,"Centennial Puzzle":[60],"Bronze Scales":[86],"Art of War":[5],"Nloth\u0027s Gift":3,"obtain_stats":[{"Darkstone Periapt":30,"Vajra":26,"StoneCalendar":17,"Incense Burner":24,"Juzu Bracelet":43,"Smiling Mask":43,"Burning Blood":0,"Blood Vial":45,"Centennial Puzzle":6,"Matryoshka":12,"Red Mask":28,"InkBottle":26,"Paper Frog":27,"Potion Belt":40,"Pear":54,"Happy Flower":14,"Self Forming Clay":53,"Astrolabe":34,"Blue Candle":39,"Dead Branch":42,"Thread and Needle":0,"Omamori":8,"Calling Bell":17,"Anchor":53,"Bronze Scales":41,"Molten Egg 2":17,"Art of War":17,"Nloth\u0027s Gift":21,"Bag of Marbles":41,"Membership Card":41},{"Darkstone Periapt":15,"Vajra":12,"StoneCalendar":8,"Incense Burner":11,"Juzu Bracelet":22,"Smiling Mask":22,"Burning Blood":0,"Blood Vial":23,"Centennial Puzzle":4,"Matryoshka":6,"Red Mask":14,"InkBottle":12,"Paper Frog":13,"Potion Belt":21,"Pear":27,"Happy Flower":7,"Self Forming Clay":26,"Astrolabe":17,"Blue Candle":20,"Dead Branch":22,"Thread and Needle":0,"Omamori":5,"Calling Bell":8,"Anchor":26,"Bronze Scales":21,"Molten Egg 2":8,"Art of War":8,"Nloth\u0027s Gift":9,"Bag of Marbles":21,"Membership Card":21},{"Darkstone Periapt":65,"Vajra":56,"StoneCalendar":39,"Incense Burner":52,"Juzu Bracelet":93,"Smiling Mask":93,"Burning Blood":0,"Blood Vial":98,"Centennial Puzzle":15,"Matryoshka":27,"Red Mask":62,"InkBottle":56,"Paper Frog":60,"Potion Belt":89,"Pear":117,"Happy Flower":31,"Self Forming Clay":112,"Astrolabe":76,"Blue Candle":82,"Dead Branch":93,"Thread and Needle":0,"Omamori":22,"Calling Bell":39,"Anchor":112,"Bronze Scales":89,"Molten Egg 2":39,"Art of War":39,"Nloth\u0027s Gift":44,"Bag of Marbles":89,"Membership Card":89}],"InkBottle":[32]},"card_choices":[{"not_picked":["Warcry","Searing Blow"],"picked":"Body Slam","floor":1.0},{"not_picked":["Flex","Cleave"],"picked":"Shrug It Off","floor":3.0},{"not_picked":["Body Slam","Warcry"],"picked":"Ghostly Armor","floor":4.0},{"not_picked":["Armaments","Clash","Reckless Charge"],"picked":"SKIP","floor":6.0},{"not_picked":["Sentinel","Thunderclap"],"picked":"Rampage","floor":8.0},{"not_picked":["Bloodletting","Clash","Perfected Strike"],"picked":"SKIP","floor":10.0},{"not_picked":["Rupture","Fire Breathing"],"picked":"True Grit","floor":14.0},{"not_picked":["Impervious","Bludgeon"],"picked":"Offering","floor":16.0},{"not_picked":["Burning Pact","Perfected Strike+1"],"picked":"Dropkick+1","floor":18.0},{"not_picked":["Heavy Blade+1","Wild Strike+1"],"picked":"Inflame","floor":22.0},{"not_picked":["Clash+1","Second Wind+1"],"picked":"Shockwave","floor":24.0},{"not_picked":["Body Slam+1","Flex+1"],"picked":"Pommel Strike+1","floor":25},{"not_picked":["Burning Pact","Power Through"],"picked":"Immolate+1","floor":27},{"not_picked":["Feel No Pain","Intimidate"],"picked":"Berserk","floor":28},{"not_picked":["Warcry","Rupture"],"picked":"Sword Boomerang+1","floor":30},{"not_picked":["Feel No Pain","Sword Boomerang+1"],"picked":"Uppercut+1","floor":31},{"not_picked":["Double Tap","Exhume"],"picked":"Barricade","floor":33},{"not_picked":["Pommel Strike+1","Warcry"],"picked":"Disarm","floor":35},{"not_picked":["Dark Embrace","Anger+1"],"picked":"Battle Trance","floor":36},{"not_picked":["Infernal Blade","Power Through"],"picked":"Rage","floor":38},{"not_picked":["Warcry","Wild Strike+1"],"picked":"Exhume","floor":40},{"not_picked":["Intimidate","Carnage+1"],"picked":"Body Slam+1","floor":42},{"not_picked":["Intimidate","Armaments+1"],"picked":"Evolve+1","floor":45},{"not_picked":["Second Wind+1","True Grit"],"picked":"Body Slam+1","floor":46},{"not_picked":["Wild Strike+1","Power Through+1"],"picked":"Carnage+1","floor":48},{"not_picked":["Ghostly Armor+1","Reckless Charge+1"],"picked":"Fiend Fire+1","floor":54}],"player_experience":657560,"relics_obtained":[{"floor":6.0,"key":"Centennial Puzzle"},{"floor":8.0,"key":"Omamori"},{"floor":14.0,"key":"Happy Flower"},{"floor":17.0,"key":"Art of War"},{"floor":17.0,"key":"Molten Egg 2"},{"floor":17.0,"key":"StoneCalendar"},{"floor":24.0,"key":"Incense Burner"},{"floor":26,"key":"Vajra"},{"floor":26,"key":"InkBottle"},{"floor":27,"key":"Paper Frog"},{"floor":28,"key":"Red Mask"},{"floor":30,"key":"Darkstone Periapt"},{"floor":40,"key":"Potion Belt"},{"floor":42,"key":"Dead Branch"},{"floor":43,"key":"Smiling Mask"},{"floor":43,"key":"Juzu Bracelet"},{"floor":45,"key":"Blood Vial"},{"floor":54,"key":"Pear"}],"event_choices":[{"damage_healed":0.0,"max_hp_gain":0.0,"max_hp_loss":0.0,"gold_gain":275.0,"event_name":"Golden Shrine","player_choice":"Desecrate","floor":2.0,"gold_loss":0.0,"damage_taken":0.0,"cards_obtained":["Regret"]},{"damage_healed":0.0,"max_hp_gain":0.0,"max_hp_loss":0.0,"gold_gain":0.0,"event_name":"Dead Adventurer","player_choice":"Searched \u00272\u0027 times","floor":12.0,"gold_loss":0.0,"damage_taken":0.0,"relics_obtained":["Matryoshka"]},{"damage_healed":0.0,"max_hp_gain":0.0,"max_hp_loss":0.0,"gold_gain":0.0,"event_name":"Drug Dealer","player_choice":"Obtain J.A.X.","floor":19.0,"gold_loss":0.0,"damage_taken":0.0,"cards_obtained":["J.A.X."]},{"cards_removed":["Strike_R"],"damage_healed":0.0,"max_hp_gain":0.0,"max_hp_loss":0.0,"gold_gain":0.0,"event_name":"Back to Basics","player_choice":"Elegance","floor":20.0,"gold_loss":0.0,"damage_taken":0.0},{"damage_healed":0.0,"max_hp_gain":0.0,"max_hp_loss":0.0,"gold_gain":0.0,"event_name":"N\u0027loth","player_choice":"Traded Relic","floor":21.0,"relics_lost":["Calling Bell"],"gold_loss":0.0,"damage_taken":0.0,"relics_obtained":["Nloth\u0027s Gift"]},{"damage_healed":0,"gold_gain":0,"player_choice":"Fought Bandits","damage_taken":0,"max_hp_gain":0,"max_hp_loss":0,"event_name":"Masked Bandits","floor":28,"gold_loss":0},{"damage_healed":0,"gold_gain":0,"player_choice":"Embrace Madness","damage_taken":10,"max_hp_gain":0,"max_hp_loss":0,"event_name":"Winding Halls","floor":37,"gold_loss":0,"cards_obtained":["Madness","Madness"]},{"damage_healed":0,"gold_gain":0,"player_choice":"Gave Potion","damage_taken":0,"relics_obtained":["Blue Candle"],"max_hp_gain":0,"max_hp_loss":0,"event_name":"WeMeetAgain","floor":39,"gold_loss":0}],"is_beta":false,"boss_relics":[{"not_picked":["Sozu","Pandora\u0027s Box"],"picked":"Calling Bell"},{"not_picked":["Runic Cube","Velvet Choker"],"picked":"Astrolabe"}],"items_purged_floors":[5,41],"is_endless":false,"potions_floor_spawned":[3,8,10,16,25,27,28,30,31,40,45,48],"ascension_level":3}}