{"host":"y76clbnovzmw9ubx","time":1607991785,"event":{"mods":["AchievementEnabler","BaseMod","Minty Spire (QoL Compilation)","Permanent Neow","Relic Stats"],"gold_per_floor":[110,121,62,62,73,101,101,132,185,185,185],"floor_reached":10,"playtime":375,"items_purged":[],"score":152,"play_id":"3b2ab40a-1d3b-4ca3-9400-f9777460cf15","local_time":"20201214192305","is_ascension_mode":true,"campfire_choices":[{"data":"Barrage","floor":7,"key":"SMITH"}],"circlet_count":0,"master_deck":["AscendersBane","Strike_B","Strike_B","Strike_B","Strike_B","Defend_B","Defend_B","Defend_B","Defend_B","Zap","Dualcast","Undo","Go for the Eyes","Barrage+1","Hologram","Recycle"],"relics":["Cracked Core","Bag of Preparation","Ornamental Fan","MealTicket","Bronze Scales"],"acts_visited":["Exordium"],"potions_floor_usage":[8,10],"damage_taken":[{"damage":2.0,"enemies":"Jaw Worm","floor":1.0,"turns":3.0},{"damage":1.0,"enemies":"Cultist","floor":2.0,"turns":3.0},{"damage":2.0,"enemies":"Small Slimes","floor":5.0,"turns":4.0},{"damage":16.0,"enemies":"Gremlin Nob","floor":6.0,"turns":4.0},{"damage":16,"enemies":"Lagavulin","floor":8,"turns":5},{"damage":52,"enemies":"Gremlin Nob","floor":10,"turns":4}],"seed_played":"1126424567867592522","potions_obtained":[{"floor":2.0,"key":"PowerPotion"},{"floor":5.0,"key":"EssenceOfSteel"},{"floor":6.0,"key":"LiquidBronze"}],"is_trial":false,"path_per_floor":["M","M","?","?","M","E","R","E","T","E"],"character_chosen":"DEFECT","items_purchased":[],"campfire_rested":0,"item_purchase_floors":[],"current_hp_per_floor":[62,61,61,71,69,53,53,37,37,0,0],"gold":185,"neow_bonus":"RANDOM_COMMON_RELIC","is_daily":false,"chose_seed":false,"campfire_upgraded":1,"win_rate":0.0,"timestamp":1607991785,"path_taken":["M","M","?","?","M","E","R","E","T","E"],"items_purchased_type":[],"build_version":"2020-12-13","purchased_purges":0,"victory":false,"max_hp_per_floor":[71,71,71,71,71,71,71,71,71,71,71],"relic_stats":{"counters":[6,23],"Ornamental Fan":[12],"Bronze Scales":[6],"MealTicket":0,"Bag of Preparation":[12],"obtain_stats":[{"Ornamental Fan":6,"Bronze Scales":9,"MealTicket":8,"Bag of Preparation":0,"Cracked Core":0},{"Ornamental Fan":4,"Bronze Scales":5,"MealTicket":5,"Bag of Preparation":0,"Cracked Core":0},{"Ornamental Fan":14,"Bronze Scales":19,"MealTicket":19,"Bag of Preparation":0,"Cracked Core":0}]},"card_choices":[{"not_picked":["Coolheaded","Scrape"],"picked":"Undo","floor":1.0},{"not_picked":["Fusion","Steam"],"picked":"Go for the Eyes","floor":2.0},{"not_picked":["Rebound","Hologram"],"picked":"Barrage","floor":5.0},{"not_picked":["Turbo","Stack"],"picked":"Hologram","floor":6.0},{"not_picked":["Blizzard","Gash"],"picked":"Recycle","floor":8}],"player_experience":2866315,"relics_obtained":[{"floor":6.0,"key":"Ornamental Fan"},{"floor":8,"key":"MealTicket"},{"floor":9,"key":"Bronze Scales"}],"event_choices":[{"damage_healed":0.0,"max_hp_gain":0.0,"max_hp_loss":0.0,"gold_gain":0.0,"event_name":"World of Goop","player_choice":"Left Gold","floor":3.0,"gold_loss":59.0,"damage_taken":0.0},{"damage_healed":10.0,"max_hp_gain":0.0,"max_hp_loss":0.0,"gold_gain":0.0,"event_name":"Wheel of Change","player_choice":"Full Heal","floor":4.0,"gold_loss":0.0,"damage_taken":0.0}],"is_beta":false,"boss_relics":[],"items_purged_floors":[],"is_endless":false,"potions_floor_spawned":[2,5,6],"killed_by":"Gremlin Nob","ascension_level":20}}