{"host":"kjmsjq3kpb3v9rdj","time":1607998004,"event":{"mods":["AchievementEnabler","Aspiration","Bard","BaseMod","Beaked The Cultist","Better Altar","Better Match","Better Note","Better Sensory Stone","Better Skull","Better Third Choice","BetterRewards","CCEM","Clawfect","Colored Map","Conspire","Downfall","GifTheSpireLib","Halation","Hermit","Highlight Path","Hubris","Hunter ??","Infinite Spire","Ironclad Rager","Jedi Mod","Jorbs\u0027s Wanderer Trilogy","Mad Scientist","Marisa????????","Mimic Mod","Minty Spire (QoL Compilation)","Permanent Neow","Quick Restart","Replay The Spire","Shade Mod","Shop Mod","Spicy Shops","Spikes Relics","StSLib","Stuff the Spire","The Administrix","The Blackbeard","The Blue Laboratory","The Construct","The Cursed","The Disciple","The Gatherer","The Hierophant","The Jungle","The Mystic","The Necromancer","The Problem Sleuth","The Servant 0.9.4","The Showman","The Spell Scribe","The Witch","Trackpad","Unceasing Turn Reminder","vexMod"],"gold_per_floor":[99,111,123,156,156,166,166,199,209,235,274,299,323,635,673,529,454,454],"floor_reached":19,"playtime":3275,"items_purged":[],"score":737,"play_id":"1ece3027-0bdb-46c1-9e84-644eb3482fd9","local_time":"20201214180644","is_ascension_mode":false,"campfire_choices":[{"data":"UpSweep","floor":1,"key":"SMITH"},{"floor":17,"key":"RECALL"}],"circlet_count":0,"master_deck":["Decay","Atom Bomb+19","Omega+9"],"relics":["MiniHakkero","halation:WeightlessCrab","hubris:MedicalManual","infinitespire:ShieldingShard","MawBank","CCEMRelics:TinyMinotavrHorn","Lee\u0027s Waffle","downfall:HeartBlessingBlue","Lizard Tail","Nloth\u0027s Gift","downfall:HeartBlessingGreen","downfall:HeartBlessingRed"],"acts_visited":["Exordium","TheEnding"],"potions_floor_usage":[18,18,18],"damage_taken":[{"damage":2,"enemies":"conspire:RoseBush","floor":2,"turns":1},{"damage":11,"enemies":"Jaw Worm","floor":3,"turns":2},{"damage":0,"enemies":"Gremlin Nob","floor":4,"turns":2},{"damage":0,"enemies":"Small Slimes","floor":6,"turns":2},{"damage":36,"enemies":"Lagavulin","floor":8,"turns":5},{"damage":8,"enemies":"Exordium Wildlife","floor":9,"turns":3},{"damage":0,"enemies":"3 Sentries","floor":10,"turns":1},{"damage":0,"enemies":"Gremlin Gang","floor":12,"turns":2},{"damage":0,"enemies":"conspire:2 RoseBushes","floor":13,"turns":1},{"damage":0,"enemies":"downfall:FleeingMerchant","floor":14,"turns":1},{"damage":0,"enemies":"downfall:CharBossMerchant","floor":15,"turns":1},{"damage":996,"enemies":"downfall:NeowBoss","floor":18,"turns":19}],"seed_played":"2605751117580106165","potions_obtained":[{"floor":4,"key":"blueLaboratory:LouseDecoction"},{"floor":8,"key":"blueLaboratory:SavagePotion"},{"floor":9,"key":"Weak Potion"},{"floor":10,"key":"blueLaboratory:BottleOfVodka"}],"is_trial":false,"path_per_floor":["R","M","M","E","?","M","T","E","M","E","T","M","M","$","E","$","R","B",null],"character_chosen":"MARISA","items_purchased":["Lee\u0027s Waffle"],"campfire_rested":0,"item_purchase_floors":[16],"current_hp_per_floor":[75,73,62,62,62,62,62,26,18,18,18,18,18,75,75,82,92,46],"gold":454,"neow_bonus":"ONE_RANDOM_RARE_CARD","is_daily":false,"chose_seed":false,"campfire_upgraded":1,"win_rate":0.0,"timestamp":1607998004,"path_taken":["R","M","M","E","?","M","T","E","M","E","?","M","M","?","E","$","R","BOSS","BOSS"],"items_purchased_type":["Relic"],"build_version":"2020-12-13","purchased_purges":0,"victory":true,"max_hp_per_floor":[75,75,75,75,75,75,75,75,75,75,75,75,75,75,75,82,92,92],"card_choices":[{"not_picked":["GasGiant","OortCloud"],"picked":"MysteriousBeam","floor":2},{"not_picked":["DoubleSpark","WitchOfGreed"],"picked":"GalacticHalo","floor":3},{"not_picked":["MeteoricShower","Orbital"],"picked":"AlicesGift","floor":4},{"not_picked":["AlicesGift","SporeBomb"],"picked":"DC","floor":6},{"not_picked":["BlazingStar","LuminesStrike"],"picked":"GravityBeat","floor":8},{"not_picked":["IllusionStar","MeteoricShower"],"picked":"WitchLeyline","floor":9},{"not_picked":["EnergyFlow","Acceleration"],"picked":"AsteroidBelt","floor":10},{"not_picked":["OortCloud","DoubleSpark","DC"],"picked":"SKIP","floor":12},{"not_picked":["OortCloud","DoubleSpark","DC"],"picked":"SKIP","floor":12},{"not_picked":["WitchOfGreed","ShootTheMoon","MeteoricShower"],"picked":"SKIP","floor":13},{"not_picked":["DoubleSpark","MachineGunSpark","WitchOfGreed"],"picked":"SKIP","floor":14},{"not_picked":["Occultation+1","DragonMeteor","Acceleration+1"],"picked":"SKIP","floor":15}],"player_experience":490499,"relics_obtained":[{"floor":4,"key":"halation:WeightlessCrab"},{"floor":7,"key":"hubris:MedicalManual"},{"floor":8,"key":"infinitespire:ShieldingShard"},{"floor":10,"key":"MawBank"},{"floor":15,"key":"CCEMRelics:TinyMinotavrHorn"},{"floor":15,"key":"Chemical X"}],"event_choices":[],"is_beta":false,"boss_relics":[],"items_purged_floors":[],"is_endless":false,"potions_floor_spawned":[4,8,9,10],"ascension_level":0}}