{"host":"5pvsezzv96u4cz40","time":1607992862,"event":{"mods":["Act Like it!","BaseMod","BetterRewards","CapriCore","Colored Map","Colored Powertips","GifTheSpireLib","Hermit","Hubris","Infinite Spire","Marisa????????","Menagerie","Minty Spire (QoL Compilation)","Remilia??????","Replay The Spire","Shop Mod","StSLib","The Construct","The Necromancer","The Servant 0.9.4","The Vixen","??????REMEMod"],"gold_per_floor":[118,118,133,0,11,11,11,11,11,22,51,68,68,82,82,180,180,193,207,207,219,123,123,123,138,183,183,183,40,54,66,66,163,163,181,25,25,25,41,41,41,41,56,56,56,75,87,87,87],"floor_reached":48,"playtime":5707,"items_purged":["Pain"],"score":474,"play_id":"168cc23b-75f9-4294-b301-3070991e1c5b","local_time":"20201215014102","is_ascension_mode":false,"campfire_choices":[{"data":"TheVixenMod:FlameWheel","floor":6,"key":"SMITH"},{"floor":8,"key":"REST"},{"data":"TheVixenMod:ClearSky","floor":13,"key":"SMITH"},{"floor":15,"key":"REST"},{"floor":23,"key":"REST"},{"floor":27,"key":"REST"},{"data":"infinitespire:Starlight","floor":32,"key":"SMITH"},{"floor":42,"key":"REST"},{"floor":44,"key":"REST"}],"circlet_count":0,"master_deck":["TheVixenMod:Strike_TheVixen","TheVixenMod:Strike_TheVixen","TheVixenMod:Strike_TheVixen","TheVixenMod:Strike_TheVixen","TheVixenMod:Defend_TheVixen","TheVixenMod:Defend_TheVixen","TheVixenMod:Defend_TheVixen","TheVixenMod:Defend_TheVixen","TheVixenMod:SunnyDay","TheVixenMod:Ember","TheVixenMod:ClearSky+1","TheVixenMod:CADC","TheVixenMod:MagicCoat","TheVixenMod:LavaPlume+1","TheVixenMod:FlameWheel+1","TheVixenMod:HeatWave","TheVixenMod:Protect","TheVixenMod:WillOWisp","TheVixenMod:TrumpCard","TheVixenMod:Endure","TheVixenMod:FirePunch","TheVixenMod:FireBlast","TheVixenMod:Drought+1","infinitespire:Starlight+1","TheVixenMod:Drought","TheVixenMod:Psyshock","TheVixenMod:LightScreen","TheVixenMod:SynergyBurst","TheVixenMod:FlameBody","TheVixenMod:FlameBody","Hallucinations","TheVixenMod:Dazzling","TheVixenMod:FlameBurst+1","TheVixenMod:Flamethrower+1"],"relics":["TheVixenMod:BurningStick","REME_ComplimentaryCards","Potion Belt","WarpedTongs","hubris:EvacipatedBox","Mummified Hand","Odd Mushroom","MutagenicStrength","Boot","Nloth\u0027s Gift","Philosopher\u0027s Stone","Eternal Feather"],"acts_visited":["Exordium","TheCity","TheBeyond"],"potions_floor_usage":[5,5,16,16,16,16,21,22,30,30,31,33,39,39,39,46,47],"damage_taken":[{"damage":0,"enemies":"Cultist","floor":1,"turns":3},{"damage":8,"enemies":"infinitespire:Voidling","floor":3,"turns":3},{"damage":3,"enemies":"Small Slimes","floor":5,"turns":2},{"damage":0,"enemies":"2 Fungi Beasts","floor":10,"turns":2},{"damage":9,"enemies":"The Mushroom Lair","floor":11,"turns":5},{"damage":8,"enemies":"Blue Slaver","floor":12,"turns":4},{"damage":4,"enemies":"Exordium Thugs","floor":14,"turns":3},{"damage":7,"enemies":"The Guardian","floor":16,"turns":11},{"damage":21,"enemies":"2 Thieves","floor":18,"turns":4},{"damage":9,"enemies":"Chosen","floor":19,"turns":6},{"damage":6,"enemies":"Centurion and Healer","floor":21,"turns":6},{"damage":16,"enemies":"Snake Plant","floor":25,"turns":3},{"damage":10,"enemies":"3 Cultists","floor":30,"turns":4},{"damage":2,"enemies":"Cultist and Chosen","floor":31,"turns":5},{"damage":25,"enemies":"Champ","floor":33,"turns":12},{"damage":1,"enemies":"Orb Walker","floor":35,"turns":4},{"damage":52,"enemies":"3 Darklings","floor":39,"turns":5},{"damage":19,"enemies":"Jaw Worm Horde","floor":43,"turns":4},{"damage":18,"enemies":"Maw","floor":46,"turns":6},{"damage":31,"enemies":"4 Shapes","floor":47,"turns":4},{"damage":17,"enemies":"Spire Growth","floor":48,"turns":3}],"seed_played":"3104877043773751506","potions_obtained":[{"floor":1,"key":"Explosive Potion"},{"floor":11,"key":"Doom Potion"},{"floor":16,"key":"GamblersBrew"},{"floor":19,"key":"Block Potion"},{"floor":31,"key":"Death Potion"},{"floor":43,"key":"DistilledChaos"},{"floor":46,"key":"AttackPotion"}],"is_trial":false,"path_per_floor":["M","?","M","$","M","R","$","R","T","M","?","M","R","M","R","B",null,"M","M","?","M","$","R","AVR","M","T","R","?","$","M","M","R","B",null,"M","$","PTL","PTL","M","?","?","R","M","R","T","M","M","M"],"character_chosen":"THE_VIXEN","items_purchased":["EntropicBrew","TheVixenMod:LavaPlume+1","hubris:EvacipatedBox","Fruit Juice","Block Potion","Swift Potion","TheVixenMod:Drought","TheVixenMod:FlameBody","Fire Potion","ColorlessPotion"],"campfire_rested":6,"item_purchase_floors":[4,4,7,22,29,29,29,36,36,36],"current_hp_per_floor":[70,70,62,62,59,59,40,61,61,61,52,44,44,40,61,54,70,49,40,40,34,39,61,61,45,45,67,67,67,65,63,63,53,75,74,74,74,74,22,22,22,44,25,47,47,44,13,0,0],"gold":87,"neow_bonus":"RANDOM_COMMON_RELIC","is_daily":false,"chose_seed":false,"campfire_upgraded":3,"win_rate":0.0,"timestamp":1607992862,"path_taken":["M","?","?","$","M","R","?","R","T","M","?","M","R","M","R","BOSS","M","M","?","M","$","R","AVR","M","T","R","?","$","M","M","R","BOSS","M","$","PTL","PTL","M","?","?","R","M","R","T","M","M","M"],"items_purchased_type":["Potion","Card","Relic","Potion","Potion","Potion","Card","Card","Potion","Potion"],"build_version":"2020-12-13","purchased_purges":1,"victory":false,"max_hp_per_floor":[70,70,70,70,70,70,70,70,70,70,70,70,70,70,70,70,70,70,70,70,70,75,75,75,75,75,75,75,75,75,75,75,75,75,75,75,75,75,75,75,75,75,75,75,75,75,75,75,75],"card_choices":[{"not_picked":["TheVixenMod:Facade","TheVixenMod:Flamethrower"],"picked":"TheVixenMod:CADC","floor":1},{"not_picked":["TheVixenMod:Disable","TheVixenMod:Magician"],"picked":"TheVixenMod:MagicCoat","floor":3},{"not_picked":["TheVixenMod:FireFang","TheVixenMod:Confusion"],"picked":"TheVixenMod:FlameWheel","floor":5},{"not_picked":["TheVixenMod:Protect","TheVixenMod:NastyPlot"],"picked":"TheVixenMod:HeatWave","floor":10},{"not_picked":["TheVixenMod:Defiant","TheVixenMod:MindReader"],"picked":"TheVixenMod:Protect","floor":11},{"not_picked":["TheVixenMod:Incinerate","TheVixenMod:FlareBlitz"],"picked":"TheVixenMod:WillOWisp","floor":12},{"not_picked":["TheVixenMod:Swagger","TheVixenMod:FlareBlitz"],"picked":"TheVixenMod:TrumpCard","floor":14},{"not_picked":["TheVixenMod:Magician","TheVixenMod:MysticalFire"],"picked":"TheVixenMod:Endure","floor":16},{"not_picked":["TheVixenMod:Dazzling","TheVixenMod:Protect"],"picked":"TheVixenMod:FirePunch","floor":18},{"not_picked":["TheVixenMod:FlameWheel+1","TheVixenMod:Barrier"],"picked":"TheVixenMod:FireBlast","floor":19},{"not_picked":["TheVixenMod:TailWhip","TheVixenMod:Swagger+1"],"picked":"TheVixenMod:Drought+1","floor":21},{"not_picked":["TheVixenMod:CADC","TheVixenMod:Overheat","TheVixenMod:Facade"],"picked":"SKIP","floor":25},{"not_picked":["TheVixenMod:Feint+1","TheVixenMod:Flamethrower"],"picked":"TheVixenMod:Psyshock","floor":30},{"not_picked":["TheVixenMod:FlameBurst+1","TheVixenMod:Extrasensory"],"picked":"TheVixenMod:LightScreen","floor":31},{"not_picked":["TheVixenMod:Substitute","TheVixenMod:Guts"],"picked":"TheVixenMod:SynergyBurst","floor":33},{"not_picked":["TheVixenMod:Extrasensory","TheVixenMod:Confusion+1","TheVixenMod:Endure"],"picked":"SKIP","floor":35},{"not_picked":["TheVixenMod:CalmMind+1","TheVixenMod:Curse","TheVixenMod:Confusion"],"picked":"SKIP","floor":39},{"not_picked":["TheVixenMod:FirePunch+1","TheVixenMod:Psybeam"],"picked":"TheVixenMod:Dazzling","floor":43},{"not_picked":["TheVixenMod:FlameWheel","TheVixenMod:Swagger"],"picked":"TheVixenMod:FlameBurst+1","floor":46},{"not_picked":["TheVixenMod:Magician","TheVixenMod:FlameWheel"],"picked":"TheVixenMod:Flamethrower+1","floor":47}],"player_experience":153732,"relics_obtained":[{"floor":9,"key":"Mummified Hand"},{"floor":11,"key":"Odd Mushroom"},{"floor":26,"key":"Boot"},{"floor":45,"key":"Eternal Feather"}],"event_choices":[{"damage_healed":0,"gold_gain":0,"player_choice":"Rummage","damage_taken":0,"relics_obtained":["WarpedTongs"],"max_hp_gain":0,"max_hp_loss":0,"event_name":"Accursed Blacksmith","floor":2,"gold_loss":0,"cards_obtained":["Pain"]},{"damage_healed":0,"gold_gain":0,"player_choice":"Fought Mushrooms","damage_taken":0,"max_hp_gain":0,"max_hp_loss":0,"event_name":"Mushrooms","floor":11,"gold_loss":0},{"damage_healed":0,"gold_gain":0,"player_choice":"Inject Mutagens","damage_taken":0,"relics_obtained":["MutagenicStrength"],"max_hp_gain":0,"max_hp_loss":0,"event_name":"Drug Dealer","floor":20,"gold_loss":0},{"damage_healed":0,"gold_gain":0,"player_choice":"Traded Relic","damage_taken":0,"relics_obtained":["Nloth\u0027s Gift"],"max_hp_gain":0,"max_hp_loss":0,"event_name":"N\u0027loth","floor":28,"relics_lost":["construct:WeddingRing"],"gold_loss":0},{"damage_healed":0,"gold_gain":0,"player_choice":"Ignored","damage_taken":0,"max_hp_gain":0,"max_hp_loss":0,"event_name":"WeMeetAgain","floor":41,"gold_loss":0}],"is_beta":false,"boss_relics":[{"not_picked":["Coffee Dripper","hubris:GrandSneckoEye","ReplayTheSpireMod:DimensionalGlitch"],"picked":"construct:WeddingRing"},{"not_picked":["Replay:Bronze Core","Painkiller Herb","Calling Bell"],"picked":"Philosopher\u0027s Stone"}],"items_purged_floors":[24],"is_endless":false,"potions_floor_spawned":[1,11,16,19,31,43,46],"killed_by":"Spire Growth","ascension_level":0}}