{"host":"j4g6ia6asvpyu2b0","time":1607992301,"event":{"mods":["BaseMod","Colored Map","Minty Spire (QoL Compilation)","Permanent Neow","Quick Restart","Relic Stats","StSLib","Unceasing Turn Reminder"],"gold_per_floor":[110,122,4,15,15,41,41,73,73,90,90,90],"floor_reached":11,"playtime":240,"items_purged":[],"score":95,"play_id":"4e155e88-3c53-4692-bdcb-27f36f3e20dc","local_time":"20201214173141","is_ascension_mode":true,"campfire_choices":[{"data":"Blade Dance","floor":7,"key":"SMITH"}],"circlet_count":0,"master_deck":["Strike_G+1","Strike_G","Strike_G","Strike_G","Strike_G","Defend_G","Defend_G+1","Defend_G","Defend_G","Defend_G","Survivor","Neutralize","Deadly Poison","Bouncing Flask","Poisoned Stab","Blade Dance+1","Dagger Spray","Flying Knee","Poisoned Stab","Doppelganger","Quick Slash"],"relics":["Ring of the Snake","The Specimen","Bag of Preparation","Tough Bandages","Mummified Hand"],"acts_visited":["Exordium"],"potions_floor_usage":[6],"damage_taken":[{"damage":2,"enemies":"Cultist","floor":1,"turns":4},{"damage":0,"enemies":"Small Slimes","floor":2,"turns":4},{"damage":0,"enemies":"2 Louse","floor":4,"turns":3},{"damage":11,"enemies":"Lagavulin","floor":6,"turns":6},{"damage":18,"enemies":"Gremlin Nob","floor":8,"turns":4},{"damage":0,"enemies":"Blue Slaver","floor":10,"turns":3},{"damage":25,"enemies":"Lagavulin","floor":11,"turns":3}],"seed_played":"1789735376292612080","potions_obtained":[{"floor":2,"key":"BlessingOfTheForge"},{"floor":4,"key":"Dexterity Potion"}],"is_trial":false,"path_per_floor":["M","M","$","M","?","E","R","E","T","M","E"],"character_chosen":"THE_SILENT","items_purchased":["Poisoned Stab","Blade Dance","Dagger Spray"],"campfire_rested":0,"item_purchase_floors":[3,3,3],"current_hp_per_floor":[61,61,61,61,48,37,37,19,19,19,0,0],"gold":90,"neow_bonus":"ONE_RARE_RELIC","is_daily":false,"chose_seed":false,"campfire_upgraded":1,"win_rate":0.0,"timestamp":1607992301,"path_taken":["M","?","?","M","?","E","R","E","T","M","E"],"items_purchased_type":["Card","Card","Card"],"build_version":"2020-12-13","purchased_purges":0,"victory":false,"max_hp_per_floor":[63,63,63,63,63,63,63,63,63,63,63,63],"relic_stats":{"Tough Bandages":[0],"counters":[7,27],"Mummified Hand":[0],"Bag of Preparation":[6],"obtain_stats":[{"Tough Bandages":8,"The Specimen":0,"Mummified Hand":9,"Bag of Preparation":6,"Ring of the Snake":0},{"Tough Bandages":5,"The Specimen":0,"Mummified Hand":5,"Bag of Preparation":4,"Ring of the Snake":0},{"Tough Bandages":21,"The Specimen":0,"Mummified Hand":21,"Bag of Preparation":17,"Ring of the Snake":0}],"Ring of the Snake":[14]},"card_choices":[{"not_picked":["Backstab","Distraction"],"picked":"Deadly Poison","floor":1},{"not_picked":["Distraction","Dodge and Roll"],"picked":"Bouncing Flask","floor":2},{"not_picked":["Sucker Punch","Cloak And Dagger"],"picked":"Flying Knee","floor":4},{"not_picked":["Accuracy","Bane"],"picked":"Poisoned Stab","floor":6},{"not_picked":["Dagger Throw","Blade Dance"],"picked":"Doppelganger","floor":8},{"not_picked":["Deflect","Acrobatics"],"picked":"Quick Slash","floor":10}],"player_experience":659542,"relics_obtained":[{"floor":6,"key":"Bag of Preparation"},{"floor":8,"key":"Tough Bandages"},{"floor":9,"key":"Mummified Hand"}],"event_choices":[{"damage_healed":0,"gold_gain":0,"player_choice":"Entered Light","damage_taken":13,"max_hp_gain":0,"max_hp_loss":0,"event_name":"Shining Light","floor":5,"gold_loss":0,"cards_upgraded":["Strike_G","Defend_G"]}],"is_beta":false,"boss_relics":[],"items_purged_floors":[],"is_endless":false,"potions_floor_spawned":[2,4],"killed_by":"Lagavulin","ascension_level":3}}