{"host":"f0gpob8hq9vgebej","time":1607991812,"event":{"mods":["AchievementEnabler","BaseMod","Googly Eyes","Minty Spire (QoL Compilation)","Quick Restart","SuperFastMode"],"gold_per_floor":[111,123,140,140,159,159,190,190,240,259,286,139,139,158,158,258,258,275,285,295,306,318,318,318,318,318,330,85,103,103,122,122,122,122],"floor_reached":33,"playtime":2256,"items_purged":["Strike_G","Defend_G"],"score":318,"play_id":"6a0f2979-be6b-4a1c-9c4d-e69ad825da13","local_time":"20201215092332","is_ascension_mode":true,"campfire_choices":[{"data":"Bouncing Flask","floor":6.0,"key":"SMITH"},{"data":"Poisoned Stab","floor":8.0,"key":"SMITH"},{"data":"Footwork","floor":13.0,"key":"SMITH"},{"data":"Backflip","floor":15.0,"key":"SMITH"},{"data":"Malaise","floor":23.0,"key":"SMITH"},{"data":"Neutralize","floor":25.0,"key":"SMITH"},{"floor":32,"key":"REST"}],"circlet_count":0,"master_deck":["Strike_G","Strike_G","Defend_G","Defend_G","Survivor","Neutralize+1","Bouncing Flask+1","Poisoned Stab+1","Backflip+1","Dagger Spray","Backstab","Footwork+1","Malaise+1","Acrobatics+1"],"relics":["Ring of the Snake","Pear","Potion Belt","Sundial","Empty Cage","Omamori","ClockworkSouvenir"],"acts_visited":["Exordium","TheCity"],"potions_floor_usage":[31,33,33],"damage_taken":[{"damage":1.0,"enemies":"Jaw Worm","floor":1.0,"turns":4.0},{"damage":0.0,"enemies":"Cultist","floor":2.0,"turns":3.0},{"damage":0.0,"enemies":"2 Louse","floor":3.0,"turns":2.0},{"damage":0.0,"enemies":"Lots of Slimes","floor":4.0,"turns":1.0},{"damage":7.0,"enemies":"Exordium Wildlife","floor":5.0,"turns":4.0},{"damage":20.0,"enemies":"Lagavulin","floor":7.0,"turns":5.0},{"damage":0.0,"enemies":"Blue Slaver","floor":10.0,"turns":3.0},{"damage":2.0,"enemies":"Gremlin Nob","floor":11.0,"turns":3.0},{"damage":0.0,"enemies":"2 Fungi Beasts","floor":14.0,"turns":2.0},{"damage":4.0,"enemies":"Hexaghost","floor":16.0,"turns":8.0},{"damage":20.0,"enemies":"2 Thieves","floor":18.0,"turns":3.0},{"damage":1.0,"enemies":"3 Byrds","floor":19.0,"turns":5.0},{"damage":8.0,"enemies":"Snecko","floor":20.0,"turns":6.0},{"damage":11.0,"enemies":"Snake Plant","floor":21.0,"turns":5.0},{"damage":17.0,"enemies":"Cultist and Chosen","floor":22.0,"turns":7.0},{"damage":11.0,"enemies":"Snecko","floor":27.0,"turns":5.0},{"damage":5.0,"enemies":"3 Cultists","floor":29.0,"turns":7.0},{"damage":4,"enemies":"Snake Plant","floor":31,"turns":4},{"damage":25,"enemies":"Collector","floor":33,"turns":6}],"seed_played":"8579724430014385942","potions_obtained":[{"floor":1.0,"key":"BlessingOfTheForge"},{"floor":2.0,"key":"SmokeBomb"},{"floor":5.0,"key":"FearPotion"},{"floor":11.0,"key":"SkillPotion"},{"floor":14.0,"key":"LiquidBronze"},{"floor":19.0,"key":"Weak Potion"},{"floor":21.0,"key":"SpeedPotion"},{"floor":27.0,"key":"PowerPotion"}],"is_trial":false,"path_per_floor":["M","M","M","M","M","R","E","R","T","M","E","$","R","M","R","B",null,"M","M","M","M","M","R","?","R","T","M","$","M","$","M","R","B"],"character_chosen":"THE_SILENT","items_purchased":["Footwork","ClockworkSouvenir"],"campfire_rested":1,"item_purchase_floors":[12,28],"current_hp_per_floor":[48,48,48,48,41,41,31,31,31,31,29,29,29,29,29,25,80,60,59,51,40,23,23,23,23,23,12,12,7,7,3,27,2,2],"gold":122,"neow_bonus":"REMOVE_TWO","is_daily":false,"chose_seed":false,"campfire_upgraded":6,"win_rate":0.0,"timestamp":1607991812,"path_taken":["M","M","M","M","M","R","E","R","T","M","E","$","R","M","R","BOSS","M","M","M","M","M","R","?","R","T","M","$","M","?","M","R","BOSS"],"items_purchased_type":["Card","Relic"],"build_version":"2020-12-13","purchased_purges":2,"victory":false,"max_hp_per_floor":[70,70,70,70,70,70,80,80,80,80,80,80,80,80,80,80,80,80,80,80,80,80,80,80,80,80,80,80,80,80,80,80,80,80],"card_choices":[{"not_picked":["Dodge and Roll","Blade Dance"],"picked":"Bouncing Flask","floor":1.0},{"not_picked":["Sucker Punch","Deflect"],"picked":"Poisoned Stab","floor":2.0},{"not_picked":["Envenom","Caltrops"],"picked":"Backflip","floor":3.0},{"not_picked":["Choke","All Out Attack"],"picked":"Dagger Spray","floor":5.0},{"not_picked":["Flechettes","Heel Hook","Underhanded Strike"],"picked":"SKIP","floor":7.0},{"not_picked":["Masterful Stab","Acrobatics"],"picked":"Backstab","floor":10.0},{"not_picked":["Skewer","Dagger Throw","Infinite Blades"],"picked":"SKIP","floor":11.0},{"not_picked":["Bane","Outmaneuver","Riddle With Holes"],"picked":"SKIP","floor":14.0},{"not_picked":["Die Die Die","A Thousand Cuts"],"picked":"Malaise","floor":16.0},{"not_picked":["Quick Slash","Dagger Spray","Infinite Blades+1"],"picked":"SKIP","floor":18.0},{"not_picked":["Slice+1","Distraction+1","Cloak And Dagger"],"picked":"SKIP","floor":19.0},{"not_picked":["Poisoned Stab+1","Blade Dance+1"],"picked":"Acrobatics+1","floor":20.0},{"not_picked":["Quick Slash","Poisoned Stab","Caltrops"],"picked":"SKIP","floor":21.0},{"not_picked":["Slice","Distraction","Flying Knee+1"],"picked":"SKIP","floor":22.0},{"not_picked":["Deflect","Infinite Blades","Skewer"],"picked":"SKIP","floor":27.0},{"not_picked":["Dagger Spray+1","Flying Knee","Poisoned Stab+1"],"picked":"SKIP","floor":29.0},{"not_picked":["Underhanded Strike","Footwork","Slice"],"picked":"SKIP","floor":31}],"player_experience":131781,"relics_obtained":[{"floor":7.0,"key":"Pear"},{"floor":9.0,"key":"Potion Belt"},{"floor":11.0,"key":"Sundial"},{"floor":26.0,"key":"Omamori"}],"event_choices":[{"damage_healed":0.0,"max_hp_gain":0.0,"max_hp_loss":0.0,"gold_gain":0.0,"event_name":"N\u0027loth","player_choice":"Ignored","floor":24.0,"gold_loss":0.0,"damage_taken":0.0}],"is_beta":false,"boss_relics":[{"not_picked":["Snecko Eye","Calling Bell"],"picked":"Empty Cage"}],"items_purged_floors":[12,28],"is_endless":false,"potions_floor_spawned":[1,2,5,11,14,19,21,27],"killed_by":"Collector","ascension_level":4}}