{"host":"bux1pdxjwq4dkad9","time":1607998289,"event":{"mods":["BaseMod","Colored Map","Minty Spire (QoL Compilation)","Quick Restart","Robot Space Explorer","Shop Mod","Spicy Shops","StSLib","SuperFastMode","The Alterego","Thieving Mod","Uncapped","【人物mod】游戏王New YuGiOh mod","【遗物Mod】简单游戏"],"gold_per_floor":[113,125,50,63,79,107,118,302,302,314,357,380,404,442,442,556,565,596,605,110,110,132,181,181,220,302,328,375,375,409,454,454,569,569,594,612,176,176,195,236,261,304,304,304,343,343,401,425,425,445,445,445,394,452,467],"floor_reached":56,"playtime":2806,"items_purged":["Pain","alterego_mod:Strike","Doubt","alterego_mod:BrynhildrRomantia","alterego_mod:DeftHands+1"],"score":2679,"play_id":"7db72479-9a03-4b28-97d8-85b31e3b3c93","local_time":"20201215101129","is_ascension_mode":true,"campfire_choices":[{"data":"alterego_mod:Strike","floor":15.0,"key":"PURGE"},{"data":"alterego_mod:Strike","floor":29.0,"key":"PURGE"},{"data":"alterego_mod:BusterCard+1","floor":32.0,"key":"PURGE"},{"floor":44.0,"key":"RECALL"},{"data":"alterego_mod:Strike+1","floor":46.0,"key":"PURGE"},{"data":"alterego_mod:1TonWallop","floor":49,"key":"PURGE"},{"data":"alterego_mod:AlterEgo","floor":52,"key":"SMITH"}],"circlet_count":0,"master_deck":["alterego_mod:Defend","alterego_mod:Defend","alterego_mod:Defend","alterego_mod:Defend","alterego_mod:Impale","alterego_mod:BigMeatyClaws","alterego_mod:BrynhildrsRune","alterego_mod:Rake","alterego_mod:Mirror","alterego_mod:Antipathy","alterego_mod:Cooking+1","alterego_mod:Cooking+1","CurseOfTheBell","alterego_mod:Birthday+1","alterego_mod:Birthday","alterego_mod:Rake+1","alterego_mod:Cycle+1","alterego_mod:GachaTicket","alterego_mod:Birthday+1","alterego_mod:IndependentAction+1","alterego_mod:AlterEgo+1","Madness+1","Madness+1","alterego_mod:ChallengeComplete+1","alterego_mod:RidiculouslyBig+1","alterego_mod:Clap+1","alterego_mod:Pet+1","alterego_mod:Schoolgirl+1","Thinking Ahead+1","Bandage Up+1","alterego_mod:Undulate+1","alterego_mod:Birthday+1","alterego_mod:Tantrum+1","alterego_mod:Undulate+1","alterego_mod:Jiggle+1","alterego_mod:MaintainEyeContact+1","alterego_mod:IdEs+1","alterego_mod:Tantrum+1","alterego_mod:Cushion+1","alterego_mod:Pet+1","alterego_mod:Pet+1","alterego_mod:Undulate+1","alterego_mod:Clap+1","alterego_mod:Birthday+1","alterego_mod:TrashNCrash+1","alterego_mod:MagicResistance+1","alterego_mod:DiscoLights+1"],"relics":["alterego_mod:MasochisticConstitution","EasyRelic","CeramicFish","Gremlin Horn","Whetstone","White Beast Statue","Calling Bell","The Courier","Pocketwatch","Molten Egg 2","Omamori","Turnip","Toxic Egg 2","Nloth\u0027s Gift","Darkstone Periapt","Ancient Tea Set","StrikeDummy","Black Star","Sundial","TheAbacus","Thread and Needle","Bag of Marbles","Mercury Hourglass","Mango","Bottled Flame","Incense Burner","Bag of Preparation","Ice Cream","Bronze Scales","Strawberry","Oddly Smooth Stone","Du-Vu Doll","Lee\u0027s Waffle","Vajra","Orichalcum","Happy Flower","Mummified Hand","Anchor","War Paint","Bird Faced Urn","Boot","Eternal Feather","Pear","InkBottle","Nunchaku","HornCleat","TungstenRod","Unceasing Top","Ornamental Fan","Bottled Tornado","Shuriken","FossilizedHelix","Torii","Gambling Chip","CaptainsWheel","StoneCalendar","Calipers","Bottled Lightning","Ginger","Strange Spoon"],"acts_visited":["Exordium","TheCity","TheBeyond","TheEnding"],"potions_floor_usage":[53,53,55,55,55],"damage_taken":[{"damage":0.0,"enemies":"2 Louse","floor":1.0,"turns":2.0},{"damage":1.0,"enemies":"Small Slimes","floor":2.0,"turns":3.0},{"damage":0.0,"enemies":"Jaw Worm","floor":4.0,"turns":3.0},{"damage":0.0,"enemies":"3 Louse","floor":5.0,"turns":3.0},{"damage":0.0,"enemies":"Lagavulin","floor":6.0,"turns":5.0},{"damage":0.0,"enemies":"Gremlin Gang","floor":7.0,"turns":4.0},{"damage":0.0,"enemies":"Large Slime","floor":10.0,"turns":4.0},{"damage":0.0,"enemies":"3 Sentries","floor":11.0,"turns":5.0},{"damage":0.0,"enemies":"Exordium Thugs","floor":12.0,"turns":5.0},{"damage":0.0,"enemies":"Exordium Wildlife","floor":13.0,"turns":3.0},{"damage":0.0,"enemies":"Gremlin Nob","floor":14.0,"turns":9.0},{"damage":0.0,"enemies":"The Guardian","floor":16.0,"turns":10.0},{"damage":0.0,"enemies":"Spheric Guardian","floor":18.0,"turns":7.0},{"damage":3.0,"enemies":"3 Byrds","floor":22.0,"turns":7.0},{"damage":0.0,"enemies":"Slavers","floor":23.0,"turns":3.0},{"damage":0.0,"enemies":"Book of Stabbing","floor":25.0,"turns":8.0},{"damage":0.0,"enemies":"Snecko","floor":27.0,"turns":5.0},{"damage":0.0,"enemies":"Gremlin Leader","floor":28.0,"turns":6.0},{"damage":0.0,"enemies":"Centurion and Healer","floor":30.0,"turns":6.0},{"damage":0.0,"enemies":"Book of Stabbing","floor":31.0,"turns":7.0},{"damage":0.0,"enemies":"Champ","floor":33.0,"turns":12.0},{"damage":0.0,"enemies":"Orb Walker","floor":35.0,"turns":4.0},{"damage":0.0,"enemies":"3 Darklings","floor":39.0,"turns":3.0},{"damage":0.0,"enemies":"Nemesis","floor":40.0,"turns":7.0},{"damage":0.0,"enemies":"Jaw Worm Horde","floor":41.0,"turns":3.0},{"damage":0.0,"enemies":"Giant Head","floor":42.0,"turns":7.0},{"damage":0.0,"enemies":"Reptomancer","floor":45.0,"turns":3.0},{"damage":0.0,"enemies":"Giant Head","floor":47.0,"turns":9.0},{"damage":0,"enemies":"Maw","floor":48,"turns":11},{"damage":0,"enemies":"Time Eater","floor":50,"turns":6},{"damage":0,"enemies":"Shield and Spear","floor":54,"turns":2},{"damage":0,"enemies":"The Heart","floor":55,"turns":5}],"seed_played":"-5925293910008611108","potions_obtained":[{"floor":7.0,"key":"EntropicBrew"},{"floor":10.0,"key":"AttackPotion"},{"floor":11.0,"key":"FearPotion"},{"floor":16.0,"key":"DuplicationPotion"},{"floor":23.0,"key":"SkillPotion"},{"floor":27.0,"key":"Swift Potion"},{"floor":39.0,"key":"PowerPotion"},{"floor":47.0,"key":"ThievingMod:ThievingPotion"}],"is_trial":false,"path_per_floor":["M","M","$","M","M","E","M","?","T","M","E","M","M","E","R","B",null,"M","?","$","?","M","E","?","E","T","M","E","R","M","E","R","B",null,"M","?","$","?","M","E","M","E","T","R","E","R","E","M","R","B",null,"R","$","E","B",null],"character_chosen":"The_Alterego","items_purchased":["Molten Egg 2","Omamori","Sundial","TheAbacus","ThievingMod:ThievingPotion"],"campfire_rested":0,"item_purchase_floors":[20,20,37,37,53],"current_hp_per_floor":[65,67,67,69,71,71,71,71,71,71,71,71,71,71,71,71,71,70,70,70,70,80,83,83,83,83,83,83,83,82,82,82,82,82,85,74,74,74,85,85,85,99,99,99,99,99,99,99,99,99,99,99,123,123,123],"gold":467,"neow_bonus":"THREE_RARE_CARDS","is_daily":false,"chose_seed":false,"campfire_upgraded":1,"win_rate":0.0,"timestamp":1607998289,"path_taken":["M","M","$","M","M","E","M","?","T","M","E","M","M","E","R","BOSS","M","?","$","?","M","E","?","E","T","M","E","R","?","E","R","BOSS","M","?","$","?","M","E","M","E","T","R","E","R","E","M","R","BOSS","R","$","E","BOSS"],"items_purchased_type":["Relic","Relic","Relic","Relic","Potion"],"build_version":"2020-12-13","purchased_purges":5,"victory":true,"max_hp_per_floor":[70,71,71,71,71,71,71,71,71,71,71,71,71,71,71,71,71,70,70,70,70,80,83,83,83,83,83,83,83,82,82,82,82,82,85,85,85,85,85,85,85,99,99,99,99,99,99,99,99,99,99,99,123,123,123],"card_choices":[{"not_picked":["alterego_mod:Alter","alterego_mod:Weigh"],"picked":"alterego_mod:Rake","floor":0.0},{"not_picked":["alterego_mod:Punishment","alterego_mod:BeGentle"],"picked":"alterego_mod:Mirror","floor":1.0},{"not_picked":["alterego_mod:1TonWallop","alterego_mod:Skirt"],"picked":"alterego_mod:BusterCard","floor":2.0},{"not_picked":["alterego_mod:Pet","alterego_mod:Maid"],"picked":"alterego_mod:Belle","floor":4.0},{"not_picked":["alterego_mod:Mirror","alterego_mod:Exercise","alterego_mod:BustOut"],"picked":"SKIP","floor":5.0},{"not_picked":["alterego_mod:Punishment","alterego_mod:Swimsuit","alterego_mod:Support"],"picked":"SKIP","floor":6.0},{"not_picked":["alterego_mod:DiscoLights","alterego_mod:Stockings","alterego_mod:Exercise"],"picked":"SKIP","floor":7.0},{"not_picked":["alterego_mod:Jiggle","alterego_mod:Complex","alterego_mod:Bloomers"],"picked":"SKIP","floor":10.0},{"not_picked":["alterego_mod:Antipathy","alterego_mod:RidiculouslyBig","alterego_mod:Bounce"],"picked":"SKIP","floor":11.0},{"not_picked":["alterego_mod:RidiculouslyBig","alterego_mod:Bounce"],"picked":"alterego_mod:Antipathy","floor":11.0},{"not_picked":["alterego_mod:Cooking","alterego_mod:Exercise","alterego_mod:Complex"],"picked":"SKIP","floor":12.0},{"not_picked":["alterego_mod:Exercise","alterego_mod:Complex"],"picked":"alterego_mod:Cooking","floor":12.0},{"not_picked":["alterego_mod:Cycle","alterego_mod:Skirt"],"picked":"alterego_mod:1TonWallop","floor":13.0},{"not_picked":["alterego_mod:DeftHands","alterego_mod:Skirt"],"picked":"alterego_mod:Cooking","floor":14.0},{"not_picked":["alterego_mod:Antipathy","alterego_mod:InsideBaseball"],"picked":"alterego_mod:BrynhildrRomantia","floor":16.0},{"not_picked":["alterego_mod:Mirror","alterego_mod:Schoolgirl"],"picked":"alterego_mod:Birthday+1","floor":18.0},{"not_picked":["alterego_mod:BustOut+1","alterego_mod:Clap","alterego_mod:1TonWallop+1"],"picked":"SKIP","floor":22.0},{"not_picked":["alterego_mod:MagicResistance+1","alterego_mod:BustOut"],"picked":"alterego_mod:Rake+1","floor":23.0},{"not_picked":["alterego_mod:MaintainEyeContact+1","alterego_mod:SuperDuperMasochism+1"],"picked":"alterego_mod:DeftHands+1","floor":25.0},{"not_picked":["alterego_mod:Rip","alterego_mod:Clap+1"],"picked":"alterego_mod:Cycle+1","floor":27.0},{"not_picked":["alterego_mod:BeGentle+1","alterego_mod:Maid+1"],"picked":"alterego_mod:GachaTicket","floor":28.0},{"not_picked":["alterego_mod:Skirt+1","alterego_mod:SakuraPetals+1"],"picked":"alterego_mod:Birthday+1","floor":30.0},{"not_picked":["alterego_mod:Bounce+1","alterego_mod:GoddessCore+1"],"picked":"alterego_mod:IndependentAction+1","floor":31.0},{"not_picked":["alterego_mod:RingBreak","alterego_mod:BrynhildrRomantia+1"],"picked":"alterego_mod:AlterEgo","floor":33.0},{"not_picked":["alterego_mod:BiFurious+1","alterego_mod:Bounce+1","alterego_mod:Punishment"],"picked":"SKIP","floor":35.0},{"not_picked":["alterego_mod:Punishment+1","alterego_mod:Alter+1","alterego_mod:Lingerie+1"],"picked":"SKIP","floor":39.0},{"not_picked":["alterego_mod:Valkyrie+1","alterego_mod:Bloomers+1"],"picked":"alterego_mod:ChallengeComplete+1","floor":40.0},{"not_picked":["alterego_mod:DiscoLights","alterego_mod:HighServant+1","alterego_mod:Complex+1"],"picked":"SKIP","floor":41.0},{"not_picked":["alterego_mod:BusterCard+1","alterego_mod:Antipathy+1","alterego_mod:RidiculouslyBig+1"],"picked":"SKIP","floor":42.0},{"not_picked":["alterego_mod:BusterCard+1","alterego_mod:Antipathy+1"],"picked":"alterego_mod:RidiculouslyBig+1","floor":42.0},{"not_picked":["alterego_mod:HighServant+1","alterego_mod:SakuraPetals+1"],"picked":"alterego_mod:Belle+1","floor":45.0},{"not_picked":["alterego_mod:DiscoLights+1","alterego_mod:Complex+1"],"picked":"alterego_mod:Clap+1","floor":47.0},{"not_picked":["alterego_mod:PurpleHair+1","alterego_mod:RocketPunch+1"],"picked":"alterego_mod:Pet+1","floor":48},{"not_picked":["alterego_mod:Weigh+1","alterego_mod:BrynhildrRomantia+1"],"picked":"alterego_mod:DiscoLights+1","floor":54}],"player_experience":2370594,"relics_obtained":[{"floor":6.0,"key":"CeramicFish"},{"floor":9.0,"key":"Gremlin Horn"},{"floor":11.0,"key":"Whetstone"},{"floor":14.0,"key":"White Beast Statue"},{"floor":17.0,"key":"Art of War"},{"floor":17.0,"key":"The Courier"},{"floor":17.0,"key":"Pocketwatch"},{"floor":23.0,"key":"Toxic Egg 2"},{"floor":25.0,"key":"Darkstone Periapt"},{"floor":28.0,"key":"Ancient Tea Set"},{"floor":31.0,"key":"StrikeDummy"},{"floor":40.0,"key":"Thread and Needle"},{"floor":40.0,"key":"Bag of Marbles"},{"floor":42.0,"key":"Mercury Hourglass"},{"floor":42.0,"key":"Mango"},{"floor":43.0,"key":"Bottled Flame"},{"floor":45.0,"key":"Incense Burner"},{"floor":45.0,"key":"Bag of Preparation"},{"floor":47.0,"key":"Ice Cream"},{"floor":47.0,"key":"Bronze Scales"}],"event_choices":[{"damage_healed":0.0,"max_hp_gain":0.0,"max_hp_loss":0.0,"gold_gain":175.0,"event_name":"Liars Game","player_choice":"AGREE","floor":8.0,"gold_loss":0.0,"damage_taken":0.0,"cards_obtained":["Doubt"]},{"damage_healed":0.0,"max_hp_gain":0.0,"max_hp_loss":0.0,"gold_gain":0.0,"event_name":"The Library","player_choice":"Read","floor":19.0,"gold_loss":0.0,"damage_taken":0.0,"cards_obtained":["alterego_mod:Birthday"]},{"damage_healed":0.0,"max_hp_gain":0.0,"max_hp_loss":0.0,"gold_gain":0.0,"event_name":"The Mausoleum","player_choice":"Opened","floor":21.0,"gold_loss":0.0,"damage_taken":0.0,"relics_obtained":["Turnip"],"cards_obtained":["Writhe"]},{"damage_healed":0.0,"max_hp_gain":0.0,"max_hp_loss":0.0,"gold_gain":0.0,"event_name":"N\u0027loth","player_choice":"Traded Relic","floor":24.0,"relics_lost":["Art of War"],"gold_loss":0.0,"damage_taken":0.0,"relics_obtained":["Nloth\u0027s Gift"]},{"damage_healed":0.0,"max_hp_gain":0.0,"max_hp_loss":0.0,"gold_gain":0.0,"event_name":"Winding Halls","player_choice":"Embrace Madness","floor":36.0,"gold_loss":0.0,"damage_taken":11.0,"cards_obtained":["Madness","Madness"]},{"damage_healed":0.0,"max_hp_gain":0.0,"max_hp_loss":0.0,"gold_gain":0.0,"event_name":"Tomb of Lord Red Mask","player_choice":"Ignored","floor":38.0,"gold_loss":0.0,"damage_taken":0.0}],"is_beta":false,"boss_relics":[{"not_picked":["Pandora\u0027s Box","Runic Dome"],"picked":"Calling Bell"},{"not_picked":["Runic Pyramid","Tiny House"],"picked":"Black Star"}],"items_purged_floors":[3,20,20,37,53],"is_endless":false,"potions_floor_spawned":[7,10,11,14,16,18,22,23,25,27,28,30,31,33,35,39,40,41,42,45,47,48,54],"ascension_level":8}}