{"host":"zr590xw2unlz0wv7","time":1607995935,"event":{"mods":["BaseMod","Minty Spire (QoL Compilation)","READ ME - Guardian Mod","StSLib"],"gold_per_floor":[114,114,28,28,53,86,86,101,101,145,145,163,188,231,231,356,356,381,406,321,346,346,380,380,380,380,380,407,407,506,524,524,624,624,635,635,635,254,254,254,254],"floor_reached":40,"playtime":1257,"items_purged":[],"score":604,"play_id":"29722f52-bcee-4590-9de5-fdd543fb0608","local_time":"20201215093215","is_ascension_mode":true,"campfire_choices":[{"data":"Armaments","floor":7,"key":"SMITH"},{"data":"Entrench","floor":15,"key":"SMITH"},{"floor":24,"key":"REST"},{"data":"Berserk","floor":27,"key":"SMITH"},{"floor":29,"key":"REST"},{"data":"Combust","floor":32,"key":"SMITH"}],"circlet_count":0,"master_deck":["Strike_R","Strike_R","Strike_R","Strike_R","Strike_R","Defend_R","Defend_R","Defend_R","Bash","Headbutt","Armaments+1","Uppercut","Ghostly Armor","Entrench+1","Flex","Berserk+1","Armaments","Combust+1","Perfected Strike+1","Feed+1","Disarm","Offering","Perfected Strike+1","Rupture","Bandage Up"],"relics":["Burning Blood","NeowsBlessing","Bloody Idol","Mummified Hand","StrikeDummy","Happy Flower","FaceOfCleric","Gremlin Horn","Empty Cage","Juzu Bracelet","Molten Egg 2","Oddly Smooth Stone","Ornamental Fan","Blood Vial","SlaversCollar","Pantograph"],"acts_visited":["Exordium","TheCity","TheBeyond"],"potions_floor_usage":[23,23,28,31,33],"damage_taken":[{"damage":0,"enemies":"Jaw Worm","floor":1,"turns":1},{"damage":0,"enemies":"Cultist","floor":5,"turns":1},{"damage":0,"enemies":"Lagavulin","floor":6,"turns":1},{"damage":0,"enemies":"2 Louse","floor":8,"turns":2},{"damage":8,"enemies":"Gremlin Nob","floor":10,"turns":3},{"damage":4,"enemies":"2 Fungi Beasts","floor":12,"turns":3},{"damage":10,"enemies":"Red Slaver","floor":13,"turns":4},{"damage":25,"enemies":"3 Sentries","floor":14,"turns":7},{"damage":48,"enemies":"Hexaghost","floor":16,"turns":9},{"damage":23,"enemies":"3 Byrds","floor":18,"turns":8},{"damage":5,"enemies":"Chosen","floor":21,"turns":5},{"damage":35,"enemies":"Slavers","floor":23,"turns":4},{"damage":39,"enemies":"Book of Stabbing","floor":28,"turns":5},{"damage":2,"enemies":"3 Cultists","floor":31,"turns":4},{"damage":59,"enemies":"Collector","floor":33,"turns":8},{"damage":16,"enemies":"Orb Walker","floor":35,"turns":3},{"damage":106,"enemies":"Giant Head","floor":40,"turns":7}],"seed_played":"8193491955422639581","potions_obtained":[{"floor":5,"key":"Fire Potion"},{"floor":10,"key":"DuplicationPotion"},{"floor":12,"key":"Explosive Potion"},{"floor":28,"key":"ColorlessPotion"},{"floor":31,"key":"LiquidBronze"}],"is_trial":false,"path_per_floor":["M","?","$","?","M","E","R","M","T","E","?","M","M","E","R","B",null,"M","T","?","M","?","E","R","?","T","R","E","R","?","M","R","B",null,"M","?","?","$","?","E"],"character_chosen":"IRONCLAD","items_purchased":["Armaments","Uppercut","Rupture","Pantograph","Bandage Up"],"campfire_rested":2,"item_purchase_floors":[3,3,38,38,38],"current_hp_per_floor":[80,80,80,60,66,72,72,78,78,76,76,79,76,58,58,17,67,51,51,51,53,53,25,51,51,51,51,24,50,55,71,71,26,77,75,95,95,95,95,0,0],"gold":254,"neow_bonus":"THREE_ENEMY_KILL","is_daily":false,"chose_seed":false,"campfire_upgraded":4,"win_rate":0.0,"timestamp":1607995935,"path_taken":["M","?","?","?","M","E","R","M","T","E","?","M","M","E","R","BOSS","M","?","?","M","?","E","R","?","T","R","E","R","?","M","R","BOSS","M","?","?","$","?","E"],"items_purchased_type":["Card","Card","Card","Relic","Card"],"build_version":"2020-12-13","purchased_purges":0,"victory":false,"max_hp_per_floor":[80,80,80,80,80,80,80,80,80,80,80,81,82,83,83,84,84,85,85,85,86,86,87,87,87,87,87,88,88,88,93,93,94,94,95,95,95,95,95,95,95],"card_choices":[{"not_picked":["Shrug It Off","Wild Strike"],"picked":"Headbutt","floor":1},{"not_picked":["Pommel Strike","Carnage"],"picked":"Body Slam","floor":5},{"not_picked":["Clash","Reckless Charge"],"picked":"Ghostly Armor","floor":6},{"not_picked":["Clothesline","Seeing Red"],"picked":"Body Slam","floor":8},{"not_picked":["Clash","Shrug It Off"],"picked":"Flex","floor":10},{"not_picked":["Perfected Strike","Seeing Red"],"picked":"Entrench","floor":12},{"not_picked":["True Grit","Evolve"],"picked":"Flex","floor":13},{"not_picked":["Sentinel","Thunderclap","Searing Blow"],"picked":"SKIP","floor":14},{"not_picked":["Bludgeon","Brutality"],"picked":"Berserk","floor":16},{"not_picked":["Sword Boomerang","Uppercut"],"picked":"Armaments","floor":18},{"not_picked":["Ghostly Armor","Battle Trance"],"picked":"Combust","floor":21},{"not_picked":["Wild Strike+1","Thunderclap+1"],"picked":"Perfected Strike+1","floor":23},{"not_picked":["Armaments","Clothesline+1"],"picked":"Feed+1","floor":28},{"not_picked":["Battle Trance","Body Slam+1"],"picked":"Disarm","floor":31},{"not_picked":["Exhume","Fiend Fire+1"],"picked":"Offering","floor":33},{"not_picked":["Searing Blow+1","Metallicize"],"picked":"Perfected Strike+1","floor":35}],"player_experience":477335,"relics_obtained":[{"floor":6,"key":"Mummified Hand"},{"floor":9,"key":"StrikeDummy"},{"floor":10,"key":"Happy Flower"},{"floor":14,"key":"Gremlin Horn"},{"floor":19,"key":"Juzu Bracelet"},{"floor":23,"key":"Oddly Smooth Stone"},{"floor":26,"key":"Ornamental Fan"},{"floor":28,"key":"Blood Vial"}],"event_choices":[{"cards_removed":["Defend_R"],"damage_healed":0,"gold_gain":0,"player_choice":"Offered Basic","damage_taken":0,"max_hp_gain":0,"max_hp_loss":0,"event_name":"Bonfire Elementals","floor":2,"gold_loss":0},{"damage_healed":0,"gold_gain":0,"player_choice":"Take Damage","damage_taken":20,"relics_obtained":["Golden Idol"],"max_hp_gain":0,"max_hp_loss":0,"event_name":"Golden Idol","floor":4,"gold_loss":0},{"damage_healed":0,"gold_gain":0,"player_choice":"Trade","damage_taken":0,"relics_obtained":["FaceOfCleric"],"max_hp_gain":0,"max_hp_loss":0,"event_name":"FaceTrader","floor":11,"gold_loss":0},{"damage_healed":0,"gold_gain":0,"player_choice":"Obtained Relic","damage_taken":0,"relics_obtained":["Molten Egg 2"],"max_hp_gain":0,"max_hp_loss":0,"event_name":"Addict","floor":20,"gold_loss":85},{"damage_healed":0,"gold_gain":0,"player_choice":"Ignored","damage_taken":0,"max_hp_gain":0,"max_hp_loss":0,"event_name":"Vampires","floor":22,"gold_loss":0},{"damage_healed":0,"gold_gain":0,"player_choice":"Gave Idol","damage_taken":0,"relics_obtained":["Bloody Idol"],"max_hp_gain":0,"max_hp_loss":0,"event_name":"Forgotten Altar","floor":25,"relics_lost":["Golden Idol"],"gold_loss":0},{"damage_healed":0,"gold_gain":99,"player_choice":"Stole From Cult","damage_taken":0,"max_hp_gain":0,"max_hp_loss":0,"event_name":"Nest","floor":30,"gold_loss":0},{"damage_healed":24,"gold_gain":0,"player_choice":"Writhe","damage_taken":0,"max_hp_gain":0,"max_hp_loss":0,"event_name":"Winding Halls","floor":36,"gold_loss":0,"cards_obtained":["Writhe"]},{"cards_removed":["Writhe"],"damage_healed":0,"gold_gain":0,"player_choice":"Purged","damage_taken":0,"max_hp_gain":0,"max_hp_loss":0,"event_name":"Purifier","floor":37,"gold_loss":0},{"cards_removed":["Flex"],"damage_healed":0,"gold_gain":0,"player_choice":"Removed Skill","damage_taken":0,"max_hp_gain":0,"max_hp_loss":0,"event_name":"Falling","floor":39,"gold_loss":0}],"is_beta":false,"boss_relics":[{"not_picked":["Mark of Pain","Runic Dome"],"picked":"Empty Cage"},{"not_picked":["Philosopher\u0027s Stone","Velvet Choker"],"picked":"SlaversCollar"}],"items_purged_floors":[],"is_endless":false,"potions_floor_spawned":[5,10,12,13,28,31],"killed_by":"Giant Head","ascension_level":5}}