{"host":"fdq5pmhluajjrf8d","time":1607991434,"event":{"mods":["BaseMod","Minty Spire (QoL Compilation)"],"gold_per_floor":[115,115,131,147,157,157,170,170,219,194,194,204,204,217,217,217,217],"floor_reached":16,"playtime":708,"items_purged":[],"score":187,"play_id":"566161e9-6922-428e-b432-7427264440d9","local_time":"20201214191714","is_ascension_mode":true,"campfire_choices":[{"data":"Genetic Algorithm","floor":6,"key":"SMITH"},{"data":"Redo","floor":8,"key":"SMITH"},{"data":"Zap","floor":13,"key":"SMITH"},{"floor":15,"key":"REST"}],"circlet_count":0,"master_deck":["AscendersBane","Strike_B","Strike_B","Strike_B","Strike_B","Defend_B","Defend_B","Defend_B","Defend_B","Zap+1","Dualcast","Gash","Genetic Algorithm+1","Redo+1","Rip and Tear","Biased Cognition","FTL"],"relics":["Cracked Core","Letter Opener","Smiling Mask"],"acts_visited":["Exordium"],"potions_floor_usage":[14,16,16],"damage_taken":[{"damage":1,"enemies":"Cultist","floor":1,"turns":3},{"damage":1,"enemies":"2 Louse","floor":3,"turns":2},{"damage":7,"enemies":"Small Slimes","floor":4,"turns":4},{"damage":6,"enemies":"Blue Slaver","floor":5,"turns":3},{"damage":7,"enemies":"Looter","floor":7,"turns":3},{"damage":4,"enemies":"Exordium Thugs","floor":10,"turns":4},{"damage":3,"enemies":"Blue Slaver","floor":12,"turns":2},{"damage":10,"enemies":"Lots of Slimes","floor":14,"turns":3},{"damage":58,"enemies":"Hexaghost","floor":16,"turns":9}],"seed_played":"-2462025400667472936","potions_obtained":[{"floor":1,"key":"Ancient Potion"},{"floor":5,"key":"SkillPotion"},{"floor":14,"key":"Swift Potion"}],"is_trial":false,"path_per_floor":["M","T","M","M","M","R","M","R","T","M","?","M","R","M","R","B"],"character_chosen":"DEFECT","items_purchased":[],"campfire_rested":1,"item_purchase_floors":[],"current_hp_per_floor":[70,70,69,62,56,56,49,49,49,45,45,42,42,32,55,0,0],"gold":217,"neow_bonus":"TEN_PERCENT_HP_BONUS","is_daily":false,"chose_seed":false,"campfire_upgraded":3,"win_rate":0.0,"timestamp":1607991434,"path_taken":["M","?","M","?","M","R","M","R","T","M","?","M","R","M","R","BOSS"],"items_purchased_type":[],"build_version":"2020-12-13","purchased_purges":0,"victory":false,"max_hp_per_floor":[78,78,78,78,78,78,78,78,78,78,78,78,78,78,78,78,78],"card_choices":[{"not_picked":["Double Energy","Stack"],"picked":"Gash","floor":1},{"not_picked":["Redo","Skim"],"picked":"Genetic Algorithm","floor":3},{"not_picked":["Conserve Battery","Barrage"],"picked":"Redo","floor":4},{"not_picked":["Compile Driver","Loop","Barrage"],"picked":"SKIP","floor":5},{"not_picked":["Blizzard","Reprogram"],"picked":"Rip and Tear","floor":7},{"not_picked":["Leap","Cold Snap","Barrage"],"picked":"SKIP","floor":10},{"not_picked":["Leap","Heatsinks","Tempest"],"picked":"SKIP","floor":12},{"not_picked":["Leap","Melter"],"picked":"FTL","floor":14}],"player_experience":1854364,"relics_obtained":[{"floor":2,"key":"Letter Opener"},{"floor":9,"key":"Smiling Mask"}],"event_choices":[{"damage_healed":0,"gold_gain":0,"player_choice":"1 cards matched","damage_taken":0,"max_hp_gain":0,"max_hp_loss":0,"event_name":"Match and Keep!","floor":11,"gold_loss":0,"cards_obtained":["Biased Cognition"]}],"is_beta":false,"boss_relics":[],"items_purged_floors":[],"is_endless":false,"potions_floor_spawned":[1,5,10,14],"killed_by":"Hexaghost","ascension_level":19}}