{"host":"jm9833yuloeli2yd","time":1607994589,"event":{"mods":["AchievementEnabler","BaseMod","Better Altar","Better Match","Better Note","Better Sensory Stone","Better Skull","Better Vampires","Colored Map","Colored Powertips","DeckTracker","Minty Spire (QoL Compilation)","Permanent Neow","Quick Restart","Replay The Spire","StSLib","SuperFastMode"],"gold_per_floor":[111,122,122,28,39,39,52,77,103,114,114,144,319,336,336,336,336],"floor_reached":16,"playtime":303,"items_purged":[],"score":174,"play_id":"332c2fa6-2d17-4c29-a2fb-66ec23769b9f","local_time":"20201214200949","is_ascension_mode":true,"campfire_choices":[{"data":"Iron Wave","floor":6,"key":"SMITH"},{"data":"Combust","floor":15,"key":"SMITH"}],"circlet_count":0,"master_deck":["AscendersBane","Strike_R","Strike_R+1","Strike_R","Strike_R","Strike_R","Defend_R","Defend_R","Defend_R","Defend_R+1","Bash","Iron Wave+1","Sword Boomerang","Replay:Sssssssssshield","Replay:Parry","Clothesline","Perfected Strike","Combust+1","Shrug It Off","Doubt","Fiend Fire"],"relics":["Burning Blood","NeowsBlessing","Bag of Marbles","Dream Catcher","Replay:Mystery Machine"],"acts_visited":["Exordium"],"potions_floor_usage":[12,16],"damage_taken":[{"damage":0,"enemies":"Cultist","floor":1,"turns":1},{"damage":0,"enemies":"Jaw Worm","floor":2,"turns":1},{"damage":0,"enemies":"Small Slimes","floor":5,"turns":1},{"damage":10,"enemies":"2 Fungi Beasts","floor":7,"turns":4},{"damage":20,"enemies":"Gremlin Nob","floor":8,"turns":4},{"damage":6,"enemies":"3 Louse","floor":10,"turns":4},{"damage":19,"enemies":"Lagavulin","floor":12,"turns":7},{"damage":4,"enemies":"Large Slime","floor":14,"turns":5},{"damage":35,"enemies":"The Guardian","floor":16,"turns":9}],"seed_played":"-490246551639660574","potions_obtained":[{"floor":2,"key":"SkillPotion"},{"floor":7,"key":"DistilledChaos"},{"floor":12,"key":"Block Potion"}],"is_trial":false,"path_per_floor":["M","M","?","$","M","R","M","E","T","M","?","E","?","M","R","B"],"character_chosen":"IRONCLAD","items_purchased":["Replay:Parry"],"campfire_rested":0,"item_purchase_floors":[4],"current_hp_per_floor":[78,80,80,80,80,80,76,62,62,62,46,33,33,35,35,0,0],"gold":336,"neow_bonus":"THREE_ENEMY_KILL","is_daily":false,"chose_seed":false,"campfire_upgraded":2,"win_rate":0.0,"timestamp":1607994589,"path_taken":["M","?","?","$","M","R","M","E","T","M","?","E","?","M","R","BOSS"],"items_purchased_type":["Card"],"build_version":"2020-12-13","purchased_purges":0,"victory":false,"max_hp_per_floor":[80,80,80,80,80,80,80,80,80,80,80,80,80,80,80,80,80],"card_choices":[{"not_picked":["Body Slam","Run Through"],"picked":"Iron Wave","floor":1},{"not_picked":["Rupture","Infernal Blade"],"picked":"Sword Boomerang","floor":2},{"not_picked":["Discovery","ReplayTheSpireMod:Trickstab"],"picked":"Replay:Sssssssssshield","floor":3},{"not_picked":["True Grit","Anger"],"picked":"Clothesline","floor":5},{"not_picked":["Clash","Evolve"],"picked":"Perfected Strike","floor":7},{"not_picked":["Iron Wave","Run Through","Warcry"],"picked":"SKIP","floor":8},{"not_picked":["Dark Embrace","Entrench"],"picked":"Combust","floor":10},{"not_picked":["Iron Wave","Sword Boomerang"],"picked":"Shrug It Off","floor":12},{"not_picked":["Fire Breathing","Run Through"],"picked":"Fiend Fire","floor":14}],"player_experience":1068503,"relics_obtained":[{"floor":8,"key":"Bag of Marbles"},{"floor":9,"key":"Dream Catcher"},{"floor":12,"key":"Replay:Mystery Machine"}],"event_choices":[{"damage_healed":0,"gold_gain":1,"player_choice":"1","damage_taken":0,"max_hp_gain":0,"max_hp_loss":0,"event_name":"betterStone:BetterStone","floor":3,"gold_loss":0},{"damage_healed":0,"gold_gain":0,"player_choice":"Entered Light","damage_taken":16,"max_hp_gain":0,"max_hp_loss":0,"event_name":"Shining Light","floor":11,"gold_loss":0,"cards_upgraded":["Strike_R","Defend_R"]},{"damage_healed":0,"gold_gain":175,"player_choice":"AGREE","damage_taken":0,"max_hp_gain":0,"max_hp_loss":0,"event_name":"Liars Game","floor":13,"gold_loss":0,"cards_obtained":["Doubt"]}],"is_beta":false,"boss_relics":[],"items_purged_floors":[],"is_endless":false,"potions_floor_spawned":[2,7,12],"killed_by":"The Guardian","ascension_level":11}}