{"host":"2i0myh7fqij2ti1z","time":1607999614,"event":{"mods":["Aspiration","BaseMod","Better Third Choice","Colored Powertips","FoggyMod","Highlight Path","Minty Spire (QoL Compilation)","Quick Restart","Random Character Button","Random Character Mod","Replay The Spire","Shop Mod","Spicy Shops","StSLib","Transform Curses","Wandering Minibosses"],"gold_per_floor":[116,116,136,136,86,117,135,165,217,217,249,282,282,79,79,181,181,195,95,95,95,123,149,149,180,230,256,276,276,554333,554359,554359,554459,554459,554478,554524,554524,553902,553902,553937,553937,553970,554040,554040,554072,554099,554110,554110,554110,554110],"floor_reached":51,"playtime":3433,"items_purged":["Defend_R","Defend_R","Strike_R","Defend_R"],"score":1127,"play_id":"6f47cfad-9dff-41fe-b248-0546639613db","local_time":"20201215103334","daily_mods":["Heirloom","Colorless Cards","DeadlyEvents"],"is_ascension_mode":true,"campfire_choices":[{"data":"Eruption","floor":15.0,"key":"SMITH"},{"data":"1","floor":24.0,"key":"LIFT"},{"data":"Apotheosis","floor":32.0,"key":"SMITH"},{"data":"2","floor":49,"key":"LIFT"}],"circlet_count":0,"master_deck":["Iron Wave","ReplayTheSpireMod:Muscle Training","Ghostly Armor","Eruption+1","Rupture","Rupture","Reaper","Massacre+1","Riddle With Holes","Sucker Punch","Burst+1","ReplayTheSpireMod:Brewmster+1","Battle Trance+1","Life Link","Apotheosis+1","Shockwave","Master of Strategy+1","Violence+1"],"relics":["Replay:Kaleidoscope","Girya","Replay:Mystery Machine","Bag of Marbles","ReplayTheSpireMod:TigerMarble","Lantern","Strawberry","Replay:M_SmolderingBlood","BargainBundle","Electric Blood","Pen Nib","aspiration:Lifesprig","Bag of Preparation","Pet Ghost","aspiration:HiddenCompartment","Tiny Chest","Mirror","Pantograph","Orrery","Guide Book","Toxic Egg 2","ChewingGum","Blood Vial","aspiration:Nostalgia","Replay:M_StaffOfTheSnake","Molten Egg 2","Potion Belt","CeramicFish","Quantum Egg","Ice Cream","The Courier","King of Hearts","Bronze Scales","Pocketwatch"],"acts_visited":["Exordium","TheCity","TheBeyond"],"potions_floor_usage":[50,50],"damage_taken":[{"damage":8.0,"enemies":"Jaw Worm","floor":1.0,"turns":4.0},{"damage":6.0,"enemies":"Cultist","floor":3.0,"turns":3.0},{"damage":37.0,"enemies":"Lagavulin","floor":6.0,"turns":6.0},{"damage":4.0,"enemies":"2 Louse","floor":7.0,"turns":3.0},{"damage":4.0,"enemies":"Replay:BlueRogue","floor":8.0,"turns":7.0},{"damage":13.0,"enemies":"3 Sentries","floor":11.0,"turns":9.0},{"damage":33.0,"enemies":"Lagavulin","floor":12.0,"turns":8.0},{"damage":13.0,"enemies":"Hexaghost","floor":16.0,"turns":6.0},{"damage":7.0,"enemies":"Chosen","floor":18.0,"turns":3.0},{"damage":20.0,"enemies":"Book of Stabbing","floor":22.0,"turns":3.0},{"damage":10.0,"enemies":"Gremlin Leader","floor":23.0,"turns":3.0},{"damage":3.0,"enemies":"Book of Stabbing","floor":25.0,"turns":1.0},{"damage":12.0,"enemies":"Replay:Snechameleon","floor":27.0,"turns":2.0},{"damage":1.0,"enemies":"2 Thieves","floor":28.0,"turns":1.0},{"damage":5.0,"enemies":"Gremlin Leader","floor":31.0,"turns":2.0},{"damage":48.0,"enemies":"Pondfish","floor":33.0,"turns":7.0},{"damage":5.0,"enemies":"3 Darklings","floor":35.0,"turns":1.0},{"damage":16.0,"enemies":"Giant Head","floor":40.0,"turns":2.0},{"damage":13.0,"enemies":"R_Hoarder","floor":42.0,"turns":3.0},{"damage":13,"enemies":"Reptomancer","floor":45,"turns":2},{"damage":5,"enemies":"R_Hoarder","floor":46,"turns":1},{"damage":5,"enemies":"3 Shapes","floor":47,"turns":1},{"damage":11,"enemies":"Replay:Hell Engine","floor":50,"turns":1}],"seed_played":"-8138748746089735393","potions_obtained":[{"floor":1.0,"key":"BlessingOfTheForge"},{"floor":7.0,"key":"Elixir"},{"floor":11.0,"key":"Adrenaline Potion"},{"floor":12.0,"key":"Languid Potion"},{"floor":16.0,"key":"Adrenaline Potion"},{"floor":18.0,"key":"EntropicBrew"},{"floor":22.0,"key":"Dexterity Potion"},{"floor":27.0,"key":"Cursed Concoction"},{"floor":28.0,"key":"Block Potion"},{"floor":36.0,"key":"Fruit Juice"},{"floor":40.0,"key":"SkillPotion"}],"is_trial":true,"path_per_floor":["M","?","M","T","?","E","M","E","T","M","E","E","?","$","R","B",null,"M","$","?","?","E","E","R","E","T","E","M","?","$","E","R","B",null,"M","?","?","$","T","E","T","E","T","M","E","E","M","T","R","B",null],"character_chosen":"IRONCLAD","items_purchased":["BargainBundle","Fruit Juice","GamblersBrew","Rupture","Tiny Chest","Apotheosis","Mirror","Pantograph","Orrery","Guide Book","aspiration:Nostalgia","Molten Egg 2","Violence+1"],"campfire_rested":0,"item_purchase_floors":[14,14,14,14,30,30,30,30,30,30,38,38,38],"current_hp_per_floor":[78,78,78,78,78,47,49,51,51,51,44,28,28,33,33,20,92,85,85,85,85,75,83,83,80,80,68,67,59,59,91,91,82,92,87,69,69,69,69,55,55,97,97,97,84,81,78,78,78,86],"gold":554110,"neow_bonus":"","is_daily":false,"chose_seed":false,"campfire_upgraded":2,"win_rate":0.0,"timestamp":1607999614,"path_taken":["M","?","?","?","?","E","?","E","T","?","?","E","?","?","R","BOSS","M","$","?","?","?","E","R","E","T","E","?","?","?","?","R","BOSS","M","?","?","$","?","E","?","E","T","?","E","?","?","?","R","BOSS"],"items_purchased_type":["Relic","Potion","Potion","Card","Relic","Card","Relic","Relic","Relic","Relic","Relic","Relic","Card"],"build_version":"2020-12-13","purchased_purges":4,"victory":true,"max_hp_per_floor":[80,80,80,80,80,80,80,80,80,80,80,87,87,92,92,92,92,92,92,92,92,92,92,92,92,92,92,92,92,92,92,92,92,92,92,97,97,97,97,97,97,97,97,97,97,97,97,97,97,97],"card_choices":[{"not_picked":["Purity","Sword Boomerang","Twin Strike"],"picked":"SKIP","floor":1.0},{"not_picked":["Heavy Blade","Intimidate"],"picked":"Dual Wield","floor":3.0},{"not_picked":["Replay:Sssssssssshield","Madness"],"picked":"Iron Wave","floor":6.0},{"not_picked":["Clash","Flex","Carnage"],"picked":"SKIP","floor":7.0},{"not_picked":["Cleave","Anger"],"picked":"ReplayTheSpireMod:Muscle Training","floor":8.0},{"not_picked":["Havoc","ReplayTheSpireMod:Stacked"],"picked":"Ghostly Armor","floor":11.0},{"not_picked":["Swift Strike","Massacre","Clothesline"],"picked":"SKIP","floor":12.0},{"not_picked":["Thinking Ahead","Corruption"],"picked":"Reaper","floor":16.0},{"not_picked":["Havoc","Dark Embrace+1"],"picked":"Massacre+1","floor":18.0},{"not_picked":["PanicButton","ReplayTheSpireMod:Strike From Hell"],"picked":"ReplayTheSpireMod:Brewmster","floor":22.0},{"not_picked":["Deep Breath","Pommel Strike"],"picked":"Battle Trance+1","floor":23.0},{"not_picked":["Purity","ReplayTheSpireMod:Stacked"],"picked":"Life Link","floor":25.0},{"not_picked":["Pommel Strike","Metallicize","Iron Wave"],"picked":"SKIP","floor":27.0},{"not_picked":["Sword Boomerang","Flex","Seeing Red"],"picked":"SKIP","floor":28.0},{"not_picked":["Sever Soul","Pommel Strike"],"picked":"Shockwave","floor":30.0},{"not_picked":["Pommel Strike","Flex+1","Ghostly Armor+1"],"picked":"SKIP","floor":31.0},{"not_picked":["Secret Technique+1","Bludgeon"],"picked":"Master of Strategy+1","floor":33.0},{"not_picked":["Madness+1","Jack Of All Trades+1","Replay:Bootleg Shield Generator+1"],"picked":"SKIP","floor":35.0},{"not_picked":["Shockwave+1","SashWhip+1","Ghostly Armor+1"],"picked":"SKIP","floor":40.0},{"not_picked":["JustLucky+1","Replay:Sssssssssshield+1","Clothesline+1"],"picked":"SKIP","floor":42.0},{"not_picked":["Swivel+1","Replay:Sssssssssshield+1","Crescendo+1"],"picked":"SKIP","floor":45},{"not_picked":["Headbutt+1","Replay:BasicMightCard+1","Searing Blow+1"],"picked":"SKIP","floor":46},{"not_picked":["Replay:Parry+1","Sword Boomerang+1","Warcry+1"],"picked":"SKIP","floor":47}],"player_experience":165262,"relics_obtained":[{"floor":4.0,"key":"Girya"},{"floor":6.0,"key":"Replay:Mystery Machine"},{"floor":8.0,"key":"Bag of Marbles"},{"floor":9.0,"key":"ReplayTheSpireMod:TigerMarble"},{"floor":11.0,"key":"Lantern"},{"floor":12.0,"key":"Strawberry"},{"floor":22.0,"key":"Pen Nib"},{"floor":23.0,"key":"aspiration:Lifesprig"},{"floor":25.0,"key":"Bag of Preparation"},{"floor":26.0,"key":"Pet Ghost"},{"floor":27.0,"key":"aspiration:HiddenCompartment"},{"floor":31.0,"key":"Toxic Egg 2"},{"floor":36.0,"key":"Blood Vial"},{"floor":39.0,"key":"Potion Belt"},{"floor":40.0,"key":"CeramicFish"},{"floor":41.0,"key":"Quantum Egg"},{"floor":42.0,"key":"Ice Cream"},{"floor":43.0,"key":"The Courier"},{"floor":45,"key":"King of Hearts"},{"floor":46,"key":"Bronze Scales"},{"floor":48,"key":"Pocketwatch"}],"event_choices":[{"damage_healed":0.0,"max_hp_gain":0.0,"max_hp_loss":0.0,"gold_gain":0.0,"event_name":"The Woman in Blue","player_choice":"Bought 0 Potions","floor":2.0,"gold_loss":0.0,"damage_taken":0.0},{"cards_removed":["Strike_R"],"damage_healed":0.0,"max_hp_gain":0.0,"max_hp_loss":0.0,"gold_gain":0.0,"event_name":"The Cleric","player_choice":"Card Removal","floor":5.0,"gold_loss":50.0,"damage_taken":0.0},{"damage_healed":0.0,"max_hp_gain":0.0,"max_hp_loss":0.0,"gold_gain":0.0,"event_name":"Ghosts","player_choice":"Ignored","floor":20.0,"gold_loss":0.0,"damage_taken":0.0},{"cards_removed":["Dual Wield"],"damage_healed":0.0,"max_hp_gain":0.0,"max_hp_loss":0.0,"gold_gain":0.0,"event_name":"Falling","player_choice":"Removed Skill","floor":37.0,"gold_loss":0.0,"damage_taken":0.0},{"damage_healed":0,"gold_gain":0,"player_choice":"Ignored","damage_taken":0,"max_hp_gain":0,"max_hp_loss":0,"event_name":"Tomb of Lord Red Mask","floor":44,"gold_loss":0}],"is_beta":false,"boss_relics":[{"not_picked":["Painkiller Herb","Replay:Wanted Poster"],"picked":"Electric Blood"},{"not_picked":["Astrolabe","Sozu"],"picked":"ChewingGum"}],"items_purged_floors":[14,19,30,38],"is_endless":false,"potions_floor_spawned":[1,7,11,12,16,18,22,27,28,33,35,40,45],"ascension_level":1}}