{"host":"4k3z1vmw52e7hl04","time":1607993031,"event":{"mods":["BaseMod","Best Route Mod","Better Altar","Better Note","Better Third Choice","Colored Powertips","GifTheSpireLib","Hermit","HexUI Lib","Highlight Path","Hubris","Minty Spire (QoL Compilation)","Rare Cards Sparkle","Replay The Spire","Shop Mod","Spicy Shops","StSLib","SuperFastMode","Synergy Search","The Animator","everything is the same but u backflip on backflip"],"gold_per_floor":[117,133,133,148,166,166,191,191,191,191,191,191,225,235,235,334,634,644,644,361,361,375,375,375,375,430,430,430,24,46,62,62,162,162,188,213,225,225],"floor_reached":37,"playtime":2337,"items_purged":[],"score":402,"play_id":"f13b7b6c-9b27-4280-b00b-c36bf99537e0","local_time":"20201214164351","is_ascension_mode":false,"campfire_choices":[{"data":"hermit:FlashPowder","floor":6,"key":"SMITH"},{"floor":11,"key":"REST"},{"floor":15,"key":"REST"},{"floor":23,"key":"RECALL"},{"data":"hermit:HighNoon","floor":27,"key":"SMITH"},{"floor":32,"key":"REST"}],"circlet_count":0,"master_deck":["hermit:Strike_Hermit","hermit:Strike_Hermit","hermit:Strike_Hermit","hermit:Strike_Hermit","hermit:Defend_Hermit+1","hermit:Defend_Hermit","hermit:Defend_Hermit","hermit:Defend_Hermit","hermit:Snapshot","hermit:Covet","hermit:TrackingShot","hermit:ItchyTrigger","hermit:Horror","hermit:FlashPowder+1","hermit:TakeAim+1","Parasite","hermit:ShadowCloak","hermit:Glare+1","hermit:HighNoon+1","ReplayTheSpireMod:Faulty Equipment","hubris:Wrath","hermit:Brawl","Clumsy","hermit:Ricochet+1","hermit:Ricochet+1","hermit:ShadowCloak+1","hermit:Headshot+1","Echo Form+1","hermit:Desperado+1","hermit:BigShot+1","hermit:BigShot+1","Secret Weapon+1","hermit:Brawl","hermit:LowProfile+1","hermit:RoundhouseKick+1","hermit:Shortfuse","hermit:Quickdraw+1"],"relics":["hermit:Momento","NeowsBlessing","White Beast Statue","ReplayTheSpireMod:Ring of Challenge","Ring of Misfortune","Bottled Tornado","Toxic Egg 2","Oddly Smooth Stone","hubris:DeckOfHolding","Old Coin","Golden Egg","MerchantsRug","hubris:Towel","betterThird:NestCultRelic","Membership Card","Replay:Bandana","Ornamental Fan","Replay:Bronze Core"],"acts_visited":["Exordium","TheCity","TheBeyond"],"potions_floor_usage":[5,7,13,13,16,16,33,33,33,36,36],"damage_taken":[{"damage":0,"enemies":"Small Slimes","floor":1,"turns":2},{"damage":0,"enemies":"Cultist","floor":2,"turns":1},{"damage":0,"enemies":"Jaw Worm","floor":4,"turns":1},{"damage":28,"enemies":"Large Slime","floor":5,"turns":5},{"damage":20,"enemies":"3 Sentries","floor":7,"turns":6},{"damage":9,"enemies":"Replay:BlueRogue","floor":13,"turns":5},{"damage":1,"enemies":"2 Fungi Beasts","floor":14,"turns":4},{"damage":22,"enemies":"The Guardian","floor":16,"turns":14},{"damage":0,"enemies":"Shell Parasite","floor":18,"turns":6},{"damage":12,"enemies":"Spheric Guardian","floor":22,"turns":5},{"damage":8,"enemies":"Centurion and Healer","floor":30,"turns":5},{"damage":12,"enemies":"Snake Plant","floor":31,"turns":5},{"damage":53,"enemies":"Automaton","floor":33,"turns":10},{"damage":19,"enemies":"Orb Walker","floor":35,"turns":5},{"damage":27,"enemies":"3 Darklings","floor":36,"turns":5}],"seed_played":"-1092088111062541957","potions_obtained":[{"floor":3,"key":"DuplicationPotion"},{"floor":3,"key":"PowerPotion"},{"floor":3,"key":"Adrenaline Potion"},{"floor":5,"key":"SteroidPotion"},{"floor":7,"key":"Strength Potion"},{"floor":13,"key":"hermit:Tonic"},{"floor":14,"key":"Reflective Coating"},{"floor":16,"key":"FearPotion"},{"floor":18,"key":"PowerPotion"},{"floor":22,"key":"Strength Potion"},{"floor":30,"key":"BlessingOfTheForge"},{"floor":33,"key":"Explosive Potion"},{"floor":35,"key":"Explosive Potion"},{"floor":36,"key":"Flashbang"}],"is_trial":false,"path_per_floor":["M","M","?","M","M","R","E","?","T","?","R","?","E","M","R","B",null,"M","?","$","?","M","R","?","?","T","R","?","$","M","M","R","B",null,"M","M","M"],"character_chosen":"HERMIT","items_purchased":["Golden Egg","MerchantsRug","hermit:Ricochet","hermit:ShadowCloak","hermit:Headshot","Membership Card","hermit:BigShot","Replay:Bandana","Secret Weapon+1","Ornamental Fan"],"campfire_rested":3,"item_purchase_floors":[20,20,20,20,20,29,29,29,29,29],"current_hp_per_floor":[75,75,75,75,47,47,27,27,27,12,34,52,43,42,64,42,75,75,75,75,75,63,63,63,63,63,63,63,63,55,43,65,12,75,56,29,0,0],"gold":225,"neow_bonus":"THREE_ENEMY_KILL","is_daily":false,"chose_seed":false,"campfire_upgraded":2,"win_rate":0.0,"timestamp":1607993031,"path_taken":["M","M","?","?","M","R","E","?","T","?","R","?","E","M","R","BOSS","M","?","$","?","?","R","?","?","T","R","?","$","M","M","R","BOSS","M","M","M"],"items_purchased_type":["Relic","Relic","Card","Card","Card","Relic","Card","Relic","Card","Relic"],"build_version":"2020-12-13","purchased_purges":0,"victory":false,"max_hp_per_floor":[75,75,75,75,75,75,75,75,75,75,75,75,75,75,75,75,75,75,75,75,75,75,75,75,75,75,75,75,75,75,75,75,75,75,75,75,75,75],"card_choices":[{"not_picked":["hermit:Glare","hermit:HighCaliber"],"picked":"hermit:TrackingShot","floor":1},{"not_picked":["hermit:SprayPray","hermit:Desperado"],"picked":"hermit:ItchyTrigger","floor":2},{"not_picked":["hermit:WideOpen","hermit:FullyLoaded"],"picked":"hermit:Horror","floor":4},{"not_picked":["hermit:Desperado","hermit:LowProfile"],"picked":"hermit:FlashPowder","floor":5},{"not_picked":["hermit:Ricochet","hermit:EyeOfTheStorm"],"picked":"hermit:TakeAim","floor":7},{"not_picked":["hermit:FullyLoaded+1","hermit:Manifest+1"],"picked":"hermit:ShadowCloak","floor":13},{"not_picked":["hermit:Cheat+1","hermit:Headshot"],"picked":"hermit:Glare+1","floor":14},{"not_picked":["hermit:Adapt","hermit:Magnum"],"picked":"hermit:HighNoon","floor":16},{"not_picked":["Sickly","animator:Curse_Greed"],"picked":"ReplayTheSpireMod:Faulty Equipment","floor":17},{"not_picked":["hubris:Lust","hubris:Gluttony"],"picked":"Overencumbered","floor":17},{"not_picked":["Replay:Hysterical Blindness","Hallucinations"],"picked":"hubris:Wrath","floor":17},{"not_picked":["hermit:Cheat+1","hermit:HeroicBravado+1"],"picked":"hermit:Brawl","floor":18},{"not_picked":["hermit:Malice","hermit:Grudge"],"picked":"hermit:Desperado+1","floor":22},{"not_picked":["hermit:Glare+1","hermit:Snipe+1"],"picked":"hermit:Brawl","floor":30},{"not_picked":["hermit:Ricochet+1","hermit:Quickdraw"],"picked":"hermit:LowProfile+1","floor":31},{"not_picked":["hermit:BlackWind","hermit:EternalForm"],"picked":"hermit:RoundhouseKick","floor":33},{"not_picked":["hermit:Scavenge+1","hermit:Roulette+1"],"picked":"hermit:Shortfuse","floor":35},{"not_picked":["hermit:WideOpen","hermit:Gestalt+1"],"picked":"hermit:Quickdraw+1","floor":36}],"player_experience":249405,"relics_obtained":[{"floor":7,"key":"White Beast Statue"},{"floor":8,"key":"ReplayTheSpireMod:Ring of Challenge"},{"floor":8,"key":"Ring of Misfortune"},{"floor":9,"key":"Bottled Tornado"},{"floor":13,"key":"Toxic Egg 2"}],"event_choices":[{"damage_healed":0,"gold_gain":0,"player_choice":"Got Potions","damage_taken":0,"max_hp_gain":0,"max_hp_loss":0,"event_name":"Lab","floor":3,"gold_loss":0},{"damage_healed":27,"gold_gain":0,"player_choice":"Upgrade","damage_taken":15,"max_hp_gain":0,"max_hp_loss":75,"event_name":"betterThird:BetterShining","floor":10,"gold_loss":0,"cards_upgraded":["hermit:Defend_Hermit","hermit:TakeAim"]},{"damage_healed":18,"gold_gain":0,"player_choice":"Healed and dodged fight","damage_taken":0,"max_hp_gain":0,"max_hp_loss":0,"event_name":"Mushrooms","floor":12,"gold_loss":0,"cards_obtained":["Parasite"]},{"cards_removed":["Overencumbered"],"damage_healed":0,"gold_gain":0,"player_choice":"Purged","damage_taken":0,"max_hp_gain":0,"max_hp_loss":0,"event_name":"Purifier","floor":19,"gold_loss":0},{"cards_removed":["hermit:HighNoon"],"damage_healed":0,"gold_gain":0,"player_choice":"Take \u0026 Give","damage_taken":0,"max_hp_gain":0,"max_hp_loss":0,"event_name":"betterNote:BetterNote","floor":21,"gold_loss":0,"cards_obtained":["Echo Form"]},{"damage_healed":0,"gold_gain":0,"player_choice":"Ignored","damage_taken":0,"max_hp_gain":0,"max_hp_loss":0,"event_name":"Ghosts","floor":25,"gold_loss":0},{"damage_healed":0,"gold_gain":0,"player_choice":"Madness","damage_taken":0,"relics_obtained":["betterThird:NestCultRelic"],"max_hp_gain":0,"max_hp_loss":0,"event_name":"betterThird:BetterNest","floor":28,"gold_loss":0}],"is_beta":false,"boss_relics":[{"not_picked":["ChewingGum","Painkiller Herb"],"picked":"Replay:Ancient Bell"},{"not_picked":["Toy Ornithopter","Bag of Preparation"],"picked":"Oddly Smooth Stone"},{"not_picked":["hubris:TinFlute","Replay:Bottled Steam"],"picked":"hubris:DeckOfHolding"},{"not_picked":["Replay:Arrowhead","hermit:CharredGlove"],"picked":"Old Coin"},{"not_picked":["hubris:Stopwatch","Replay:Wanted Poster"],"picked":"Replay:Bronze Core"}],"items_purged_floors":[],"is_endless":false,"potions_floor_spawned":[5,7,13,14,16,18,22,30,31,33,35,36],"killed_by":"4 Shapes","ascension_level":0}}