{"host":"kjmsjq3kpb3v9rdj","time":1607999763,"event":{"mods":["AchievementEnabler","Aspiration","Bard","BaseMod","Beaked The Cultist","Better Altar","Better Match","Better Note","Better Sensory Stone","Better Skull","Better Third Choice","BetterRewards","CCEM","Clawfect","Colored Map","Conspire","Downfall","GifTheSpireLib","Halation","Hermit","Highlight Path","Hubris","Hunter ??","Infinite Spire","Ironclad Rager","Jedi Mod","Jorbs\u0027s Wanderer Trilogy","Mad Scientist","Marisa????????","Mimic Mod","Minty Spire (QoL Compilation)","Permanent Neow","Quick Restart","Replay The Spire","Shade Mod","Shop Mod","Spicy Shops","Spikes Relics","StSLib","Stuff the Spire","The Administrix","The Blackbeard","The Blue Laboratory","The Construct","The Cursed","The Disciple","The Gatherer","The Hierophant","The Jungle","The Mystic","The Necromancer","The Problem Sleuth","The Servant 0.9.4","The Showman","The Spell Scribe","The Witch","Trackpad","Unceasing Turn Reminder","vexMod"],"gold_per_floor":[99,210,242,242,267,8390,8315,8315],"floor_reached":9,"playtime":1638,"items_purged":["Guardian:HyperBeam_Guardian+1"],"score":632,"play_id":"9ba047f8-af2a-4b79-87b8-1cd161e430b5","local_time":"20201214183603","is_ascension_mode":false,"campfire_choices":[{"floor":1,"key":"RECALL"},{"data":"1","floor":7,"key":"LIFT"}],"circlet_count":1,"master_deck":["Guardian:Strike_Guardian","Guardian:Strike_Guardian","Guardian:Strike_Guardian","Guardian:Strike_Guardian","Guardian:Defend_Guardian","Guardian:CurlUp","Guardian:TwinSlam","Guardian:RollAttack+1","Guardian:ShieldSpikes+1","vexMod:StairwayStrike","Guardian:Repulse","Guardian:Clone","Guardian:Recover","Guardian:PolyBeam","Guardian:PrismaticBeam+1","Guardian:PackageAutomaton+1","vexMod:EmailVexCard"],"relics":["Replay:Drink Me","Tiny House","Girya","Circlet","downfall:BrokenWingStatue","downfall:HeartsMalice","downfall:RedIOUUpgrade","downfall:TeleportStone","downfall:ShatteredFragment","NeowsBlessing","Guardian:BottledAnomaly","Guardian:DefensiveModeMoreBlock","Guardian:DefensiveModeMoreBlock","Guardian:ModeShifterPlus","aspiration:Nostalgia","hierophant:PropheticMaskRelic","trackpad:ZombieHeart","Simple Rune","halation:Diary","Guide Book","CCEMRelics:FestiveHat","Toy Ornithopter","halation:TwoAmDonut","downfall:HeartBlessingRed"],"acts_visited":["Exordium","Exordium","TheEnding"],"potions_floor_usage":[4,4,4],"damage_taken":[{"damage":11,"enemies":"2 Louse","floor":2,"turns":3},{"damage":33,"enemies":"Lagavulin","floor":3,"turns":6},{"damage":0,"enemies":"downfall:CharBossMerchant","floor":5,"turns":1},{"damage":0,"enemies":"downfall:FleeingMerchant","floor":6,"turns":1},{"damage":0,"enemies":"downfall:NeowBoss","floor":8,"turns":1}],"seed_played":"-7744842571248648537","potions_obtained":[{"floor":2,"key":"Regen Potion"},{"floor":2,"key":"Regen Potion"},{"floor":3,"key":"blueLaboratory:BottledHope"},{"floor":5,"key":"Weak Potion"}],"is_trial":false,"path_per_floor":["R","M","E","M","E","$","R","B",null],"character_chosen":"GUARDIAN","items_purchased":["Simple Rune","halation:Diary","Guide Book","CCEMRelics:FestiveHat","Toy Ornithopter","halation:TwoAmDonut","vexMod:StairwayStrike","Guardian:Repulse","Guardian:Clone","Guardian:Recover","Guardian:PolyBeam","Guardian:PrismaticBeam+1","blueLaboratory:RememoryPotion","sneckomod:MuddlingPotion","vexMod:EmailVexCard"],"campfire_rested":0,"item_purchase_floors":[6,6,6,6,6,6,6,6,6,6,6,6,6,6,6],"current_hp_per_floor":[60,54,21,65,65,65,65,65],"gold":8315,"neow_bonus":"BOSS_RELIC","is_daily":false,"chose_seed":false,"campfire_upgraded":0,"win_rate":0.0,"timestamp":1607999763,"path_taken":["R","M","E","M","BOSS","E","$","R","BOSS"],"items_purchased_type":["Relic","Relic","Relic","Relic","Relic","Relic","Card","Card","Card","Card","Card","Card","Potion","Potion","Card"],"build_version":"2020-12-13","purchased_purges":1,"victory":true,"max_hp_per_floor":[60,65,65,65,65,65,65,65],"card_choices":[{"not_picked":["Guardian:PrimingBeam","Guardian:TemporalShield"],"picked":"Guardian:RollAttack","floor":2},{"not_picked":["Guardian:FloatingOrbs","Guardian:PiercingHide"],"picked":"Guardian:Gem_Fragmented","floor":2},{"not_picked":["Guardian:Gem_Orange","Guardian:ShieldCharger","Guardian:Emergency"],"picked":"SKIP","floor":3},{"not_picked":["Guardian:Repulse+1","Guardian:Gem_Crimson"],"picked":"Guardian:ShieldSpikes+1","floor":5},{"not_picked":["Guardian:ShieldSpikes","Guardian:Recover+1"],"picked":"Guardian:HyperBeam_Guardian","floor":6}],"player_experience":493774,"relics_obtained":[{"floor":3,"key":"Girya"},{"floor":5,"key":"aspiration:Nostalgia"},{"floor":5,"key":"trackpad:ZombieHeart"}],"event_choices":[],"is_beta":false,"boss_relics":[],"items_purged_floors":[6],"is_endless":false,"potions_floor_spawned":[3,5],"ascension_level":0}}