{"host":"svwqvw2il1zfkkg0","time":1607997495,"event":{"mods":["AchievementEnabler","BaseMod","BetterRewards","Colored Map","Colored Powertips","Custom Start","Downfall","GifTheSpireLib","Highlight Path","Hubris","Infinite Spire","Minty Spire (QoL Compilation)","Quick Restart","Replay The Spire","Shop Mod","StSLib","SuperFastMode"],"gold_per_floor":[364,439,182,199,199,227,276,72,98,98,124,20,20,31,31,130,130,143,19,29,42,42,77,77,77,102,117,128,128,128],"floor_reached":29,"playtime":1020,"items_purged":[],"score":251,"play_id":"5ae657a7-38a3-4d76-86f8-54e430e5562c","local_time":"20201214175815","is_ascension_mode":false,"campfire_choices":[{"floor":10,"key":"REST"},{"floor":13,"key":"REST"},{"data":"Poisoned Stab","floor":15,"key":"SMITH"},{"floor":24,"key":"REST"}],"circlet_count":0,"master_deck":["Strike_G+1","Strike_G+1","Strike_G+1","Strike_G+1","Strike_G+1","Defend_G+1","Defend_G+1","Defend_G+1","Defend_G+1","Defend_G+1","Survivor","Neutralize","Slimebound:Strike_Slimebound+1","sneckomod:TailWhip","Flechettes","Noxious Fumes","Toxin Wave","ReplayTheSpireMod:Necrosis","Bane","Crippling Poison","Noxious Fumes","Backstab","Poisoned Stab+1","Replay:Poison Smokescreen","Deadly Poison","Bane","Poisoned Stab","Crippling Poison+1","Bane+1"],"relics":["Ring of the Snake","StoneCalendar","Lantern","BargainBundle","Vajra","ReplayTheSpireMod:TigerMarble","Sozu","Dream Catcher","infinitespire:CheckeredPen","Happy Flower"],"acts_visited":["Exordium","TheCity"],"potions_floor_usage":[6,16,16,16],"damage_taken":[{"damage":0,"enemies":"Small Slimes","floor":1,"turns":4},{"damage":13,"enemies":"Jaw Worm","floor":4,"turns":4},{"damage":16,"enemies":"Replay:BlueRogue","floor":6,"turns":7},{"damage":22,"enemies":"3 Sentries","floor":11,"turns":6},{"damage":0,"enemies":"2 Louse","floor":14,"turns":1},{"damage":26,"enemies":"Fading Forest","floor":16,"turns":11},{"damage":10,"enemies":"2 Thieves","floor":18,"turns":3},{"damage":10,"enemies":"Chosen","floor":20,"turns":3},{"damage":8,"enemies":"3 Cultists","floor":21,"turns":3},{"damage":37,"enemies":"Book of Stabbing","floor":23,"turns":5},{"damage":6,"enemies":"Cultist and Chosen","floor":27,"turns":3},{"damage":16,"enemies":"Sentry and Sphere","floor":28,"turns":4},{"damage":15,"enemies":"Snecko","floor":29,"turns":2}],"seed_played":"-512099427482787681","potions_obtained":[{"floor":1,"key":"Regen Potion"},{"floor":14,"key":"Poison Potion"}],"is_trial":false,"path_per_floor":["M","?","$","M","?","E","T","$","T","R","E","$","R","M","R","B",null,"M","?","M","M","?","E","R","?","T","M","M","M"],"character_chosen":"THE_SILENT","items_purchased":["Noxious Fumes","Toxin Wave","ReplayTheSpireMod:Necrosis","BargainBundle","Noxious Fumes","champ:CounterPotion","Poisoned Stab","BlessingOfTheForge"],"campfire_rested":3,"item_purchase_floors":[3,3,3,8,8,8,12,12],"current_hp_per_floor":[70,59,59,46,46,45,45,45,45,66,44,44,65,65,65,54,70,60,60,50,42,42,5,26,26,26,20,4,0,0],"gold":128,"neow_bonus":"TWO_FIFTY_GOLD","is_daily":false,"chose_seed":false,"campfire_upgraded":1,"win_rate":0.0,"timestamp":1607997495,"path_taken":["M","?","$","M","?","E","?","?","T","R","E","$","R","M","R","BOSS","M","?","?","M","?","E","R","?","T","M","M","?"],"items_purchased_type":["Card","Card","Card","Relic","Card","Potion","Card","Potion"],"build_version":"2020-12-13","purchased_purges":0,"victory":false,"max_hp_per_floor":[70,70,70,70,70,70,70,70,70,70,70,70,70,70,70,70,70,70,70,70,70,70,70,70,70,70,70,70,70,70],"card_choices":[{"not_picked":["Expertise","Hidden Blade"],"picked":"Flechettes","floor":1},{"not_picked":["Heel Hook","Escape Plan"],"picked":"Bane","floor":4},{"not_picked":["Accuracy","Finisher"],"picked":"Crippling Poison","floor":6},{"not_picked":["Heel Hook","Hidden Blade"],"picked":"Backstab","floor":11},{"not_picked":["ReplayTheSpireMod:Tripwire","Sucker Punch"],"picked":"Replay:Poison Smokescreen","floor":14},{"not_picked":["Sucker Punch","Backflip+1"],"picked":"Deadly Poison","floor":18},{"not_picked":["Acrobatics","Underhanded Strike+1"],"picked":"Bane","floor":20},{"not_picked":["Sucker Punch","Heel Hook","Deflect"],"picked":"SKIP","floor":21},{"not_picked":["Cloak And Dagger+1","All Out Attack"],"picked":"Poisoned Stab","floor":23},{"not_picked":["Concentrate","Underhanded Strike"],"picked":"Crippling Poison","floor":24},{"not_picked":["Hidden Blade","Blade Dance","Underhanded Strike"],"picked":"SKIP","floor":27},{"not_picked":["Terror","Noxious Fumes"],"picked":"Bane+1","floor":28}],"player_experience":376000,"relics_obtained":[{"floor":6,"key":"StoneCalendar"},{"floor":7,"key":"Lantern"},{"floor":9,"key":"Vajra"},{"floor":11,"key":"ReplayTheSpireMod:TigerMarble"},{"floor":23,"key":"infinitespire:CheckeredPen"},{"floor":26,"key":"Happy Flower"}],"event_choices":[{"damage_healed":0,"gold_gain":75,"player_choice":"Gather Gold","damage_taken":11,"max_hp_gain":0,"max_hp_loss":0,"event_name":"World of Goop","floor":2,"gold_loss":0},{"damage_healed":0,"gold_gain":0,"player_choice":"Paid Gold","damage_taken":0,"relics_obtained":["Dream Catcher"],"max_hp_gain":0,"max_hp_loss":0,"event_name":"WeMeetAgain","floor":19,"gold_loss":124},{"damage_healed":0,"gold_gain":0,"player_choice":"Simplicity","damage_taken":0,"max_hp_gain":0,"max_hp_loss":0,"event_name":"Back to Basics","floor":22,"gold_loss":0,"cards_upgraded":["Strike_G","Strike_G","Strike_G","Strike_G","Strike_G","Defend_G","Defend_G","Defend_G","Defend_G","Defend_G","Slimebound:Strike_Slimebound"]},{"damage_healed":0,"gold_gain":0,"player_choice":"Upgraded","damage_taken":0,"max_hp_gain":0,"max_hp_loss":0,"event_name":"Upgrade Shrine","floor":25,"gold_loss":0,"cards_upgraded":["Crippling Poison"]}],"is_beta":false,"boss_relics":[{"not_picked":["SlaversCollar","Philosopher\u0027s Stone"],"picked":"Sozu"}],"items_purged_floors":[],"is_endless":false,"potions_floor_spawned":[1,14,23,27,28],"killed_by":"Snecko","ascension_level":0}}