{"host":"calynag5ibgivyo2","time":1607995079,"event":{"mods":["AchievementEnabler","BaseMod","Colored Map","DeckTracker","Minty Spire (QoL Compilation)","StSLib"],"gold_per_floor":[11,22,22,22,97,97,19,53,53,72,72,72,72,105,105,210,210,224,16,36,54,73,73,89,89,167,187,112,112,112,112],"floor_reached":30,"playtime":1200,"items_purged":[],"score":302,"play_id":"734b31f2-d096-4dc0-88a3-db46132dd4be","local_time":"20201214171759","is_ascension_mode":true,"campfire_choices":[{"data":"TalkToTheHand","floor":6,"key":"SMITH"},{"floor":12,"key":"REST"},{"data":"1","floor":15,"key":"LIFT"},{"data":"2","floor":23,"key":"LIFT"},{"floor":25,"key":"REST"},{"floor":29,"key":"REST"}],"circlet_count":0,"master_deck":["Strike_P+1","Defend_P","Defend_P","Defend_P","Defend_P","Eruption+1","Vigilance+1","FearNoEvil","TalkToTheHand+1","MentalFortress","WindmillStrike","Halt","Apotheosis","Evaluate","Crescendo","ClearTheMind"],"relics":["HolyWater","Kunai","Girya","Smiling Mask","Matryoshka"],"acts_visited":["Exordium","TheCity"],"potions_floor_usage":[8,14,14,21],"damage_taken":[{"damage":0,"enemies":"Cultist","floor":1,"turns":3},{"damage":2,"enemies":"Jaw Worm","floor":2,"turns":3},{"damage":37,"enemies":"3 Sentries","floor":8,"turns":6},{"damage":0,"enemies":"2 Louse","floor":10,"turns":2},{"damage":0,"enemies":"Gremlin Nob","floor":14,"turns":3},{"damage":20,"enemies":"The Guardian","floor":16,"turns":11},{"damage":7,"enemies":"2 Thieves","floor":18,"turns":4},{"damage":0,"enemies":"Spheric Guardian","floor":20,"turns":4},{"damage":27,"enemies":"Snecko","floor":21,"turns":5},{"damage":4,"enemies":"Centurion and Healer","floor":22,"turns":5},{"damage":26,"enemies":"3 Cultists","floor":24,"turns":4},{"damage":5,"enemies":"Snake Plant","floor":27,"turns":4},{"damage":47,"enemies":"Gremlin Leader","floor":30,"turns":7}],"seed_played":"-8245546917417728726","potions_obtained":[{"floor":1,"key":"Swift Potion"},{"floor":10,"key":"GamblersBrew"},{"floor":11,"key":"CultistPotion"},{"floor":11,"key":"LiquidBronze"},{"floor":18,"key":"ColorlessPotion"},{"floor":27,"key":"Ancient Potion"}],"is_trial":false,"path_per_floor":["M","M","?","?","?","R","$","E","T","M","?","R","$","E","R","B",null,"M","$","M","M","M","R","M","R","T","M","?","R","E"],"character_chosen":"WATCHER","items_purchased":["MentalFortress","Apotheosis","Evaluate"],"campfire_rested":3,"item_purchase_floors":[7,19,19],"current_hp_per_floor":[72,70,70,56,45,45,45,8,8,8,8,29,29,29,29,9,72,65,65,65,38,34,34,8,29,29,24,24,45,0,0],"gold":112,"neow_bonus":"REMOVE_TWO","is_daily":false,"chose_seed":false,"campfire_upgraded":1,"win_rate":0.0,"timestamp":1607995079,"path_taken":["M","M","?","?","?","R","?","E","T","M","?","R","$","E","R","BOSS","M","$","?","M","M","R","M","R","T","M","?","R","E"],"items_purchased_type":["Card","Card","Card"],"build_version":"2020-12-13","purchased_purges":0,"victory":false,"max_hp_per_floor":[72,72,72,72,72,72,72,72,72,72,72,72,72,72,72,72,72,72,72,72,72,72,72,72,72,72,72,72,72,72,72],"card_choices":[{"not_picked":["DeceiveReality","CrushJoints"],"picked":"FearNoEvil","floor":1},{"not_picked":["Vengeance","DeceiveReality"],"picked":"TalkToTheHand","floor":2},{"not_picked":["SashWhip","CarveReality"],"picked":"WindmillStrike","floor":8},{"not_picked":["FearNoEvil","EmptyFist","BowlingBash"],"picked":"SKIP","floor":10},{"not_picked":["CutThroughFate","Pray","WindmillStrike"],"picked":"SKIP","floor":14},{"not_picked":["EmptyFist","Wallop"],"picked":"Halt","floor":18},{"not_picked":["Prostrate","Halt","Evaluate"],"picked":"SKIP","floor":20},{"not_picked":["Halt","Wireheading"],"picked":"Crescendo","floor":21},{"not_picked":["EmptyMind+1","Protect"],"picked":"ClearTheMind","floor":22},{"not_picked":["EmptyBody","Prostrate","SignatureMove+1"],"picked":"SKIP","floor":24},{"not_picked":["Evaluate","Halt","ThirdEye"],"picked":"SKIP","floor":27}],"player_experience":424111,"relics_obtained":[{"floor":8,"key":"Kunai"},{"floor":9,"key":"Girya"},{"floor":14,"key":"Smiling Mask"},{"floor":26,"key":"Matryoshka"}],"event_choices":[{"damage_healed":0,"gold_gain":0,"player_choice":"Grow","damage_taken":0,"max_hp_gain":0,"max_hp_loss":0,"event_name":"Living Wall","floor":3,"gold_loss":0,"cards_upgraded":["Eruption"]},{"damage_healed":0,"gold_gain":0,"player_choice":"Entered Light","damage_taken":14,"max_hp_gain":0,"max_hp_loss":0,"event_name":"Shining Light","floor":4,"gold_loss":0,"cards_upgraded":["Vigilance","Strike_P"]},{"damage_healed":0,"gold_gain":75,"player_choice":"Gather Gold","damage_taken":11,"max_hp_gain":0,"max_hp_loss":0,"event_name":"World of Goop","floor":5,"gold_loss":0},{"damage_healed":0,"gold_gain":0,"player_choice":"Got Potions","damage_taken":0,"max_hp_gain":0,"max_hp_loss":0,"event_name":"Lab","floor":11,"gold_loss":0},{"cards_removed":["Strike_P"],"damage_healed":0,"gold_gain":0,"player_choice":"Gave Gold","damage_taken":0,"max_hp_gain":0,"max_hp_loss":0,"event_name":"Beggar","floor":28,"gold_loss":75}],"is_beta":false,"boss_relics":[{"not_picked":["Philosopher\u0027s Stone","SlaversCollar"],"picked":"HolyWater"}],"items_purged_floors":[],"is_endless":false,"potions_floor_spawned":[1,10,18,27],"killed_by":"Gremlin Leader","ascension_level":3}}