{"host":"5mo0809oo9tcrmpl","time":1607997475,"event":{"mods":["BaseMod","Highlight Path","Minty Spire (QoL Compilation)","Relic Stats","Slay the Relics Exporter"],"gold_per_floor":[114,125,140,140,140,140,180,180,205,205,32,32,52,71,71,71,71],"floor_reached":16,"playtime":637,"items_purged":[],"score":200,"play_id":"85b3d659-1c06-449c-8e29-be1aaa9b000e","local_time":"20201214195755","is_ascension_mode":true,"campfire_choices":[{"floor":6.0,"key":"REST"},{"data":"Iron Wave","floor":10,"key":"SMITH"},{"data":"Bash","floor":12,"key":"SMITH"},{"data":"Clothesline","floor":15,"key":"SMITH"}],"circlet_count":0,"master_deck":["AscendersBane","Strike_R","Strike_R","Strike_R","Strike_R","Defend_R","Defend_R","Defend_R","Bash+1","Infernal Blade","Carnage","Twin Strike","Iron Wave+1","Cleave","Clothesline+1","Seeing Red"],"relics":["Burning Blood","Golden Idol","Omamori","FaceOfCleric","Nunchaku","Lantern"],"acts_visited":[],"potions_floor_usage":[16,16],"damage_taken":[{"damage":4.0,"enemies":"Small Slimes","floor":1.0,"turns":3.0},{"damage":9.0,"enemies":"2 Louse","floor":2.0,"turns":3.0},{"damage":6.0,"enemies":"Cultist","floor":3.0,"turns":3.0},{"damage":17.0,"enemies":"3 Sentries","floor":7.0,"turns":6.0},{"damage":9,"enemies":"Blue Slaver","floor":13,"turns":3},{"damage":12,"enemies":"Exordium Wildlife","floor":14,"turns":3},{"damage":28,"enemies":"The Guardian","floor":16,"turns":11}],"seed_played":"1221183981742474889","potions_obtained":[{"floor":2.0,"key":"BlessingOfTheForge"},{"floor":7.0,"key":"Energy Potion"},{"floor":14,"key":"DuplicationPotion"}],"is_trial":false,"path_per_floor":["M","M","M","?","?","R","E","?","T","R","$","R","M","M","R","B"],"character_chosen":"IRONCLAD","items_purchased":["Lantern"],"campfire_rested":1,"item_purchase_floors":[11],"current_hp_per_floor":[52,49,49,23,23,45,34,34,34,34,34,34,32,27,27,0,0],"gold":71,"neow_bonus":"TRANSFORM_TWO_CARDS","is_daily":false,"chose_seed":false,"campfire_upgraded":3,"win_rate":0.0,"timestamp":1607997475,"path_taken":["M","M","M","?","?","R","E","?","T","R","$","R","M","M","R","BOSS"],"items_purchased_type":["Relic"],"build_version":"2020-12-13","purchased_purges":0,"victory":false,"max_hp_per_floor":[75,75,75,75,75,75,75,75,75,75,75,75,76,77,77,77,77],"relic_stats":{"Nunchaku":[3],"FaceOfCleric":2,"counters":[7,32],"Golden Idol":16,"obtain_stats":[{"Nunchaku":9,"Lantern":11,"FaceOfCleric":8,"Golden Idol":4,"Omamori":7,"Burning Blood":0},{"Nunchaku":4,"Lantern":4,"FaceOfCleric":4,"Golden Idol":3,"Omamori":4,"Burning Blood":0},{"Nunchaku":15,"Lantern":15,"FaceOfCleric":15,"Golden Idol":9,"Omamori":15,"Burning Blood":0}],"Burning Blood":36},"card_choices":[{"not_picked":["Heavy Blade","Sword Boomerang"],"picked":"Twin Strike","floor":1.0},{"not_picked":["Wild Strike","Warcry","Anger"],"picked":"SKIP","floor":2.0},{"not_picked":["Wild Strike","Thunderclap"],"picked":"Iron Wave","floor":3.0},{"not_picked":["Feel No Pain","Rupture"],"picked":"Cleave","floor":7.0},{"not_picked":["Inflame","Carnage"],"picked":"Clothesline","floor":13},{"not_picked":["Entrench","Warcry"],"picked":"Seeing Red","floor":14}],"player_experience":1258189,"relics_obtained":[{"floor":7.0,"key":"Omamori"},{"floor":9.0,"key":"Nunchaku"}],"event_choices":[{"damage_healed":0.0,"max_hp_gain":0.0,"max_hp_loss":0.0,"gold_gain":0.0,"event_name":"Golden Idol","player_choice":"Take Damage","floor":4.0,"gold_loss":0.0,"damage_taken":26.0,"relics_obtained":["Golden Idol"]},{"damage_healed":0.0,"max_hp_gain":0.0,"max_hp_loss":0.0,"gold_gain":0.0,"event_name":"Shining Light","player_choice":"Ignored","floor":5.0,"gold_loss":0.0,"damage_taken":0.0},{"damage_healed":0.0,"max_hp_gain":0.0,"max_hp_loss":0.0,"gold_gain":0.0,"event_name":"FaceTrader","player_choice":"Trade","floor":8.0,"gold_loss":0.0,"damage_taken":0.0,"relics_obtained":["FaceOfCleric"]}],"is_beta":false,"boss_relics":[],"items_purged_floors":[],"is_endless":false,"potions_floor_spawned":[2,7,14],"killed_by":"The Guardian","ascension_level":20}}