{"host":"wxm9nhpxzwflah6x","time":1607995496,"event":{"mods":["2.2 Compatiblity","AchievementEnabler","BaseMod","Minty Spire (QoL Compilation)","Quick Restart","Rare Cards Sparkle","Replay The Spire","StSLib"],"gold_per_floor":[114,114,129,129,129,129,159,159,159,161,161,176,176,191,191,291,291,306,306,246,246,261,261,111,126,126,141,141,141,141,171,171,271,321,336,351,366,459,459,489,504,504,504,504,504,519,7,22,22,22],"floor_reached":51,"playtime":1124,"items_purged":[],"score":1343,"play_id":"cb4c66cc-3072-44fa-afd2-e0e53cb5bb1e","local_time":"20201214172456","daily_mods":["Allstar","Hoarder","Night Terrors"],"is_ascension_mode":false,"campfire_choices":[{"data":"Mind Blast","floor":6.0,"key":"SMITH"},{"floor":8.0,"key":"REST"},{"data":"Mind Blast","floor":11.0,"key":"SMITH"},{"data":"Dramatic Entrance","floor":15.0,"key":"SMITH"},{"data":"Dramatic Entrance","floor":23.0,"key":"SMITH"},{"data":"Dramatic Entrance","floor":29.0,"key":"SMITH"},{"data":"Aggregate","floor":32.0,"key":"SMITH"},{"floor":42.0,"key":"REST"},{"data":"Dramatic Entrance","floor":44.0,"key":"SMITH"},{"data":"Dramatic Entrance","floor":49.0,"key":"SMITH"}],"circlet_count":0,"master_deck":["Strike_B","Strike_B","Strike_B","Strike_B","Defend_B","Defend_B","Defend_B","Defend_B","Zap","Dualcast","Mind Blast+1","Mind Blast+1","Mind Blast+1","Dramatic Entrance+1","Dramatic Entrance+1","Dramatic Entrance+1","Trip","Trip","Trip","Jack Of All Trades","Jack Of All Trades","Jack Of All Trades","Replay:Bootleg Shield Generator","Replay:Bootleg Shield Generator","Replay:Bootleg Shield Generator","Aggregate","Aggregate","Aggregate+1","Defragment","Defragment","Defragment","Cold Snap","Cold Snap","Cold Snap","Ball Lightning","Ball Lightning","Ball Lightning","Gash+1","Gash+1","Gash+1","Hyperbeam","Hyperbeam","Hyperbeam","Stack","Stack","Stack","Skim","Skim","Skim","Core Surge","Core Surge","Core Surge","Overencumbered","Overencumbered","Overencumbered","Languid","Languid","Languid","Looming Evil","Looming Evil","Looming Evil","White Noise","White Noise","White Noise","Ghostly","Ghostly","Ghostly","Ghostly","Ghostly","Ghostly","Ghostly","Ghostly","Ghostly","Ghostly","Ghostly","Ghostly","Ghostly","Ghostly","Ghostly","Pot Of Greed","Pot Of Greed","Pot Of Greed","Pot Of Greed","Pot Of Greed","Pot Of Greed+1","Pot Of Greed","Pot Of Greed","Pot Of Greed","Pot Of Greed","Pot Of Greed","Pot Of Greed","Pot Of Greed","Pot Of Greed","Pot Of Greed","Pot Of Greed","Pot Of Greed","Pot Of Greed","Pot Of Greed","Pot Of Greed","Pot Of Greed","Gash+1","Gash+1","Gash+1","ReplayGash","ReplayGash","ReplayGash","Gash+1","Gash+1","Gash+1","Defragment","Defragment","Defragment","Pain","Pain","Pain","Pot Of Greed","Pot Of Greed","Meteor Strike+1","Meteor Strike+1","Meteor Strike","Gash+1","Gash+1","Gash+1","White Noise+1","White Noise+1","White Noise+1","Buffer","Buffer","Buffer","Go for the Eyes+1","Go for the Eyes+1","Go for the Eyes+1","Dramatic Entrance+1","Dramatic Entrance+1","Dramatic Entrance","Gash+1","Gash+1","Gash+1","Midas Touch","Midas Touch","Midas Touch","Enlightenment","Enlightenment","Enlightenment","Gash+1","Gash+1","Gash+1","Gash+1","Gash+1","Gash+1"],"relics":["Cracked Core","Prayer Wheel","StrikeDummy","Replay:Bottled Flurry","Odd Mushroom","Replay:Ancient Bell","Potion Belt","Singing Bowl","Dead Branch","MutagenicStrength","Grinning Jar","Cables","WarpedTongs","Replay:Bottled Eggs","Tiny House","Whetstone","Garlic","Replay:Bottled Steam"],"acts_visited":["Exordium","TheCity","TheBeyond"],"potions_floor_usage":[50],"damage_taken":[{"damage":0.0,"enemies":"Small Slimes","floor":1.0,"turns":1.0},{"damage":0.0,"enemies":"Jaw Worm","floor":3.0,"turns":1.0},{"damage":33.0,"enemies":"Lagavulin","floor":7.0,"turns":4.0},{"damage":0.0,"enemies":"The Mushroom Lair","floor":10.0,"turns":1.0},{"damage":0.0,"enemies":"2 Louse","floor":12.0,"turns":1.0},{"damage":0.0,"enemies":"Large Slime","floor":14.0,"turns":1.0},{"damage":42.0,"enemies":"Hexaghost","floor":16.0,"turns":3.0},{"damage":0.0,"enemies":"Spheric Guardian","floor":18.0,"turns":1.0},{"damage":0.0,"enemies":"Shell Parasite","floor":22.0,"turns":1.0},{"damage":0.0,"enemies":"Centurion and Healer","floor":25.0,"turns":1.0},{"damage":0.0,"enemies":"Snake Plant","floor":27.0,"turns":1.0},{"damage":0.0,"enemies":"Slavers","floor":31.0,"turns":1.0},{"damage":30.0,"enemies":"Pondfish","floor":33.0,"turns":9.0},{"damage":0.0,"enemies":"3 Darklings","floor":35.0,"turns":1.0},{"damage":6.0,"enemies":"3 Shapes","floor":36.0,"turns":1.0},{"damage":0.0,"enemies":"Maw","floor":37.0,"turns":1.0},{"damage":0.0,"enemies":"Nemesis","floor":40.0,"turns":1.0},{"damage":0.0,"enemies":"Writhing Mass","floor":41.0,"turns":1.0},{"damage":0.0,"enemies":"Spire Growth","floor":46.0,"turns":1.0},{"damage":0.0,"enemies":"Jaw Worm Horde","floor":48.0,"turns":1.0},{"damage":0,"enemies":"Donu and Deca","floor":50,"turns":1}],"seed_played":"8833210206598683822","potions_obtained":[{"floor":3.0,"key":"Explosive Potion"},{"floor":7.0,"key":"PowerPotion"},{"floor":12.0,"key":"Elixir"},{"floor":22.0,"key":"SmokeBomb"},{"floor":33.0,"key":"SpeedPotion"},{"floor":34.0,"key":"FocusPotion"},{"floor":35.0,"key":"FearPotion"},{"floor":37.0,"key":"SkillPotion"}],"is_trial":false,"path_per_floor":["M","?","M","?","?","R","E","R","T","?","R","M","$","M","R","B",null,"M","?","?","?","M","R","$","M","T","M","?","R","?","E","R","B",null,"M","M","M","?","?","E","M","R","T","R","?","M","$","M","R","B",null],"character_chosen":"DEFECT","items_purchased":["Grinning Jar","Replay:Bottled Steam","Midas Touch","Enlightenment"],"campfire_rested":2,"item_purchase_floors":[24,47,47,47],"current_hp_per_floor":[75,80,80,80,80,80,47,75,75,75,75,75,75,75,75,33,81,83,41,41,41,45,45,45,45,45,47,47,47,47,49,49,19,56,60,56,58,44,44,46,48,65,65,65,65,69,69,69,69,69],"gold":22,"neow_bonus":"","is_daily":true,"chose_seed":false,"campfire_upgraded":8,"win_rate":0.0,"timestamp":1607995496,"path_taken":["M","?","M","?","?","R","E","R","T","?","R","M","$","M","R","BOSS","M","?","?","?","M","R","$","M","T","M","?","R","?","E","R","BOSS","M","?","M","?","?","E","?","R","T","R","?","M","?","?","R","BOSS"],"items_purchased_type":["Relic","Relic","Card","Card"],"build_version":"2020-12-13","purchased_purges":0,"victory":true,"max_hp_per_floor":[75,80,80,80,80,80,80,75,75,75,75,75,75,75,75,75,81,83,41,41,41,45,45,45,45,45,47,47,47,47,49,49,49,56,60,62,64,66,66,68,70,65,65,65,65,69,69,69,69,69],"card_choices":[{"not_picked":["Rebound","Turbo"],"picked":"Aggregate","floor":1.0},{"not_picked":["Sweeping Beam","BasicCrystalCard"],"picked":"Defragment","floor":3.0},{"not_picked":["Sweeping Beam","ReplaySort"],"picked":"Cold Snap","floor":7.0},{"not_picked":["Redo","Hologram"],"picked":"Ball Lightning","floor":10.0},{"not_picked":["Consume","Stack"],"picked":"Gash","floor":12.0},{"not_picked":["Crystallizer","Hologram"],"picked":"Hyperbeam","floor":12.0},{"not_picked":["Panic Button","Compile Driver"],"picked":"Stack","floor":14.0},{"not_picked":["Beam Cell","BasicCrystalCard"],"picked":"Skim","floor":14.0},{"not_picked":["Amplify","ReplayRNGCard"],"picked":"Core Surge","floor":16.0},{"not_picked":["Overencumbered","AbeCurse","Hallucinations"],"picked":"Singing Bowl","floor":17.0},{"not_picked":["Languid","Looming Evil","Voices"],"picked":"Singing Bowl","floor":17.0},{"not_picked":["Amnesia","Looming Evil","Hallucinations"],"picked":"Singing Bowl","floor":17.0},{"not_picked":["BasicCrystalCard+1","Scrape","Glacier+1"],"picked":"Singing Bowl","floor":18.0},{"not_picked":["Stack","Beam Cell"],"picked":"White Noise","floor":18.0},{"not_picked":["Stack","Barrage","Amplify"],"picked":"Singing Bowl","floor":22.0},{"not_picked":["Blizzard","Hello World","Coolheaded"],"picked":"Singing Bowl","floor":22.0},{"not_picked":["Recycle+1","Stack+1"],"picked":"Gash","floor":25.0},{"not_picked":["Steam+1","Hologram"],"picked":"ReplayGash","floor":25.0},{"not_picked":["Crystallizer","ReplayTheSpireMod:GoodbyeWorld","Leap"],"picked":"Singing Bowl","floor":27.0},{"not_picked":["Streamline","ReplayTheSpireMod:Omega Cannon"],"picked":"Gash","floor":27.0},{"not_picked":["Static Discharge+1","Beam Cell+1","Sweeping Beam"],"picked":"Singing Bowl","floor":31.0},{"not_picked":["Multi-Cast","Rainbow"],"picked":"Meteor Strike","floor":33.0},{"not_picked":["Sweeping Beam","Steam Power","Steam"],"picked":"Singing Bowl","floor":34.0},{"not_picked":["Redo+1","Steam Power","Turbo"],"picked":"Singing Bowl","floor":35.0},{"not_picked":["Steam+1","Conserve Battery","Reinforced Body"],"picked":"Singing Bowl","floor":35.0},{"not_picked":["Conserve Battery+1","Glacier"],"picked":"Gash+1","floor":36.0},{"not_picked":["Leap","Barrage","Skim"],"picked":"Singing Bowl","floor":36.0},{"not_picked":["Doom and Gloom","BasicCrystalCard","FTL"],"picked":"Singing Bowl","floor":37.0},{"not_picked":["Coolheaded+1","Sweeping Beam+1"],"picked":"White Noise+1","floor":37.0},{"not_picked":["Ball Lightning+1","Cold Snap+1"],"picked":"Buffer","floor":38.0},{"not_picked":["ReplayTheSpireMod:GoodbyeWorld","Barrage+1","Sweeping Beam+1"],"picked":"Singing Bowl","floor":38.0},{"not_picked":["ReplayTheSpireMod:Reroute Power+1","Coolheaded"],"picked":"Go for the Eyes+1","floor":38.0},{"not_picked":["Rip and Tear","ReplayTheSpireMod:System Scan+1","Consume+1"],"picked":"Singing Bowl","floor":40.0},{"not_picked":["BootSequence+1","Hello World+1","Panic Button"],"picked":"Singing Bowl","floor":41.0},{"not_picked":["Genetic Algorithm","Reprogram+1"],"picked":"Gash","floor":41.0},{"not_picked":["Redo+1","Fusion","Cold Snap"],"picked":"Singing Bowl","floor":46.0},{"not_picked":["Sweeping Beam+1","Conserve Battery","Chill+1"],"picked":"Singing Bowl","floor":46.0},{"not_picked":["Sweeping Beam","Meteor Strike"],"picked":"Gash","floor":48.0},{"not_picked":["Darkness","Compile Driver+1"],"picked":"Gash","floor":48.0}],"player_experience":210235,"relics_obtained":[{"floor":7.0,"key":"StrikeDummy"},{"floor":9.0,"key":"Replay:Bottled Flurry"},{"floor":10.0,"key":"Odd Mushroom"},{"floor":26.0,"key":"Cables"},{"floor":31.0,"key":"Replay:Bottled Eggs"},{"floor":40.0,"key":"Whetstone"},{"floor":43.0,"key":"Garlic"}],"event_choices":[{"damage_healed":0.0,"max_hp_gain":5.0,"max_hp_loss":0.0,"gold_gain":0.0,"event_name":"Big Fish","player_choice":"Donut","floor":2.0,"gold_loss":0.0,"damage_taken":0.0},{"damage_healed":0.0,"max_hp_gain":0.0,"max_hp_loss":0.0,"gold_gain":0.0,"event_name":"The Cleric","player_choice":"Leave","floor":4.0,"gold_loss":0.0,"damage_taken":0.0},{"damage_healed":0.0,"max_hp_gain":0.0,"max_hp_loss":0.0,"gold_gain":0.0,"event_name":"Living Wall","player_choice":"Grow","floor":5.0,"gold_loss":0.0,"damage_taken":0.0,"cards_upgraded":["Mind Blast"]},{"damage_healed":0.0,"max_hp_gain":0.0,"max_hp_loss":0.0,"gold_gain":0.0,"event_name":"Mushrooms","player_choice":"Fought Mushrooms","floor":10.0,"gold_loss":0.0,"damage_taken":0.0},{"damage_healed":0.0,"max_hp_gain":0.0,"max_hp_loss":42.0,"gold_gain":0.0,"event_name":"Ghosts","player_choice":"Became a Ghost","floor":19.0,"gold_loss":0.0,"damage_taken":0.0,"cards_obtained":["Ghostly","Ghostly","Ghostly","Ghostly","Ghostly"]},{"damage_healed":0.0,"max_hp_gain":0.0,"max_hp_loss":0.0,"gold_gain":0.0,"event_name":"Drug Dealer","player_choice":"Inject Mutagens","floor":21.0,"gold_loss":0.0,"damage_taken":0.0,"relics_obtained":["MutagenicStrength"]},{"damage_healed":0.0,"max_hp_gain":0.0,"max_hp_loss":0.0,"gold_gain":0.0,"event_name":"The Library","player_choice":"Read","floor":28.0,"gold_loss":0.0,"damage_taken":0.0,"cards_obtained":["Defragment"]},{"damage_healed":0.0,"max_hp_gain":0.0,"max_hp_loss":0.0,"gold_gain":0.0,"event_name":"Accursed Blacksmith","player_choice":"Rummage","floor":30.0,"gold_loss":0.0,"damage_taken":0.0,"relics_obtained":["WarpedTongs"],"cards_obtained":["Pain"]},{"damage_healed":0.0,"max_hp_gain":0.0,"max_hp_loss":0.0,"gold_gain":0.0,"event_name":"Match and Keep!","player_choice":"1 cards matched","floor":39.0,"gold_loss":0.0,"damage_taken":0.0,"cards_obtained":["Dramatic Entrance"]},{"cards_removed":["Pot Of Greed"],"damage_healed":0.0,"max_hp_gain":0.0,"max_hp_loss":0.0,"gold_gain":0.0,"event_name":"Falling","player_choice":"Removed Skill","floor":45.0,"gold_loss":0.0,"damage_taken":0.0}],"is_beta":false,"boss_relics":[{"not_picked":["Replay:Bronze Core","Black Star"],"picked":"Replay:Ancient Bell"},{"not_picked":["Lantern","Orichalcum"],"picked":"Potion Belt"},{"not_picked":["Meat on the Bone","Chameleon Ring"],"picked":"Singing Bowl"},{"not_picked":["Pocketwatch","TungstenRod"],"picked":"Dead Branch"},{"not_picked":["FrozenCore","Cursed Key"],"picked":"Tiny House"}],"items_purged_floors":[],"is_endless":false,"potions_floor_spawned":[3,7,12,22,33,35,37,46,48],"ascension_level":0}}