{"host":"y89x8uui45kcjy42","time":1607992136,"event":{"mods":["2.2 Compatiblity","BaseMod","Colored Map","Colored Powertips","Friendly Minions","Highlight Path","Keyboard Shortcuts","Minty Spire (QoL Compilation)","StSLib","SuperFastMode","The Runesmith","Waifu the Spire"],"gold_per_floor":[118,133,150,150,163,198,198,148,195,229,229,243,261,279,279,408,408,421,361,374,37,53,53,53,53],"floor_reached":24,"playtime":1003,"items_purged":["Runesmith:Strike_RS"],"score":235,"play_id":"2265bfb3-a083-4e02-b7c0-753d01cf1395","local_time":"20201215092856","is_ascension_mode":false,"campfire_choices":[{"data":"Runesmith:CraftFirestone","floor":7,"key":"SMITH"},{"data":"Runesmith:EarthShield","floor":11,"key":"SMITH"},{"data":"Runesmith:CraftMagma","floor":15,"key":"SMITH"},{"data":"Runesmith:Discharge","floor":23,"key":"SMITH"}],"circlet_count":0,"master_deck":["Runesmith:Strike_RS","Runesmith:Strike_RS","Runesmith:Defend_RS","Runesmith:Defend_RS","Runesmith:Defend_RS","Runesmith:Defend_RS","Runesmith:CraftFirestone+1","Runesmith:Fortify","Runesmith:EarthShield+1","Runesmith:CraftMagma+1","Runesmith:CraftMagma","Runesmith:CraftIncendium","Runesmith:BackupBattery","Runesmith:CraftIndustria","Runesmith:RunicBlueprint","Runesmith:Discharge+1"],"relics":["Runesmith:BrokenRuby","Bronze Scales","Golden Idol","Ornamental Fan","PreservedInsect","Orichalcum","Runic Dome","Toxic Egg 2"],"acts_visited":["Exordium","TheCity"],"potions_floor_usage":[6,6,19,24,24],"damage_taken":[{"damage":0,"enemies":"Cultist","floor":1,"turns":3},{"damage":5,"enemies":"Small Slimes","floor":2,"turns":5},{"damage":3,"enemies":"2 Louse","floor":3,"turns":2},{"damage":1,"enemies":"Blue Slaver","floor":5,"turns":4},{"damage":9,"enemies":"Lagavulin","floor":6,"turns":8},{"damage":0,"enemies":"3 Sentries","floor":10,"turns":5},{"damage":0,"enemies":"3 Louse","floor":12,"turns":3},{"damage":1,"enemies":"Looter","floor":13,"turns":3},{"damage":1,"enemies":"Blue Slaver","floor":14,"turns":3},{"damage":29,"enemies":"Slime Boss","floor":16,"turns":10},{"damage":9,"enemies":"Spheric Guardian","floor":18,"turns":5},{"damage":16,"enemies":"2 Thieves","floor":19,"turns":4},{"damage":21,"enemies":"Snake Plant","floor":20,"turns":3},{"damage":0,"enemies":"Snecko","floor":22,"turns":6},{"damage":22,"enemies":"Slavers","floor":24,"turns":1}],"seed_played":"-3475853762561435336","potions_obtained":[{"floor":1,"key":"LiquidMemories"},{"floor":5,"key":"Energy Potion"},{"floor":10,"key":"SteroidPotion"},{"floor":12,"key":"AttackPotion"},{"floor":20,"key":"LiquidBronze"}],"is_trial":false,"path_per_floor":["M","M","M","?","M","E","R","?","T","E","R","M","M","M","R","B",null,"M","M","M","$","M","R","E"],"character_chosen":"RUNESMITH_CLASS","items_purchased":["Toxic Egg 2"],"campfire_rested":0,"item_purchase_floors":[21],"current_hp_per_floor":[70,65,62,62,61,52,52,52,52,52,52,52,51,50,50,21,65,56,40,19,19,19,19,0,0],"gold":53,"neow_bonus":"RANDOM_COMMON_RELIC","is_daily":false,"chose_seed":false,"campfire_upgraded":4,"win_rate":0.0,"timestamp":1607992136,"path_taken":["M","M","?","?","M","E","R","?","T","E","R","M","M","M","R","BOSS","M","M","M","$","M","R","E"],"items_purchased_type":["Relic"],"build_version":"2020-12-13","purchased_purges":1,"victory":false,"max_hp_per_floor":[70,70,70,65,65,65,65,65,65,65,65,65,65,65,65,65,65,65,65,65,65,65,65,65,65],"card_choices":[{"not_picked":["Runesmith:Firewall","Runesmith:HammerThrow"],"picked":"Runesmith:EarthShield","floor":1},{"not_picked":["Runesmith:Grindstone","Runesmith:OneForEveryone"],"picked":"Runesmith:CraftMagma","floor":2},{"not_picked":["Runesmith:PoweredAnvil","Runesmith:Refine","Runesmith:Terraform"],"picked":"SKIP","floor":3},{"not_picked":["Runesmith:Grindstone","Runesmith:NegativeSpace","Runesmith:Firewall"],"picked":"SKIP","floor":5},{"not_picked":["Runesmith:WhiteBalance","Runesmith:ChaoticBlast"],"picked":"Runesmith:CraftMagma","floor":6},{"not_picked":["Runesmith:EarthShield","Runesmith:NanitesCloud"],"picked":"Runesmith:CraftIncendium","floor":10},{"not_picked":["Runesmith:HammerThrow","Runesmith:Overpower","Runesmith:UnstableHammer"],"picked":"SKIP","floor":12},{"not_picked":["Runesmith:EnergizedChisel","Runesmith:CraftIncendium"],"picked":"Runesmith:BackupBattery","floor":13},{"not_picked":["Runesmith:Supernova","Runesmith:ShiftingStrike","Runesmith:BackupBattery"],"picked":"SKIP","floor":14},{"not_picked":["Runesmith:LastStand","Runesmith:LightningRod"],"picked":"Runesmith:CraftIndustria","floor":16},{"not_picked":["Runesmith:MakeshiftArmor+1","Runesmith:ChiselStab","Runesmith:Grindstone"],"picked":"SKIP","floor":18},{"not_picked":["Runesmith:Firestorm+1","Runesmith:Overpower"],"picked":"Runesmith:RunicBlueprint","floor":19},{"not_picked":["Runesmith:Overpower","Runesmith:HeatExchange+1"],"picked":"Runesmith:Discharge","floor":20},{"not_picked":["Runesmith:BackupBattery+1","Runesmith:MakeshiftArmor+1","Runesmith:Firewall+1"],"picked":"SKIP","floor":22}],"player_experience":488458,"relics_obtained":[{"floor":6,"key":"Ornamental Fan"},{"floor":9,"key":"PreservedInsect"},{"floor":10,"key":"Orichalcum"}],"event_choices":[{"damage_healed":0,"gold_gain":0,"player_choice":"Lose Max HP","damage_taken":0,"relics_obtained":["Golden Idol"],"max_hp_gain":0,"max_hp_loss":5,"event_name":"Golden Idol","floor":4,"gold_loss":0},{"cards_removed":["Runesmith:Strike_RS"],"damage_healed":0,"gold_gain":0,"player_choice":"Card Removal","damage_taken":0,"max_hp_gain":0,"max_hp_loss":0,"event_name":"The Cleric","floor":8,"gold_loss":50}],"is_beta":false,"boss_relics":[{"not_picked":["Ectoplasm","Philosopher\u0027s Stone"],"picked":"Runic Dome"}],"items_purged_floors":[21],"is_endless":false,"potions_floor_spawned":[1,5,10,12,20],"killed_by":"Slavers","ascension_level":0}}