{"host":"bottb4jsqnc4aqf4","time":1607991541,"event":{"mods":["AchievementEnabler","BaseMod","Colored Powertips","Minty Spire (QoL Compilation)","MostiFishMod","Quick Restart","Replay The Spire","Shop Mod","Spicy Shops","StSLib","SuperFastMode","TestMod","[IsaacMod]以撒尖塔","vexMod","篝火指南"],"gold_per_floor":[114,114,127,33333,29349,29378,27228,26059,26111,26139,26139,22892,22690,22706,22259,22358,22358,22372,22382,22382,22382,22409,22288,22203,19930,19954,19986,20004,20024,18675,18704,17937,18035,18035,18045,18056,18069,18069,18069,18069,18069,18083,18083,18116,18188,18221,18241,18241,18241,18295,18295,18295],"floor_reached":53,"playtime":1958,"items_purged":["Defend_G","Defend_G","Defend_G","Defend_G","Survivor","EpicFetus","Defend_G+3","Neutralize+1","Defend_G","Terror","Cleave+1","Strike_G+1"],"score":1270,"play_id":"eea3660e-e6b4-44d4-8e05-8c4f110f4fad","local_time":"20201215081901","is_ascension_mode":true,"campfire_choices":[{"floor":48,"key":"RECALL"}],"circlet_count":0,"master_deck":["Strike_G+1","Strike_G+1","Strike_G+3","Strike_G+2","Dagger Spray+1","Dagger Spray+1","Dagger Spray+1","Dagger Spray","Die Die Die+1","testmod-Collector+1"],"relics":["Ring of the Snake","testmod-TestBox","DaveBox","HushsDoor","testmod-RealStoneCalender","The Courier","Leech","NeowsBlessing","Question Card","MerchantsRug","Boot","FossilizedHelix","Mercury Hourglass","Oddly Smooth Stone","Bottled Flame","Nunchaku","Lantern","ReplayTheSpireMod:Shallot","Replay:Bottled Eggs","Replay:Wax Seal","Vajra","testmod-Motorcycle","Regal Pillow","Whetstone","Matryoshka","Onion Ring","Orichalcum","testmod-Justice","Replay:Rubber Ducky","vexMod:RetaliationKit","Ice Cream","vexMod:FocusSash","MawBank","testmod-ArcanaOfDestiny","vexMod:Dragonfruit","Girya","TheBean","BelialBook","Ancient Tea Set","Potion Belt","Question Card","CaptainsWheel","Toy Ornithopter","Shovel","Gremlin Food","Simple Rune","MealTicket","Blood Vial","testmod-Antiphasic","Snack Pack","Technique","testmod-IndustrialRevolution","War Paint","testmod-HeartOfDaVinci","DollysMirror","ReplayTheSpireMod:Ninjato","Prayer Wheel","testmod-LifeArmor","vexMod:BarristanHead","vexMod:InvisibilityCloak","PokeGo","Chi","Ling","Bag of Marbles","Red Skull","ReplayTheSpireMod:TigerMarble","testmod-OneHitWonder","TheBible","Omamori","Symbiotic Virus","Diplopia","Calipers","Cables","Carrot","DataDisk","Strawberry","Juzu Bracelet","Geode","ImportantClient","Nuclear Battery","Enchiridion","vexMod:MemoryStick","ReplayTheSpireMod:Spearhead","King of Hearts","Replay:Mystery Machine","vexMod:PaidLearning","HowToJump","testmod-IntensifyImprint","SharpPlug","Kunai","Pantograph","Meat on the Bone","Bronze Scales","TuHaoJin","Garlic","testmod-InfectionSource","Chemical X","Mirror","testmod-Hope","Pear","BrkXgEgg","Golden Egg","Divine Protection","Molten Egg 2","Chameleon Ring","Membership Card","HornCleat","SteamSale","testmod-SaigiyounoYou","GuppysHead","Frozen Egg 2","vexMod:ScavengeHelm","Shuriken","Void"],"acts_visited":["Exordium","TheCity","TheBeyond"],"potions_floor_usage":[],"damage_taken":[{"damage":0,"enemies":"Small Slimes","floor":1,"turns":1},{"damage":0,"enemies":"Jaw Worm","floor":3,"turns":1},{"damage":0,"enemies":"2 Louse","floor":4,"turns":1},{"damage":0,"enemies":"Lagavulin","floor":6,"turns":2},{"damage":0,"enemies":"3 Sentries","floor":10,"turns":1},{"damage":0,"enemies":"Large Slime","floor":14,"turns":2},{"damage":0,"enemies":"Slime Boss","floor":16,"turns":1},{"damage":0,"enemies":"Shell Parasite","floor":18,"turns":1},{"damage":0,"enemies":"2 Thieves","floor":19,"turns":1},{"damage":0,"enemies":"Book of Stabbing","floor":27,"turns":1},{"damage":0,"enemies":"Sentry and Sphere","floor":28,"turns":1},{"damage":0,"enemies":"Chosen and Byrds","floor":29,"turns":1},{"damage":0,"enemies":"Slavers","floor":31,"turns":1},{"damage":0,"enemies":"Automaton","floor":33,"turns":1},{"damage":0,"enemies":"3 Shapes","floor":35,"turns":1},{"damage":0,"enemies":"Orb Walker","floor":36,"turns":1},{"damage":0,"enemies":"Maw","floor":37,"turns":1},{"damage":0,"enemies":"Jaw Worm Horde","floor":41,"turns":1},{"damage":0,"enemies":"Transient","floor":42,"turns":2},{"damage":0,"enemies":"R_Hoarder","floor":44,"turns":1},{"damage":0,"enemies":"Reptomancer","floor":46,"turns":1},{"damage":0,"enemies":"Writhing Mass","floor":47,"turns":1},{"damage":0,"enemies":"Spire Growth","floor":49,"turns":1},{"damage":0,"enemies":"2 Orb Walkers","floor":50,"turns":1},{"damage":0,"enemies":"Awakened One","floor":52,"turns":2}],"seed_played":"8572748356501143444","potions_obtained":[{"floor":10,"key":"ColorlessPotion"},{"floor":19,"key":"Fire Potion"},{"floor":27,"key":"SpeedPotion"},{"floor":29,"key":"GamblersBrew"},{"floor":31,"key":"Energy Potion"}],"is_trial":false,"path_per_floor":["M","?","M","M","$","E","R","$","T","E","?","$","R","M","R","B",null,"M","M","?","?","T","R","?","R","T","E","M","M","$","E","R","B",null,"M","M","M","PTL","PTL","?","M","M","$","E","T","E","M","R","M","?","R","B",null],"character_chosen":"THE_SILENT","items_purchased":["MerchantsRug","Dagger Spray","Boot","FossilizedHelix","Mercury Hourglass","Oddly Smooth Stone","Bottled Flame","Nunchaku","Lantern","ReplayTheSpireMod:Shallot","Replay:Bottled Eggs","Replay:Wax Seal","Vajra","testmod-Motorcycle","Regal Pillow","Whetstone","Matryoshka","Onion Ring","Orichalcum","testmod-Justice","Darkstone Periapt","Replay:Rubber Ducky","vexMod:RetaliationKit","Ice Cream","MawBank","testmod-ArcanaOfDestiny","vexMod:Dragonfruit","Girya","TheBean","BelialBook","Ancient Tea Set","Potion Belt","Question Card","CaptainsWheel","Toy Ornithopter","Shovel","Gremlin Food","Simple Rune","MealTicket","Blood Vial","testmod-Antiphasic","Snack Pack","Technique","DollysMirror","EpicFetus","ReplayTheSpireMod:Ninjato","Prayer Wheel","testmod-LifeArmor","vexMod:BarristanHead","vexMod:InvisibilityCloak","PokeGo","ChiLing","Bag of Marbles","Red Skull","ReplayTheSpireMod:TigerMarble","testmod-OneHitWonder","TheBible","Omamori","Symbiotic Virus","Diplopia","Calipers","Cables","Carrot","DataDisk","Strawberry","Juzu Bracelet","Geode","King of Hearts","vexMod:PaidLearning","HowToJump","testmod-IntensifyImprint","SharpPlug","Kunai","Pantograph","Meat on the Bone","Bronze Scales","TuHaoJin","Garlic","testmod-InfectionSource","Chemical X","testmod-Hope","Pear","BrkXgEgg","vexMod:BerryBomb","Golden Egg","Divine Protection","Molten Egg 2","Membership Card","HornCleat","SteamSale","Die Die Die+1","testmod-Collector+1","GuppysHead"],"campfire_rested":0,"item_purchase_floors":[5,5,5,5,5,5,5,5,5,5,5,5,5,5,5,5,5,5,5,5,5,5,5,5,7,7,7,7,7,7,7,7,7,7,7,7,8,8,8,8,8,8,8,12,12,12,12,12,12,12,12,12,12,12,12,12,12,12,12,12,12,12,13,15,15,15,15,23,25,25,25,25,25,25,25,25,25,25,25,25,30,30,30,30,30,30,30,32,32,32,32,34,34],"current_hp_per_floor":[70,70,70,70,70,70,75,75,75,75,75,75,75,75,82,82,82,82,82,66,74,74,74,74,74,74,80,82,82,98,98,98,98,81,81,81,81,81,81,81,81,81,81,81,81,81,81,81,81,81,81,81],"gold":18295,"neow_bonus":"THREE_ENEMY_KILL","is_daily":false,"chose_seed":false,"campfire_upgraded":0,"win_rate":0.0,"timestamp":1607991541,"path_taken":["M","?","M","M","$","E","R","$","T","E","?","$","R","?","R","BOSS","M","M","?","?","?","R","?","R","T","E","M","M","$","E","R","BOSS","M","M","M","PTL","PTL","?","M","M","$","E","T","E","M","R","M","?","R","BOSS"],"items_purchased_type":["Relic","Card","Relic","Relic","Relic","Relic","Relic","Relic","Relic","Relic","Relic","Relic","Relic","Relic","Relic","Relic","Relic","Relic","Relic","Relic","Relic","Relic","Relic","Relic","Relic","Relic","Relic","Relic","Relic","Relic","Relic","Relic","Relic","Relic","Relic","Relic","Relic","Relic","Relic","Relic","Relic","Relic","Relic","Relic","Card","Relic","Relic","Relic","Relic","Relic","Relic","Relic","Relic","Relic","Relic","Relic","Relic","Relic","Relic","Relic","Relic","Relic","Relic","Relic","Relic","Relic","Relic","Relic","Relic","Relic","Relic","Relic","Relic","Relic","Relic","Relic","Relic","Relic","Relic","Relic","Relic","Relic","Relic","Relic","Relic","Relic","Relic","Relic","Relic","Relic","Card","Card","Relic"],"build_version":"2020-12-13","purchased_purges":12,"victory":true,"max_hp_per_floor":[70,70,70,70,70,70,75,75,75,75,75,75,75,75,82,82,82,82,82,82,82,82,82,82,82,82,82,82,82,98,98,98,98,81,81,81,81,81,81,81,81,81,81,81,81,81,81,81,81,81,81,81],"card_choices":[{"not_picked":["PiercingWail","Noxious Fumes","Deflect"],"picked":"SKIP","floor":1},{"not_picked":["Acrobatics","Quick Slash","Flying Knee","Poisoned Stab"],"picked":"SKIP","floor":3},{"not_picked":["Infinite Blades","Dodge and Roll","MostiFishMod:LethalBlade","Caltrops"],"picked":"SKIP","floor":4},{"not_picked":["Malaise","ReplayTheSpireMod:Shiv Toss","Underhanded Strike","Slice"],"picked":"SKIP","floor":6},{"not_picked":["Sucker Punch","Deflect","Bomb","Slice","Distraction"],"picked":"SKIP","floor":10},{"not_picked":["Phantasmal Killer","MostiFishMod:PerfectParry","Hidden Blade","Poisoned Stab"],"picked":"Terror","floor":14},{"not_picked":["Blur","Poisoned Stab","Expertise","Dagger Throw","ReplayTheSpireMod:Scrap Shanks"],"picked":"SKIP","floor":14},{"not_picked":["Deflect+1","Dodge and Roll","Distraction+1","Predator"],"picked":"Dagger Spray","floor":18},{"not_picked":["Sucker Punch+1","Replay:Poison Smokescreen","PiercingWail","Blade Dance","Bane"],"picked":"SKIP","floor":18},{"not_picked":["Footwork","Terror","Blade Dance","Hidden Blade","Leg Sweep"],"picked":"SKIP","floor":19},{"not_picked":["Prepared+1","Poisoned Stab","Bane","Sneak Up","MostiFishMod:PreservedThorns"],"picked":"SKIP","floor":19},{"not_picked":["Glass Knife","Prepared","Dodge and Roll+1","Deadly Poison","Quick Slash"],"picked":"SKIP","floor":27},{"not_picked":["Dagger Throw","Flechettes","ReplayTheSpireMod:Exploit Weakness+1","Predator","Masterful Stab"],"picked":"SKIP","floor":28},{"not_picked":["Deadly Poison+1","MostiFishMod:InvigoratingSolution","Flying Knee+1","PiercingWail","Venomology"],"picked":"SKIP","floor":28},{"not_picked":["Dagger Throw","Bouncing Flask","Footwork","Poisoned Stab"],"picked":"Dagger Spray","floor":29},{"not_picked":["PiercingWail","Prepared","ReplayTheSpireMod:Speed Training+1","Outmaneuver","Fluid Movement"],"picked":"SKIP","floor":29},{"not_picked":["Acrobatics+1","MostiFishMod:InvigoratingSolution+1","Bane+1","Deadly Poison","MostiFishMod:PerfectParry+1"],"picked":"SKIP","floor":31},{"not_picked":["MostiFishMod:PerfectParry","Toxin Wave+1","Prepared+1","Acrobatics","Masterful Stab+1"],"picked":"SKIP","floor":35},{"not_picked":["Night Terror+1","MostiFishMod:FrostNova","Deflect+1","Slice+1","Dagger Throw+1"],"picked":"SKIP","floor":35},{"not_picked":["Draining Mist+1","Reflex+1","Bane+1","Dodge and Roll","ReplayTheSpireMod:Speed Training"],"picked":"SKIP","floor":36},{"not_picked":["Dagger Spray+1","Bane+1","MostiFishMod:PoisonShield","Prepared+1","Eviscerate+1"],"picked":"SKIP","floor":36},{"not_picked":["Dagger Throw+1","PiercingWail+1","Prepared+1","Quick Slash+1","Toxin Wave+1"],"picked":"SKIP","floor":37},{"not_picked":["After Image+1","Acrobatics","Dodge and Roll","Choke+1","Reflex+1"],"picked":"SKIP","floor":37},{"not_picked":["Outmaneuver+1","Poisoned Stab+1","Sucker Punch+1","Dagger Throw+1","Endless Agony+1"],"picked":"SKIP","floor":41},{"not_picked":["Masterful Stab+1","Underhanded Strike+1","Slice+1","Eviscerate+1","Well Laid Plans"],"picked":"SKIP","floor":41},{"not_picked":["Hidden Blade","Dagger Throw+1","PiercingWail","Backflip+1","Prepared+1"],"picked":"SKIP","floor":42},{"not_picked":["Backflip","Underhanded Strike+1","PiercingWail+1","MostiFishMod:PerfectParry","All Out Attack+1"],"picked":"SKIP","floor":42},{"not_picked":["MostiFishMod:HiddenBlade+1","Dagger Throw+1","Prepared","MostiFishMod:FrostNova","Tools of the Trade+1"],"picked":"SKIP","floor":44},{"not_picked":["Deadly Poison+1","Finisher+1","Tactician","Dagger Throw+1","Expertise+1"],"picked":"SKIP","floor":46},{"not_picked":["Dagger Throw+1","Sucker Punch+1","Poisoned Stab+1","Deadly Poison","Dagger Spray+1"],"picked":"SKIP","floor":47},{"not_picked":["Hidden Blade+1","PiercingWail+1","Dash+1","Flechettes+1","Terror+1"],"picked":"SKIP","floor":47},{"not_picked":["Blade Dance","Quick Slash+1","Reflex+1","Underhanded Strike+1","Flying Knee+1"],"picked":"SKIP","floor":49},{"not_picked":["Deadly Poison+1","Poisoned Stab+1","Malaise+1","Bane+1","Backflip"],"picked":"SKIP","floor":49}],"player_experience":16654,"relics_obtained":[{"floor":1,"key":"Question Card"},{"floor":6,"key":"vexMod:FocusSash"},{"floor":9,"key":"testmod-IndustrialRevolution"},{"floor":10,"key":"War Paint"},{"floor":16,"key":"ImportantClient"},{"floor":20,"key":"Enchiridion"},{"floor":22,"key":"vexMod:MemoryStick"},{"floor":22,"key":"ReplayTheSpireMod:Spearhead"},{"floor":26,"key":"Mirror"},{"floor":31,"key":"Chameleon Ring"},{"floor":44,"key":"Frozen Egg 2"},{"floor":45,"key":"vexMod:ScavengeHelm"},{"floor":46,"key":"Shuriken"},{"floor":50,"key":"Void"}],"event_choices":[{"damage_healed":0,"gold_gain":0,"player_choice":"Swap Relic","damage_taken":0,"relics_obtained":["testmod-HeartOfDaVinci"],"max_hp_gain":0,"max_hp_loss":0,"event_name":"给自己的盒子","floor":11,"relics_lost":["Darkstone Periapt"],"gold_loss":0},{"damage_healed":0,"gold_gain":0,"player_choice":"Obtained Book","damage_taken":16,"max_hp_gain":0,"max_hp_loss":0,"event_name":"Cursed Tome","floor":20,"gold_loss":0},{"damage_healed":0,"gold_gain":0,"player_choice":"Obtained Relic","damage_taken":0,"relics_obtained":["Replay:Mystery Machine"],"max_hp_gain":0,"max_hp_loss":0,"event_name":"Addict","floor":24,"gold_loss":85},{"damage_healed":0,"gold_gain":0,"player_choice":"Memory 1","damage_taken":0,"max_hp_gain":0,"max_hp_loss":0,"event_name":"SensoryStone","floor":40,"gold_loss":0},{"damage_healed":0,"gold_gain":0,"player_choice":"Fight","damage_taken":0,"max_hp_gain":0,"max_hp_loss":0,"event_name":"Mysterious Sphere","floor":50,"gold_loss":0}],"is_beta":false,"boss_relics":[{"not_picked":["FixedStarFall","testmod-BatchProcessingSystem"],"picked":"Nuclear Battery"},{"not_picked":[]},{"not_picked":["Mark of Pain","testmod-Fanaticism"],"picked":"testmod-SaigiyounoYou"},{"not_picked":[]}],"items_purged_floors":[5,5,7,8,8,25,30,32,32,34,43,51],"is_endless":false,"potions_floor_spawned":[4,6,10,16,19,27,29,31,35,41,44,50],"ascension_level":1}}