{"host":"oeeu8njhzvf3llor","time":1607993322,"event":{"mods":["BaseMod","Better Match","Better Note","Better Skull","Better Third Choice","Hubris","Minty Spire (QoL Compilation)","Rare Cards Sparkle","Replay The Spire","Shop Mod","Spicy Shops","StSLib","Swap Starting Deck Mod"],"gold_per_floor":[112,112,122,137,147,181,181,214,240,92,118,118,133,144,144,244,244,259,259,86,86,10,10,39,57,57,57,57],"floor_reached":27,"playtime":816,"items_purged":[],"score":314,"play_id":"f894bdf8-2fc1-4f05-8b3b-5606f5015c31","local_time":"20201214194842","is_ascension_mode":true,"campfire_choices":[{"floor":12,"key":"REST"},{"data":"Noxious Fumes","floor":15,"key":"SMITH"},{"data":"Envenom","floor":23,"key":"SMITH"}],"circlet_count":0,"master_deck":["Poisoned Stab","Poisoned Stab","Poisoned Stab","Poisoned Stab","Deflect","Deflect","Deflect","Deadly Poison","Venomology","Deflect","Footwork","Sucker Punch","Poisoned Stab","Flying Knee","Noxious Fumes+1","Envenom+1","Deadly Poison"],"relics":["Ring of the Snake","swapstartingdeckmod:Bellows","Darkstone Periapt","Ancient Tea Set","ReplayTheSpireMod:Lightbulb","hubris:Backtick","Snake Skull","Nloth\u0027s Gift","PrismaticShard","Golden Egg","Replay:Accelerometer"],"acts_visited":["Exordium","TheCity"],"potions_floor_usage":[4,5,6,6,11,16,16,16,24,25,27,27,27],"damage_taken":[{"damage":0,"enemies":"2 Louse","floor":1,"turns":3},{"damage":0,"enemies":"Cultist","floor":3,"turns":2},{"damage":0,"enemies":"Small Slimes","floor":4,"turns":2},{"damage":0,"enemies":"Exordium Thugs","floor":5,"turns":4},{"damage":12,"enemies":"Lagavulin","floor":6,"turns":4},{"damage":13,"enemies":"Gremlin Nob","floor":8,"turns":4},{"damage":22,"enemies":"Lagavulin","floor":11,"turns":4},{"damage":0,"enemies":"Blue Slaver","floor":13,"turns":2},{"damage":4,"enemies":"Exordium Wildlife","floor":14,"turns":3},{"damage":29,"enemies":"Slime Boss","floor":16,"turns":4},{"damage":22,"enemies":"Spheric Guardian","floor":18,"turns":4},{"damage":29,"enemies":"Gremlin Leader","floor":24,"turns":4},{"damage":32,"enemies":"2 Thieves","floor":25,"turns":4},{"damage":19,"enemies":"Slavers","floor":27,"turns":1}],"seed_played":"-7874540189091192054","potions_obtained":[{"floor":3,"key":"AttackPotion"},{"floor":8,"key":"PowerPotion"},{"floor":13,"key":"FearPotion"},{"floor":16,"key":"Languid Potion"},{"floor":25,"key":"Strength Potion"}],"is_trial":false,"path_per_floor":["M","?","M","M","M","E","?","E","T","$","E","R","M","M","R","B",null,"M","?","$","?","$","R","E","M","T","E"],"character_chosen":"THE_SILENT","items_purchased":["Noxious Fumes","Poisoned Strike","PrismaticShard"],"campfire_rested":1,"item_purchase_floors":[10,20,22],"current_hp_per_floor":[70,70,70,70,70,58,58,45,45,45,23,44,44,40,40,11,70,48,48,48,80,80,80,51,19,19,0,0],"gold":57,"neow_bonus":"","is_daily":false,"chose_seed":false,"campfire_upgraded":2,"win_rate":0.0,"timestamp":1607993322,"path_taken":["M","?","M","M","?","E","?","E","T","?","E","R","M","M","R","BOSS","M","?","$","?","$","R","E","M","T","E"],"items_purchased_type":["Card","Card","Relic"],"build_version":"2020-12-13","purchased_purges":0,"victory":false,"max_hp_per_floor":[70,70,70,70,70,70,70,70,70,70,70,70,70,70,70,70,70,70,70,70,80,80,80,80,80,80,80,80],"card_choices":[{"not_picked":["Quick Slash","ReplayTheSpireMod:Scrap Shanks"],"picked":"Deflect","floor":1},{"not_picked":["Underhanded Strike","Prepared"],"picked":"Footwork","floor":3},{"not_picked":["Dagger Throw","ReplayTheSpireMod:Tripwire"],"picked":"Sucker Punch","floor":4},{"not_picked":["ReplayTheSpireMod:The Works","Predator"],"picked":"Poisoned Stab","floor":5},{"not_picked":["Masterful Stab","Backflip"],"picked":"Flying Knee","floor":6},{"not_picked":["PiercingWail","Finisher","Night Terror"],"picked":"SKIP","floor":8},{"not_picked":["Doppelganger","Quick Slash","Underhanded Strike"],"picked":"SKIP","floor":11},{"not_picked":["ReplayTheSpireMod:Exploit Weakness","Skewer","Prepared"],"picked":"SKIP","floor":13},{"not_picked":["Underhanded Strike","Blur","Prepared"],"picked":"SKIP","floor":14},{"not_picked":["Venomology","Glass Knife"],"picked":"Envenom","floor":16},{"not_picked":["Underhanded Strike","Outmaneuver"],"picked":"Deadly Poison","floor":18},{"not_picked":["Skewer","Halt","Predator+1"],"picked":"SKIP","floor":24},{"not_picked":["BattleHymn","Backflip","PathToVictory"],"picked":"SKIP","floor":25}],"player_experience":462539,"relics_obtained":[{"floor":6,"key":"Darkstone Periapt"},{"floor":8,"key":"Omamori"},{"floor":9,"key":"Ancient Tea Set"},{"floor":11,"key":"ReplayTheSpireMod:Lightbulb"},{"floor":24,"key":"Golden Egg"},{"floor":26,"key":"Replay:Accelerometer"}],"event_choices":[{"cards_removed":["Deflect"],"damage_healed":0,"gold_gain":0,"player_choice":"Card Removal","damage_taken":0,"max_hp_gain":0,"max_hp_loss":0,"event_name":"Wheel of Change","floor":2,"gold_loss":0},{"damage_healed":0,"gold_gain":0,"player_choice":"Ignored","damage_taken":0,"max_hp_gain":0,"max_hp_loss":0,"event_name":"Golden Wing","floor":7,"gold_loss":0},{"damage_healed":0,"gold_gain":0,"player_choice":"Traded Relic","damage_taken":0,"relics_obtained":["Nloth\u0027s Gift"],"max_hp_gain":0,"max_hp_loss":0,"event_name":"N\u0027loth","floor":19,"relics_lost":["Omamori"],"gold_loss":0},{"cards_removed":["Poisoned Strike"],"damage_healed":22,"gold_gain":0,"player_choice":"Offered Rare","damage_taken":0,"max_hp_gain":10,"max_hp_loss":0,"event_name":"Bonfire Elementals","floor":21,"gold_loss":0}],"is_beta":false,"boss_relics":[{"not_picked":["Replay:Wanted Poster","HoveringKite"],"picked":"hubris:Backtick"}],"items_purged_floors":[],"is_endless":false,"potions_floor_spawned":[3,4,8,13,14,16,24,25],"killed_by":"Slavers","ascension_level":1}}