{"host":"jm9833yuloeli2yd","time":1607995111,"event":{"mods":["AchievementEnabler","BaseMod","Better Altar","Better Match","Better Note","Better Sensory Stone","Better Skull","Better Vampires","Colored Map","Colored Powertips","DeckTracker","Minty Spire (QoL Compilation)","Permanent Neow","Quick Restart","Replay The Spire","StSLib","SuperFastMode"],"gold_per_floor":[211,227,240,240,240,240,266,279,279,279,339,364,390,465,465,561,561,573,590,278,288,288,288,288,288,288,298,298,298],"floor_reached":28,"playtime":520,"items_purged":[],"score":350,"play_id":"0c845855-6b7b-4bb2-b7a1-f5215fe93198","local_time":"20201214201831","is_ascension_mode":true,"campfire_choices":[{"data":"Whirlwind","floor":6,"key":"SMITH"},{"floor":10,"key":"REST"},{"floor":15,"key":"REST"},{"data":"Demonic Infusion","floor":23,"key":"SMITH"},{"data":"Bash","floor":25,"key":"SMITH"}],"circlet_count":0,"master_deck":["AscendersBane","Strike_R","Strike_R","Defend_R","Defend_R","Defend_R","Defend_R","Bash+1","Whirlwind+1","Shrug It Off","Twin Strike","Offering","Clothesline","Pommel Strike","Armaments","Demonic Infusion+1","Body Slam+1","Dropkick","Warcry"],"relics":["Replay:Wanted Poster","Anchor","StrikeDummy","Bottled Flame","Ice Cream","Odd Mushroom","Replay:Drink Me","Counterbalance","MutagenicStrength","Shuriken"],"acts_visited":["Exordium","TheCity"],"potions_floor_usage":[12,28],"damage_taken":[{"damage":9,"enemies":"Cultist","floor":1,"turns":3},{"damage":1,"enemies":"Small Slimes","floor":2,"turns":4},{"damage":8,"enemies":"Jaw Worm","floor":3,"turns":4},{"damage":17,"enemies":"Gremlin Nob","floor":7,"turns":3},{"damage":20,"enemies":"Exordium Wildlife","floor":8,"turns":4},{"damage":10,"enemies":"3 Sentries","floor":12,"turns":6},{"damage":6,"enemies":"The Mushroom Lair","floor":13,"turns":1},{"damage":22,"enemies":"The Guardian","floor":16,"turns":10},{"damage":0,"enemies":"3 Byrds","floor":18,"turns":5},{"damage":6,"enemies":"Spheric Guardian","floor":19,"turns":1},{"damage":16,"enemies":"3 Cultists","floor":21,"turns":4},{"damage":25,"enemies":"Snake Plant","floor":27,"turns":2},{"damage":33,"enemies":"Slavers","floor":28,"turns":1}],"seed_played":"-1671009485044281758","potions_obtained":[{"floor":3,"key":"Venom Potion"},{"floor":7,"key":"Regen Potion"},{"floor":16,"key":"BlessingOfTheForge"},{"floor":19,"key":"Regen Potion"}],"is_trial":false,"path_per_floor":["M","M","M","$","?","R","E","M","T","R","?","E","?","?","R","B",null,"M","M","$","M","?","R","?","R","T","M","E"],"character_chosen":"IRONCLAD","items_purchased":["Counterbalance"],"campfire_rested":2,"item_purchase_floors":[20],"current_hp_per_floor":[63,62,54,54,47,47,30,10,10,34,34,39,33,22,46,24,51,51,45,45,29,29,29,49,49,49,24,0,0],"gold":298,"neow_bonus":"BOSS_RELIC","is_daily":false,"chose_seed":false,"campfire_upgraded":3,"win_rate":0.0,"timestamp":1607995111,"path_taken":["M","M","?","$","?","R","E","M","T","R","?","E","?","?","R","BOSS","M","M","$","M","?","R","?","R","T","M","E"],"items_purchased_type":["Relic"],"build_version":"2020-12-13","purchased_purges":0,"victory":false,"max_hp_per_floor":[80,80,80,80,80,80,80,80,80,80,80,80,80,80,80,80,60,60,60,60,60,60,60,60,60,60,60,60,60],"card_choices":[{"not_picked":["Run Through","Shrug It Off"],"picked":"Whirlwind","floor":1},{"not_picked":["Pommel Strike","Clash"],"picked":"Shrug It Off","floor":2},{"not_picked":["Warcry","Cleave"],"picked":"Twin Strike","floor":3},{"not_picked":["Immolate","Corruption"],"picked":"Offering","floor":7},{"not_picked":["Combust","Intimidate"],"picked":"Clothesline","floor":8},{"not_picked":["Massacre","Anger"],"picked":"Pommel Strike","floor":12},{"not_picked":["Headbutt","Twin Strike"],"picked":"Armaments","floor":13},{"not_picked":["Feed","Corruption"],"picked":"Demonic Infusion","floor":16},{"not_picked":["Perfected Strike+1","Run Through"],"picked":"Body Slam+1","floor":18},{"not_picked":["Blood for Blood+1","Headbutt"],"picked":"Dropkick","floor":19},{"not_picked":["Fiend Fire","Burning Pact"],"picked":"Warcry","floor":21},{"not_picked":["Cleave","Iron Wave","Clash+1"],"picked":"SKIP","floor":27}],"player_experience":1068503,"relics_obtained":[{"floor":7,"key":"StrikeDummy"},{"floor":9,"key":"Bottled Flame"},{"floor":12,"key":"Ice Cream"},{"floor":13,"key":"Odd Mushroom"},{"floor":26,"key":"Shuriken"}],"event_choices":[{"damage_healed":0,"gold_gain":0,"player_choice":"Success","damage_taken":7,"relics_obtained":["Anchor"],"max_hp_gain":0,"max_hp_loss":0,"event_name":"Scrap Ooze","floor":5,"gold_loss":0},{"damage_healed":0,"gold_gain":60,"player_choice":"Gained Gold","damage_taken":0,"max_hp_gain":0,"max_hp_loss":0,"event_name":"Golden Wing","floor":11,"gold_loss":0},{"damage_healed":0,"gold_gain":0,"player_choice":"Fought Mushrooms","damage_taken":0,"max_hp_gain":0,"max_hp_loss":0,"event_name":"Mushrooms","floor":13,"gold_loss":0},{"damage_healed":0,"gold_gain":75,"player_choice":"Gather Gold","damage_taken":11,"max_hp_gain":0,"max_hp_loss":0,"event_name":"World of Goop","floor":14,"gold_loss":0},{"damage_healed":0,"gold_gain":0,"player_choice":"Inject Mutagens","damage_taken":0,"relics_obtained":["MutagenicStrength"],"max_hp_gain":0,"max_hp_loss":0,"event_name":"Drug Dealer","floor":22,"gold_loss":0},{"damage_healed":20,"gold_gain":0,"player_choice":"Heal","damage_taken":0,"max_hp_gain":0,"max_hp_loss":0,"event_name":"The Library","floor":24,"gold_loss":0}],"is_beta":false,"boss_relics":[{"not_picked":["Painkiller Herb","Ectoplasm"],"picked":"Replay:Drink Me"}],"items_purged_floors":[],"is_endless":false,"potions_floor_spawned":[3,7,16,19,21,27],"killed_by":"Slavers","ascension_level":11}}