{"host":"9el4dfae55z5uwq4","time":1607993897,"event":{"mods":["BaseMod","Colored Map","Colored Powertips","Custom Start","DeckTracker","Lobotomy","Minty Spire (QoL Compilation)","StSLib","SuperFastMode"],"gold_per_floor":[118,133,151,6,6,6,18,53,78,78,92,92,107,118,118,197,197,213,15,15,30,47,47,73,73,148,159,11,25,39,39,39],"floor_reached":31,"playtime":790,"items_purged":["Strike_P","Strike_P"],"score":444,"play_id":"03fac05e-74bb-44a3-bf0e-4dac1e540584","local_time":"20201215095817","is_ascension_mode":true,"campfire_choices":[{"data":"Eruption","floor":6.0,"key":"SMITH"},{"data":"Adaptation","floor":10.0,"key":"SMITH"},{"floor":15.0,"key":"REST"},{"data":"Trip","floor":23.0,"key":"SMITH"},{"floor":25.0,"key":"REST"}],"circlet_count":0,"master_deck":["AscendersBane","Strike_P","Defend_P+1","Defend_P","Eruption+1","Vigilance","Purity","PathToVictory","PathToVictory+1","FearNoEvil","Adaptation+1","EmptyFist","Trip+1","BowlingBash"],"relics":["PureWater","CaptainsWheel","Toy Ornithopter","Bag of Preparation","Empty Cage","Potion Belt","War Paint"],"acts_visited":["Exordium","TheCity"],"potions_floor_usage":[30],"damage_taken":[{"damage":0.0,"enemies":"Cultist","floor":1.0,"turns":4.0},{"damage":8.0,"enemies":"Jaw Worm","floor":2.0,"turns":5.0},{"damage":2.0,"enemies":"2 Louse","floor":3.0,"turns":3.0},{"damage":9.0,"enemies":"Red Slaver","floor":7.0,"turns":4.0},{"damage":17.0,"enemies":"Lagavulin","floor":8.0,"turns":6.0},{"damage":0.0,"enemies":"Large Slime","floor":11.0,"turns":3.0},{"damage":10.0,"enemies":"Exordium Wildlife","floor":13.0,"turns":3.0},{"damage":8.0,"enemies":"Blue Slaver","floor":14.0,"turns":3.0},{"damage":12.0,"enemies":"Hexaghost","floor":16.0,"turns":6.0},{"damage":0.0,"enemies":"Spheric Guardian","floor":18.0,"turns":4.0},{"damage":0.0,"enemies":"Chosen","floor":21.0,"turns":3.0},{"damage":17.0,"enemies":"Shelled Parasite and Fungi","floor":22.0,"turns":4.0},{"damage":47.0,"enemies":"Slavers","floor":24.0,"turns":7.0},{"damage":6.0,"enemies":"Snecko","floor":27.0,"turns":4.0},{"damage":18.0,"enemies":"Centurion and Healer","floor":29.0,"turns":5.0},{"damage":4,"enemies":"3 Cultists","floor":30,"turns":4},{"damage":14,"enemies":"Sentry and Sphere","floor":31,"turns":4}],"seed_played":"-79836793232855811","potions_obtained":[{"floor":7.0,"key":"LiquidBronze"},{"floor":11.0,"key":"BottledMiracle"},{"floor":13.0,"key":"BlessingOfTheForge"},{"floor":14.0,"key":"Block Potion"},{"floor":21.0,"key":"SpeedPotion"},{"floor":24.0,"key":"Strength Potion"},{"floor":29.0,"key":"Ancient Potion"}],"is_trial":false,"path_per_floor":["M","M","M","$","T","R","M","E","T","R","M","?","M","M","R","B",null,"M","$","?","M","M","R","E","R","T","M","$","M","M","M"],"character_chosen":"WATCHER","items_purchased":["FearNoEvil","Trip","War Paint"],"campfire_rested":2,"item_purchase_floors":[4,19,28],"current_hp_per_floor":[61,53,51,51,51,51,42,25,25,25,25,47,37,29,49,42,62,62,62,62,62,55,55,8,28,28,22,22,4,5,0,0],"gold":39,"neow_bonus":"RANDOM_COLORLESS","is_daily":false,"chose_seed":false,"campfire_upgraded":3,"win_rate":0.0,"timestamp":1607993897,"path_taken":["M","M","M","?","?","R","M","E","T","R","M","?","?","M","R","BOSS","M","$","?","M","M","R","E","R","T","M","$","M","M","?"],"items_purchased_type":["Card","Card","Relic"],"build_version":"2020-12-13","purchased_purges":2,"victory":false,"max_hp_per_floor":[68,68,68,68,68,68,68,68,68,68,68,68,68,68,68,68,68,68,68,68,68,68,68,68,68,68,68,68,68,68,68,68],"card_choices":[{"not_picked":["Good Instincts","Bandage Up"],"picked":"Purity","floor":0.0},{"not_picked":["Evaluate","Weave"],"picked":"PathToVictory","floor":1.0},{"not_picked":["Meditate","Halt","BowlingBash"],"picked":"SKIP","floor":2.0},{"not_picked":["Consecrate","FearNoEvil"],"picked":"PathToVictory","floor":3.0},{"not_picked":["FlurryOfBlows","EmptyFist"],"picked":"Adaptation","floor":7.0},{"not_picked":["BattleHymn","SashWhip"],"picked":"EmptyFist","floor":8.0},{"not_picked":["Wireheading","Protect","DeceiveReality"],"picked":"SKIP","floor":11.0},{"not_picked":["Consecrate","BowlingBash","Halt"],"picked":"SKIP","floor":13.0},{"not_picked":["BowlingBash","ThirdEye","FlyingSleeves"],"picked":"SKIP","floor":14.0},{"not_picked":["EmptyMind+1","Sanctity","FlyingSleeves"],"picked":"SKIP","floor":18.0},{"not_picked":["BowlingBash+1","EmptyBody","CutThroughFate"],"picked":"SKIP","floor":21.0},{"not_picked":["Evaluate","InnerPeace","FlyingSleeves+1"],"picked":"SKIP","floor":22.0},{"not_picked":["WindmillStrike","EmptyFist","InnerPeace"],"picked":"SKIP","floor":24.0},{"not_picked":["ThirdEye+1","ClearTheMind","Consecrate"],"picked":"SKIP","floor":27.0},{"not_picked":["Study","PathToVictory+1","CarveReality"],"picked":"SKIP","floor":29.0},{"not_picked":["Study","Prostrate","CutThroughFate+1"],"picked":"SKIP","floor":30}],"player_experience":1547540,"relics_obtained":[{"floor":5.0,"key":"CaptainsWheel"},{"floor":8.0,"key":"Toy Ornithopter"},{"floor":9.0,"key":"Bag of Preparation"},{"floor":24.0,"key":"Potion Belt"}],"event_choices":[{"damage_healed":22.0,"max_hp_gain":0.0,"max_hp_loss":0.0,"gold_gain":0.0,"event_name":"Big Fish","player_choice":"Banana","floor":12.0,"gold_loss":0.0,"damage_taken":0.0},{"damage_healed":0.0,"max_hp_gain":0.0,"max_hp_loss":0.0,"gold_gain":0.0,"cards_transformed":["Defend_P"],"event_name":"Transmorgrifier","player_choice":"Transformed","floor":20.0,"gold_loss":0.0,"damage_taken":0.0,"cards_obtained":["BowlingBash"]}],"is_beta":false,"boss_relics":[{"not_picked":["HolyWater","Coffee Dripper"],"picked":"Empty Cage"}],"items_purged_floors":[4,19],"is_endless":false,"potions_floor_spawned":[7,11,13,14,21,24,29],"killed_by":"Sentry and Sphere","ascension_level":14}}