{"host":"hfvpa4llnnjpeawn","time":1607993923,"event":{"mods":["2.2 Compatiblity","Act Like it!","BaseMod","Better Skull","Better Third Choice","BetterRewards","CapriCore","Conspire","Downfall","Elementarium","Hermit","Hubris","Koishi","Lobotomy","Mad Scientist","Minty Spire (QoL Compilation)","Replay The Spire","Shade Mod","Somnambulant","StSLib","The Bladedancer","The Factory","The Jungle","Waifu the Spire"],"gold_per_floor":[349,367,377,377,393,422,422,439,110,35,35,55,120,137,155,253,253,178,208,227,42,59,59,59],"floor_reached":23,"playtime":1887,"items_purged":[],"score":213,"play_id":"146921df-b056-44b5-8aef-ef7476330651","local_time":"20201214195843","is_ascension_mode":false,"campfire_choices":[{"floor":1,"key":"RECALL"},{"floor":10,"key":"REST"},{"data":"expansioncontent:DefensiveStance","floor":18,"key":"SMITH"}],"circlet_count":0,"master_deck":["hexamod:Strike","hexamod:Strike","hexamod:Strike","hexamod:Strike","hexamod:Defend","hexamod:Defend","hexamod:Defend","hexamod:Sear","hexamod:Float","hexamod:AdvancingGuard","hexamod:RetreatToShadows","hexamod:Haunt","hexamod:BurningTouch","hexamod:GhostLash","hexamod:FirstSeal","expansioncontent:DefensiveStance+1","hexamod:HeatMetal","hexamod:GhostOfSpirePresent","hexamod:HeatCrush","hexamod:WildfireWeapon","hexamod:EmpoweredFlame","hexamod:GhostShield+1","hexamod:GhostLash+1"],"relics":["hexamod:SpiritBrand","Onion Ring","hubris:HerbalPaste","downfall:HeartBlessingRed","hubris:Towel","conspire:BottledYoYo","hubris:ScarierMask","downfall:HeartBlessingBlue","Blue Doll","PreservedInsect"],"acts_visited":["Exordium","Exordium"],"potions_floor_usage":[12,13,14,16,16,19,23],"damage_taken":[{"damage":2,"enemies":"Small Slimes","floor":2,"turns":4},{"damage":0,"enemies":"Cultist","floor":3,"turns":3},{"damage":2,"enemies":"Jaw Worm","floor":5,"turns":3},{"damage":38,"enemies":"Gremlin Nob","floor":6,"turns":5},{"damage":2,"enemies":"Blue Slaver","floor":8,"turns":3},{"damage":2,"enemies":"downfall:FleeingMerchant","floor":9,"turns":4},{"damage":1,"enemies":"3 Louse","floor":12,"turns":5},{"damage":22,"enemies":"3 Sentries","floor":13,"turns":10},{"damage":2,"enemies":"Lots of Slimes","floor":14,"turns":7},{"damage":3,"enemies":"2 Fungi Beasts","floor":15,"turns":3},{"damage":47,"enemies":"downfall:Ironclad","floor":16,"turns":7},{"damage":16,"enemies":"Elementarium:FIRE_NOBILITY","floor":19,"turns":7},{"damage":19,"enemies":"Elementarium:Cyclone","floor":20,"turns":6},{"damage":2,"enemies":"downfall:FleeingMerchant","floor":21,"turns":4},{"damage":11,"enemies":"Elementarium:2_ELEMENTALS","floor":22,"turns":3},{"damage":61,"enemies":"Elementarium:ElementalPortal","floor":23,"turns":6}],"seed_played":"3960758919088168816","potions_obtained":[{"floor":8,"key":"Guardian:BlockOnCardUsePotion"},{"floor":12,"key":"Adrenaline Potion"},{"floor":13,"key":"ColorlessPotion"},{"floor":14,"key":"Adrenaline Potion"},{"floor":15,"key":"Strength Potion"},{"floor":16,"key":"FearPotion"},{"floor":22,"key":"Adrenaline Potion"}],"is_trial":false,"path_per_floor":["R","M","M","?","M","E","T","M","$","R","?","M","?","M","M","B",null,"R","E","M","$","M","E"],"character_chosen":"THE_SPIRIT","items_purchased":["hubris:HerbalPaste","expansioncontent:DefensiveStance","hexamod:HeatMetal","hexamod:GhostShield+1","PreservedInsect"],"campfire_rested":1,"item_purchase_floors":[9,9,9,21,21],"current_hp_per_floor":[63,61,61,61,59,21,21,19,17,35,35,47,38,49,58,17,63,73,59,53,57,51,0,0],"gold":59,"neow_bonus":"TWO_FIFTY_GOLD","is_daily":false,"chose_seed":false,"campfire_upgraded":1,"win_rate":0.0,"timestamp":1607993923,"path_taken":["R","M","M","?","?","E","T","M","$","R","?","M","?","M","M","BOSS","R","E","M","$","M","E"],"items_purchased_type":["Relic","Card","Card","Card","Relic"],"build_version":"2020-12-13","purchased_purges":0,"victory":false,"max_hp_per_floor":[63,63,63,63,63,63,63,63,63,63,63,63,63,63,63,63,63,73,73,73,73,73,73,73],"card_choices":[{"not_picked":["hexamod:SwordOfDarkness","hexamod:Again"],"picked":"hexamod:AdvancingGuard","floor":2},{"not_picked":["hexamod:Hexaguard","hexamod:ShieldOfDarkness"],"picked":"hexamod:RetreatToShadows","floor":3},{"not_picked":["hexamod:Again","hexamod:NightmareGuise","hexamod:Firestarter"],"picked":"SKIP","floor":5},{"not_picked":["hexamod:AdvancingGuard","hexamod:ChargedBarrage"],"picked":"hexamod:BurningTouch","floor":6},{"not_picked":["hexamod:EtherealExpedition","hexamod:Again"],"picked":"hexamod:GhostLash","floor":8},{"not_picked":["hexamod:ThermalTransfer","hexamod:ThirdSeal"],"picked":"hexamod:FirstSeal","floor":9},{"not_picked":["hexamod:HauntingEcho","hexamod:SpectralAdrenaline","hexamod:TurnItUp"],"picked":"SKIP","floor":12},{"not_picked":["hexamod:Firestarter","hexamod:BacktrackSmack"],"picked":"hexamod:GhostOfSpirePresent","floor":13},{"not_picked":["hexamod:SwordOfDarkness","hexamod:InspiringFlames","hexamod:ShieldOfDarkness"],"picked":"SKIP","floor":14},{"not_picked":["hexamod:HeatMetal","hexamod:GhostShield"],"picked":"hexamod:HeatCrush","floor":15},{"not_picked":["hexamod:ParanormalForm","hexamod:HexaLevel"],"picked":"hexamod:WildfireWeapon","floor":16},{"not_picked":["hexamod:HauntingEcho","hexamod:BurningTouch","hexamod:NecessarySacrifice"],"picked":"SKIP","floor":19},{"not_picked":["hexamod:Hexaguard","hexamod:AdvancingGuard"],"picked":"hexamod:EmpoweredFlame","floor":20},{"not_picked":["hexamod:Firestarter","hexamod:HauntingEcho","hexamod:GhostLash+1"],"picked":"SKIP","floor":21},{"not_picked":["hexamod:RadiantFlame","hexamod:HauntingEcho"],"picked":"hexamod:GhostLash+1","floor":22}],"player_experience":201636,"relics_obtained":[{"floor":6,"key":"Onion Ring"},{"floor":19,"key":"Blue Doll"}],"event_choices":[{"damage_healed":0,"gold_gain":0,"cards_transformed":["hexamod:Defend"],"player_choice":"Transformed","damage_taken":0,"max_hp_gain":0,"max_hp_loss":0,"event_name":"Transmorgrifier","floor":4,"gold_loss":0,"cards_obtained":["hexamod:Haunt"]}],"is_beta":false,"boss_relics":[{"not_picked":["conspire:SlowCooker","ReplayTheSpireMod:DimensionalGlitch"],"picked":"hubris:ScarierMask"}],"items_purged_floors":[],"is_endless":false,"potions_floor_spawned":[8,12,13,14,15,16,22],"killed_by":"Elementarium:ElementalPortal","ascension_level":0}}