{"host":"xt86it2r6tj4p7je","time":1607993574,"event":{"mods":["Act Like it!","AlwaysNeverKeys","Aspiration","BaseMod","Better Altar","Better Match","Better Note","Better Sensory Stone","Better Skull","Better Third Choice","Card Forge","Clockwork Mod","Conspire","Defuse TimeMaze Blight","Downfall","Elementarium","Energized Spire","Friendly Minions","GifTheSpireLib","Hubris","Key Reminder","Minty Spire (QoL Compilation)","StSLib","The Construct","The Cursed","The Hierophant","The Judge","The Witch","Uncapped","thorton"],"gold_per_floor":[24,43,77,77,102,102,102,27,47,81,81,96,96,115,126,221,221,146,161,86,97,97,132,157,188,188,516,174,193,211,211,267,412,412,412,467,478,537,387,418,472,472,502,502,22,47,103,103,103,103],"floor_reached":49,"playtime":5546,"items_purged":[],"score":800,"play_id":"db7c09cf-9245-4498-afae-3d639f1228e4","local_time":"20201214195253","is_ascension_mode":false,"campfire_choices":[{"data":"sneckomod:TailWhip","floor":1.0,"key":"SMITH"},{"data":"sneckomod:UnknownWeak","floor":8.0,"key":"SMITH"},{"data":"sneckomod:Nope","floor":18.0,"key":"SMITH"},{"floor":26.0,"key":"REST"},{"data":"sneckomod:UnknownRareSkill","floor":35.0,"key":"SMITH"},{"floor":44,"key":"REST"}],"circlet_count":0,"master_deck":["sneckomod:Strike+1","sneckomod:Strike+1","sneckomod:Strike+1","sneckomod:Defend+1","sneckomod:Defend+1","sneckomod:Defend+1","sneckomod:TailWhip+1","sneckomod:SnekBite","sneckomod:Unknown","sneckomod:Unknown","sneckomod:UnknownWeak","sneckomod:UnknownClassBLUE","Flash of Steel","sneckomod:UnknownWeak+1","sneckomod:UnknownVulnerable","sneckomod:SoulDraw","sneckomod:UnknownClassGUARDIAN","sneckomod:Nope+1","sneckomod:UnknownCommonSkill","sneckomod:MorePower+1","sneckomod:Unknown3Cost+1","sneckomod:UnknownCommonSkill","sneckomod:UnknownRareAttack+1","sneckomod:UnknownUncommonPower+1","sneckomod:UnknownClassSLIMEBOUND+1","sneckomod:UnknownRarePower+1","sneckomod:UnknownRarePower+1","sneckomod:UnknownVulnerable","sneckomod:UnknownUncommonPower+1","sneckomod:UnknownRareSkill+1","sneckomod:UnknownUncommonPower+1","sneckomod:UnknownUncommonAttack+1","sneckomod:UnknownUncommonPower+1","Mayhem+1","sneckomod:UnknownUncommonPower+1","sneckomod:UnknownVulnerable","sneckomod:UnknownUncommonPower+1","sneckomod:UnknownCommonSkill+1","sneckomod:UnknownWeak+1","sneckomod:UnknownClassGUARDIAN+1","sneckomod:SerpentMind+1","sneckomod:UnknownRareAttack+1","sneckomod:SlitherStrike+1","sneckomod:UnknownClassRED+1","sneckomod:UnknownBlock","sneckomod:UnknownStrike+1","sneckomod:SlitherStrike+1","sneckomod:UnknownClassGREEN+1","sneckomod:Unknown1Cost","sneckomod:SlitherStrike","sneckomod:UnknownColorless+1","Pommel Strike","sneckomod:UnknownUncommonPower+1","sneckomod:UnknownRarePower+1"],"relics":["sneckomod:SneckoSoul","Hammer of Thor","Seething Fire","Anvil of the Gods","downfall:HeartBlessingRed","Frozen Egg 2","Darkstone Periapt","Bottled Lightning","downfall:HeartBlessingGreen","Centennial Puzzle","energizedSpire:SpiderWeb","downfall:HeartBlessingBlue","Toy Ornithopter","Vajra","Blood Vial","hubris:SlimyHat","Nunchaku","Old Coin","downfall:KnowingSkull","conspire:SlowCooker","hubris:DisguiseKit","Art of War","aspiration:StickyExplosives_weak","Toolbox","Incense Burner"],"acts_visited":["Exordium","TheCity","TheBeyond"],"potions_floor_usage":[40,40,46,49],"damage_taken":[{"damage":8.0,"enemies":"Small Slimes","floor":2.0,"turns":3.0},{"damage":5.0,"enemies":"Lagavulin","floor":3.0,"turns":5.0},{"damage":14.0,"enemies":"3 Sentries","floor":5.0,"turns":9.0},{"damage":2.0,"enemies":"Jaw Worm","floor":9.0,"turns":3.0},{"damage":13.0,"enemies":"Lagavulin","floor":10.0,"turns":5.0},{"damage":0.0,"enemies":"conspire:RoseBush","floor":12.0,"turns":2.0},{"damage":0.0,"enemies":"Large Slime","floor":14.0,"turns":2.0},{"damage":1.0,"enemies":"2 Fungi Beasts","floor":15.0,"turns":3.0},{"damage":52.0,"enemies":"downfall:Ironclad","floor":16.0,"turns":9.0},{"damage":1.0,"enemies":"conspire:FuzzyDice","floor":19.0,"turns":5.0},{"damage":12.0,"enemies":"Shell Parasite","floor":21.0,"turns":5.0},{"damage":21.0,"enemies":"Gremlin Leader","floor":23.0,"turns":6.0},{"damage":14.0,"enemies":"Book of Stabbing","floor":25.0,"turns":11.0},{"damage":4.0,"enemies":"conspire:SneckoGhost","floor":27.0,"turns":6.0},{"damage":0.0,"enemies":"downfall:FleeingMerchant","floor":28.0,"turns":4.0},{"damage":19.0,"enemies":"Chosen and Byrds","floor":29.0,"turns":4.0},{"damage":16.0,"enemies":"Centurion and Healer","floor":30.0,"turns":5.0},{"damage":27.0,"enemies":"Shelled Parasite and Fungi","floor":32.0,"turns":6.0},{"damage":12.0,"enemies":"downfall:Watcher","floor":33.0,"turns":8.0},{"damage":19.0,"enemies":"3 Darklings","floor":36.0,"turns":9.0},{"damage":26.0,"enemies":"3 Shapes","floor":37.0,"turns":6.0},{"damage":24.0,"enemies":"3 Darklings","floor":38.0,"turns":7.0},{"damage":40,"enemies":"Giant Head","floor":40,"turns":7},{"damage":65,"enemies":"Reptomancer","floor":43,"turns":4},{"damage":7,"enemies":"downfall:FleeingMerchant","floor":45,"turns":4},{"damage":31,"enemies":"Sphere and 2 Shapes","floor":46,"turns":6},{"damage":62,"enemies":"Writhing Mass","floor":47,"turns":6},{"damage":5,"enemies":"4 Shapes","floor":49,"turns":2}],"seed_played":"519294039286394343","potions_obtained":[{"floor":9.0,"key":"PowerPotion"},{"floor":10.0,"key":"sneckomod:MuddlingPotion"},{"floor":15.0,"key":"construct:ShiftPotion"},{"floor":16.0,"key":"Energy Potion"},{"floor":21.0,"key":"ColorlessPotion"},{"floor":23.0,"key":"BlessingOfTheForge"},{"floor":29.0,"key":"Guardian:BlockOnCardUsePotion"},{"floor":33.0,"key":"Slimebound:ThreeZeroPotion"},{"floor":43,"key":"conspire:TimeTravelPotion"},{"floor":46,"key":"Dexterity Potion"}],"is_trial":false,"path_per_floor":["R","M","E","?","E","?","T","R","M","E","?","M","?","M","M","B",null,"R","M","?","M","?","E","T","E","R","E","$","M","M","?","M","B",null,"R","M","M","M","?","E","T","R","E","R","$","M","M","?","M"],"character_chosen":"THE_SNECKO","items_purchased":["sneckomod:UnknownUncommonPower+1","Mayhem+1","Slimebound:ThreeZeroPotion","sneckomod:UnknownUncommonPower+1","Toolbox","Incense Burner"],"campfire_rested":2,"item_purchase_floors":[28,28,28,45,45,45],"current_hp_per_floor":[99,92,88,88,75,75,75,75,74,61,64,65,65,65,65,13,108,118,119,119,109,58,44,44,36,73,73,83,85,73,66,42,33,137,137,122,100,84,151,120,120,120,57,103,104,101,56,56,58,58],"gold":103,"neow_bonus":"TEN_PERCENT_HP_BONUS","is_daily":false,"chose_seed":false,"campfire_upgraded":4,"win_rate":0.0,"timestamp":1607993573,"path_taken":["R","M","E","?","E","?","T","R","M","E","?","M","?","M","M","BOSS","R","M","?","M","?","E","T","E","R","E","$","M","?","?","M","BOSS","R","M","M","M","?","E","T","R","E","R","$","?","M","?","M"],"items_purchased_type":["Card","Card","Potion","Card","Relic","Relic"],"build_version":"2020-12-13","purchased_purges":0,"victory":false,"max_hp_per_floor":[99,100,101,101,102,102,102,102,103,103,106,107,107,107,108,108,108,118,120,120,122,122,124,124,126,126,128,131,133,135,135,136,137,137,137,138,140,141,151,154,154,154,154,154,156,157,157,157,157,157],"card_choices":[{"not_picked":["sneckomod:WideSting","sneckomod:DiceBlock"],"picked":"sneckomod:UnknownWeak","floor":2.0},{"not_picked":["sneckomod:UnknownClassSLIMEBOUND","sneckomod:UnknownClassTHE_CHAMP_GRAY"],"picked":"sneckomod:UnknownClassBLUE","floor":3.0},{"not_picked":["hubris:Insight","expansioncontent:HyperBeam"],"picked":"Flash of Steel","floor":4.0},{"not_picked":["sneckomod:SoulCleanse","sneckomod:QuickMove"],"picked":"sneckomod:UnknownWeak","floor":5.0},{"not_picked":["sneckomod:UnknownClassBLUE","sneckomod:DefensiveFlair"],"picked":"sneckomod:UnknownVulnerable","floor":9.0},{"not_picked":["sneckomod:UnknownCommonAttack","sneckomod:Mudshield+1"],"picked":"sneckomod:SoulDraw","floor":10.0},{"not_picked":["sneckomod:UnknownExhaust","sneckomod:UnknownClassHIEROPHANT_GOLD_COLOR"],"picked":"sneckomod:UnknownClassGUARDIAN","floor":12.0},{"not_picked":["sneckomod:UnknownCommonSkill","sneckomod:DefensiveFlair"],"picked":"sneckomod:Nope","floor":14.0},{"not_picked":["sneckomod:UnknownWeak","sneckomod:IronFang"],"picked":"sneckomod:UnknownCommonSkill","floor":15.0},{"not_picked":["sneckomod:Restock","sneckomod:SoulExchange"],"picked":"sneckomod:MorePower+1","floor":16.0},{"not_picked":["sneckomod:Unknown2Cost+1","sneckomod:UnknownExhaust+1"],"picked":"sneckomod:Unknown3Cost+1","floor":19.0},{"not_picked":["sneckomod:DangerNoodle","sneckomod:UnknownWeak"],"picked":"sneckomod:UnknownCommonSkill","floor":19.0},{"not_picked":["sneckomod:Unknown2Cost+1","sneckomod:UnknownRarePower+1"],"picked":"sneckomod:UnknownRareAttack+1","floor":21.0},{"not_picked":["sneckomod:Nope+1","sneckomod:UnknownUncommonSkill"],"picked":"sneckomod:UnknownUncommonPower+1","floor":21.0},{"not_picked":["sneckomod:UnknownClassTHORT_GRAY_COLOR","sneckomod:UnknownCommonSkill"],"picked":"sneckomod:UnknownClassSLIMEBOUND+1","floor":23.0},{"not_picked":["sneckomod:UnknownEthereal+1","sneckomod:UnknownClassGREEN+1"],"picked":"sneckomod:UnknownRarePower+1","floor":23.0},{"not_picked":["sneckomod:Unknown0Cost+1","sneckomod:Unknown+1"],"picked":"sneckomod:UnknownRarePower+1","floor":25.0},{"not_picked":["sneckomod:IronFang","sneckomod:QuickMove"],"picked":"sneckomod:UnknownVulnerable","floor":25.0},{"not_picked":["sneckomod:UnknownWeak+1","sneckomod:UnknownClassTHORT_GRAY_COLOR+1"],"picked":"sneckomod:UnknownUncommonPower+1","floor":27.0},{"not_picked":["sneckomod:UnknownExhaust","sneckomod:DiceCrush+1"],"picked":"sneckomod:UnknownRareSkill","floor":27.0},{"not_picked":["sneckomod:UnknownRareAttack+1","sneckomod:UnknownClassGREEN+1"],"picked":"sneckomod:UnknownUncommonPower+1","floor":28.0},{"not_picked":["sneckomod:UnknownVulnerable","sneckomod:Unknown2Cost"],"picked":"sneckomod:UnknownUncommonAttack+1","floor":28.0},{"not_picked":["sneckomod:UnknownUncommonAttack+1","sneckomod:UnknownExhaust+1"],"picked":"sneckomod:UnknownUncommonPower+1","floor":29.0},{"not_picked":["sneckomod:UnknownWeak","sneckomod:DiceCrush"],"picked":"sneckomod:UnknownVulnerable","floor":29.0},{"not_picked":["sneckomod:UnknownBlock+1","sneckomod:UnknownExhaust+1"],"picked":"sneckomod:UnknownUncommonPower+1","floor":30.0},{"not_picked":["sneckomod:Unknown3Cost","sneckomod:RainOfDice+1"],"picked":"sneckomod:UnknownCommonSkill+1","floor":30.0},{"not_picked":["sneckomod:QuickBite+1","sneckomod:IronFang"],"picked":"sneckomod:UnknownWeak+1","floor":32.0},{"not_picked":["sneckomod:UnknownClassWITCH+1","sneckomod:UnknownClassSLIMEBOUND+1"],"picked":"sneckomod:UnknownClassGUARDIAN+1","floor":33.0},{"not_picked":["sneckomod:Restock","sneckomod:UnknownRareSkill"],"picked":"sneckomod:SerpentMind+1","floor":33.0},{"not_picked":["sneckomod:UnknownClassHIEROPHANT_GOLD_COLOR+1","sneckomod:UnknownCommonSkill+1"],"picked":"sneckomod:UnknownRareAttack+1","floor":36.0},{"not_picked":["sneckomod:ImprovisedGuard","sneckomod:UnknownClassHEXA_GHOST_PURPLE+1"],"picked":"sneckomod:SlitherStrike+1","floor":36.0},{"not_picked":["sneckomod:UnknownClassHEXA_GHOST_PURPLE+1","sneckomod:UnknownX+1"],"picked":"sneckomod:UnknownClassRED+1","floor":37.0},{"not_picked":["sneckomod:DiceBoulder","sneckomod:UnknownVulnerable"],"picked":"sneckomod:UnknownBlock","floor":37.0},{"not_picked":["sneckomod:UnknownClassSLIMEBOUND+1","sneckomod:Unknown+1"],"picked":"sneckomod:UnknownStrike+1","floor":38.0},{"not_picked":["sneckomod:WideSting","sneckomod:IronFang+1"],"picked":"sneckomod:SlitherStrike+1","floor":38.0},{"not_picked":["sneckomod:UnknownClassHEXA_GHOST_PURPLE+1","sneckomod:UnknownStrike+1"],"picked":"sneckomod:UnknownClassGREEN+1","floor":40},{"not_picked":["sneckomod:ImprovisedGuard+1","sneckomod:DiceBlock"],"picked":"sneckomod:Unknown1Cost","floor":40},{"not_picked":["sneckomod:RainOfDice","sneckomod:UnknownClassGREEN","Wild Strike"],"picked":"sneckomod:SlitherStrike","floor":43},{"not_picked":["sneckomod:UnknownClassSLIMEBOUND+1","sneckomod:UnknownClassTHE_CHAMP_GRAY+1","sneckomod:UnknownClassWORDO_MOD_COLOR+1"],"picked":"sneckomod:UnknownColorless+1","floor":45},{"not_picked":["sneckomod:DiceBlock+1","sneckomod:UnlimitedRolls+1","sneckomod:UnknownEthereal"],"picked":"Pommel Strike","floor":45},{"not_picked":["sneckomod:UnknownClassTHORT_GRAY_COLOR+1","sneckomod:Unknown0Cost+1","sneckomod:UnknownClassCONSTRUCTMOD+1"],"picked":"sneckomod:UnknownRarePower+1","floor":46},{"not_picked":["sneckomod:UnknownClassWORDO_MOD_COLOR+1","sneckomod:UnknownCommonSkill+1","sneckomod:SoulDraw+1","Body Slam"],"picked":"SKIP","floor":46},{"not_picked":["sneckomod:IronFang+1","sneckomod:DiceCrush+1","sneckomod:SoulRoll+1","Wild Strike"],"picked":"SKIP","floor":47}],"player_experience":234876,"relics_obtained":[{"floor":3.0,"key":"Frozen Egg 2"},{"floor":5.0,"key":"Darkstone Periapt"},{"floor":7.0,"key":"Bottled Lightning"},{"floor":10.0,"key":"Centennial Puzzle"},{"floor":23.0,"key":"Blood Vial"},{"floor":24.0,"key":"hubris:SlimyHat"},{"floor":25.0,"key":"Nunchaku"},{"floor":27.0,"key":"Old Coin"},{"floor":40,"key":"hubris:DisguiseKit"},{"floor":41,"key":"Art of War"},{"floor":43,"key":"aspiration:StickyExplosives_weak"}],"event_choices":[{"damage_healed":0.0,"max_hp_gain":0.0,"max_hp_loss":0.0,"gold_gain":1.0,"event_name":"betterStone:BetterStone","player_choice":"1","floor":4.0,"gold_loss":0.0,"damage_taken":0.0},{"damage_healed":0.0,"max_hp_gain":0.0,"max_hp_loss":0.0,"gold_gain":0.0,"event_name":"conspire:Investor","player_choice":"Leave","floor":6.0,"gold_loss":0.0,"damage_taken":0.0},{"damage_healed":0.0,"max_hp_gain":0.0,"max_hp_loss":0.0,"gold_gain":0.0,"event_name":"betterMatch:BetterMatch","player_choice":"1","floor":20.0,"gold_loss":0.0,"damage_taken":0.0,"cards_obtained":[]},{"damage_healed":0.0,"max_hp_gain":0.0,"max_hp_loss":0.0,"gold_gain":0.0,"event_name":"betterSkull:BetterSkull","player_choice":"RE RE ","floor":22.0,"gold_loss":0.0,"damage_taken":55.0,"cards_upgraded":[],"relics_obtained":["Toy Ornithopter","Vajra"]},{"damage_healed":0,"gold_gain":0,"player_choice":"Ignored","damage_taken":0,"max_hp_gain":0,"max_hp_loss":0,"event_name":"Mysterious Sphere","floor":48,"gold_loss":0}],"is_beta":false,"boss_relics":[{"not_picked":["conspire:SeveredTorchhead","hubris:CrackedHourglass"],"picked":"energizedSpire:SpiderWeb"},{"not_picked":["hubris:Backtick","conspire:SpecialSausage"],"picked":"conspire:SlowCooker"}],"items_purged_floors":[],"is_endless":false,"potions_floor_spawned":[9,10,15,16,21,23,25,29,33,43,46],"killed_by":"4 Shapes","ascension_level":0}}