{"host":"wxm9nhpxzwflah6x","time":1607991041,"event":{"mods":["2.2 Compatiblity","AchievementEnabler","BaseMod","Minty Spire (QoL Compilation)","Quick Restart","Rare Cards Sparkle","Replay The Spire","StSLib"],"gold_per_floor":[111,111,111,111,111,138,138,199,226,226,226,288,288,333,333,456,456,475,600,600,620,620,620,634,634,634,654,703,703,703],"floor_reached":29,"playtime":2104,"items_purged":[],"score":285,"play_id":"1b1f64a6-9235-4d4b-836a-36e4a5f72208","local_time":"20201214161041","is_ascension_mode":true,"campfire_choices":[{"data":"Electrodynamics","floor":7.0,"key":"SMITH"},{"data":"Chaos","floor":10.0,"key":"SMITH"},{"floor":15.0,"key":"REST"},{"floor":23.0,"key":"REST"},{"floor":25.0,"key":"REST"}],"circlet_count":0,"master_deck":["Strike_B","Strike_B","Strike_B","Defend_B+1","Defend_B","Defend_B","Defend_B","Zap","Dualcast+1","Storm","Electrodynamics+1","Hallucinations","Consume","Chaos+1","Redo","Injury","Hyperbeam","Buffer","FIFO Queue+1","Sunder","Cold Snap","Hyperbeam","ReplayTheSpireMod:Calculation Training","Crystallizer","ReplaySolidLightProjector+1"],"relics":["FrozenCore","NeowsBlessing","ReplayTheSpireMod:Ring of Challenge","Ring of Hypnosis","Iron Hammer","Replay:Baseball","Golden Idol","Akabeko","Sundial","Happy Flower"],"acts_visited":["Exordium","TheCity"],"potions_floor_usage":[27],"damage_taken":[{"damage":0.0,"enemies":"2 Louse","floor":1.0,"turns":1.0},{"damage":0.0,"enemies":"3 Sentries","floor":6.0,"turns":1.0},{"damage":0.0,"enemies":"Jaw Worm","floor":8.0,"turns":1.0},{"damage":0.0,"enemies":"Small Slimes","floor":12.0,"turns":2.0},{"damage":0.0,"enemies":"2 Fungi Beasts","floor":14.0,"turns":3.0},{"damage":24.0,"enemies":"Slime Boss","floor":16.0,"turns":7.0},{"damage":40.0,"enemies":"2 Thieves","floor":18.0,"turns":5.0},{"damage":6.0,"enemies":"3 Byrds","floor":21.0,"turns":3.0},{"damage":0.0,"enemies":"Cultist and Chosen","floor":24.0,"turns":7.0},{"damage":19,"enemies":"Centurion and Healer","floor":27,"turns":6},{"damage":36,"enemies":"Shelled Parasite and Fungi","floor":28,"turns":9},{"damage":29,"enemies":"Gremlin Leader","floor":29,"turns":5}],"seed_played":"-3844213987032829448","potions_obtained":[{"floor":6.0,"key":"Energy Potion"},{"floor":8.0,"key":"LifebloodPotion"},{"floor":24.0,"key":"GamblersBrew"}],"is_trial":false,"path_per_floor":["M","?","?","$","?","E","R","M","T","R","?","M","?","M","R","B",null,"M","?","T","M","?","R","M","R","T","M","M","E"],"character_chosen":"DEFECT","items_purchased":[],"campfire_rested":3,"item_purchase_floors":[],"current_hp_per_floor":[75,75,80,80,80,80,80,80,80,80,64,64,64,64,80,56,80,40,40,40,34,34,58,58,80,80,61,25,0,0],"gold":703,"neow_bonus":"THREE_ENEMY_KILL","is_daily":false,"chose_seed":false,"campfire_upgraded":2,"win_rate":0.0,"timestamp":1607991041,"path_taken":["M","?","?","?","?","E","R","M","T","R","?","M","?","?","R","BOSS","M","?","?","M","?","R","?","R","T","M","M","E"],"items_purchased_type":[],"build_version":"2020-12-13","purchased_purges":0,"victory":false,"max_hp_per_floor":[75,75,80,80,80,80,80,80,80,80,80,80,80,80,80,80,80,80,80,80,80,80,80,80,80,80,80,80,80,80],"card_choices":[{"not_picked":["Hologram","Streamline"],"picked":"Storm","floor":1.0},{"not_picked":["Turbo","ReplayTheSpireMod:System Scan"],"picked":"Consume","floor":6.0},{"not_picked":["Conserve Battery","Panic Button"],"picked":"Chaos","floor":8.0},{"not_picked":["Crystallizer","Ball Lightning"],"picked":"Redo","floor":12.0},{"not_picked":["Ball Lightning","Melter"],"picked":"Hyperbeam","floor":14.0},{"not_picked":["Machine Learning","All For One"],"picked":"Buffer","floor":16.0},{"not_picked":["Glacier","Barrage+1"],"picked":"FIFO Queue+1","floor":18.0},{"not_picked":["Streamline","Sweeping Beam"],"picked":"Sunder","floor":19.0},{"not_picked":["Lockon","Streamline"],"picked":"Cold Snap","floor":19.0},{"not_picked":["Go for the Eyes+1","Cold Snap+1"],"picked":"Hyperbeam","floor":19.0},{"not_picked":["BasicCrystalCard","Redo","Hello World"],"picked":"SKIP","floor":21.0},{"not_picked":["FIFO Queue","Go for the Eyes+1"],"picked":"ReplayTheSpireMod:Calculation Training","floor":24.0},{"not_picked":["Compile Driver","Barrage"],"picked":"Crystallizer","floor":27},{"not_picked":["Melter","Capacitor"],"picked":"ReplaySolidLightProjector+1","floor":28}],"player_experience":204937,"relics_obtained":[{"floor":5.0,"key":"ReplayTheSpireMod:Ring of Challenge"},{"floor":5.0,"key":"Ring of Hypnosis"},{"floor":6.0,"key":"Iron Hammer"},{"floor":9.0,"key":"Replay:Baseball"},{"floor":20.0,"key":"Akabeko"},{"floor":26.0,"key":"Sundial"},{"floor":28,"key":"Happy Flower"}],"event_choices":[{"damage_healed":0.0,"max_hp_gain":0.0,"max_hp_loss":0.0,"gold_gain":0.0,"cards_transformed":["Strike_B"],"event_name":"Living Wall","player_choice":"Change","floor":2.0,"gold_loss":0.0,"damage_taken":0.0,"cards_obtained":["Electrodynamics"]},{"damage_healed":0.0,"max_hp_gain":5.0,"max_hp_loss":0.0,"gold_gain":0.0,"event_name":"Big Fish","player_choice":"Donut","floor":3.0,"gold_loss":0.0,"damage_taken":0.0},{"damage_healed":0.0,"max_hp_gain":0.0,"max_hp_loss":0.0,"gold_gain":0.0,"event_name":"Shining Light","player_choice":"Entered Light","floor":11.0,"gold_loss":0.0,"damage_taken":16.0,"cards_upgraded":["Dualcast","Defend_B"]},{"damage_healed":0.0,"max_hp_gain":0.0,"max_hp_loss":0.0,"gold_gain":0.0,"event_name":"Golden Idol","player_choice":"Take Wound","floor":13.0,"gold_loss":0.0,"damage_taken":0.0,"relics_obtained":["Golden Idol"],"cards_obtained":["Injury"]},{"damage_healed":0.0,"max_hp_gain":0.0,"max_hp_loss":0.0,"gold_gain":0.0,"event_name":"Match and Keep!","player_choice":"0 cards matched","floor":22.0,"gold_loss":0.0,"damage_taken":0.0,"cards_obtained":[]}],"is_beta":false,"boss_relics":[{"not_picked":["Fusion Hammer","Sozu"],"picked":"FrozenCore"}],"items_purged_floors":[],"is_endless":false,"potions_floor_spawned":[6,8,24],"killed_by":"Gremlin Leader","ascension_level":3}}