{"host":"vddnn8yddbh0df4g","time":1607991238,"event":{"mods":["Act Like it!","BaseMod","Beaked The Cultist","Downfall","Hallownest","Hermit","Minty Spire (QoL Compilation)","Shop Mod","StSLib","SuperFastMode","The Bug Knight","The Runesmith","The Vixen"],"gold_per_floor":[99,99,99,99,274,301,301,301,336,336,60,73,73,84,94,94,94],"floor_reached":16,"playtime":622,"items_purged":["champ:Strike"],"score":131,"play_id":"a39b0411-d14f-4dbd-91aa-784d7ac30621","local_time":"20201214171358","is_ascension_mode":false,"campfire_choices":[{"data":"champ:Taunt","floor":1.0,"key":"SMITH"},{"data":"champ:FocusedGladiator","floor":4.0,"key":"SMITH"},{"data":"champ:IronFortress","floor":8.0,"key":"SMITH"},{"data":"champ:IronFortress","floor":10,"key":"SMITH"}],"circlet_count":0,"master_deck":["champ:Strike","champ:Strike+1","champ:Strike","champ:Defend","champ:Defend","champ:Defend","champ:Defend+1","champ:Execute","champ:Taunt+1","champ:FocusedGladiator+1","champ:BladeFlurry+1","Doubt","champ:IronFortress+1","champ:IronFortress+1","champ:DefensiveShout+1","champ:CalledShot+1","Regret","champ:GladiatorStyle","champ:StrikeOfGenius"],"relics":["champ:ChampionCrown","downfall:HeartsMalice","HollowMod:StagPassRelic","Runesmith:Locket","PreservedInsect"],"acts_visited":["Exordium"],"potions_floor_usage":[9,14,16],"damage_taken":[{"damage":0.0,"enemies":"Cultist","floor":2.0,"turns":1.0},{"damage":0.0,"enemies":"2 Louse","floor":3.0,"turns":1.0},{"damage":0.0,"enemies":"Lagavulin","floor":6.0,"turns":1.0},{"damage":61,"enemies":"Gremlin Nob","floor":9,"turns":5},{"damage":10,"enemies":"downfall:FleeingMerchant","floor":11,"turns":4},{"damage":10,"enemies":"Small Slimes","floor":12,"turns":3},{"damage":9,"enemies":"3 Louse","floor":14,"turns":4},{"damage":6,"enemies":"Red Slaver","floor":15,"turns":3},{"damage":21,"enemies":"downfall:Watcher","floor":16,"turns":5}],"seed_played":"-3142192624099193781","potions_obtained":[{"floor":6.0,"key":"champ:CounterPotion"},{"floor":12,"key":"SpeedPotion"},{"floor":14,"key":"DistilledChaos"},{"floor":15,"key":"Strength Potion"}],"is_trial":false,"path_per_floor":["R","M","M","R","?","E","T","R","E","R","$","M","?","M","M","B"],"character_chosen":"THE_CHAMP","items_purchased":["champ:CalledShot","PreservedInsect"],"campfire_rested":0,"item_purchase_floors":[11,11],"current_hp_per_floor":[90,90,90,90,90,90,90,90,34,34,29,24,24,20,19,0,0],"gold":94,"neow_bonus":"THREE_ENEMY_KILL","is_daily":false,"chose_seed":false,"campfire_upgraded":4,"win_rate":0.0,"timestamp":1607991238,"path_taken":["R","M","?","R","?","E","T","R","E","R","$","M","?","M","M","BOSS"],"items_purchased_type":["Card","Relic"],"build_version":"2020-12-13","purchased_purges":1,"victory":false,"max_hp_per_floor":[90,90,90,90,90,90,90,90,90,90,90,90,90,90,90,90,90],"card_choices":[{"not_picked":["champ:RecklessLeap","champ:GladiatorsShout"],"picked":"champ:FocusedGladiator","floor":2.0},{"not_picked":["champ:FanOfKnives","champ:FightOn"],"picked":"champ:BladeFlurry","floor":3.0},{"not_picked":["champ:DancingMaster","champ:BringItOn"],"picked":"champ:IronFortress","floor":6.0},{"not_picked":["champ:EnGarde","champ:AdrenalArmor"],"picked":"champ:IronFortress","floor":9},{"not_picked":["champ:Haymaker","champ:AdrenalArmor"],"picked":"champ:DefensiveShout","floor":11},{"not_picked":["champ:HeartStrike","champ:DefensiveShout","champ:Encircle"],"picked":"SKIP","floor":12},{"not_picked":["champ:CrookedStrike","champ:BerserkersShout"],"picked":"champ:GladiatorStyle","floor":14},{"not_picked":["champ:BerserkersShout","champ:CrookedStrike"],"picked":"champ:StrikeOfGenius","floor":15}],"player_experience":677086,"relics_obtained":[{"floor":6.0,"key":"HollowMod:StagPassRelic"},{"floor":9,"key":"Runesmith:Locket"}],"event_choices":[],"is_beta":false,"boss_relics":[],"items_purged_floors":[11],"is_endless":false,"potions_floor_spawned":[6,12,14,15],"killed_by":"downfall:Watcher","ascension_level":0}}