{"host":"6bsan6hkua32tfq7","time":1607992140,"event":{"mods":["BaseMod","Better Third Choice","Colored Map","Downfall","Highlight Path","Minty Spire (QoL Compilation)","StSLib"],"gold_per_floor":[118,118,132,2,52,86,86,112,112,125,141,159,159,178,178,253,253,268,268,318,349,349,349,384,384,466,485,485,520,520,533,533,533,533],"floor_reached":33,"playtime":876,"items_purged":["Strike_P"],"score":611,"play_id":"d76d2521-c086-474b-aec9-4f036fd0efd9","local_time":"20201215012900","is_ascension_mode":true,"campfire_choices":[{"floor":7,"key":"REST"},{"data":"PathToVictory","floor":13,"key":"SMITH"},{"data":"PathToVictory","floor":15,"key":"SMITH"},{"floor":23,"key":"REST"},{"floor":25,"key":"REST"},{"floor":28,"key":"REST"},{"floor":32,"key":"REST"}],"circlet_count":0,"master_deck":["AscendersBane","Defend_P","Defend_P","Defend_P","Eruption","Vigilance","CrushJoints","PathToVictory+1","PathToVictory+1","FlurryOfBlows","Protect","PathToVictory","Wish","PathToVictory+1","Crescendo","Tantrum","ClearTheMind+1","LikeWater"],"relics":["Empty Cage","Lizard Tail","Akabeko","Shuriken","Fusion Hammer","Red Mask","Singing Bowl","The Courier","Anchor"],"acts_visited":["Exordium","TheCity"],"potions_floor_usage":[11,16,29,33],"damage_taken":[{"damage":4,"enemies":"Jaw Worm","floor":1,"turns":4},{"damage":5,"enemies":"Small Slimes","floor":3,"turns":3},{"damage":52,"enemies":"3 Sentries","floor":6,"turns":12},{"damage":22,"enemies":"Gremlin Nob","floor":8,"turns":3},{"damage":0,"enemies":"Cultist","floor":10,"turns":2},{"damage":3,"enemies":"Looter","floor":11,"turns":3},{"damage":8,"enemies":"Blue Slaver","floor":12,"turns":2},{"damage":11,"enemies":"3 Louse","floor":14,"turns":2},{"damage":18,"enemies":"Hexaghost","floor":16,"turns":5},{"damage":4,"enemies":"Spheric Guardian","floor":18,"turns":5},{"damage":8,"enemies":"Masked Bandits","floor":21,"turns":3},{"damage":25,"enemies":"Book of Stabbing","floor":24,"turns":4},{"damage":17,"enemies":"Shell Parasite","floor":27,"turns":3},{"damage":39,"enemies":"Slavers","floor":29,"turns":5},{"damage":26,"enemies":"Snake Plant","floor":31,"turns":3},{"damage":56,"enemies":"Automaton","floor":33,"turns":6}],"seed_played":"2649588558312602080","potions_obtained":[{"floor":8,"key":"BlessingOfTheForge"},{"floor":10,"key":"LiquidBronze"},{"floor":12,"key":"StancePotion"},{"floor":14,"key":"Energy Potion"},{"floor":16,"key":"SteroidPotion"},{"floor":21,"key":"Explosive Potion"},{"floor":31,"key":"champ:CounterPotion"}],"is_trial":false,"path_per_floor":["M","?","M","$","?","E","R","E","T","M","M","M","R","M","R","B",null,"M","?","?","?","?","R","E","R","T","M","R","E","?","M","R","B"],"character_chosen":"WATCHER","items_purchased":["PathToVictory"],"campfire_rested":5,"item_purchase_floors":[4],"current_hp_per_floor":[57,62,57,57,57,5,26,4,4,4,1,36,36,25,25,7,57,53,53,53,45,45,66,43,65,65,48,70,33,48,24,47,0,0],"gold":533,"neow_bonus":"BOSS_RELIC","is_daily":false,"chose_seed":false,"campfire_upgraded":2,"win_rate":0.0,"timestamp":1607992140,"path_taken":["M","?","M","$","?","E","R","E","T","?","M","M","R","M","R","BOSS","M","?","?","?","?","R","E","R","T","M","R","E","?","M","R","BOSS"],"items_purchased_type":["Card"],"build_version":"2020-12-13","purchased_purges":1,"victory":false,"max_hp_per_floor":[68,73,73,73,73,73,73,73,73,73,73,73,73,73,73,73,73,73,73,73,73,73,73,75,75,75,75,75,77,77,79,79,79,79],"card_choices":[{"not_picked":["FlyingSleeves","EmptyBody"],"picked":"CrushJoints","floor":1},{"not_picked":["SashWhip","FearNoEvil"],"picked":"PathToVictory","floor":3},{"not_picked":["Adaptation","JustLucky"],"picked":"FlurryOfBlows","floor":6},{"not_picked":["Crescendo","SashWhip"],"picked":"Protect","floor":8},{"not_picked":["ForeignInfluence","SashWhip","DeusExMachina"],"picked":"SKIP","floor":10},{"not_picked":["ReachHeaven","FlurryOfBlows"],"picked":"PathToVictory","floor":11},{"not_picked":["Weave","CarveReality","BowlingBash"],"picked":"SKIP","floor":12},{"not_picked":["Evaluate","EmptyFist","Collect"],"picked":"SKIP","floor":14},{"not_picked":["Alpha","Scrawl"],"picked":"Wish","floor":16},{"not_picked":["Evaluate","Prostrate"],"picked":"PathToVictory+1","floor":18},{"not_picked":["Wallop","Study"],"picked":"ClearTheMind+1","floor":21},{"not_picked":["FollowUp","Weave","MentalFortress"],"picked":"Singing Bowl","floor":24},{"not_picked":["WaveOfTheHand","EmptyBody+1"],"picked":"LikeWater","floor":27},{"not_picked":["SpiritShield","FlyingSleeves","Worship"],"picked":"Singing Bowl","floor":29},{"not_picked":["Worship","Collect","Study"],"picked":"Singing Bowl","floor":31}],"player_experience":5134017,"relics_obtained":[{"floor":6,"key":"Lizard Tail"},{"floor":8,"key":"Akabeko"},{"floor":9,"key":"Shuriken"},{"floor":21,"key":"Red Mask"},{"floor":24,"key":"Singing Bowl"},{"floor":26,"key":"The Courier"},{"floor":29,"key":"Anchor"}],"event_choices":[{"damage_healed":0,"gold_gain":0,"player_choice":"Donut","damage_taken":0,"max_hp_gain":5,"max_hp_loss":0,"event_name":"Big Fish","floor":2,"gold_loss":0},{"damage_healed":0,"gold_gain":50,"player_choice":"Pray","damage_taken":0,"max_hp_gain":0,"max_hp_loss":0,"event_name":"Golden Shrine","floor":5,"gold_loss":0},{"damage_healed":0,"gold_gain":0,"cards_transformed":["Strike_P","Strike_P"],"player_choice":"Became Test Subject","damage_taken":0,"max_hp_gain":0,"max_hp_loss":0,"event_name":"Drug Dealer","floor":19,"gold_loss":0,"cards_obtained":["Crescendo","Tantrum"]},{"damage_healed":0,"gold_gain":50,"player_choice":"Steal","damage_taken":0,"max_hp_gain":0,"max_hp_loss":0,"event_name":"betterThird:BetterNest","floor":20,"gold_loss":0},{"damage_healed":0,"gold_gain":0,"player_choice":"Fought Bandits","damage_taken":0,"max_hp_gain":0,"max_hp_loss":0,"event_name":"Masked Bandits","floor":21,"gold_loss":0},{"damage_healed":0,"gold_gain":0,"player_choice":"Ignored","damage_taken":0,"max_hp_gain":0,"max_hp_loss":0,"event_name":"Vampires","floor":22,"gold_loss":0},{"damage_healed":15,"gold_gain":0,"player_choice":"Heal","damage_taken":0,"max_hp_gain":0,"max_hp_loss":0,"event_name":"The Library","floor":30,"gold_loss":0}],"is_beta":false,"boss_relics":[{"not_picked":["Busted Crown","Coffee Dripper"],"picked":"Fusion Hammer"}],"items_purged_floors":[4],"is_endless":false,"potions_floor_spawned":[8,10,12,14,16,21,31],"killed_by":"Automaton","ascension_level":20}}