{"host":"sv2o2io561l6x04h","time":1607997987,"event":{"mods":["BaseMod","Bestiary","Better Altar","Better Match","Better Note","Better Sensory Stone","Colored Map","Conspire","Custom Start","DeckTracker","Highlight Path","Hubris","Minty Spire (QoL Compilation)","Replay The Spire","Shop Mod","StSLib","The Runesmith"],"gold_per_floor":[111,61,61,61,81,81,114,134,134,134,134,59,134,151,151,250,250,260,260,273,97,114,114,124,124,175,202,216,235,266,341,341,436,486,503,515,535,535,553,553,553,553],"floor_reached":41,"playtime":11548,"items_purged":["Runesmith:Strike_RS","Runesmith:Defend_RS"],"score":488,"play_id":"a68a4e39-3e99-4f4d-9904-19f131318076","local_time":"20201214210627","is_ascension_mode":false,"campfire_choices":[{"data":"Runesmith:Terraform","floor":6,"key":"SMITH"},{"data":"Runesmith:ChiselStab","floor":10,"key":"SMITH"},{"data":"Runesmith:CraftMagma","floor":15,"key":"SMITH"},{"data":"Runesmith:MetallurgicalResearch","floor":23,"key":"SMITH"},{"data":"Runesmith:Firestorm","floor":25,"key":"SMITH"},{"floor":32,"key":"RECALL"},{"data":"Runesmith:Grindstone","floor":40,"key":"SMITH"}],"circlet_count":0,"master_deck":["Runesmith:Strike_RS","Runesmith:Strike_RS","Runesmith:Strike_RS","Runesmith:Defend_RS","Runesmith:Defend_RS","Runesmith:Fortify","Runesmith:EarthShield","Runesmith:Terraform+1","Runesmith:PerfectChisel","Runesmith:ChiselStab+1","Delirium","Runesmith:CraftMagma+1","Runesmith:MetallurgicalResearch+1","Runesmith:Grindstone+1","Runesmith:Firestorm+1","Runesmith:CraftMagma+1","Runesmith:StaticCage","Runesmith:HammerThrow+1","Runesmith:Augment","Runesmith:Grindstone+1","Runesmith:GoWithTheFlow+1","Runesmith:GoWithTheFlow+1"],"relics":["Runesmith:BrokenRuby","NeowsBlessing","ReplayTheSpireMod:Ninjato","Kunai","ReplayTheSpireMod:Ring of Addiction","Ring of Fangs","hubris:EmptyBottle","Potion Belt","hubris:RunicObelisk","Pen Nib","hubris:64BitClover","hubris:TinFlute","Tiny House","hubris:Icosahedron"],"acts_visited":["Exordium","TheCity","TheBeyond"],"potions_floor_usage":[16,16,18,20,20,22,24,28,29,29,30,33,33,33,35,36,36,37],"damage_taken":[{"damage":0,"enemies":"Cultist","floor":1,"turns":1},{"damage":0,"enemies":"2 Louse","floor":5,"turns":1},{"damage":0,"enemies":"Lagavulin","floor":7,"turns":1},{"damage":0,"enemies":"Small Slimes","floor":8,"turns":4},{"damage":0,"enemies":"2 Fungi Beasts","floor":14,"turns":4},{"damage":5,"enemies":"Hexaghost","floor":16,"turns":12},{"damage":0,"enemies":"3 Byrds","floor":18,"turns":5},{"damage":0,"enemies":"conspire:FuzzyDice","floor":20,"turns":6},{"damage":0,"enemies":"Sentry and Sphere","floor":22,"turns":7},{"damage":12,"enemies":"conspire:HollyBat","floor":24,"turns":6},{"damage":6,"enemies":"Centurion and Healer","floor":28,"turns":7},{"damage":2,"enemies":"Snake Plant","floor":29,"turns":4},{"damage":7,"enemies":"conspire:SneckoGhost","floor":30,"turns":4},{"damage":0,"enemies":"conspire:MysteriousRune","floor":33,"turns":8},{"damage":0,"enemies":"3 Shapes","floor":35,"turns":5},{"damage":20,"enemies":"Orb Walker","floor":36,"turns":6},{"damage":13,"enemies":"Jaw Worm Horde","floor":37,"turns":6},{"damage":29,"enemies":"Maw","floor":39,"turns":8},{"damage":9,"enemies":"4 Shapes","floor":41,"turns":2}],"seed_played":"5864779377077735231","potions_obtained":[{"floor":7,"key":"FearPotion"},{"floor":8,"key":"CultistPotion"},{"floor":11,"key":"Dexterity Potion"},{"floor":11,"key":"SkillPotion"},{"floor":11,"key":"Toxic Potion"},{"floor":22,"key":"DistilledChaos"},{"floor":24,"key":"Elixir"},{"floor":28,"key":"DistilledChaos"},{"floor":30,"key":"Milkshake"},{"floor":34,"key":"Toxic Potion"},{"floor":35,"key":"Languid Potion"},{"floor":37,"key":"Ancient Potion"}],"is_trial":false,"path_per_floor":["M","?","?","$","M","R","E","M","T","R","?","$","?","M","R","B",null,"M","?","M","$","M","R","M","R","T","T","M","M","E","T","R","B",null,"M","M","M","?","M","R","M"],"character_chosen":"RUNESMITH_CLASS","items_purchased":["Runesmith:Firestorm"],"campfire_rested":0,"item_purchase_floors":[21],"current_hp_per_floor":[70,70,70,70,70,70,70,70,70,70,70,70,59,59,59,54,68,68,68,68,68,68,68,56,56,56,56,50,48,41,41,41,41,71,71,51,38,38,9,9,0,0],"gold":553,"neow_bonus":"THREE_ENEMY_KILL","is_daily":false,"chose_seed":false,"campfire_upgraded":6,"win_rate":0.0,"timestamp":1607997987,"path_taken":["M","?","?","$","M","R","E","M","T","R","?","$","?","?","R","BOSS","M","?","M","$","M","R","M","R","T","?","M","?","E","?","R","BOSS","M","?","M","?","M","R","M"],"items_purchased_type":["Card"],"build_version":"2020-12-13","purchased_purges":2,"victory":false,"max_hp_per_floor":[70,70,70,70,70,70,70,70,70,70,70,70,70,70,68,68,68,68,68,68,68,68,68,68,68,68,68,66,66,66,66,66,66,71,71,71,71,71,71,71,69,69],"card_choices":[{"not_picked":["Runesmith:HeatedChisel","Runesmith:StaticCage"],"picked":"Runesmith:EarthShield","floor":1},{"not_picked":["Runesmith:Refine","Runesmith:UnstableHammer"],"picked":"Runesmith:Terraform","floor":5},{"not_picked":["Runesmith:HammerAndChisel","Runesmith:ShiftingStrike"],"picked":"Runesmith:PerfectChisel","floor":7},{"not_picked":["Runesmith:ShiftingStrike","Runesmith:CraftVitae"],"picked":"Runesmith:ChiselStab","floor":8},{"not_picked":["Runesmith:Repurpose","Runesmith:ShiftingStrike"],"picked":"Runesmith:CraftMagma","floor":14},{"not_picked":["Runesmith:FissionHammer","Runesmith:CraftPrismatica"],"picked":"Runesmith:MetallurgicalResearch","floor":16},{"not_picked":["Runesmith:CraftProtectio+1","Runesmith:DoubleUp"],"picked":"Runesmith:Grindstone","floor":18},{"not_picked":["Runesmith:NegativeSpace","Runesmith:HeatedChisel","Runesmith:EnergizedChisel"],"picked":"SKIP","floor":20},{"not_picked":["Runesmith:BackupBattery+1","Runesmith:FrozenChisel","Runesmith:Accelerate"],"picked":"SKIP","floor":22},{"not_picked":["Runesmith:BackupBattery","Runesmith:ChaoticBlast"],"picked":"Runesmith:CraftMagma+1","floor":24},{"not_picked":["Runesmith:Repurpose+1","Runesmith:Refine"],"picked":"Runesmith:StaticCage","floor":28},{"not_picked":["Runesmith:ElementalConversion","Runesmith:GenerateForcefield"],"picked":"Runesmith:HammerThrow+1","floor":29},{"not_picked":["Runesmith:ShiftingStrike+1","Runesmith:Refine"],"picked":"Runesmith:Augment","floor":30},{"not_picked":["Runesmith:MakeshiftArmor+1","Runesmith:HeatExchange"],"picked":"Runesmith:Grindstone","floor":34},{"not_picked":["Runesmith:BackupBattery+1","Runesmith:CraftVitae","Runesmith:DoubleUp+1"],"picked":"SKIP","floor":35},{"not_picked":["Runesmith:HammerThrow","Runesmith:Overpower+1"],"picked":"Runesmith:GoWithTheFlow+1","floor":36},{"not_picked":["Runesmith:Firewall","Runesmith:EnergizedChisel","Runesmith:Malloc"],"picked":"SKIP","floor":37},{"not_picked":["Runesmith:Reinforce","Runesmith:DoubleUp+1"],"picked":"Runesmith:GoWithTheFlow+1","floor":39}],"player_experience":178346,"relics_obtained":[{"floor":7,"key":"ReplayTheSpireMod:Ninjato"},{"floor":9,"key":"Kunai"},{"floor":11,"key":"ReplayTheSpireMod:Ring of Addiction"},{"floor":11,"key":"Ring of Fangs"},{"floor":11,"key":"hubris:EmptyBottle"},{"floor":11,"key":"Potion Belt"},{"floor":27,"key":"Pen Nib"},{"floor":30,"key":"hubris:64BitClover"},{"floor":31,"key":"hubris:TinFlute"}],"event_choices":[{"cards_removed":["Runesmith:CraftFirestone"],"damage_healed":0,"gold_gain":0,"player_choice":"Card Removal","damage_taken":0,"max_hp_gain":0,"max_hp_loss":0,"event_name":"The Cleric","floor":2,"gold_loss":50},{"damage_healed":0,"gold_gain":75,"player_choice":"Gather Gold","damage_taken":11,"max_hp_gain":0,"max_hp_loss":0,"event_name":"World of Goop","floor":13,"gold_loss":0},{"cards_removed":["Runesmith:Defend_RS"],"damage_healed":0,"gold_gain":0,"player_choice":"Give","damage_taken":0,"max_hp_gain":0,"max_hp_loss":0,"event_name":"betterNote:BetterNote","floor":19,"gold_loss":0,"cards_obtained":["None"]}],"is_beta":false,"boss_relics":[{"not_picked":["Calling Bell","Replay:Drink Me"],"picked":"hubris:RunicObelisk"},{"not_picked":["hubris:GrandSneckoEye","ChewingGum"],"picked":"Tiny House"}],"items_purged_floors":[12,21],"is_endless":false,"potions_floor_spawned":[7,8,22,24,28,30,35,37],"killed_by":"4 Shapes","ascension_level":0}}