{"host":"fdq5pmhluajjrf8d","time":1607992195,"event":{"mods":["BaseMod","Minty Spire (QoL Compilation)"],"gold_per_floor":[110,128,148,158,158,158,184,199,199,199,215,140,171,191,191,191,191],"floor_reached":16,"playtime":750,"items_purged":[],"score":222,"play_id":"990b5b70-9e7b-4b03-85d8-52695af6d05d","local_time":"20201214192955","is_ascension_mode":true,"campfire_choices":[{"floor":6,"key":"REST"},{"floor":10,"key":"REST"},{"floor":15,"key":"REST"}],"circlet_count":0,"master_deck":["AscendersBane","Strike_B","Strike_B","Strike_B","Strike_B","Defend_B","Defend_B","Defend_B","Defend_B","Zap","Dualcast","Streamline","Beam Cell","Echo Form","Hologram","Leap","BootSequence","Conserve Battery","Sunder","Creative AI"],"relics":["Cracked Core","Shovel","MealTicket","Blood Vial"],"acts_visited":["Exordium"],"potions_floor_usage":[7,11,14],"damage_taken":[{"damage":1,"enemies":"Cultist","floor":1,"turns":3},{"damage":4,"enemies":"Jaw Worm","floor":2,"turns":3},{"damage":5,"enemies":"Small Slimes","floor":3,"turns":3},{"damage":13,"enemies":"2 Fungi Beasts","floor":4,"turns":3},{"damage":55,"enemies":"Gremlin Nob","floor":7,"turns":5},{"damage":3,"enemies":"Blue Slaver","floor":8,"turns":4},{"damage":10,"enemies":"Exordium Thugs","floor":11,"turns":3},{"damage":17,"enemies":"Lagavulin","floor":13,"turns":7},{"damage":2,"enemies":"Gremlin Gang","floor":14,"turns":4},{"damage":46,"enemies":"Hexaghost","floor":16,"turns":12}],"seed_played":"666300607630847741","potions_obtained":[{"floor":2,"key":"FearPotion"},{"floor":7,"key":"Explosive Potion"},{"floor":11,"key":"AttackPotion"}],"is_trial":false,"path_per_floor":["M","M","M","M","?","R","E","M","T","R","M","$","E","M","R","B"],"character_chosen":"DEFECT","items_purchased":["Sunder"],"campfire_rested":3,"item_purchase_floors":[12],"current_hp_per_floor":[59,55,50,37,37,62,7,4,4,29,19,34,17,17,42,0,0],"gold":191,"neow_bonus":"TWENTY_PERCENT_HP_BONUS","is_daily":false,"chose_seed":false,"campfire_upgraded":0,"win_rate":0.0,"timestamp":1607992195,"path_taken":["M","?","?","M","?","R","E","M","T","R","M","$","E","M","R","BOSS"],"items_purchased_type":["Card"],"build_version":"2020-12-13","purchased_purges":0,"victory":false,"max_hp_per_floor":[85,85,85,85,85,85,85,85,85,85,85,85,85,85,85,85,85],"card_choices":[{"not_picked":["Sweeping Beam","Turbo"],"picked":"Streamline","floor":1},{"not_picked":["Go for the Eyes","Compile Driver"],"picked":"Beam Cell","floor":2},{"not_picked":["Ball Lightning","Steam Power"],"picked":"Echo Form","floor":3},{"not_picked":["Beam Cell","Compile Driver"],"picked":"Hologram","floor":4},{"not_picked":["Compile Driver","Barrage"],"picked":"Leap","floor":7},{"not_picked":["Static Discharge","Leap"],"picked":"BootSequence","floor":8},{"not_picked":["Streamline","Barrage"],"picked":"Conserve Battery","floor":11},{"not_picked":["Ball Lightning","Melter"],"picked":"Creative AI","floor":13},{"not_picked":["Doom and Gloom","Static Discharge","Stack"],"picked":"SKIP","floor":14}],"player_experience":1855072,"relics_obtained":[{"floor":7,"key":"Shovel"},{"floor":9,"key":"MealTicket"},{"floor":13,"key":"Blood Vial"}],"event_choices":[{"damage_healed":0,"gold_gain":0,"player_choice":"Fled","damage_taken":0,"max_hp_gain":0,"max_hp_loss":0,"event_name":"Scrap Ooze","floor":5,"gold_loss":0}],"is_beta":false,"boss_relics":[],"items_purged_floors":[],"is_endless":false,"potions_floor_spawned":[2,7,11],"killed_by":"Hexaghost","ascension_level":19}}