{"host":"qw1m3zcvi888b4j7","time":1607991394,"event":{"mods":["BaseMod","Block Reminder","Colored Map","Colored Powertips","DeckTracker","Downfall","Highlight Path","Minty Spire (QoL Compilation)","Quick Restart","Rare Cards Sparkle","Relic Sorter","Relic Stats","StSLib"],"gold_per_floor":[99,110,129,145,178,103,103,103,137,154,169,188,204,379,397,397,397],"floor_reached":16,"playtime":966,"items_purged":[],"score":116,"play_id":"c89e3308-06f1-4265-9628-308a83cedf6a","local_time":"20201215011634","is_ascension_mode":false,"campfire_choices":[{"floor":1,"key":"RECALL"},{"data":"Guardian:TimeBomb","floor":6,"key":"SMITH"},{"data":"Guardian:ShieldSpikes","floor":8,"key":"SMITH"}],"circlet_count":0,"master_deck":["Guardian:Strike_Guardian","Guardian:Strike_Guardian","Guardian:Strike_Guardian","Guardian:Strike_Guardian","Guardian:Defend_Guardian","Guardian:Defend_Guardian","Guardian:Defend_Guardian","Guardian:Defend_Guardian","Guardian:CurlUp","Guardian:TwinSlam","Guardian:Harden","Guardian:TimeBomb+1","Guardian:TemporalStrike","Guardian:ShieldSpikes+1","Guardian:ChargeCore","Guardian:ChargeUp","Guardian:SentryBeam","Guardian:PrismaticBeam","Guardian:FloatingOrbs","Doubt","Guardian:CrystalBeam"],"relics":["Guardian:ModeShifter","downfall:HeartBlessingRed","Nunchaku","Bag of Marbles","Sundial","Orichalcum"],"acts_visited":["Exordium"],"potions_floor_usage":[5,9,16],"damage_taken":[{"damage":9,"enemies":"Jaw Worm","floor":2,"turns":5},{"damage":2,"enemies":"2 Louse","floor":3,"turns":4},{"damage":7,"enemies":"Small Slimes","floor":4,"turns":3},{"damage":2,"enemies":"3 Sentries","floor":5,"turns":7},{"damage":4,"enemies":"Lagavulin","floor":9,"turns":10},{"damage":0,"enemies":"Exordium Wildlife","floor":10,"turns":4},{"damage":6,"enemies":"Gremlin Gang","floor":11,"turns":4},{"damage":9,"enemies":"2 Fungi Beasts","floor":12,"turns":3},{"damage":6,"enemies":"Blue Slaver","floor":13,"turns":2},{"damage":0,"enemies":"Lots of Slimes","floor":15,"turns":3},{"damage":36,"enemies":"downfall:Defect","floor":16,"turns":8}],"seed_played":"-5917417519176445182","potions_obtained":[{"floor":3,"key":"Dexterity Potion"},{"floor":5,"key":"BlessingOfTheForge"},{"floor":9,"key":"BlessingOfTheForge"},{"floor":10,"key":"PowerPotion"},{"floor":13,"key":"EntropicBrew"}],"is_trial":false,"path_per_floor":["R","M","M","M","E","R","T","R","E","M","M","M","M","?","M","B"],"character_chosen":"GUARDIAN","items_purchased":[],"campfire_rested":0,"item_purchase_floors":[],"current_hp_per_floor":[80,71,69,62,60,60,60,60,56,56,50,41,35,35,35,0,0],"gold":397,"neow_bonus":"RANDOM_COMMON_RELIC","is_daily":false,"chose_seed":false,"campfire_upgraded":2,"win_rate":0.0,"timestamp":1607991394,"path_taken":["R","M","M","M","E","R","T","R","E","M","M","M","M","?","M","BOSS"],"items_purchased_type":[],"build_version":"2020-12-13","purchased_purges":0,"victory":false,"max_hp_per_floor":[80,80,80,80,80,80,80,80,80,80,80,80,80,80,80,80,80],"relic_stats":{"Nunchaku":[8],"counters":[11,52],"Sundial":[4],"Orichalcum":[24],"obtain_stats":[{"Nunchaku":0,"downfall:HeartBlessingRed":6,"Sundial":7,"Guardian:ModeShifter":0,"Bag of Marbles":5,"Orichalcum":9},{"Nunchaku":0,"downfall:HeartBlessingRed":4,"Sundial":4,"Guardian:ModeShifter":0,"Bag of Marbles":4,"Orichalcum":5},{"Nunchaku":0,"downfall:HeartBlessingRed":19,"Sundial":19,"Guardian:ModeShifter":0,"Bag of Marbles":19,"Orichalcum":29}]},"card_choices":[{"not_picked":["Guardian:WalkerClaw","Guardian:Gem_Cyan"],"picked":"Guardian:Harden","floor":2},{"not_picked":["Guardian:Gem_Red","Guardian:ShieldCharger"],"picked":"Guardian:TimeBomb","floor":3},{"not_picked":["Guardian:GuardianWhirl","Guardian:Planning"],"picked":"Guardian:TemporalStrike","floor":4},{"not_picked":["Guardian:Incinerate","Guardian:Emergency"],"picked":"Guardian:ShieldSpikes","floor":5},{"not_picked":["Guardian:Suspension","Guardian:Recover"],"picked":"Guardian:ChargeCore","floor":9},{"not_picked":["Guardian:Gem_Red","Guardian:ChargeCore"],"picked":"Guardian:ChargeUp","floor":10},{"not_picked":["Guardian:ChargeUp","Guardian:PrismaticBarrier"],"picked":"Guardian:SentryBeam","floor":11},{"not_picked":["Guardian:Harden","Guardian:Gem_Red"],"picked":"Guardian:PrismaticBeam","floor":12},{"not_picked":["Guardian:Harden","Guardian:ChargeCore"],"picked":"Guardian:FloatingOrbs","floor":13},{"not_picked":["Guardian:TemporalStrike","Guardian:RefractedBeam"],"picked":"Guardian:CrystalBeam","floor":15}],"player_experience":86689,"relics_obtained":[{"floor":5,"key":"Bag of Marbles"},{"floor":7,"key":"Sundial"},{"floor":9,"key":"Orichalcum"}],"event_choices":[],"is_beta":false,"boss_relics":[],"items_purged_floors":[],"is_endless":false,"potions_floor_spawned":[3,5,9,10,13],"killed_by":"downfall:Defect","ascension_level":0}}