{"host":"jm9833yuloeli2yd","time":1607997068,"event":{"mods":["AchievementEnabler","BaseMod","Better Altar","Better Match","Better Note","Better Sensory Stone","Better Skull","Better Vampires","Colored Map","Colored Powertips","DeckTracker","Minty Spire (QoL Compilation)","Permanent Neow","Quick Restart","Replay The Spire","StSLib","SuperFastMode"],"gold_per_floor":[109,120,120,45,45,45,72,91,91,124,143,178,178,195,195,292,292,310,250,250,260,275,308,308,328,328,149,164,190,289,305,305,404,404,418,471,144,158,169,169,169,169],"floor_reached":41,"playtime":977,"items_purged":["Strike_R","Strike_R","Strike_R"],"score":1036,"play_id":"afd05bde-0178-49cc-9f7f-4257e59d2354","local_time":"20201214205108","is_ascension_mode":true,"campfire_choices":[{"data":"Bash","floor":6.0,"key":"SMITH"},{"data":"Bludgeon","floor":15.0,"key":"SMITH"},{"data":"Demon Form","floor":24.0,"key":"SMITH"},{"floor":32.0,"key":"REST"},{"data":"Limit Break","floor":40,"key":"SMITH"}],"circlet_count":0,"master_deck":["AscendersBane","Strike_R","Strike_R","Defend_R","Defend_R+1","Defend_R","Defend_R+1","Bash+1","Clothesline","Clothesline","Bludgeon+1","ReplayTheSpireMod:Muscle Training","Double Tap","ReplayTheSpireMod:Muscle Training","Second Wind","ReplayTheSpireMod:Muscle Training","Demon Form+1","Power Through","Whirlwind","Evolve+1","Rage","Demonic Infusion","Limit Break+1","Shrug It Off+1","Dark Embrace+1","Defy Death","Reaper"],"relics":["Burning Blood","NeowsBlessing","Ring of Panic","Quantum Egg","Replay:Bottled Steam","Ancient Tea Set","Mango","Snecko Eye","Spirit Poop","Centennial Puzzle","Singing Bowl","Mirror","Mark of Pain","Brimstone","BranchBurnRelic"],"acts_visited":["Exordium","TheCity","TheBeyond"],"potions_floor_usage":[],"damage_taken":[{"damage":0.0,"enemies":"2 Louse","floor":1.0,"turns":1.0},{"damage":0.0,"enemies":"Cultist","floor":2.0,"turns":1.0},{"damage":0.0,"enemies":"Lagavulin","floor":7.0,"turns":1.0},{"damage":0.0,"enemies":"Small Slimes","floor":8.0,"turns":2.0},{"damage":15.0,"enemies":"Gremlin Nob","floor":10.0,"turns":4.0},{"damage":15.0,"enemies":"2 Fungi Beasts","floor":11.0,"turns":3.0},{"damage":1.0,"enemies":"Lagavulin","floor":12.0,"turns":3.0},{"damage":0.0,"enemies":"3 Louse","floor":14.0,"turns":4.0},{"damage":45.0,"enemies":"Hexaghost","floor":16.0,"turns":7.0},{"damage":3.0,"enemies":"Chosen","floor":18.0,"turns":3.0},{"damage":17.0,"enemies":"3 Byrds","floor":21.0,"turns":4.0},{"damage":6.0,"enemies":"Shelled Parasite and Fungi","floor":22.0,"turns":3.0},{"damage":58.0,"enemies":"Slavers","floor":23.0,"turns":7.0},{"damage":1.0,"enemies":"3 Cultists","floor":25.0,"turns":3.0},{"damage":13.0,"enemies":"Snecko","floor":28.0,"turns":3.0},{"damage":7.0,"enemies":"Gremlin Leader","floor":29.0,"turns":4.0},{"damage":0.0,"enemies":"Centurion and Healer","floor":31.0,"turns":3.0},{"damage":50.0,"enemies":"Pondfish","floor":33.0,"turns":8.0},{"damage":0.0,"enemies":"3 Darklings","floor":35.0,"turns":1.0},{"damage":43.0,"enemies":"2 Orb Walkers","floor":36.0,"turns":4.0},{"damage":1.0,"enemies":"3 Shapes","floor":38.0,"turns":3.0},{"damage":25,"enemies":"Maw","floor":39,"turns":5},{"damage":95,"enemies":"Nemesis","floor":41,"turns":5}],"seed_played":"-5144590169405775494","potions_obtained":[{"floor":1.0,"key":"PowerPotion"},{"floor":10.0,"key":"GamblersBrew"},{"floor":11.0,"key":"Fruit Juice"},{"floor":12.0,"key":"Dexterity Potion"},{"floor":31.0,"key":"Adrenaline Potion"},{"floor":36.0,"key":"Milkshake"},{"floor":38.0,"key":"Strength Potion"}],"is_trial":false,"path_per_floor":["M","M","?","$","?","R","E","M","T","E","M","E","?","M","R","B",null,"M","?","?","M","M","E","R","M","T","$","M","E","?","M","R","B",null,"M","?","$","M","M","R","E"],"character_chosen":"IRONCLAD","items_purchased":["Rage","Brimstone","Dark Embrace+1"],"campfire_rested":1,"item_purchase_floors":[27,37,37],"current_hp_per_floor":[78,80,64,64,64,64,70,76,76,67,58,82,82,88,88,49,87,90,90,90,79,79,27,27,32,32,32,27,26,26,34,64,20,82,88,53,53,58,39,39,0,0],"gold":169,"neow_bonus":"THREE_ENEMY_KILL","is_daily":false,"chose_seed":false,"campfire_upgraded":4,"win_rate":0.0,"timestamp":1607997068,"path_taken":["M","M","?","$","?","R","E","M","T","E","M","E","?","M","R","BOSS","M","?","?","?","M","E","R","M","T","?","?","E","?","M","R","BOSS","M","?","$","M","M","R","E"],"items_purchased_type":["Card","Relic","Card"],"build_version":"2020-12-13","purchased_purges":3,"victory":false,"max_hp_per_floor":[80,80,80,80,80,80,80,80,80,80,80,99,99,99,99,99,99,99,99,99,99,99,99,99,99,99,99,101,101,101,103,103,103,103,103,105,105,105,105,105,105,105],"card_choices":[{"not_picked":["Evolve","Clash"],"picked":"Clothesline","floor":1.0},{"not_picked":["ReplayTheSpireMod:LeadingStrike","Dual Wield"],"picked":"Clothesline","floor":2.0},{"not_picked":["Anger","Reckless Charge"],"picked":"Bludgeon","floor":7.0},{"not_picked":["Replay:Undeath\u0027s Touch","Flex"],"picked":"ReplayTheSpireMod:Muscle Training","floor":8.0},{"not_picked":["Armaments","Sever Soul"],"picked":"Double Tap","floor":10.0},{"not_picked":["Heavy Blade","Massacre"],"picked":"ReplayTheSpireMod:Muscle Training","floor":11.0},{"not_picked":["Pommel Strike","Anger"],"picked":"Second Wind","floor":12.0},{"not_picked":["Searing Blow","ReplayTheSpireMod:Stacked"],"picked":"ReplayTheSpireMod:Muscle Training","floor":14.0},{"not_picked":["Fiend Fire","Bludgeon"],"picked":"Demon Form","floor":16.0},{"not_picked":["Entrench","Flex+1","Cleave"],"picked":"SKIP","floor":18.0},{"not_picked":["ReplayTheSpireMod:Strike From Hell+1","Searing Blow","Cleave"],"picked":"SKIP","floor":21.0},{"not_picked":["Cleave","Clash"],"picked":"Power Through","floor":22.0},{"not_picked":["Wild Strike","Run Through"],"picked":"Whirlwind","floor":23.0},{"not_picked":["Life Link+1","ReplayTheSpireMod:Corrosion Curse"],"picked":"Evolve+1","floor":25.0},{"not_picked":["Perfected Strike","Wild Strike+1","Cleave"],"picked":"Singing Bowl","floor":28.0},{"not_picked":["Body Slam","Spot Weakness+1"],"picked":"Demonic Infusion","floor":29.0},{"not_picked":["Abandon","Wild Strike","Clothesline"],"picked":"Singing Bowl","floor":31.0},{"not_picked":["Fiend Fire","Hemogenesis"],"picked":"Limit Break","floor":33.0},{"not_picked":["Cleave","Flex"],"picked":"Shrug It Off+1","floor":35.0},{"not_picked":["Body Slam+1","Rage","Flex"],"picked":"Singing Bowl","floor":36.0},{"not_picked":["Sever Soul+1","Evolve+1"],"picked":"Defy Death","floor":38.0},{"not_picked":["Headbutt+1","Abandon+1"],"picked":"Reaper","floor":39}],"player_experience":1068503,"relics_obtained":[{"floor":5.0,"key":"Ring of Panic"},{"floor":7.0,"key":"Quantum Egg"},{"floor":9.0,"key":"Replay:Bottled Steam"},{"floor":10.0,"key":"Ancient Tea Set"},{"floor":12.0,"key":"Mango"},{"floor":23.0,"key":"Centennial Puzzle"},{"floor":26.0,"key":"Singing Bowl"},{"floor":29.0,"key":"Mirror"},{"floor":36.0,"key":"Dead Branch"}],"event_choices":[{"damage_healed":0.0,"max_hp_gain":0.0,"max_hp_loss":0.0,"gold_gain":0.0,"event_name":"Shining Light","player_choice":"Entered Light","floor":3.0,"gold_loss":0.0,"damage_taken":16.0,"cards_upgraded":["Defend_R","Defend_R"]},{"damage_healed":0.0,"max_hp_gain":0.0,"max_hp_loss":0.0,"gold_gain":0.0,"event_name":"Liars Game","player_choice":"Ignored","floor":13.0,"gold_loss":0.0,"damage_taken":0.0},{"cards_removed":["Delirium"],"damage_healed":0.0,"max_hp_gain":0.0,"max_hp_loss":0.0,"gold_gain":0.0,"event_name":"Bonfire Elementals","player_choice":"Offered Curse","floor":20.0,"gold_loss":0.0,"damage_taken":0.0,"relics_obtained":["Spirit Poop"]},{"damage_healed":0.0,"max_hp_gain":0.0,"max_hp_loss":0.0,"gold_gain":99.0,"event_name":"Nest","player_choice":"Stole From Cult","floor":30.0,"gold_loss":0.0,"damage_taken":0.0},{"damage_healed":0.0,"max_hp_gain":0.0,"max_hp_loss":0.0,"gold_gain":0.0,"event_name":"Mysterious Sphere","player_choice":"Fight","floor":36.0,"gold_loss":0.0,"damage_taken":0.0}],"is_beta":false,"boss_relics":[{"not_picked":["Runic Cube","Kintsugi"],"picked":"Snecko Eye"},{"not_picked":["Runic Pyramid","SlaversCollar"],"picked":"Mark of Pain"}],"items_purged_floors":[4,27,37],"is_endless":false,"potions_floor_spawned":[1,10,11,12,22,23,28,29,31,36,38],"killed_by":"Nemesis","ascension_level":11}}