{"host":"njruw0b0uprlitpx","time":1607995379,"event":{"mods":["2.2 Compatiblity","BaseMod","Better Altar","Better Match","Better Note","Better Sensory Stone","Better Skull","Better Third Choice","Block Reminder","Colored Map","Colored Powertips","Downfall","Energized Spire","Keyboard Shortcuts","Minty Spire (QoL Compilation)","Quick Restart","Relic Stats","Replay The Spire","SacredBarkPlus","Spicy Shops","StSLib","SuperFastMode"],"gold_per_floor":[99,99,129,54,54,54,54,3,19,19,38,21,37,49,66,66,66],"floor_reached":16,"playtime":2069,"items_purged":[],"score":125,"play_id":"22a71ab5-ac58-40bc-90dc-3cf2144fe2f3","local_time":"20201214192259","is_ascension_mode":false,"campfire_choices":[{"floor":1.0,"key":"RECALL"},{"data":"champ:Taunt","floor":4,"key":"SMITH"},{"data":"champ:StanceDance","floor":10,"key":"SMITH"}],"circlet_count":0,"master_deck":["champ:Strike+1","champ:Strike+1","champ:Strike","champ:Strike","champ:Defend","champ:Defend","champ:Defend","champ:Defend","champ:Execute","champ:Taunt+1","champ:DeathBlow","champ:RecklessLeap","champ:Haymaker+1","Regret","champ:StanceDance+1","champ:ShieldWall","champ:FanOfKnives","champ:RisingSlash","champ:PerfectForm","champ:GladiatorsShout","champ:IronFortress","champ:CrookedStrike"],"relics":["champ:ChampionCrown","downfall:HeartsMalice","Pear","downfall:HeartBlessingRed","Kunai","Unceasing Top"],"acts_visited":["Exordium"],"potions_floor_usage":[8,13,14,15,16],"damage_taken":[{"damage":0.0,"enemies":"Small Slimes","floor":2.0,"turns":1.0},{"damage":0.0,"enemies":"3 Sentries","floor":3.0,"turns":1.0},{"damage":0,"enemies":"2 Louse","floor":5,"turns":1},{"damage":18,"enemies":"downfall:FleeingMerchant","floor":8,"turns":4},{"damage":20,"enemies":"Cultist","floor":9,"turns":2},{"damage":51,"enemies":"Large Slime","floor":11,"turns":4},{"damage":33,"enemies":"downfall:FleeingMerchant","floor":12,"turns":4},{"damage":26,"enemies":"Red Slaver","floor":13,"turns":2},{"damage":28,"enemies":"Exordium Thugs","floor":14,"turns":3},{"damage":19,"enemies":"Lots of Slimes","floor":15,"turns":3},{"damage":78,"enemies":"downfall:Silent","floor":16,"turns":5}],"seed_played":"-6384591531047410388","potions_obtained":[{"floor":3,"key":"Toxic Potion"},{"floor":11,"key":"SteroidPotion"},{"floor":13,"key":"EntropicBrew"}],"is_trial":false,"path_per_floor":["R","M","E","R","M","?","T","$","M","R","M","$","M","M","M","B"],"character_chosen":"THE_CHAMP","items_purchased":["champ:ShieldWall","Unceasing Top"],"campfire_rested":0,"item_purchase_floors":[8,12],"current_hp_per_floor":[90,90,100,100,100,100,100,97,97,97,86,78,70,67,63,0,0],"gold":66,"neow_bonus":"THREE_ENEMY_KILL","is_daily":false,"chose_seed":false,"campfire_upgraded":2,"win_rate":0.0,"timestamp":1607995379,"path_taken":["R","M","E","R","M","?","T","$","M","R","M","$","M","M","M","BOSS"],"items_purchased_type":["Card","Relic"],"build_version":"2020-12-13","purchased_purges":0,"victory":false,"max_hp_per_floor":[90,90,100,100,100,100,100,100,100,100,100,100,100,100,100,100,100],"relic_stats":{"counters":[11,27],"Kunai":[2],"obtain_stats":[{"Pear":3,"downfall:HeartBlessingRed":4,"champ:ChampionCrown":0,"downfall:HeartsMalice":0,"Kunai":7,"Unceasing Top":12},{"Pear":2,"downfall:HeartBlessingRed":2,"champ:ChampionCrown":0,"downfall:HeartsMalice":0,"Kunai":3,"Unceasing Top":7},{"Pear":0,"downfall:HeartBlessingRed":0,"champ:ChampionCrown":0,"downfall:HeartsMalice":0,"Kunai":0,"Unceasing Top":14}],"Unceasing Top":[0]},"card_choices":[{"not_picked":["champ:Circumvent","champ:DefensiveShout"],"picked":"champ:DeathBlow","floor":2.0},{"not_picked":["champ:FalseCounter","champ:EnGarde"],"picked":"champ:RecklessLeap","floor":3},{"not_picked":["champ:TornadoPunch","champ:BerserkersShout"],"picked":"champ:Haymaker","floor":5},{"not_picked":["champ:Backstep","champ:CalledShot"],"picked":"champ:StanceDance","floor":8},{"not_picked":["champ:TornadoPunch","champ:PerfectedStrike"],"picked":"champ:FanOfKnives","floor":9},{"not_picked":["champ:TornadoPunch","champ:StanceDance"],"picked":"champ:RisingSlash","floor":11},{"not_picked":["champ:TornadoPunch","champ:Circumvent"],"picked":"champ:PerfectForm","floor":12},{"not_picked":["champ:Haymaker","champ:AdrenalArmor"],"picked":"champ:GladiatorsShout","floor":13},{"not_picked":["champ:ShieldWall","champ:EnragedBash"],"picked":"champ:IronFortress","floor":14},{"not_picked":["champ:DefensiveShout","champ:FocusedGladiator"],"picked":"champ:CrookedStrike","floor":15}],"player_experience":1319235,"relics_obtained":[{"floor":3,"key":"Pear"},{"floor":7,"key":"Kunai"}],"event_choices":[],"is_beta":false,"boss_relics":[],"items_purged_floors":[],"is_endless":false,"potions_floor_spawned":[3,11,13],"killed_by":"downfall:Silent","ascension_level":0}}