{"host":"7z9w9s73v2jobm2z","time":1607998040,"event":{"mods":["AchievementEnabler","BaseMod","Colored Map","Colored Powertips","Custom Start","Minty Spire (QoL Compilation)","Quick Restart","Rare Cards Sparkle","Relic Stats","StSLib"],"gold_per_floor":[119,44,58,58,68,68,43,118,118,147,166,176,190,205,205,310,310,322,339,54,66,66,99,109,109,109],"floor_reached":25,"playtime":1480,"items_purged":["Decay"],"score":306,"play_id":"cbcdfd74-e4b4-4e06-89ff-96071ec74028","local_time":"20201214210720","is_ascension_mode":true,"campfire_choices":[{"data":"Armaments","floor":6.0,"key":"SMITH"},{"data":"True Grit","floor":15.0,"key":"SMITH"}],"circlet_count":0,"master_deck":["Strike_R+1","Strike_R+1","Strike_R+1","Defend_R+1","Defend_R+1","Defend_R+1","Defend_R+1","Bash","Armaments+1","True Grit+1","Sentinel","Shrug It Off","Anger","Clash","True Grit","Bloodletting","Metallicize+1","Flame Barrier","Armaments+1"],"relics":["Burning Blood","Unceasing Top","White Beast Statue","TungstenRod","Pear","Empty Cage","Gremlin Horn","PreservedInsect"],"acts_visited":["Exordium","TheCity"],"potions_floor_usage":[25],"damage_taken":[{"damage":2.0,"enemies":"Small Slimes","floor":1.0,"turns":3.0},{"damage":1.0,"enemies":"Cultist","floor":3.0,"turns":4.0},{"damage":7.0,"enemies":"Jaw Worm","floor":5.0,"turns":3.0},{"damage":31.0,"enemies":"3 Sentries","floor":10.0,"turns":12.0},{"damage":2.0,"enemies":"Blue Slaver","floor":11.0,"turns":5.0},{"damage":6.0,"enemies":"Lots of Slimes","floor":12.0,"turns":8.0},{"damage":0.0,"enemies":"Looter","floor":13.0,"turns":4.0},{"damage":3.0,"enemies":"2 Fungi Beasts","floor":14.0,"turns":4.0},{"damage":11.0,"enemies":"The Guardian","floor":16.0,"turns":9.0},{"damage":14.0,"enemies":"Shell Parasite","floor":18.0,"turns":7.0},{"damage":10.0,"enemies":"Spheric Guardian","floor":19.0,"turns":5.0},{"damage":30.0,"enemies":"Snake Plant","floor":21.0,"turns":6.0},{"damage":38.0,"enemies":"Slavers","floor":23.0,"turns":14.0},{"damage":15.0,"enemies":"Centurion and Healer","floor":24.0,"turns":7.0},{"damage":10,"enemies":"Snecko","floor":25,"turns":3}],"seed_played":"7459425751463402795","potions_obtained":[{"floor":3.0,"key":"Regen Potion"},{"floor":5.0,"key":"PowerPotion"},{"floor":10.0,"key":"HeartOfIron"},{"floor":11.0,"key":"Weak Potion"},{"floor":12.0,"key":"Block Potion"},{"floor":13.0,"key":"AttackPotion"},{"floor":14.0,"key":"PowerPotion"},{"floor":16.0,"key":"Fire Potion"},{"floor":18.0,"key":"SteroidPotion"},{"floor":19.0,"key":"BlessingOfTheForge"},{"floor":23.0,"key":"SteroidPotion"},{"floor":24.0,"key":"ElixirPotion"}],"is_trial":false,"path_per_floor":["M","$","M","?","M","R","$","?","T","E","M","M","M","M","R","B",null,"M","M","$","M","?","E","M","M"],"character_chosen":"IRONCLAD","items_purchased":["True Grit","Bloodletting","Gremlin Horn"],"campfire_rested":0,"item_purchase_floors":[7,20,20],"current_hp_per_floor":[76,76,80,77,76,76,76,65,65,65,69,69,75,78,78,73,86,78,74,74,50,50,18,9,0,0],"gold":109,"neow_bonus":"ONE_RARE_RELIC","is_daily":false,"chose_seed":false,"campfire_upgraded":2,"win_rate":0.0,"timestamp":1607998040,"path_taken":["M","$","M","?","M","R","$","?","T","E","M","M","M","M","R","BOSS","M","M","$","M","?","E","M","M"],"items_purchased_type":["Card","Card","Relic"],"build_version":"2020-12-13","purchased_purges":1,"victory":false,"max_hp_per_floor":[80,80,80,80,80,80,80,80,80,90,90,90,90,90,90,90,90,90,90,90,90,90,90,90,90,90],"relic_stats":{"Gremlin Horn":[3,3],"counters":[15,94],"PreservedInsect":0,"obtain_stats":[{"Pear":10,"Gremlin Horn":20,"PreservedInsect":23,"Empty Cage":17,"Burning Blood":0,"Unceasing Top":0,"White Beast Statue":4,"TungstenRod":9},{"Pear":4,"Gremlin Horn":11,"PreservedInsect":13,"Empty Cage":9,"Burning Blood":0,"Unceasing Top":0,"White Beast Statue":2,"TungstenRod":3},{"Pear":22,"Gremlin Horn":64,"PreservedInsect":84,"Empty Cage":52,"Burning Blood":0,"Unceasing Top":0,"White Beast Statue":7,"TungstenRod":10}],"Burning Blood":83,"Unceasing Top":[35],"TungstenRod":40},"card_choices":[{"not_picked":["Uppercut","Havoc"],"picked":"Armaments","floor":1.0},{"not_picked":["Perfected Strike","Sword Boomerang","Pommel Strike"],"picked":"SKIP","floor":3.0},{"not_picked":["Warcry","Ghostly Armor","Thunderclap"],"picked":"SKIP","floor":5.0},{"not_picked":["Clash","Whirlwind"],"picked":"Sentinel","floor":10.0},{"not_picked":["Iron Wave","Pommel Strike","Twin Strike"],"picked":"SKIP","floor":11.0},{"not_picked":["Heavy Blade","Blood for Blood"],"picked":"Shrug It Off","floor":12.0},{"not_picked":["Dual Wield","Sword Boomerang"],"picked":"Anger","floor":13.0},{"not_picked":["Searing Blow","Sword Boomerang"],"picked":"Clash","floor":14.0},{"not_picked":["Fire Breathing","Shockwave"],"picked":"True Grit","floor":18.0},{"not_picked":["Clothesline","Ghostly Armor+1","Shrug It Off"],"picked":"SKIP","floor":19.0},{"not_picked":["Headbutt","Uppercut"],"picked":"Metallicize+1","floor":21.0},{"not_picked":["Battle Trance","Berserk"],"picked":"Flame Barrier","floor":23.0},{"not_picked":["Pummel","Clothesline"],"picked":"Armaments+1","floor":24.0}],"player_experience":417047,"relics_obtained":[{"floor":9.0,"key":"TungstenRod"},{"floor":10.0,"key":"Pear"},{"floor":23.0,"key":"PreservedInsect"}],"event_choices":[{"damage_healed":0.0,"max_hp_gain":0.0,"max_hp_loss":0.0,"gold_gain":0.0,"event_name":"Scrap Ooze","player_choice":"Success","floor":4.0,"gold_loss":0.0,"damage_taken":3.0,"relics_obtained":["White Beast Statue"]},{"damage_healed":0.0,"max_hp_gain":0.0,"max_hp_loss":0.0,"gold_gain":75.0,"event_name":"World of Goop","player_choice":"Gather Gold","floor":8.0,"gold_loss":0.0,"damage_taken":11.0},{"damage_healed":0.0,"max_hp_gain":0.0,"max_hp_loss":0.0,"gold_gain":0.0,"event_name":"Back to Basics","player_choice":"Simplicity","floor":22.0,"gold_loss":0.0,"damage_taken":0.0,"cards_upgraded":["Strike_R","Strike_R","Strike_R","Defend_R","Defend_R","Defend_R","Defend_R"]}],"is_beta":false,"boss_relics":[{"not_picked":["Pandora\u0027s Box","Velvet Choker"],"picked":"Empty Cage"}],"items_purged_floors":[2],"is_endless":false,"potions_floor_spawned":[3,5,10,11,12,13,14,16,18,19,21,23,24],"killed_by":"Snecko","ascension_level":7}}