{"host":"tm3ghj8mno6gwywm","time":1607993775,"event":{"mods":["2.2 Compatiblity","AchievementEnabler","Bard","BaseMod","Beaked The Cultist","Better Third Choice","Colored Map","Colored Powertips","Conspire","Downfall","Glutton Mod","GungeonMod","Halation","Hermit","Hubris","Infinite Spire","Jorbs\u0027s Wanderer Trilogy","Lobotomy","Mad Scientist","Marisa????????","Marked Mod","Mimic Mod","Minty Spire (QoL Compilation)","Potionbrewer","Quick Restart","READ ME - Guardian Mod","Replay The Spire","Shade Mod","Shop Mod","Somnambulant","Spicy Shops","StSLib","SuperFastMode","The Bug Knight","The Construct","The Cursed","The Disciple","The Factory","The Hierophant","The IronCluck","The Judge","The Jungle","The Necromancer","The Runesmith","The Servant 0.9.4","egg"],"gold_per_floor":[111,54,229,229,247,276,288,329,375,404,426,453,32,47,47,149,199,219,219,231,53,53,81,100,110,110,19,19,37,54,66,66,162,162,176,190,245,263,281,281,316,316,316,342,357,373,389,389,389,389,389,389,389,54,82,82],"floor_reached":57,"playtime":2181,"items_purged":["Doubt","Shame"],"score":1500,"play_id":"91f51ff5-42a1-4484-98bf-d655da2c65b9","local_time":"20201214195615","is_ascension_mode":false,"campfire_choices":[{"floor":7,"key":"RECALL"},{"data":"Neutralize","floor":15,"key":"SMITH"},{"floor":32,"key":"REST"},{"floor":40,"key":"REST"},{"data":"Survivor","floor":42,"key":"SMITH"},{"floor":49,"key":"REST"},{"data":"Defend_G","floor":53,"key":"SMITH"}],"circlet_count":0,"master_deck":["Strike_G+1","Strike_G+1","Strike_G+1","Strike_G+1","Strike_G+1","Defend_G","Defend_G","Defend_G","Defend_G+1","Defend_G+1","Survivor+1","Neutralize+1","conspire:PoisonWeapons+1","Noxious Fumes+1","Poisoned Stab+1","expansioncontent:DecasProtection+1","Good Instincts+1","Violence+1","Dodge and Roll+1","Distraction+1","Dodge and Roll+1","Bouncing Flask+1","Poisoned Stab+1","Poisoned Stab+1","Bullet Time+1","Bullet Time+1","Bane+1","Deadly Poison+1","Dagger Spray+1","Backstab+1","Infinite Blades+1","Draining Mist+1","Expertise+1","Escape Plan+1","Backflip+1","Corpse Explosion+1","Envenom+1","Outmaneuver+1","Poisoned Stab+1","Catalyst+1","Deflect+1","stsjorbsmod:Withering","Footwork+1","Tactician+1","Jack Of All Trades+1","Footwork+1"],"relics":["Ring of the Snake","Membership Card","Quantum Egg","Frozen Egg 2","Toxic Egg 2","Molten Egg 2","Black Star","Mummified Hand","Lizard Tail","ReplayTheSpireMod:ShopPack","hubris:AncientText","MawBank","infinitespire:CursedDice","halation:Toothbrush","sneckomod:BlankCard","Eternal Feather","DemoMod:MeatBun","conspire:DeflatedDodgeball","halation:NonexistentMirror","Tiny House","DemoMod:MemoryAlloy","infinitespire:CheckeredPen","Sundial","DemoMod:ResourcefulSack","DemoMod:JetPack","Lee\u0027s Waffle","hubris:Towel","beaked:SacredDeck","CatCart","Replay:Bottled Flurry","Replay:Baseball","Toy Ornithopter","hexamod:BolsterEngine","construct:FoamFinger","Replay:Bottled Eggs","potionbrewer:Keyblade","DemoMod:ClearGuonStone","ReplayTheSpireMod:CursedCoin","potionbrewer:Torch","halation:PromiseList","DemoMod:WhiteGuonStone"],"acts_visited":["Exordium","TheCity","TheBeyond","TheEnding"],"potions_floor_usage":[21,33,33,33,50,50,56,56,56],"damage_taken":[{"damage":0,"enemies":"2 Louse","floor":1,"turns":4},{"damage":0,"enemies":"Cultist","floor":5,"turns":4},{"damage":13,"enemies":"Lagavulin","floor":6,"turns":6},{"damage":11,"enemies":"Replay:BlueRogue","floor":8,"turns":6},{"damage":0,"enemies":"Small Slimes","floor":9,"turns":9},{"damage":2,"enemies":"Small Slimes","floor":10,"turns":3},{"damage":0,"enemies":"Exordium Wildlife","floor":11,"turns":3},{"damage":0,"enemies":"conspire:2 RoseBushes","floor":12,"turns":4},{"damage":0,"enemies":"Lots of Slimes","floor":14,"turns":2},{"damage":0,"enemies":"The Guardian","floor":16,"turns":7},{"damage":6,"enemies":"Shell Parasite","floor":18,"turns":2},{"damage":0,"enemies":"Spheric Guardian","floor":20,"turns":1},{"damage":7,"enemies":"Slavers","floor":23,"turns":5},{"damage":0,"enemies":"Cultist and Chosen","floor":24,"turns":4},{"damage":0,"enemies":"3 Cultists","floor":25,"turns":4},{"damage":6,"enemies":"Centurion and Healer","floor":29,"turns":4},{"damage":6,"enemies":"conspire:HollyBat","floor":30,"turns":7},{"damage":0,"enemies":"3 Cultists","floor":31,"turns":3},{"damage":11,"enemies":"hubris:MusketHawk","floor":33,"turns":6},{"damage":0,"enemies":"3 Darklings","floor":35,"turns":2},{"damage":16,"enemies":"3 Shapes","floor":36,"turns":2},{"damage":55,"enemies":"Orin","floor":37,"turns":9},{"damage":0,"enemies":"3 Darklings","floor":38,"turns":2},{"damage":2,"enemies":"Writhing Mass","floor":39,"turns":3},{"damage":27,"enemies":"HollowMod:StalkingDevout","floor":41,"turns":9},{"damage":14,"enemies":"R_Hoarder","floor":44,"turns":6},{"damage":18,"enemies":"Jaw Worm Horde","floor":45,"turns":3},{"damage":21,"enemies":"Sphere and 2 Shapes","floor":46,"turns":4},{"damage":2,"enemies":"4 Shapes","floor":47,"turns":4},{"damage":74,"enemies":"conspire:OrnateMirror","floor":50,"turns":8},{"damage":38,"enemies":"Shield and Spear","floor":55,"turns":4},{"damage":48,"enemies":"The Heart","floor":56,"turns":6}],"seed_played":"4946410264533830928","potions_obtained":[{"floor":5,"key":"DistilledChaos"},{"floor":8,"key":"PowerPotion"},{"floor":10,"key":"Regen Potion"},{"floor":14,"key":"EssenceOfSteel"},{"floor":23,"key":"SteroidPotion"},{"floor":29,"key":"potionbrewer:SplittingPotion"},{"floor":33,"key":"Dexterity Potion"}],"is_trial":false,"path_per_floor":["M","$","?","?","M","E","R","E","MIM","M","M","M","$","M","R","B",null,"M","?","M","$","?","E","M","M","T","$","?","M","M","M","R","B",null,"M","M","?","M","M","R","E","R","T","E","M","M","M","T","R","B",null,null,"R","$","E","B",null],"character_chosen":"THE_SILENT","items_purchased":["Poisoned Stab+1","ReplayTheSpireMod:ShopPack","Eternal Feather","DemoMod:MeatBun","conspire:DeflatedDodgeball","halation:NonexistentMirror","infinitespire:CheckeredPen","Fruit Juice","Lee\u0027s Waffle","Draining Mist+1","potionbrewer:Keyblade","DemoMod:ClearGuonStone","LiquidBronze","DuplicationPotion","ReplayTheSpireMod:CursedCoin","Footwork+1","Tactician+1","potionbrewer:Torch","Jack Of All Trades+1"],"campfire_rested":3,"item_purchase_floors":[2,2,13,13,13,13,21,21,27,27,54,54,54,54,54,54,54,54,54],"current_hp_per_floor":[70,70,70,70,70,57,57,46,46,44,44,44,61,61,73,73,78,72,72,72,77,77,70,70,70,70,90,90,84,78,78,90,79,90,90,74,66,66,64,90,63,87,87,73,55,34,32,32,83,53,53,90,90,93,55,53],"gold":82,"neow_bonus":"THREE_CARDS","is_daily":false,"chose_seed":false,"campfire_upgraded":3,"win_rate":0.0,"timestamp":1607993775,"path_taken":["M","$","?","?","M","E","R","E","MIM","M","M","M","$","M","R","BOSS","M","?","M","$","?","E","M","M","T","$","?","M","?","M","R","BOSS","M","M","?","M","M","R","E","R","T","E","M","M","M","?","R","BOSS","R","$","E","BOSS"],"items_purchased_type":["Card","Relic","Relic","Relic","Relic","Relic","Relic","Potion","Relic","Card","Relic","Relic","Potion","Potion","Relic","Card","Card","Relic","Card"],"build_version":"2020-12-13","purchased_purges":2,"victory":true,"max_hp_per_floor":[70,70,70,70,70,70,70,70,70,70,70,70,73,73,73,73,78,78,78,78,83,83,83,83,83,83,90,90,90,90,90,90,90,90,90,90,90,90,90,90,90,90,90,90,90,90,90,90,90,90,90,90,90,93,93,91],"card_choices":[{"not_picked":["Deflect","Dagger Spray"],"picked":"conspire:PoisonWeapons","floor":0},{"not_picked":["Backflip+1","Blur+1"],"picked":"Noxious Fumes+1","floor":1},{"not_picked":["expansioncontent:DefensiveMode","Survey Options"],"picked":"expansioncontent:DecasProtection","floor":2},{"not_picked":["ReplayTheSpireMod:Necrogeddon","DemoMod:Invincible"],"picked":"Good Instincts","floor":2},{"not_picked":["Midas Touch","Chrysalis"],"picked":"Violence","floor":2},{"not_picked":["hubris:TrickCloak+1","Prepared+1","Infinite Blades+1"],"picked":"SKIP","floor":5},{"not_picked":["Finisher+1","Grand Finale+1","Flying Knee+1"],"picked":"SKIP","floor":6},{"not_picked":["Masterful Stab+1","Calculated Gamble+1"],"picked":"Dodge and Roll+1","floor":8},{"not_picked":["Quick Slash+1","hubris:SlightOfHand+1"],"picked":"Distraction+1","floor":9},{"not_picked":["Dagger Throw+1","ReplayTheSpireMod:Exploit Weakness+1"],"picked":"Dodge and Roll+1","floor":10},{"not_picked":["Calculated Gamble+1","Grand Finale+1"],"picked":"Bouncing Flask+1","floor":11},{"not_picked":["Cloak And Dagger+1","Prepared+1","Sucker Punch+1"],"picked":"SKIP","floor":12},{"not_picked":["Dodge and Roll+1","Infinite Blades+1"],"picked":"Poisoned Stab+1","floor":14},{"not_picked":["Storm of Steel+1","Tools of the Trade+1"],"picked":"Bullet Time+1","floor":16},{"not_picked":["Blade Dance+1","Hidden Blade+1"],"picked":"Bane+1","floor":18},{"not_picked":["Poisoned Stab+1","Deflect+1"],"picked":"Deadly Poison+1","floor":20},{"not_picked":["conspire:DoublingDagger+1","Bane+1"],"picked":"Dagger Spray+1","floor":23},{"not_picked":["Cloak And Dagger+1","Sucker Punch+1"],"picked":"Backstab+1","floor":24},{"not_picked":["Skewer+1","Dagger Spray+1"],"picked":"Infinite Blades+1","floor":25},{"not_picked":["Dagger Throw+1","Dagger Spray+1"],"picked":"Expertise+1","floor":29},{"not_picked":["Expertise+1","Underhanded Strike+1"],"picked":"Escape Plan+1","floor":30},{"not_picked":["Draining Mist+1","hubris:SlightOfHand+1"],"picked":"Backflip+1","floor":31},{"not_picked":["Envenom+1","ReplayTheSpireMod:Necrosis+1"],"picked":"Corpse Explosion+1","floor":33},{"not_picked":["Poisoned Stab+1","Deadly Poison+1"],"picked":"Outmaneuver+1","floor":35},{"not_picked":["Accuracy+1","Dash+1"],"picked":"Poisoned Stab+1","floor":36},{"not_picked":["Acrobatics+1","conspire:DoublingDagger+1"],"picked":"Catalyst+1","floor":37},{"not_picked":["Deadly Poison+1","Well Laid Plans+1","Acrobatics+1"],"picked":"SKIP","floor":38},{"not_picked":["Quick Slash+1","ReplayTheSpireMod:Scrap Shanks+1","Dodge and Roll+1"],"picked":"SKIP","floor":39},{"not_picked":["hubris:SlightOfHand+1","Sneak Up+1"],"picked":"Deflect+1","floor":41},{"not_picked":["hubris:SlightOfHand+1","ReplayTheSpireMod:From All Sides+1","Dodge and Roll+1"],"picked":"SKIP","floor":44},{"not_picked":["Poisoned Stab+1","Predator+1","hubris:TrickCloak+1"],"picked":"SKIP","floor":45},{"not_picked":["Setup+1","Bouncing Flask+1","Terror+1"],"picked":"SKIP","floor":46},{"not_picked":["hubris:Sniper+1","Poisoned Stab+1","hubris:SlightOfHand+1"],"picked":"SKIP","floor":47},{"not_picked":["hubris:SlightOfHand+1","Blur+1"],"picked":"Footwork+1","floor":55}],"player_experience":763588,"relics_obtained":[{"floor":6,"key":"hubris:AncientText"},{"floor":6,"key":"MawBank"},{"floor":8,"key":"infinitespire:CursedDice"},{"floor":8,"key":"halation:Toothbrush"},{"floor":9,"key":"sneckomod:BlankCard"},{"floor":23,"key":"Sundial"},{"floor":23,"key":"DemoMod:ResourcefulSack"},{"floor":26,"key":"DemoMod:JetPack"},{"floor":37,"key":"CatCart"},{"floor":41,"key":"Replay:Bottled Flurry"},{"floor":41,"key":"Replay:Baseball"},{"floor":43,"key":"Toy Ornithopter"},{"floor":44,"key":"hexamod:BolsterEngine"},{"floor":44,"key":"construct:FoamFinger"},{"floor":48,"key":"Replay:Bottled Eggs"},{"floor":55,"key":"halation:PromiseList"},{"floor":55,"key":"DemoMod:WhiteGuonStone"}],"event_choices":[{"damage_healed":0,"gold_gain":175,"player_choice":"AGREE","damage_taken":54,"max_hp_gain":0,"max_hp_loss":0,"event_name":"betterThird:BetterSerpent","floor":3,"gold_loss":0},{"damage_healed":0,"gold_gain":0,"player_choice":"Opened","damage_taken":0,"relics_obtained":["DemoMod:MemoryAlloy"],"max_hp_gain":0,"max_hp_loss":0,"event_name":"The Mausoleum","floor":19,"gold_loss":0},{"damage_healed":0,"gold_gain":0,"player_choice":"Fight","damage_taken":0,"max_hp_gain":0,"max_hp_loss":0,"event_name":"OrinTheCat","floor":37,"gold_loss":0}],"is_beta":false,"boss_relics":[{"not_picked":["conspire:RunicOctahedron","Replay:Drink Me"],"picked":"Tiny House"},{"not_picked":["Kintsugi","Painkiller Herb"],"picked":"beaked:SacredDeck"}],"items_purged_floors":[13,54],"is_endless":false,"potions_floor_spawned":[5,8,10,11,12,14,23,29,30,33,36,38,45,46,47],"ascension_level":0}}