{"host":"szp1d6dso4pv7ddl","time":1607997341,"event":{"mods":["AchievementEnabler","Alarm Clock","BaseMod","Bestiary","Block Reminder","Colored Map","Colored Powertips","Curses Come First","Displayed Cursed Tome","Highlight Path","Minty Spire (QoL Compilation)","Permanent Neow","Quick Restart","Relic Stats","StSLib"],"gold_per_floor":[13,26,41,41,109,109,143,143,166,195,245,245,261,311,311,407,407,427,477,527,509,578,578,578],"floor_reached":23,"playtime":1344,"items_purged":[],"score":241,"play_id":"7e71152e-8b82-4584-98c8-03e1e97367bc","local_time":"20201214175541","is_ascension_mode":true,"campfire_choices":[{"floor":6,"key":"REST"},{"data":"Hologram","floor":8,"key":"SMITH"},{"floor":12,"key":"REST"},{"floor":15,"key":"REST"}],"circlet_count":0,"master_deck":["Strike_B+1","Strike_B+1","Strike_B","Defend_B","Defend_B","Zap","Dualcast","Self Repair","Machine Learning","Gash","Loop","Hologram+1","Loop","Meteor Strike","Force Field","Gash","Hologram","Hologram"],"relics":["Cracked Core","SsserpentHead","Whetstone","Tiny Chest","Happy Flower","Cursed Key"],"acts_visited":["Exordium","TheCity"],"potions_floor_usage":[7,10,16,22,22,23],"damage_taken":[{"damage":10,"enemies":"Cultist","floor":1,"turns":4},{"damage":5,"enemies":"Small Slimes","floor":2,"turns":4},{"damage":7,"enemies":"2 Louse","floor":3,"turns":2},{"damage":32,"enemies":"Exordium Wildlife","floor":5,"turns":5},{"damage":25,"enemies":"Gremlin Nob","floor":7,"turns":4},{"damage":40,"enemies":"3 Sentries","floor":10,"turns":6},{"damage":17,"enemies":"Looter","floor":13,"turns":3},{"damage":44,"enemies":"Slime Boss","floor":16,"turns":10},{"damage":8,"enemies":"Chosen","floor":18,"turns":5},{"damage":27,"enemies":"2 Thieves","floor":21,"turns":4},{"damage":30,"enemies":"3 Cultists","floor":22,"turns":5},{"damage":27,"enemies":"Book of Stabbing","floor":23,"turns":4}],"seed_played":"690781881381757957","potions_obtained":[{"floor":2,"key":"Explosive Potion"},{"floor":3,"key":"LiquidMemories"},{"floor":10,"key":"FearPotion"},{"floor":16,"key":"LiquidBronze"},{"floor":22,"key":"EntropicBrew"}],"is_trial":false,"path_per_floor":["M","M","M","?","M","R","E","R","T","E","?","R","M","?","R","B",null,"M","?","T","M","M","E"],"character_chosen":"DEFECT","items_purchased":[],"campfire_rested":3,"item_purchase_floors":[],"current_hp_per_floor":[72,74,67,67,42,64,46,46,46,13,13,35,25,25,47,10,75,74,65,65,45,22,0,0],"gold":578,"neow_bonus":"TRANSFORM_TWO_CARDS","is_daily":false,"chose_seed":false,"campfire_upgraded":1,"win_rate":0.0,"timestamp":1607997341,"path_taken":["M","?","M","?","?","R","E","R","T","E","?","R","M","?","R","BOSS","M","?","?","M","?","E"],"items_purchased_type":[],"build_version":"2020-12-13","purchased_purges":0,"victory":false,"max_hp_per_floor":[75,75,75,75,75,75,75,75,75,75,75,75,75,75,75,75,75,75,75,75,75,75,75,75],"relic_stats":{"SsserpentHead":300,"Happy Flower":[10],"counters":[12,56],"Tiny Chest":1,"Whetstone":["Strike_B","Strike_B"],"Cursed Key":0,"obtain_stats":[{"SsserpentHead":4,"Happy Flower":10,"Tiny Chest":9,"Whetstone":7,"Cracked Core":0,"Cursed Key":17},{"SsserpentHead":3,"Happy Flower":6,"Tiny Chest":5,"Whetstone":5,"Cracked Core":0,"Cursed Key":8},{"SsserpentHead":10,"Happy Flower":25,"Tiny Chest":19,"Whetstone":19,"Cracked Core":0,"Cursed Key":38}]},"card_choices":[{"not_picked":["Cold Snap","Blizzard"],"picked":"Gash","floor":1},{"not_picked":["Sweeping Beam","Doom and Gloom"],"picked":"Loop","floor":2},{"not_picked":["Coolheaded","Scrape"],"picked":"Hologram","floor":3},{"not_picked":["Coolheaded","Doom and Gloom"],"picked":"Loop","floor":5},{"not_picked":["Skim","Coolheaded","Rebound"],"picked":"SKIP","floor":7},{"not_picked":["Genetic Algorithm","Consume","BootSequence"],"picked":"SKIP","floor":10},{"not_picked":["Beam Cell","Redo"],"picked":"Meteor Strike","floor":13},{"not_picked":["Coolheaded","Compile Driver"],"picked":"Gash","floor":18},{"not_picked":["Streamline","Skim+1"],"picked":"Hologram","floor":21},{"not_picked":["Melter+1","Leap"],"picked":"Hologram","floor":22}],"player_experience":939884,"relics_obtained":[{"floor":7,"key":"Whetstone"},{"floor":9,"key":"Tiny Chest"},{"floor":10,"key":"Happy Flower"}],"event_choices":[{"damage_healed":0,"gold_gain":0,"player_choice":"Trade","damage_taken":0,"relics_obtained":["SsserpentHead"],"max_hp_gain":0,"max_hp_loss":0,"event_name":"FaceTrader","floor":4,"gold_loss":0},{"damage_healed":0,"gold_gain":0,"player_choice":"Ignored","damage_taken":0,"max_hp_gain":0,"max_hp_loss":0,"event_name":"Liars Game","floor":11,"gold_loss":0},{"damage_healed":0,"gold_gain":0,"cards_transformed":["Defend_B"],"player_choice":"Change","damage_taken":0,"max_hp_gain":0,"max_hp_loss":0,"event_name":"Living Wall","floor":14,"gold_loss":0,"cards_obtained":["Force Field"]},{"damage_healed":0,"gold_gain":0,"player_choice":"Stopped","damage_taken":9,"max_hp_gain":0,"max_hp_loss":0,"event_name":"Cursed Tome","floor":19,"gold_loss":0}],"is_beta":false,"boss_relics":[{"not_picked":["Inserter","SlaversCollar"],"picked":"Cursed Key"}],"items_purged_floors":[],"is_endless":false,"potions_floor_spawned":[2,3,10,16,22],"killed_by":"Book of Stabbing","ascension_level":4}}