{"host":"kh6fvhxn285ncg0o","time":1607997624,"event":{"mods":["Act Like it!","BaseMod","Colored Map","Friendly Minions","Keyboard Shortcuts","Minty Spire (QoL Compilation)","Quick Restart","Relic Stats","StSLib","SuperFastMode"],"gold_per_floor":[110,110,125,139,159,159,159,159],"floor_reached":7,"playtime":192,"items_purged":[],"score":86,"play_id":"5082492e-8040-4346-9e15-495bdb7659f9","local_time":"20201215110024","is_ascension_mode":true,"campfire_choices":[{"data":"Armaments","floor":6,"key":"SMITH"}],"circlet_count":0,"master_deck":["AscendersBane","Strike_R","Strike_R","Strike_R","Strike_R","Defend_R","Defend_R","Defend_R","Defend_R","Bash","Seeing Red","Entrench","Armaments+1","Body Slam"],"relics":["SlaversCollar"],"acts_visited":["Exordium"],"potions_floor_usage":[4,7],"damage_taken":[{"damage":5.0,"enemies":"2 Louse","floor":1.0,"turns":3.0},{"damage":2,"enemies":"Cultist","floor":3,"turns":4},{"damage":5,"enemies":"Small Slimes","floor":4,"turns":4},{"damage":3,"enemies":"3 Louse","floor":5,"turns":5},{"damage":54,"enemies":"Gremlin Nob","floor":7,"turns":4}],"seed_played":"1019265244323937642","potions_obtained":[{"floor":1,"key":"Weak Potion"},{"floor":3,"key":"SteroidPotion"}],"is_trial":false,"path_per_floor":["M","?","M","M","M","R","E"],"character_chosen":"IRONCLAD","items_purchased":[],"campfire_rested":0,"item_purchase_floors":[],"current_hp_per_floor":[63,63,61,56,53,53,0,0],"gold":159,"neow_bonus":"BOSS_RELIC","is_daily":false,"chose_seed":false,"campfire_upgraded":1,"win_rate":0.0,"timestamp":1607997624,"path_taken":["M","?","M","M","M","R","E"],"items_purchased_type":[],"build_version":"2020-12-13","purchased_purges":0,"victory":false,"max_hp_per_floor":[75,75,75,75,75,75,75,75],"relic_stats":{"counters":[5,20],"obtain_stats":[{"SlaversCollar":0,"Burning Blood":0},{"SlaversCollar":0,"Burning Blood":0},{"SlaversCollar":0,"Burning Blood":0}]},"card_choices":[{"not_picked":["Infernal Blade","Dual Wield"],"picked":"Seeing Red","floor":1},{"not_picked":["Whirlwind","Iron Wave"],"picked":"Armaments","floor":3},{"not_picked":["Pommel Strike","Headbutt"],"picked":"Body Slam","floor":4},{"not_picked":["Combust","Twin Strike","Cleave"],"picked":"SKIP","floor":5}],"player_experience":3165071,"relics_obtained":[],"event_choices":[{"damage_healed":0,"gold_gain":0,"cards_transformed":["Strike_R"],"player_choice":"Transformed","damage_taken":0,"max_hp_gain":0,"max_hp_loss":0,"event_name":"Transmorgrifier","floor":2,"gold_loss":0,"cards_obtained":["Entrench"]}],"is_beta":false,"boss_relics":[],"items_purged_floors":[],"is_endless":false,"potions_floor_spawned":[1,3],"killed_by":"Gremlin Nob","ascension_level":20}}