{"host":"o2evyl5sbrgotc3u","time":1607995892,"event":{"mods":["AchievementEnabler","BaseMod","Colored Map","DeckTracker","Faster Ascension Climbing","Keyboard Shortcuts","Minty Spire (QoL Compilation)","Permanent Neow","Quick Restart","Relic Stats","StSLib","SuperFastMode","everything is the same but u backflip on backflip"],"gold_per_floor":[113,113,123,123,139,139,159,179,179,190,115,131,131,149,149,246,246,256,256,256,271,144,144,175,175,175,175,202,221,221,256,268,280,280],"floor_reached":33,"playtime":1457,"items_purged":["Strike_B","Strike_B"],"score":347,"play_id":"dc6d6b61-d04d-44f0-ae9b-08ff399ff5fe","local_time":"20201215103132","is_ascension_mode":false,"campfire_choices":[{"data":"Dualcast","floor":6.0,"key":"SMITH"},{"data":"Redo","floor":15.0,"key":"SMITH"},{"floor":23.0,"key":"RECALL"},{"floor":25.0,"key":"REST"},{"data":"Rebound","floor":27.0,"key":"SMITH"},{"floor":30.0,"key":"REST"},{"floor":32,"key":"REST"}],"circlet_count":0,"master_deck":["Defend_B","Defend_B","Defend_B","Defend_B","Zap","Dualcast+1","Rebound+1","Sweeping Beam","Redo+1","Genetic Algorithm","Chaos+1","Hologram+1","Multi-Cast+1","Glacier+1","Coolheaded+1","Leap+1","Conserve Battery+1","Glacier+1","Reboot+1"],"relics":["Cracked Core","Dream Catcher","Symbiotic Virus","Toxic Egg 2","Sozu","InkBottle","MawBank"],"acts_visited":["Exordium","TheCity"],"potions_floor_usage":[],"damage_taken":[{"damage":5.0,"enemies":"Jaw Worm","floor":1.0,"turns":4.0},{"damage":9.0,"enemies":"2 Louse","floor":3.0,"turns":2.0},{"damage":0.0,"enemies":"Cultist","floor":5.0,"turns":2.0},{"damage":13.0,"enemies":"3 Louse","floor":7.0,"turns":3.0},{"damage":0.0,"enemies":"2 Fungi Beasts","floor":8.0,"turns":2.0},{"damage":11.0,"enemies":"Blue Slaver","floor":10.0,"turns":2.0},{"damage":5.0,"enemies":"3 Louse","floor":12.0,"turns":3.0},{"damage":1.0,"enemies":"Red Slaver","floor":14.0,"turns":3.0},{"damage":0.0,"enemies":"Hexaghost","floor":16.0,"turns":9.0},{"damage":0.0,"enemies":"3 Byrds","floor":18.0,"turns":4.0},{"damage":0.0,"enemies":"Spheric Guardian","floor":21.0,"turns":3.0},{"damage":20.0,"enemies":"Book of Stabbing","floor":24.0,"turns":6.0},{"damage":19.0,"enemies":"Slavers","floor":28.0,"turns":8.0},{"damage":17.0,"enemies":"Chosen and Byrds","floor":29.0,"turns":10.0},{"damage":56,"enemies":"Gremlin Leader","floor":31,"turns":13},{"damage":43,"enemies":"Automaton","floor":33,"turns":6}],"seed_played":"6987119445465524666","potions_obtained":[{"floor":1.0,"key":"SpeedPotion"},{"floor":12.0,"key":"Swift Potion"},{"floor":16.0,"key":"Swift Potion"}],"is_trial":false,"path_per_floor":["M","?","M","?","M","R","M","M","T","M","$","M","?","M","R","B",null,"M","?","?","M","$","R","E","R","T","R","E","M","R","E","R","B"],"character_chosen":"DEFECT","items_purchased":["Coolheaded+1"],"campfire_rested":3,"item_purchase_floors":[22],"current_hp_per_floor":[70,70,61,61,61,61,48,48,48,37,37,32,32,31,31,31,75,75,75,75,75,75,75,55,75,75,75,56,39,61,5,27,0,0],"gold":280,"neow_bonus":"RANDOM_COMMON_RELIC","is_daily":false,"chose_seed":false,"campfire_upgraded":3,"win_rate":0.0,"timestamp":1607995892,"path_taken":["M","?","M","?","M","R","M","M","T","M","$","?","?","M","R","BOSS","M","?","?","M","$","R","E","R","T","R","E","M","R","E","R","BOSS"],"items_purchased_type":["Card"],"build_version":"2020-12-13","purchased_purges":2,"victory":false,"max_hp_per_floor":[75,75,75,75,75,75,75,75,75,75,75,75,75,75,75,75,75,75,75,75,75,75,75,75,75,75,75,75,75,75,75,75,75,75],"relic_stats":{"Sozu":4,"Dream Catcher":3,"counters":[16,80],"MawBank":24,"obtain_stats":[{"Sozu":17,"Dream Catcher":0,"Toxic Egg 2":9,"Cracked Core":0,"Symbiotic Virus":4,"MawBank":31,"InkBottle":28},{"Sozu":9,"Dream Catcher":0,"Toxic Egg 2":5,"Cracked Core":0,"Symbiotic Virus":2,"MawBank":15,"InkBottle":13},{"Sozu":30,"Dream Catcher":0,"Toxic Egg 2":13,"Cracked Core":0,"Symbiotic Virus":6,"MawBank":74,"InkBottle":51}],"InkBottle":[12]},"card_choices":[{"not_picked":["Redo","Go for the Eyes"],"picked":"Rebound","floor":1.0},{"not_picked":["Hologram","Turbo"],"picked":"Sweeping Beam","floor":3.0},{"not_picked":["Recycle","Lockon"],"picked":"Sweeping Beam","floor":5.0},{"not_picked":["Turbo","Leap"],"picked":"Redo","floor":7.0},{"not_picked":["Redo","Leap"],"picked":"Genetic Algorithm","floor":8.0},{"not_picked":["Cold Snap","Gash"],"picked":"Chaos+1","floor":10.0},{"not_picked":["Electrodynamics","Gash","Streamline"],"picked":"SKIP","floor":12.0},{"not_picked":["Sweeping Beam","Reprogram+1"],"picked":"Hologram+1","floor":14.0},{"not_picked":["Reboot+1","Core Surge"],"picked":"Multi-Cast+1","floor":16.0},{"not_picked":["White Noise+1","Stack+1","Leap+1"],"picked":"SKIP","floor":18.0},{"not_picked":["Sweeping Beam","Barrage"],"picked":"Glacier+1","floor":21.0},{"not_picked":["Genetic Algorithm+1","Hologram+1","Gash"],"picked":"SKIP","floor":24.0},{"not_picked":["Blizzard+1","Sweeping Beam"],"picked":"Leap+1","floor":25.0},{"not_picked":["Sweeping Beam","Barrage"],"picked":"Conserve Battery+1","floor":28.0},{"not_picked":["Blizzard","Redo+1"],"picked":"Glacier+1","floor":29.0},{"not_picked":["Stack+1","Hello World"],"picked":"Reboot+1","floor":31}],"player_experience":283057,"relics_obtained":[{"floor":9.0,"key":"Toxic Egg 2"},{"floor":28.0,"key":"InkBottle"},{"floor":31,"key":"MawBank"}],"event_choices":[{"damage_healed":0.0,"max_hp_gain":0.0,"max_hp_loss":0.0,"gold_gain":0.0,"event_name":"Liars Game","player_choice":"Ignored","floor":2.0,"gold_loss":0.0,"damage_taken":0.0},{"cards_removed":["Sweeping Beam"],"damage_healed":0.0,"max_hp_gain":0.0,"max_hp_loss":0.0,"gold_gain":0.0,"event_name":"WeMeetAgain","player_choice":"Gave Card","floor":4.0,"gold_loss":0.0,"damage_taken":0.0,"relics_obtained":["Symbiotic Virus"]},{"cards_removed":["Strike_B"],"damage_healed":0.0,"max_hp_gain":0.0,"max_hp_loss":0.0,"gold_gain":0.0,"event_name":"Living Wall","player_choice":"Forget","floor":13.0,"gold_loss":0.0,"damage_taken":0.0},{"damage_healed":0.0,"max_hp_gain":0.0,"max_hp_loss":0.0,"gold_gain":0.0,"event_name":"Ghosts","player_choice":"Ignored","floor":19.0,"gold_loss":0.0,"damage_taken":0.0},{"cards_removed":["Strike_B"],"damage_healed":0.0,"max_hp_gain":0.0,"max_hp_loss":0.0,"gold_gain":0.0,"event_name":"Back to Basics","player_choice":"Elegance","floor":20.0,"gold_loss":0.0,"damage_taken":0.0}],"is_beta":false,"boss_relics":[{"not_picked":["Pandora\u0027s Box","SacredBark"],"picked":"Sozu"}],"items_purged_floors":[11,22],"is_endless":false,"potions_floor_spawned":[1,12,16,21,24,29,31],"killed_by":"Automaton","ascension_level":0}}