{"host":"tynsn0dqx28gbnht","time":1607997368,"event":{"mods":["BaseMod","Downfall","Minty Spire (QoL Compilation)","StSLib"],"gold_per_floor":[99,99,99,24,43,60,60,60,60,60,60,7,20,5,25,25,25],"floor_reached":16,"playtime":616,"items_purged":[],"score":88,"play_id":"b9e0e91a-07f3-4f33-9306-e9ce650cca38","local_time":"20201214185608","is_ascension_mode":false,"campfire_choices":[{"floor":1,"key":"RECALL"},{"data":"champ:Execute","floor":4,"key":"SMITH"},{"data":"champ:Encircle","floor":8,"key":"SMITH"},{"floor":10,"key":"REST"}],"circlet_count":0,"master_deck":["champ:Strike","champ:Strike","champ:Strike","champ:Strike","champ:Defend","champ:Defend","champ:Defend","champ:Defend","champ:Execute+1","champ:Taunt","Regret","champ:AdrenalArmor","champ:Encircle+1","champ:TornadoPunch","champ:Riposte","champ:Duel","champ:CalledShot","champ:Improvising","champ:FlashCut"],"relics":["champ:ChampionCrown","Kunai","downfall:HeartBlessingRed"],"acts_visited":["Exordium"],"potions_floor_usage":[],"damage_taken":[{"damage":10,"enemies":"2 Louse","floor":5,"turns":3},{"damage":6,"enemies":"Jaw Worm","floor":6,"turns":3},{"damage":0,"enemies":"Cultist","floor":11,"turns":1},{"damage":17,"enemies":"downfall:FleeingMerchant","floor":12,"turns":4},{"damage":25,"enemies":"Large Slime","floor":13,"turns":7},{"damage":25,"enemies":"downfall:FleeingMerchant","floor":14,"turns":4},{"damage":15,"enemies":"2 Fungi Beasts","floor":15,"turns":4},{"damage":57,"enemies":"downfall:Watcher","floor":16,"turns":10}],"seed_played":"3651491754434004625","potions_obtained":[{"floor":15,"key":"Swift Potion"}],"is_trial":false,"path_per_floor":["R","?","?","R","M","M","T","R","?","R","M","$","M","$","M","B"],"character_chosen":"THE_CHAMP","items_purchased":["champ:Duel"],"campfire_rested":1,"item_purchase_floors":[12],"current_hp_per_floor":[99,99,99,99,94,90,90,90,55,84,84,81,72,61,53,0,0],"gold":25,"neow_bonus":"TEN_PERCENT_HP_BONUS","is_daily":false,"chose_seed":false,"campfire_upgraded":2,"win_rate":0.0,"timestamp":1607997368,"path_taken":["R","?","?","R","M","M","T","R","?","R","M","$","?","$","M","BOSS"],"items_purchased_type":["Card"],"build_version":"2020-12-13","purchased_purges":0,"victory":false,"max_hp_per_floor":[99,99,99,99,99,99,99,99,99,99,99,99,99,99,99,99,99],"card_choices":[{"not_picked":["champ:Backstep","champ:HeartStrike"],"picked":"champ:AdrenalArmor","floor":5},{"not_picked":["champ:RecklessLeap","champ:Duel"],"picked":"champ:Encircle","floor":6},{"not_picked":["champ:StanceDance","champ:ArenaPreparation"],"picked":"champ:TornadoPunch","floor":11},{"not_picked":["champ:FocusedBerserking","champ:DefensiveShout"],"picked":"champ:Riposte","floor":12},{"not_picked":["champ:Haymaker","champ:FanOfKnives"],"picked":"champ:CalledShot","floor":13},{"not_picked":["champ:AdrenalArmor","champ:HeartStrike"],"picked":"champ:Improvising","floor":14},{"not_picked":["champ:DefensiveShout","champ:Circumvent"],"picked":"champ:FlashCut","floor":15}],"player_experience":426361,"relics_obtained":[],"event_choices":[{"damage_healed":0,"gold_gain":0,"player_choice":"Box","damage_taken":0,"relics_obtained":["Kunai"],"max_hp_gain":0,"max_hp_loss":0,"event_name":"Big Fish","floor":3,"gold_loss":0,"cards_obtained":["Regret"]}],"is_beta":false,"boss_relics":[],"items_purged_floors":[],"is_endless":false,"potions_floor_spawned":[15],"killed_by":"downfall:Watcher","ascension_level":0}}