{"host":"vb6wt0mawj2xz8v4","time":1607996473,"event":{"mods":["AchievementEnabler","Aspiration","BaseMod","Hermit","Highlight Path","Hubris","Jorbs\u0027s Wanderer Trilogy","Minty Spire (QoL Compilation)","Quick Restart","Replay The Spire","Shop Mod","StSLib","SuperFastMode","The Cursed","The Disciple","The Hierophant","The Jungle"],"gold_per_floor":[113,113,113,5,20,20,49,96,96,173,187,187,205,244,244,244,244],"floor_reached":16,"playtime":451,"items_purged":[],"score":153,"play_id":"71a5556f-66c2-4a69-80f5-771955924144","local_time":"20201214204113","is_ascension_mode":true,"campfire_choices":[{"data":"hermit:Dive","floor":6,"key":"SMITH"},{"data":"hermit:GoldenBullet","floor":12,"key":"SMITH"},{"data":"hermit:EternalForm","floor":15,"key":"SMITH"}],"circlet_count":0,"master_deck":["hermit:Strike_Hermit","hermit:Strike_Hermit","hermit:Defend_Hermit","hermit:Defend_Hermit","hermit:Defend_Hermit+1","hermit:Defend_Hermit","hermit:Snapshot","hermit:Covet","hermit:Scavenge","hermit:DeadMansHand","hermit:OverwhelmingPower+1","hermit:Dive+1","hermit:GoldenBullet+1","hermit:Roulette","hermit:WideOpen","hermit:TrackingShot","hermit:LowProfile","hermit:Ricochet","hermit:EternalForm+1","hermit:LoneWolf"],"relics":["hermit:Momento","NeowsBlessing","Replay:PocketPolymizer","hubris:ToyBattleship","Ancient Tea Set","PreservedInsect","Bag of Preparation"],"acts_visited":["Exordium"],"potions_floor_usage":[],"damage_taken":[{"damage":0,"enemies":"Small Slimes","floor":1,"turns":1},{"damage":0,"enemies":"2 Louse","floor":5,"turns":1},{"damage":0,"enemies":"3 Sentries","floor":7,"turns":1},{"damage":12,"enemies":"Jaw Worm","floor":11,"turns":2},{"damage":0,"enemies":"2 Fungi Beasts","floor":13,"turns":4},{"damage":11,"enemies":"Gremlin Nob","floor":14,"turns":5},{"damage":60,"enemies":"Fading Forest","floor":16,"turns":7}],"seed_played":"8416924032040270242","potions_obtained":[{"floor":7,"key":"Reflective Coating"},{"floor":11,"key":"Explosive Potion"}],"is_trial":false,"path_per_floor":["M","?","?","$","M","R","E","T","T","?","M","R","M","E","R","B"],"character_chosen":"HERMIT","items_purchased":["hermit:OverwhelmingPower+1"],"campfire_rested":0,"item_purchase_floors":[4],"current_hp_per_floor":[75,75,75,75,75,75,75,75,75,75,63,63,63,52,52,0,0],"gold":244,"neow_bonus":"THREE_ENEMY_KILL","is_daily":false,"chose_seed":false,"campfire_upgraded":3,"win_rate":0.0,"timestamp":1607996473,"path_taken":["M","?","?","$","M","R","E","?","T","?","M","R","M","E","R","BOSS"],"items_purchased_type":["Card"],"build_version":"2020-12-13","purchased_purges":0,"victory":false,"max_hp_per_floor":[75,75,75,75,75,75,75,75,75,75,75,75,75,75,75,75,75],"card_choices":[{"not_picked":["hermit:SprayPray","hermit:ItchyTrigger"],"picked":"hermit:Scavenge","floor":1},{"not_picked":["hermit:Snipe","hermit:Misfire"],"picked":"hermit:Dive","floor":5},{"not_picked":["hermit:Headshot","hermit:SprayPray"],"picked":"hermit:GoldenBullet","floor":7},{"not_picked":["hermit:Coalescence","hermit:BodyArmor"],"picked":"hermit:Roulette","floor":10},{"not_picked":["hermit:LowProfile","hermit:ShadowCloak"],"picked":"hermit:WideOpen","floor":10},{"not_picked":["hermit:Ricochet","hermit:Snipe"],"picked":"hermit:TrackingShot","floor":11},{"not_picked":["hermit:FullyLoaded","hermit:Showdown"],"picked":"hermit:Ricochet","floor":13},{"not_picked":["hermit:ItchyTrigger","hermit:Headshot"],"picked":"hermit:EternalForm","floor":14}],"player_experience":435620,"relics_obtained":[{"floor":7,"key":"Replay:PocketPolymizer"},{"floor":8,"key":"hubris:ToyBattleship"},{"floor":9,"key":"Ancient Tea Set"},{"floor":10,"key":"PreservedInsect"},{"floor":14,"key":"Bag of Preparation"}],"event_choices":[],"is_beta":false,"boss_relics":[],"items_purged_floors":[],"is_endless":false,"potions_floor_spawned":[7,11],"killed_by":"Fading Forest","ascension_level":3}}