{"host":"egyxg9lnjq7g2hmw","time":1607999042,"event":{"mods":["AchievementEnabler","BaseMod","Block Reminder","Colored Map","Colored Powertips","Highlight Path","Minty Spire (QoL Compilation)","Rare Cards Sparkle","StSLib"],"gold_per_floor":[217,10,10,10,34,34,65,65,142,161,161,161,185,219,219,219,219],"floor_reached":16,"playtime":700,"items_purged":["Strike_G"],"score":184,"play_id":"c79f86f4-fa66-4d39-913d-24601e70dc83","local_time":"20201214182402","is_ascension_mode":true,"campfire_choices":[{"data":"Sucker Punch","floor":6.0,"key":"SMITH"},{"data":"Neutralize","floor":8,"key":"SMITH"},{"data":"Underhanded Strike","floor":11,"key":"SMITH"},{"floor":15,"key":"REST"}],"circlet_count":0,"master_deck":["AscendersBane","Strike_G","Strike_G","Strike_G","Strike_G+1","Defend_G","Defend_G+1","Defend_G","Defend_G","Defend_G","Survivor","Neutralize+1","Riddle With Holes","Regret","Sucker Punch+1","Underhanded Strike+1","Outmaneuver"],"relics":["Ring of the Snake","Lantern","Golden Idol","Gambling Chip","Question Card","Smiling Mask"],"acts_visited":["Exordium"],"potions_floor_usage":[7,7,14,16,16],"damage_taken":[{"damage":5.0,"enemies":"Small Slimes","floor":1.0,"turns":6.0},{"damage":6.0,"enemies":"Jaw Worm","floor":5.0,"turns":4.0},{"damage":23,"enemies":"3 Sentries","floor":7,"turns":12},{"damage":0,"enemies":"2 Louse","floor":10,"turns":2},{"damage":0,"enemies":"Blue Slaver","floor":13,"turns":2},{"damage":9,"enemies":"Gremlin Nob","floor":14,"turns":5},{"damage":27,"enemies":"The Guardian","floor":16,"turns":8}],"seed_played":"-990576557268702698","potions_obtained":[{"floor":1.0,"key":"Weak Potion"},{"floor":7,"key":"GhostInAJar"},{"floor":10,"key":"Explosive Potion"},{"floor":14,"key":"Strength Potion"}],"is_trial":false,"path_per_floor":["M","$","?","?","M","R","E","R","T","M","R","?","M","E","R","B"],"character_chosen":"THE_SILENT","items_purchased":["Riddle With Holes","Block Potion"],"campfire_rested":1,"item_purchase_floors":[2,2],"current_hp_per_floor":[54,54,54,54,48,48,25,25,25,25,25,13,13,4,22,0,0],"gold":219,"neow_bonus":"HUNDRED_GOLD","is_daily":false,"chose_seed":false,"campfire_upgraded":3,"win_rate":0.0,"timestamp":1607999042,"path_taken":["M","$","?","?","M","R","E","R","T","M","R","?","?","E","R","BOSS"],"items_purchased_type":["Card","Potion"],"build_version":"2020-12-13","purchased_purges":1,"victory":false,"max_hp_per_floor":[66,66,66,61,61,61,61,61,61,61,61,61,61,61,61,61,61],"card_choices":[{"not_picked":["Reflex","Slice","Prepared"],"picked":"SKIP","floor":1.0},{"not_picked":["Outmaneuver","Blade Dance"],"picked":"Sucker Punch","floor":5.0},{"not_picked":["Cloak And Dagger","Backflip","Sucker Punch"],"picked":"SKIP","floor":7},{"not_picked":["Flying Knee","Footwork","Infinite Blades"],"picked":"Underhanded Strike","floor":10},{"not_picked":["Flying Knee","Backflip","Dagger Spray","Sucker Punch"],"picked":"SKIP","floor":13},{"not_picked":["Predator","Poisoned Stab","Noxious Fumes"],"picked":"Outmaneuver","floor":14}],"player_experience":451426,"relics_obtained":[{"floor":7,"key":"Gambling Chip"},{"floor":9,"key":"Question Card"},{"floor":14,"key":"Smiling Mask"}],"event_choices":[{"damage_healed":0.0,"max_hp_gain":0.0,"max_hp_loss":0.0,"gold_gain":0.0,"event_name":"Big Fish","player_choice":"Box","floor":3.0,"gold_loss":0.0,"damage_taken":0.0,"relics_obtained":["Lantern"],"cards_obtained":["Regret"]},{"damage_healed":0.0,"max_hp_gain":0.0,"max_hp_loss":5.0,"gold_gain":0.0,"event_name":"Golden Idol","player_choice":"Lose Max HP","floor":4.0,"gold_loss":0.0,"damage_taken":0.0,"relics_obtained":["Golden Idol"]},{"damage_healed":0,"gold_gain":0,"player_choice":"Entered Light","damage_taken":12,"max_hp_gain":0,"max_hp_loss":0,"event_name":"Shining Light","floor":12,"gold_loss":0,"cards_upgraded":["Defend_G","Strike_G"]}],"is_beta":false,"boss_relics":[],"items_purged_floors":[2],"is_endless":false,"potions_floor_spawned":[1,7,10,14],"killed_by":"The Guardian","ascension_level":14}}