{"host":"juqmwis5balotvcq","time":1607993160,"event":{"mods":["AchievementEnabler","Aspiration","BaseMod","Better Altar","Better Match","Better Note","Better Sensory Stone","Better Skull","Better Third Choice","BetterRewards","CCEM","Colored Map","Conspire","Downfall","GifTheSpireLib","Googly Eyes","Highlight Path","Minty Spire (QoL Compilation)","Permanent Neow","Replay The Spire","Spicy Shops","StSLib","The IronCluck","Unceasing Turn Reminder","everything is the same but u backflip on backflip"],"gold_per_floor":[99,113,38,63,63,63,86,115,40,72,57,70,40,57,76,175,175,175,195,208,243,168,203,249,249,249,280,49,49,49,66,83,188,188,188,207,239,249,288,320,320,320,352,352,352,347,35,35,47,47,47,73,47,47,47],"floor_reached":56,"playtime":5107,"items_purged":[],"score":1642,"play_id":"9e9adbea-beed-47f1-95d9-396c9c94c332","local_time":"20201214164600","is_ascension_mode":true,"campfire_choices":[{"floor":1.0,"key":"RECALL"},{"data":"hexamod:GhostflameBarrier","floor":3.0,"key":"SMITH"},{"data":"hexamod:Float","floor":6.0,"key":"SMITH"},{"data":"hexamod:RainOfEmbers","floor":9.0,"key":"SMITH"},{"data":"hexamod:WildfireWeapon","floor":18.0,"key":"SMITH"},{"floor":22.0,"key":"REST"},{"floor":26.0,"key":"REST"},{"floor":35.0,"key":"REST"}],"circlet_count":0,"master_deck":["hexamod:Strike+1","hexamod:Strike+1","hexamod:Defend+1","hexamod:Defend+1","hexamod:Defend","hexamod:Defend+1","hexamod:Sear+1","hexamod:Float+1","hexamod:GhostflameBarrier+1","hexamod:SpectersWail","Pain","hexamod:RainOfEmbers+1","hexamod:GhostOfSpirePast+1","hexamod:InspiringFlames+1","hexamod:VolcanoVisage","hexamod:NecessarySacrifice+1","hexamod:WildfireWeapon+1","hexamod:GhostOfSpireFuture+1","hexamod:PowerFromBeyond+1","hexamod:BurningTouch+1","hexamod:SixthSeal","hexamod:Rewind+1","hexamod:FirstSeal","hexamod:GhostflameBarrier+1","hexamod:TimeWarp","expansioncontent:Chronoboost+1","hexamod:GhostOfSpireFuture+1","hexamod:VolcanoVisage","Heatsinks+1","Storm+1","hexamod:Hexaguard","hexamod:ExtraCrispy+1","hexamod:PowerFromBeyond+1","hexamod:RadiantFlame+1","hexamod:FirstSeal","ReplayUltimateDefense","Storm+1","Loop"],"relics":["hexamod:SpiritBrand","downfall:HeartBlessingRed","Bird Faced Urn","WarpedTongs","Replay:WaspNest","downfall:HeartBlessingGreen","InkBottle","Runic Dome","Letter Opener","downfall:HeartBlessingBlue","Question Card","CCEMRelics:Pendulum","conspire:Flyswatter","downfall:RedIOU","aspiration:HummingbirdHeart","hexamod:TheBrokenSeal","Replay:Grab Bag","Replay:Bronze Core","Fusion Hammer","Empty Cage","aspiration:DefectSkillbook","Centennial Puzzle","aspiration:FaultyCoupler","HornCleat","CCEMRelics:WhiteRose","Blue Doll","Replay:Rubber Ducky","Calipers","Bottled Flame"],"acts_visited":["Exordium","TheCity","TheBeyond","TheEnding"],"potions_floor_usage":[],"damage_taken":[{"damage":0.0,"enemies":"conspire:RoseBush","floor":2.0,"turns":3.0},{"damage":2.0,"enemies":"Lagavulin","floor":4.0,"turns":7.0},{"damage":9.0,"enemies":"3 Sentries","floor":8.0,"turns":11.0},{"damage":5.0,"enemies":"Gremlin Nob","floor":10.0,"turns":3.0},{"damage":2.0,"enemies":"downfall:FleeingMerchant","floor":11.0,"turns":4.0},{"damage":3.0,"enemies":"Jaw Worm","floor":12.0,"turns":2.0},{"damage":1.0,"enemies":"downfall:FleeingMerchant","floor":13.0,"turns":4.0},{"damage":0.0,"enemies":"Cultist","floor":14.0,"turns":3.0},{"damage":1.0,"enemies":"Gremlin Gang","floor":15.0,"turns":3.0},{"damage":28.0,"enemies":"downfall:Silent","floor":16.0,"turns":6.0},{"damage":9.0,"enemies":"3 Byrds","floor":19.0,"turns":2.0},{"damage":46.0,"enemies":"conspire:FuzzyDice","floor":20.0,"turns":5.0},{"damage":36.0,"enemies":"Slavers","floor":21.0,"turns":5.0},{"damage":21.0,"enemies":"Gremlin Leader","floor":23.0,"turns":6.0},{"damage":45.0,"enemies":"Replay:Snechameleon","floor":27.0,"turns":5.0},{"damage":6.0,"enemies":"downfall:FleeingMerchant","floor":28.0,"turns":4.0},{"damage":18.0,"enemies":"Snecko","floor":31.0,"turns":6.0},{"damage":3.0,"enemies":"Snake Plant","floor":32.0,"turns":3.0},{"damage":11.0,"enemies":"downfall:Defect","floor":33.0,"turns":7.0},{"damage":6.0,"enemies":"Orb Walker","floor":36.0,"turns":3.0},{"damage":18.0,"enemies":"Giant Head","floor":37.0,"turns":6.0},{"damage":7.0,"enemies":"3 Darklings","floor":38.0,"turns":2.0},{"damage":9.0,"enemies":"conspire:MimicChest","floor":39.0,"turns":4.0},{"damage":7.0,"enemies":"R_Hoarder","floor":40.0,"turns":4.0},{"damage":20.0,"enemies":"Giant Head","floor":43.0,"turns":4.0},{"damage":4.0,"enemies":"downfall:FleeingMerchant","floor":46.0,"turns":3.0},{"damage":6,"enemies":"Spire Growth","floor":49,"turns":2},{"damage":10,"enemies":"downfall:Watcher","floor":50,"turns":5},{"damage":22,"enemies":"downfall:CharBossMerchant","floor":52,"turns":5},{"damage":20,"enemies":"downfall:NeowBoss","floor":55,"turns":14}],"seed_played":"3704828266036909846","potions_obtained":[{"floor":8.0,"key":"Strength Potion"},{"floor":10.0,"key":"CultistPotion"},{"floor":11.0,"key":"Fire Potion"},{"floor":12.0,"key":"Ancient Potion"},{"floor":12.0,"key":"SmokeBomb"},{"floor":13.0,"key":"Venom Potion"},{"floor":14.0,"key":"Fire Potion"},{"floor":15.0,"key":"hexamod:EctoCoolerPotion"},{"floor":16.0,"key":"DistilledChaos"},{"floor":19.0,"key":"Venom Potion"},{"floor":20.0,"key":"Weak Potion"},{"floor":21.0,"key":"Fruit Juice"},{"floor":23.0,"key":"LiquidMemories"},{"floor":27.0,"key":"SteroidPotion"},{"floor":28.0,"key":"BlessingOfTheForge"},{"floor":31.0,"key":"Fire Potion"},{"floor":32.0,"key":"sneckomod:MuddlingPotion"},{"floor":33.0,"key":"FearPotion"},{"floor":36.0,"key":"LiquidMemories"},{"floor":52,"key":"SneckoOil"}],"is_trial":false,"path_per_floor":["R","M","R","E","?","R","T","E","R","E","$","M","$","M","M","B",null,"R","M","M","E","R","E","T","?","R","E","$","?","T","M","M","B",null,"R","M","E","M","?","E","T","R","E","R","?","$","$","$","M","B",null,"E","$","R","B",null],"character_chosen":"THE_SPIRIT","items_purchased":["hexamod:VolcanoVisage","expansioncontent:Chronoboost","hexamod:SecondSeal","ReplayUltimateDefense","Replay:Rubber Ducky","Calipers","Loop"],"campfire_rested":3,"item_purchase_floors":[13,28,28,46,46,47,53],"current_hp_per_floor":[70,70,70,68,68,68,68,59,59,54,54,53,56,60,61,41,70,70,65,29,17,52,52,52,52,77,57,72,72,72,95,95,94,95,95,95,87,94,95,95,95,95,91,91,84,95,95,95,95,95,95,95,95,95,88],"gold":47,"neow_bonus":"UPGRADE_CARD","is_daily":false,"chose_seed":false,"campfire_upgraded":4,"win_rate":0.0,"timestamp":1607993160,"path_taken":["R","M","R","E","?","R","T","E","R","E","?","M","?","?","M","BOSS","R","?","?","E","R","E","T","?","R","E","$","?","?","?","M","BOSS","R","M","E","?","?","E","T","R","E","R","?","$","$","$","M","BOSS","E","$","R","BOSS"],"items_purchased_type":["Card","Card","Card","Card","Relic","Relic","Card"],"build_version":"2020-12-13","purchased_purges":0,"victory":true,"max_hp_per_floor":[70,70,70,70,70,70,70,70,70,70,70,70,70,70,70,70,70,70,70,70,75,85,85,85,85,85,85,85,85,85,95,95,95,95,95,95,95,95,95,95,95,95,95,95,95,95,95,95,95,95,95,95,95,95,95],"card_choices":[{"not_picked":["hexamod:GhostLash","hexamod:StepThrough"],"picked":"hexamod:GhostflameBarrier","floor":2.0},{"not_picked":["hexamod:NightmareStrike","hexamod:RetreatToShadows"],"picked":"hexamod:SpectersWail","floor":4.0},{"not_picked":["hexamod:ThermalTransfer","hexamod:NightmareStrike"],"picked":"hexamod:RainOfEmbers","floor":8.0},{"not_picked":["hexamod:SpectersWail","hexamod:ThermalTransfer"],"picked":"hexamod:FourthSeal","floor":10.0},{"not_picked":["hexamod:HauntingEcho","hexamod:ThermalTransfer","hexamod:PhantomFireball"],"picked":"SKIP","floor":11.0},{"not_picked":["hexamod:CatchUp","hexamod:Hexaguard"],"picked":"hexamod:GhostOfSpirePast","floor":12.0},{"not_picked":["hexamod:Incineration","hexamod:FastForward"],"picked":"hexamod:InspiringFlames","floor":13.0},{"not_picked":["hexamod:AdvancingGuard","hexamod:ChargedBarrage"],"picked":"hexamod:ThirdSeal","floor":14.0},{"not_picked":["hexamod:FastForward","hexamod:HeatShield"],"picked":"hexamod:NecessarySacrifice","floor":15.0},{"not_picked":["hexamod:SearingWound","hexamod:ParanormalForm"],"picked":"hexamod:WildfireWeapon","floor":16.0},{"not_picked":["hexamod:UnleashSpirits","hexamod:TimeWarp"],"picked":"hexamod:FifthSeal","floor":16.0},{"not_picked":["hexamod:AdvancingGuard+1","hexamod:SpectralSpark"],"picked":"hexamod:GhostOfSpireFuture","floor":19.0},{"not_picked":["hexamod:ThirdSeal","hexamod:SecondSeal"],"picked":"hexamod:FirstSeal","floor":20.0},{"not_picked":["hexamod:GhostOfSpirePast+1","hexamod:BurningTouch+1"],"picked":"hexamod:PowerFromBeyond","floor":20.0},{"not_picked":["hexamod:ShieldOfDarkness","hexamod:FastForward","hexamod:NightmareGuise"],"picked":"SKIP","floor":20.0},{"not_picked":["hexamod:GhostOfSpirePast","hexamod:SpectralAdrenaline","hexamod:UnleashSpirits"],"picked":"SKIP","floor":21.0},{"not_picked":["hexamod:SkipABeat","hexamod:EtherealExpedition","hexamod:GhostOfSpireFuture"],"picked":"SKIP","floor":21.0},{"not_picked":["hexamod:FirstSeal","hexamod:SecondSeal"],"picked":"hexamod:SixthSeal","floor":23.0},{"not_picked":["hexamod:HauntingEcho","hexamod:EmpoweredFlame"],"picked":"hexamod:BurningTouch","floor":23.0},{"not_picked":["hexamod:ThirdSeal","hexamod:FourthSeal","hexamod:FirstSeal"],"picked":"hexamod:SixthSeal","floor":27.0},{"not_picked":["hexamod:Toasty","hexamod:AdvancingGuard","hexamod:HauntingEcho"],"picked":"hexamod:Rewind","floor":27.0},{"not_picked":["hexamod:HauntingEcho","hexamod:GhostShield","hexamod:Firestarter","hexamod:SwordOfDarkness+1"],"picked":"SKIP","floor":27.0},{"not_picked":["hexamod:FourthSeal","hexamod:FifthSeal","hexamod:SixthSeal"],"picked":"hexamod:FirstSeal","floor":28.0},{"not_picked":["hexamod:ShieldOfDarkness","hexamod:SkipABeat+1","hexamod:InspiringFlames"],"picked":"hexamod:GhostflameBarrier","floor":28.0},{"not_picked":["hexamod:InspiringFlames+1","hexamod:GhostflameBarrier","hexamod:BacktrackSmack"],"picked":"hexamod:TimeWarp","floor":28.0},{"not_picked":["hexamod:ShieldOfDarkness","hexamod:Haunt","hexamod:FastForward"],"picked":"hexamod:GhostOfSpireFuture+1","floor":31.0},{"not_picked":["hexamod:BurningTouch","hexamod:BacktrackSmack","hexamod:NightmareStrike","hexamod:EtherealExpedition"],"picked":"SKIP","floor":32.0},{"not_picked":["hexamod:TimeWarp","hexamod:FifthSeal","hexamod:GiftsFromTheDead"],"picked":"hexamod:VolcanoVisage","floor":33.0},{"not_picked":["Redo+1","hexamod:HeatCrush+1","hexamod:HeatShield+1","hexamod:HauntingEcho+1"],"picked":"Heatsinks+1","floor":36.0},{"not_picked":["Hologram+1","Scrape+1","hexamod:HeatCrush+1","hexamod:RecurringNightmare+1"],"picked":"Storm+1","floor":37.0},{"not_picked":["Scrape","hexamod:AdvancingGuard+1","Steam+1","hexamod:ChargedBarrage+1"],"picked":"hexamod:Hexaguard","floor":38.0},{"not_picked":["FTL","hexamod:CatchUp+1","ReplayTheSpireMod:Reroute Power+1","Skim"],"picked":"hexamod:ExtraCrispy+1","floor":39.0},{"not_picked":["hexamod:SpectralAdrenaline","hexamod:HeatCrush+1","Beam Cell","Stack"],"picked":"hexamod:PowerFromBeyond+1","floor":40.0},{"not_picked":["Static Discharge","Streamline+1","hexamod:SoulSteal","Ball Lightning"],"picked":"hexamod:RadiantFlame+1","floor":43.0},{"not_picked":["Consume","hexamod:EtherealExpedition","Auto Shields","hexamod:FastForward","Lockon+1"],"picked":"SKIP","floor":49},{"not_picked":["Gash","hexamod:Again","ReplayTheSpireMod:Omega Cannon","Aggregate"],"picked":"Storm+1","floor":52}],"player_experience":316364,"relics_obtained":[{"floor":4.0,"key":"Bird Faced Urn"},{"floor":8.0,"key":"Replay:WaspNest"},{"floor":10.0,"key":"InkBottle"},{"floor":21.0,"key":"Letter Opener"},{"floor":23.0,"key":"Question Card"},{"floor":24.0,"key":"ReplayTheSpireMod:TigerMarble"},{"floor":27.0,"key":"conspire:Flyswatter"},{"floor":30.0,"key":"aspiration:HummingbirdHeart"},{"floor":37.0,"key":"Centennial Puzzle"},{"floor":39.0,"key":"aspiration:FaultyCoupler"},{"floor":40.0,"key":"HornCleat"},{"floor":41.0,"key":"CCEMRelics:WhiteRose"},{"floor":43.0,"key":"Blue Doll"},{"floor":52,"key":"Bottled Flame"}],"event_choices":[{"damage_healed":0.0,"max_hp_gain":0.0,"max_hp_loss":0.0,"gold_gain":0.0,"event_name":"Accursed Blacksmith","player_choice":"Rummage","floor":5.0,"gold_loss":0.0,"damage_taken":0.0,"relics_obtained":["WarpedTongs"],"cards_obtained":["Pain"]}],"is_beta":false,"boss_relics":[{"not_picked":["Kintsugi","conspire:RoyalGoblet"],"picked":"Runic Dome"},{"not_picked":["Cursed Key","aspiration:RitualDagger"],"picked":"Replay:Grab Bag"},{"not_picked":["Busted Crown","Philosopher\u0027s Stone"],"picked":"Replay:Bronze Core"},{"not_picked":["Painkiller Herb","ReplayTheSpireMod:DimensionalGlitch"],"picked":"Fusion Hammer"},{"not_picked":["aspiration:WatcherSkillbook","aspiration:PoetsPen_weak"],"picked":"Empty Cage"},{"not_picked":["Snecko Eye","CCEMRelics:TransientCore"],"picked":"aspiration:DefectSkillbook"}],"items_purged_floors":[],"is_endless":false,"potions_floor_spawned":[8,10,12,14,31,32,33,36,37,43,52],"ascension_level":1}}