{"host":"eydwxg59205c3vtl","time":1607990542,"event":{"mods":["2.2 Compatiblity","BaseMod","Colored Map","Colored Powertips","Minty Spire (QoL Compilation)","StSLib"],"gold_per_floor":[117,117,127,140,140,140,173,186,210,210,239,256,256,273,273,347,347,360,360,410,410,428,459,459,486,532,30,30,80,80,99,99,171,171,191,206,206,206,231,231,231,231,231],"floor_reached":42,"playtime":1230,"items_purged":["Shame"],"score":909,"play_id":"e15206b6-5eaa-4f92-a171-5aada3e51f01","local_time":"20201214190222","is_ascension_mode":true,"campfire_choices":[{"data":"Flame Barrier","floor":6.0,"key":"SMITH"},{"data":"Cleave","floor":15.0,"key":"SMITH"},{"floor":24.0,"key":"REST"},{"floor":30,"key":"REST"},{"floor":32,"key":"REST"},{"data":"Apotheosis","floor":40,"key":"SMITH"}],"circlet_count":0,"master_deck":["AscendersBane","Strike_R","Strike_R","Defend_R","Defend_R","Defend_R","Bash+1","Flame Barrier+1","Shrug It Off","Headbutt","Cleave+1","Iron Wave","Shrug It Off","Shrug It Off","Demon Form","Spot Weakness+1","Apotheosis+1","Sword Boomerang","Sword Boomerang+1","Impervious","Armaments+1"],"relics":["Burning Blood","NeowsBlessing","Bronze Scales","PreservedInsect","Centennial Puzzle","Runic Pyramid","HornCleat","MutagenicStrength","Happy Flower","Matryoshka","Red Skull","Juzu Bracelet","Tiny Chest","Empty Cage","MealTicket","Ornamental Fan","Lizard Tail"],"acts_visited":["Exordium","TheCity","TheBeyond"],"potions_floor_usage":[33,35,42],"damage_taken":[{"damage":0.0,"enemies":"Jaw Worm","floor":1.0,"turns":1.0},{"damage":0.0,"enemies":"Cultist","floor":3.0,"turns":1.0},{"damage":0.0,"enemies":"2 Louse","floor":4.0,"turns":1.0},{"damage":10.0,"enemies":"3 Sentries","floor":7.0,"turns":17.0},{"damage":0.0,"enemies":"Red Slaver","floor":8.0,"turns":3.0},{"damage":36.0,"enemies":"Lagavulin","floor":11.0,"turns":6.0},{"damage":0.0,"enemies":"Blue Slaver","floor":12.0,"turns":4.0},{"damage":1.0,"enemies":"2 Fungi Beasts","floor":14.0,"turns":3.0},{"damage":5.0,"enemies":"The Guardian","floor":16.0,"turns":14.0},{"damage":20.0,"enemies":"2 Thieves","floor":18.0,"turns":3.0},{"damage":7.0,"enemies":"Chosen","floor":22.0,"turns":4.0},{"damage":23.0,"enemies":"Gremlin Leader","floor":23.0,"turns":5.0},{"damage":45.0,"enemies":"Book of Stabbing","floor":25.0,"turns":5.0},{"damage":10,"enemies":"Snake Plant","floor":31,"turns":4},{"damage":48,"enemies":"Automaton","floor":33,"turns":7},{"damage":8,"enemies":"3 Darklings","floor":35,"turns":4},{"damage":0,"enemies":"Orb Walker","floor":36,"turns":4},{"damage":15,"enemies":"Mind Bloom Boss Battle","floor":39,"turns":6},{"damage":112,"enemies":"Giant Head","floor":42,"turns":7}],"seed_played":"-2444246011561997857","potions_obtained":[{"floor":3.0,"key":"PowerPotion"},{"floor":4.0,"key":"Dexterity Potion"},{"floor":8.0,"key":"DuplicationPotion"},{"floor":18.0,"key":"Strength Potion"},{"floor":23.0,"key":"Explosive Potion"},{"floor":31,"key":"Block Potion"},{"floor":33,"key":"Energy Potion"},{"floor":35,"key":"AttackPotion"},{"floor":39,"key":"ElixirPotion"}],"is_trial":false,"path_per_floor":["M","?","M","M","?","R","E","M","T","?","E","M","?","M","R","B",null,"M","?","?","?","M","E","R","E","T","$","?","?","R","M","R","B",null,"M","M","?","T","?","R","?","E"],"character_chosen":"IRONCLAD","items_purchased":["Tiny Chest","Apotheosis","Sword Boomerang"],"campfire_rested":3,"item_purchase_floors":[27,27,27],"current_hp_per_floor":[74,74,75,75,75,75,71,75,75,75,45,51,51,56,56,57,71,57,57,57,57,56,39,61,22,22,22,22,15,37,33,55,13,60,58,64,64,64,55,55,55,0,0],"gold":231,"neow_bonus":"THREE_ENEMY_KILL","is_daily":false,"chose_seed":false,"campfire_upgraded":3,"win_rate":0.0,"timestamp":1607990542,"path_taken":["M","?","?","?","?","R","E","?","T","?","E","M","?","M","R","BOSS","M","?","?","?","M","E","R","E","T","$","?","?","R","M","R","BOSS","M","M","?","?","?","R","?","E"],"items_purchased_type":["Relic","Card","Card"],"build_version":"2020-12-13","purchased_purges":1,"victory":false,"max_hp_per_floor":[75,75,75,75,75,75,75,75,75,75,75,75,75,75,75,75,75,75,75,75,75,75,75,75,75,75,75,75,75,75,75,75,75,75,75,75,75,75,75,75,75,75,75],"card_choices":[{"not_picked":["Body Slam","Evolve"],"picked":"Flame Barrier","floor":1.0},{"not_picked":["Cleave","Armaments"],"picked":"Shrug It Off","floor":3.0},{"not_picked":["Thunderclap","Flex"],"picked":"Headbutt","floor":4.0},{"not_picked":["Dual Wield","Intimidate"],"picked":"Cleave","floor":7.0},{"not_picked":["Disarm","Clash"],"picked":"Iron Wave","floor":8.0},{"not_picked":["Hemokinesis","Rampage"],"picked":"Shrug It Off","floor":11.0},{"not_picked":["Flex","Dropkick"],"picked":"Shrug It Off","floor":12.0},{"not_picked":["Burning Pact","Thunderclap","Perfected Strike"],"picked":"SKIP","floor":14.0},{"not_picked":["Limit Break","Berserk"],"picked":"Demon Form","floor":16.0},{"not_picked":["Havoc","Heavy Blade"],"picked":"Twin Strike","floor":18.0},{"not_picked":["Iron Wave","Perfected Strike+1"],"picked":"Spot Weakness+1","floor":22.0},{"not_picked":["Pommel Strike","True Grit+1","Battle Trance"],"picked":"SKIP","floor":23.0},{"not_picked":["Dark Embrace","Wild Strike","Heavy Blade"],"picked":"SKIP","floor":25.0},{"not_picked":["Combust","Infernal Blade"],"picked":"Sword Boomerang+1","floor":31},{"not_picked":["Exhume","Brutality"],"picked":"Impervious","floor":33},{"not_picked":["Combust","Warcry","Sentinel"],"picked":"SKIP","floor":35},{"not_picked":["Clothesline+1","Perfected Strike","Fire Breathing"],"picked":"SKIP","floor":36},{"not_picked":["Anger","Second Wind"],"picked":"Armaments+1","floor":39}],"player_experience":484798,"relics_obtained":[{"floor":7.0,"key":"Bronze Scales"},{"floor":9.0,"key":"PreservedInsect"},{"floor":11.0,"key":"Centennial Puzzle"},{"floor":23.0,"key":"Happy Flower"},{"floor":25.0,"key":"Matryoshka"},{"floor":26.0,"key":"Red Skull"},{"floor":26.0,"key":"Juzu Bracelet"},{"floor":38,"key":"MealTicket"},{"floor":38,"key":"Ornamental Fan"},{"floor":39,"key":"Lizard Tail"}],"event_choices":[{"cards_removed":["Defend_R"],"damage_healed":0.0,"max_hp_gain":0.0,"max_hp_loss":0.0,"gold_gain":0.0,"event_name":"Purifier","player_choice":"Purged","floor":2.0,"gold_loss":0.0,"damage_taken":0.0},{"damage_healed":0.0,"max_hp_gain":0.0,"max_hp_loss":0.0,"gold_gain":0.0,"event_name":"Lab","player_choice":"Got Potions","floor":5.0,"gold_loss":0.0,"damage_taken":0.0},{"damage_healed":0.0,"max_hp_gain":0.0,"max_hp_loss":0.0,"gold_gain":0.0,"event_name":"Liars Game","player_choice":"Ignored","floor":10.0,"gold_loss":0.0,"damage_taken":0.0},{"damage_healed":0.0,"max_hp_gain":0.0,"max_hp_loss":0.0,"gold_gain":0.0,"event_name":"Living Wall","player_choice":"Grow","floor":13.0,"gold_loss":0.0,"damage_taken":0.0,"cards_upgraded":["Bash"]},{"damage_healed":0.0,"max_hp_gain":0.0,"max_hp_loss":0.0,"gold_gain":0.0,"event_name":"Addict","player_choice":"Stole Relic","floor":19.0,"gold_loss":0.0,"damage_taken":0.0,"relics_obtained":["HornCleat"],"cards_obtained":["Shame"]},{"damage_healed":0.0,"max_hp_gain":0.0,"max_hp_loss":0.0,"gold_gain":50.0,"event_name":"Nest","player_choice":"Stole From Cult","floor":20.0,"gold_loss":0.0,"damage_taken":0.0},{"damage_healed":0.0,"max_hp_gain":0.0,"max_hp_loss":0.0,"gold_gain":0.0,"event_name":"Drug Dealer","player_choice":"Inject Mutagens","floor":21.0,"gold_loss":0.0,"damage_taken":0.0,"relics_obtained":["MutagenicStrength"]},{"cards_removed":["Strike_R"],"damage_healed":0.0,"max_hp_gain":0.0,"max_hp_loss":0.0,"gold_gain":0.0,"event_name":"Bonfire Elementals","player_choice":"Offered Basic","floor":28.0,"gold_loss":0.0,"damage_taken":0.0},{"damage_healed":0,"gold_gain":50,"player_choice":"Touch","damage_taken":7,"max_hp_gain":0,"max_hp_loss":0,"event_name":"FaceTrader","floor":29,"gold_loss":0},{"damage_healed":0,"gold_gain":0,"player_choice":"Memory 1","damage_taken":0,"max_hp_gain":0,"max_hp_loss":0,"event_name":"SensoryStone","floor":37,"gold_loss":0},{"damage_healed":0,"gold_gain":0,"player_choice":"Fight","damage_taken":0,"max_hp_gain":0,"max_hp_loss":0,"event_name":"MindBloom","floor":39,"gold_loss":0},{"cards_removed":["Twin Strike"],"damage_healed":0,"gold_gain":0,"player_choice":"Removed Attack","damage_taken":0,"max_hp_gain":0,"max_hp_loss":0,"event_name":"Falling","floor":41,"gold_loss":0}],"is_beta":false,"boss_relics":[{"not_picked":["Fusion Hammer","Mark of Pain"],"picked":"Runic Pyramid"},{"not_picked":["Sozu","Astrolabe"],"picked":"Empty Cage"}],"items_purged_floors":[27],"is_endless":false,"potions_floor_spawned":[3,4,8,12,16,18,23,31,33,35,39],"killed_by":"Giant Head","ascension_level":20}}