{"host":"5w5nlj9te6rhm47m","time":1607998064,"event":{"mods":["BaseMod","Downfall","Hermit","Minty Spire (QoL Compilation)","Replay The Spire","Shop Mod","StSLib"],"gold_per_floor":[99,99,132,132,232,232,232,232,217,249,249,268,284,296,314,314,314],"floor_reached":16,"playtime":755,"items_purged":[],"score":133,"play_id":"da5f9695-84c2-4877-bc89-2a535f51accc","local_time":"20201215100744","is_ascension_mode":false,"campfire_choices":[{"floor":1,"key":"DIG"},{"data":"Slimebound:CorrosiveSpit","floor":6,"key":"SMITH"}],"circlet_count":0,"master_deck":["Slimebound:Strike_Slimebound","Slimebound:Strike_Slimebound","Slimebound:Strike_Slimebound","Slimebound:Tackle","Slimebound:Defend_Slimebound","Slimebound:Defend_Slimebound","Slimebound:Defend_Slimebound","Slimebound:Defend_Slimebound","Slimebound:Split","Slimebound:CorrosiveSpit+1","Slimebound:LivingWall","Regret","Slimebound:ItLooksTasty","Slimebound:MegaLick","Slimebound:LeechingTouch","Slimebound:Nibble","Slimebound:Equalize","Slimebound:GoopSpray","Slimebound:SlimeTap"],"relics":["Slimebound:AbsorbEndCombat","downfall:HeartsMalice","Replay:Accelerometer","Letter Opener","Slimebound:MaxSlimesRelic","Dream Catcher","Pantograph","downfall:BrokenWingStatue"],"acts_visited":["Exordium"],"potions_floor_usage":[16,16,16],"damage_taken":[{"damage":0,"enemies":"Cultist","floor":2,"turns":1},{"damage":0,"enemies":"3 Sentries","floor":3,"turns":1},{"damage":0,"enemies":"Jaw Worm","floor":8,"turns":1},{"damage":15,"enemies":"downfall:FleeingMerchant","floor":9,"turns":4},{"damage":14,"enemies":"Replay:BlueRogue","floor":10,"turns":6},{"damage":4,"enemies":"2 Louse","floor":12,"turns":2},{"damage":16,"enemies":"Blue Slaver","floor":13,"turns":3},{"damage":4,"enemies":"2 Fungi Beasts","floor":14,"turns":2},{"damage":11,"enemies":"Gremlin Gang","floor":15,"turns":4},{"damage":88,"enemies":"downfall:Defect","floor":16,"turns":7}],"seed_played":"2179861055802924209","potions_obtained":[{"floor":3,"key":"Elixir"},{"floor":10,"key":"Dexterity Potion"},{"floor":13,"key":"Fire Potion"},{"floor":14,"key":"DuplicationPotion"}],"is_trial":false,"path_per_floor":["R","M","E","?","?","R","T","M","$","E","?","M","M","M","M","B"],"character_chosen":"SLIMEBOUND","items_purchased":[],"campfire_rested":0,"item_purchase_floors":[],"current_hp_per_floor":[60,60,60,60,60,60,60,60,58,60,60,60,60,60,60,0,0],"gold":314,"neow_bonus":"THREE_ENEMY_KILL","is_daily":false,"chose_seed":false,"campfire_upgraded":1,"win_rate":0.0,"timestamp":1607998064,"path_taken":["R","M","E","?","?","R","T","?","$","E","?","M","M","M","M","BOSS"],"items_purchased_type":[],"build_version":"2020-12-13","purchased_purges":0,"victory":false,"max_hp_per_floor":[60,60,60,60,60,60,60,60,60,60,60,60,60,60,60,60,60],"card_choices":[{"not_picked":["Slimebound:SplitBruiser","Slimebound:FinishingTackle","Slimebound:FlameTackle"],"picked":"SKIP","floor":2},{"not_picked":["Slimebound:SamplingLick","Slimebound:SplitBruiser"],"picked":"Slimebound:LivingWall","floor":3},{"not_picked":["Slimebound:Replication","Slimebound:Chomp"],"picked":"Slimebound:ItLooksTasty","floor":8},{"not_picked":["Slimebound:Dissolve","Slimebound:ForwardTackle"],"picked":"Slimebound:MegaLick","floor":9},{"not_picked":["Slimebound:LevelUp","Slimebound:BestDefense"],"picked":"Slimebound:LeechingTouch","floor":10},{"not_picked":["Slimebound:LeechEnergy","Slimebound:SplitBruiser"],"picked":"Slimebound:Nibble","floor":12},{"not_picked":["Slimebound:ViciousTackle","Slimebound:SpikyOuterGoop"],"picked":"Slimebound:Equalize","floor":13},{"not_picked":["Slimebound:ComboTackle","Slimebound:FinishingTackle"],"picked":"Slimebound:GoopSpray","floor":14},{"not_picked":["Slimebound:ComboTackle","Slimebound:ProtectTheBoss"],"picked":"Slimebound:SlimeTap","floor":15}],"player_experience":144675,"relics_obtained":[{"floor":1,"key":"Replay:Accelerometer"},{"floor":3,"key":"Letter Opener"},{"floor":7,"key":"Dream Catcher"},{"floor":10,"key":"Pantograph"}],"event_choices":[{"damage_healed":0,"gold_gain":0,"player_choice":"Box","damage_taken":0,"relics_obtained":["Slimebound:MaxSlimesRelic"],"max_hp_gain":0,"max_hp_loss":0,"event_name":"Big Fish","floor":4,"gold_loss":0,"cards_obtained":["Regret"]},{"damage_healed":0,"gold_gain":100,"player_choice":"Gold","damage_taken":0,"max_hp_gain":0,"max_hp_loss":0,"event_name":"Wheel of Change","floor":5,"gold_loss":0}],"is_beta":false,"boss_relics":[],"items_purged_floors":[],"is_endless":false,"potions_floor_spawned":[3,10,13,14],"killed_by":"downfall:Defect","ascension_level":0}}