{"host":"naykp6d9ulahlwib","time":1607993140,"event":{"mods":["BaseMod","Highlight Path","Minty Spire (QoL Compilation)","StSLib"],"gold_per_floor":[116,291,291,216,233,233,266,281,281,281,294,294,294,319,319,423,423,433,433,38,50,64,64,93,93,93,103,103,123,123,123,123,222,222,239,239,255,178,196,224,224,99,99,99,99,99,115,165,165,165],"floor_reached":51,"playtime":7332,"items_purged":["Strike_G","Strike_G+1","Strike_G+1"],"score":976,"play_id":"b2758dca-c2ea-4bc0-8807-bd5c61896828","local_time":"20201214184540","is_ascension_mode":true,"campfire_choices":[{"data":"Neutralize","floor":6.0,"key":"SMITH"},{"data":"Bouncing Flask","floor":13.0,"key":"SMITH"},{"floor":15.0,"key":"REST"},{"data":"Noxious Fumes","floor":23.0,"key":"SMITH"},{"data":"Malaise","floor":25.0,"key":"SMITH"},{"floor":28.0,"key":"REST"},{"data":"Night Terror","floor":32.0,"key":"SMITH"},{"data":"Catalyst","floor":41,"key":"SMITH"},{"floor":44,"key":"DIG"},{"floor":49,"key":"REST"}],"circlet_count":0,"master_deck":["Strike_G+1","Strike_G+1","Defend_G+1","Defend_G+1","Defend_G+1","Defend_G+1","Defend_G+1","Survivor","Neutralize+1","Noxious Fumes+1","Crippling Poison","Bouncing Flask+1","Well Laid Plans","Deadly Poison","Malaise+1","PiercingWail+1","Night Terror+1","Corpse Explosion","Adrenaline","Deadly Poison+1","Catalyst+1","Adrenaline","Leg Sweep+1"],"relics":["Ring of the Snake","NeowsBlessing","Shovel","Pocketwatch","Happy Flower","Nunchaku","WristBlade","FossilizedHelix","Frozen Egg 2","Mummified Hand","Philosopher\u0027s Stone","Art of War","Du-Vu Doll","The Specimen"],"acts_visited":["Exordium","TheCity","TheBeyond"],"potions_floor_usage":[40,46,50,50],"damage_taken":[{"damage":0.0,"enemies":"2 Louse","floor":1.0,"turns":1.0},{"damage":0.0,"enemies":"Small Slimes","floor":5.0,"turns":1.0},{"damage":0.0,"enemies":"Gremlin Nob","floor":7.0,"turns":1.0},{"damage":3.0,"enemies":"Jaw Worm","floor":8.0,"turns":4.0},{"damage":0.0,"enemies":"2 Fungi Beasts","floor":11.0,"turns":3.0},{"damage":20.0,"enemies":"3 Sentries","floor":14.0,"turns":8.0},{"damage":7.0,"enemies":"The Guardian","floor":16.0,"turns":8.0},{"damage":30.0,"enemies":"2 Thieves","floor":18.0,"turns":4.0},{"damage":0.0,"enemies":"3 Byrds","floor":21.0,"turns":5.0},{"damage":0.0,"enemies":"Centurion and Healer","floor":22.0,"turns":6.0},{"damage":4.0,"enemies":"Book of Stabbing","floor":24.0,"turns":7.0},{"damage":0.0,"enemies":"Snake Plant","floor":27.0,"turns":4.0},{"damage":0.0,"enemies":"Cultist and Chosen","floor":29.0,"turns":6.0},{"damage":20.0,"enemies":"Champ","floor":33.0,"turns":10.0},{"damage":0.0,"enemies":"3 Darklings","floor":35.0,"turns":4.0},{"damage":0.0,"enemies":"3 Shapes","floor":37.0,"turns":3.0},{"damage":2.0,"enemies":"Transient","floor":39.0,"turns":5.0},{"damage":22,"enemies":"Giant Head","floor":40,"turns":9},{"damage":0,"enemies":"Spire Growth","floor":47,"turns":3},{"damage":0,"enemies":"Mind Bloom Boss Battle","floor":48,"turns":4},{"damage":0,"enemies":"Time Eater","floor":50,"turns":3}],"seed_played":"-2466022635008264196","potions_obtained":[{"floor":1.0,"key":"GamblersBrew"},{"floor":14.0,"key":"Dexterity Potion"},{"floor":22.0,"key":"DuplicationPotion"},{"floor":24.0,"key":"Poison Potion"},{"floor":27.0,"key":"PowerPotion"},{"floor":39.0,"key":"Strength Potion"},{"floor":46,"key":"Fruit Juice"},{"floor":46,"key":"ColorlessPotion"},{"floor":46,"key":"Swift Potion"}],"is_trial":false,"path_per_floor":["M","?","?","$","M","R","E","M","T","T","M","?","R","E","R","B",null,"M","?","$","M","M","R","E","R","T","M","R","M","?","?","R","B",null,"M","?","M","$","M","E","R","$","T","R","T","?","M","?","R","B",null],"character_chosen":"THE_SILENT","items_purchased":["FossilizedHelix","Adrenaline"],"campfire_rested":3,"item_purchase_floors":[20,38],"current_hp_per_floor":[63,63,56,56,56,56,56,53,53,53,53,58,58,38,60,53,70,40,40,40,40,40,40,36,36,36,36,58,58,58,58,58,38,66,66,66,66,66,64,42,42,42,42,42,42,47,47,47,71,71],"gold":165,"neow_bonus":"THREE_ENEMY_KILL","is_daily":false,"chose_seed":false,"campfire_upgraded":6,"win_rate":0.0,"timestamp":1607993140,"path_taken":["M","?","?","$","M","R","E","M","T","?","M","?","R","E","R","BOSS","M","?","$","M","M","R","E","R","T","M","R","M","?","?","R","BOSS","M","?","M","$","M","E","R","$","T","R","?","?","?","?","R","BOSS"],"items_purchased_type":["Relic","Card"],"build_version":"2020-12-13","purchased_purges":3,"victory":true,"max_hp_per_floor":[70,70,70,70,70,70,70,70,70,70,70,75,75,75,75,75,75,75,75,75,75,75,75,75,75,75,75,75,75,75,75,75,75,75,75,75,75,75,75,75,75,75,75,75,75,80,80,80,80,80],"card_choices":[{"not_picked":["Cloak And Dagger","Dagger Spray"],"picked":"Noxious Fumes","floor":1.0},{"not_picked":["Flechettes","Bane","Dodge and Roll"],"picked":"SKIP","floor":5.0},{"not_picked":["Deflect","Acrobatics"],"picked":"Crippling Poison","floor":7.0},{"not_picked":["Underhanded Strike","Eviscerate"],"picked":"Bouncing Flask","floor":8.0},{"not_picked":["Deflect","Blade Dance"],"picked":"Well Laid Plans","floor":11.0},{"not_picked":["Skewer","Backflip"],"picked":"Deadly Poison","floor":14.0},{"not_picked":["Wraith Form v2","Storm of Steel"],"picked":"Malaise","floor":16.0},{"not_picked":["Dagger Throw","Outmaneuver","Reflex"],"picked":"SKIP","floor":18.0},{"not_picked":["Skewer","Choke"],"picked":"PiercingWail+1","floor":21.0},{"not_picked":["Dagger Spray+1","Deflect","Blade Dance"],"picked":"SKIP","floor":22.0},{"not_picked":["Heel Hook","PiercingWail+1","Cloak And Dagger"],"picked":"SKIP","floor":24.0},{"not_picked":["Accuracy+1","Flechettes","Eviscerate"],"picked":"SKIP","floor":27.0},{"not_picked":["Infinite Blades+1","PiercingWail","Terror"],"picked":"SKIP","floor":29.0},{"not_picked":["Tools of the Trade+1","Phantasmal Killer"],"picked":"Corpse Explosion","floor":33.0},{"not_picked":["Quick Slash+1","Deadly Poison","Acrobatics"],"picked":"SKIP","floor":35.0},{"not_picked":["Reflex+1","Skewer","Slice+1"],"picked":"SKIP","floor":37.0},{"not_picked":["Dodge and Roll+1","Quick Slash+1"],"picked":"Deadly Poison+1","floor":39.0},{"not_picked":["Well Laid Plans+1","Backflip+1"],"picked":"Catalyst","floor":40},{"not_picked":["Leg Sweep+1","Endless Agony"],"picked":"Adrenaline","floor":47},{"not_picked":["Outmaneuver+1","Dagger Throw+1"],"picked":"Leg Sweep+1","floor":48}],"player_experience":736189,"relics_obtained":[{"floor":7.0,"key":"Shovel"},{"floor":9.0,"key":"Pocketwatch"},{"floor":10.0,"key":"Happy Flower"},{"floor":14.0,"key":"Nunchaku"},{"floor":24.0,"key":"Frozen Egg 2"},{"floor":26.0,"key":"Mummified Hand"},{"floor":44,"key":"Art of War"},{"floor":45,"key":"Du-Vu Doll"},{"floor":48,"key":"The Specimen"}],"event_choices":[{"damage_healed":0.0,"max_hp_gain":0.0,"max_hp_loss":0.0,"gold_gain":175.0,"event_name":"Liars Game","player_choice":"AGREE","floor":2.0,"gold_loss":0.0,"damage_taken":0.0,"cards_obtained":["Doubt"]},{"cards_removed":["Doubt"],"damage_healed":0.0,"max_hp_gain":0.0,"max_hp_loss":0.0,"gold_gain":0.0,"event_name":"Golden Wing","player_choice":"Card Removal","floor":3.0,"gold_loss":0.0,"damage_taken":7.0},{"damage_healed":0.0,"max_hp_gain":5.0,"max_hp_loss":0.0,"gold_gain":0.0,"event_name":"Big Fish","player_choice":"Donut","floor":12.0,"gold_loss":0.0,"damage_taken":0.0},{"damage_healed":0.0,"max_hp_gain":0.0,"max_hp_loss":0.0,"gold_gain":0.0,"event_name":"Back to Basics","player_choice":"Simplicity","floor":19.0,"gold_loss":0.0,"damage_taken":0.0,"cards_upgraded":["Strike_G","Strike_G","Strike_G","Strike_G","Defend_G","Defend_G","Defend_G","Defend_G","Defend_G"]},{"damage_healed":0.0,"max_hp_gain":0.0,"max_hp_loss":0.0,"gold_gain":0.0,"event_name":"The Library","player_choice":"Read","floor":30.0,"gold_loss":0.0,"damage_taken":0.0,"cards_obtained":["Night Terror"]},{"damage_healed":0.0,"max_hp_gain":0.0,"max_hp_loss":0.0,"gold_gain":0.0,"event_name":"Cursed Tome","player_choice":"Ignored","floor":31.0,"gold_loss":0.0,"damage_taken":0.0},{"damage_healed":0.0,"max_hp_gain":0.0,"max_hp_loss":0.0,"gold_gain":0.0,"event_name":"Tomb of Lord Red Mask","player_choice":"Ignored","floor":36.0,"gold_loss":0.0,"damage_taken":0.0},{"damage_healed":0,"gold_gain":0,"player_choice":"Got Potions","damage_taken":0,"max_hp_gain":0,"max_hp_loss":0,"event_name":"Lab","floor":46,"gold_loss":0},{"damage_healed":0,"gold_gain":0,"player_choice":"Fight","damage_taken":0,"max_hp_gain":0,"max_hp_loss":0,"event_name":"MindBloom","floor":48,"gold_loss":0}],"is_beta":false,"boss_relics":[{"not_picked":["Runic Pyramid","Runic Dome"],"picked":"WristBlade"},{"not_picked":["Black Star","Coffee Dripper"],"picked":"Philosopher\u0027s Stone"}],"items_purged_floors":[4,20,42],"is_endless":false,"potions_floor_spawned":[1,14,22,24,27,35,39,47],"ascension_level":6}}