{"host":"litgxtbgyxrryuwc","time":1607997374,"event":{"mods":["BaseMod","Card Forge","Colored Map","Downfall","Googly Eyes","Minty Spire (QoL Compilation)","StSLib","SuperFastMode"],"gold_per_floor":[99,133,58,508,508,683,683,683,711,711,592,592,607,25,35,155,155,155,166,195,195,109,135,203,128,161,161,200,210,210,610,620,722,722,722,735,766,846,899,546,596,623,36,67,67,80,96,108,127,127],"floor_reached":51,"playtime":2168,"items_purged":[],"score":1095,"play_id":"e9275ccd-00b7-424e-b684-4ec9c8bacb35","local_time":"20201214205614","is_ascension_mode":false,"campfire_choices":[{"floor":1,"key":"RECALL"},{"data":"sneckomod:Unknown1Cost","floor":3,"key":"SMITH"},{"data":"sneckomod:UnknownClassGUARDIAN","floor":10,"key":"SMITH"},{"data":"sneckomod:UnknownRareSkill","floor":18,"key":"SMITH"},{"data":"1","floor":21,"key":"LIFT"},{"data":"2","floor":25,"key":"LIFT"},{"floor":27,"key":"REST"},{"data":"3","floor":35,"key":"LIFT"}],"circlet_count":0,"master_deck":["sneckomod:TailWhip+1","sneckomod:SnekBite+1","sneckomod:Unknown+1","sneckomod:Unknown+1","sneckomod:Unknown1Cost+1","sneckomod:MasterEye+1","sneckomod:UnknownClassGUARDIAN+1","sneckomod:UnknownUncommonPower+1","sneckomod:UnknownUncommonPower+1","sneckomod:ImprovisedAttack+1","sneckomod:UnknownRareAttack+1","sneckomod:UnknownUncommonSkill+1","sneckomod:UnknownRareSkill+1","sneckomod:UnknownUncommonAttack+1","sneckomod:UnknownRareSkill+1","sneckomod:UnknownClassTHE_CHAMP_GRAY+1","sneckomod:UnknownClassTHE_CHAMP_GRAY+1","sneckomod:CheapStock+1","sneckomod:UnknownRarePower+1","sneckomod:UnknownUncommonAttack+1","sneckomod:Unknown0Cost+1","sneckomod:Unknown3Cost+1","sneckomod:UnknownWeak+1","sneckomod:UnknownRareSkill+1","sneckomod:UnknownBlock+1","sneckomod:UnknownRarePower+1","sneckomod:UnknownCommonSkill+1","sneckomod:Unknown2Cost+1","sneckomod:UnknownExhaust+1","sneckomod:CheapStock","sneckomod:UnknownBlock+1","sneckomod:SlitherStrike+1","sneckomod:DiceBlock+1","sneckomod:SnekBeam+1","sneckomod:UnknownVulnerable+1"],"relics":["sneckomod:SneckoSoul","Hammer of Thor","Seething Fire","Anvil of the Gods","downfall:HeartsMalice","StoneCalendar","downfall:HeartBlessingRed","Ice Cream","Meat on the Bone","Vajra","Darkstone Periapt","Omamori","Runic Dome","Girya","Peace Pipe","downfall:HeartBlessingBlue","Toy Ornithopter","Turnip","Old Coin","Mercury Hourglass","Calling Bell","Potion Belt","Toxic Egg 2","Pocketwatch","Orichalcum","Question Card","Torii","Thread and Needle","Ancient Tea Set","Bronze Scales","TungstenRod","Chemical X","Nunchaku"],"acts_visited":["Exordium","TheCity","TheBeyond"],"potions_floor_usage":[50,50,50,50,50],"damage_taken":[{"damage":0,"enemies":"Lagavulin","floor":2,"turns":1},{"damage":0,"enemies":"Small Slimes","floor":5,"turns":1},{"damage":0,"enemies":"Gremlin Nob","floor":9,"turns":1},{"damage":9,"enemies":"downfall:FleeingMerchant","floor":11,"turns":4},{"damage":9,"enemies":"2 Louse","floor":13,"turns":2},{"damage":2,"enemies":"downfall:FleeingMerchant","floor":14,"turns":4},{"damage":16,"enemies":"Jaw Worm","floor":15,"turns":3},{"damage":28,"enemies":"downfall:Silent","floor":16,"turns":7},{"damage":16,"enemies":"Shell Parasite","floor":19,"turns":4},{"damage":37,"enemies":"Slavers","floor":20,"turns":2},{"damage":15,"enemies":"downfall:FleeingMerchant","floor":22,"turns":4},{"damage":25,"enemies":"Gremlin Leader","floor":23,"turns":6},{"damage":28,"enemies":"Book of Stabbing","floor":26,"turns":5},{"damage":0,"enemies":"downfall:FleeingMerchant","floor":28,"turns":1},{"damage":2,"enemies":"Spheric Guardian","floor":29,"turns":3},{"damage":39,"enemies":"Colosseum Nobs","floor":31,"turns":4},{"damage":6,"enemies":"3 Cultists","floor":32,"turns":3},{"damage":46,"enemies":"downfall:Defect","floor":33,"turns":5},{"damage":0,"enemies":"3 Darklings","floor":36,"turns":3},{"damage":25,"enemies":"Reptomancer","floor":37,"turns":4},{"damage":24,"enemies":"2 Orb Walkers","floor":39,"turns":5},{"damage":42,"enemies":"Nemesis","floor":42,"turns":5},{"damage":26,"enemies":"Reptomancer","floor":44,"turns":5},{"damage":14,"enemies":"3 Shapes","floor":46,"turns":4},{"damage":13,"enemies":"Jaw Worm Horde","floor":47,"turns":2},{"damage":14,"enemies":"Maw","floor":48,"turns":5},{"damage":0,"enemies":"Writhing Mass","floor":49,"turns":4},{"damage":14,"enemies":"downfall:Ironclad","floor":50,"turns":5}],"seed_played":"6444090210056522743","potions_obtained":[{"floor":15,"key":"Swift Potion"},{"floor":29,"key":"Swift Potion"},{"floor":32,"key":"PowerPotion"},{"floor":37,"key":"sneckomod:OffclassReductionPotion"},{"floor":47,"key":"Explosive Potion"},{"floor":48,"key":"sneckomod:MuddlingPotion"},{"floor":49,"key":"PowerPotion"}],"is_trial":false,"path_per_floor":["R","E","R","?","M","?","T","?","E","R","$","?","M","$","M","B",null,"R","M","E","R","$","E","T","R","E","R","$","M","?","?","M","B",null,"R","M","E","?","?","$","T","E","$","E","?","M","M","M","M","B",null],"character_chosen":"THE_SNECKO","items_purchased":["sneckomod:UnknownUncommonPower","sneckomod:ImprovisedAttack","sneckomod:UnknownRareSkill","Darkstone Periapt","Omamori","sneckomod:CheapStock","Turnip","Thread and Needle","sneckomod:CheapStock","TungstenRod","Chemical X","sneckomod:UnknownBlock+1","sneckomod:SlitherStrike"],"campfire_rested":1,"item_purchase_floors":[11,11,14,14,14,22,28,40,40,43,43,43,43],"current_hp_per_floor":[90,91,91,91,91,91,91,91,92,92,85,85,77,79,64,49,99,99,84,60,60,57,44,44,54,39,72,72,73,77,50,59,50,119,119,120,113,113,90,90,90,64,65,78,78,64,80,87,114,124],"gold":127,"neow_bonus":"THREE_ENEMY_KILL","is_daily":false,"chose_seed":false,"campfire_upgraded":3,"win_rate":0.0,"timestamp":1607997374,"path_taken":["R","E","R","?","M","?","T","?","E","R","$","?","?","?","M","BOSS","R","M","E","R","$","E","T","R","E","R","$","M","?","?","M","BOSS","R","M","E","?","?","$","T","E","$","E","?","M","M","M","M","BOSS"],"items_purchased_type":["Card","Card","Card","Relic","Relic","Card","Relic","Relic","Card","Relic","Relic","Card","Card"],"build_version":"2020-12-13","purchased_purges":0,"victory":true,"max_hp_per_floor":[90,91,91,91,91,91,91,91,92,92,94,94,95,97,98,99,99,99,100,101,101,101,101,101,111,112,112,112,113,117,117,118,119,119,119,120,121,121,122,122,122,122,123,123,123,123,124,124,124,124],"card_choices":[{"not_picked":["sneckomod:IronFang","sneckomod:TrashToTreasure"],"picked":"sneckomod:Unknown1Cost","floor":2},{"not_picked":["sneckomod:UnknownBlock","sneckomod:UnknownCommonSkill"],"picked":"sneckomod:MasterEye","floor":5},{"not_picked":["sneckomod:UnknownStrike","sneckomod:ImprovisedAttack"],"picked":"sneckomod:UnknownClassGUARDIAN","floor":9},{"not_picked":["sneckomod:UnknownWeak","sneckomod:UnknownX"],"picked":"sneckomod:UnknownUncommonPower","floor":11},{"not_picked":["sneckomod:Nope","sneckomod:UnknownUncommonSkill"],"picked":"sneckomod:UnknownRareAttack","floor":13},{"not_picked":["sneckomod:Mudshield","sneckomod:UnknownClassPURPLE"],"picked":"sneckomod:UnknownUncommonSkill","floor":14},{"not_picked":["sneckomod:DefensiveFlair","sneckomod:TrashToTreasure"],"picked":"sneckomod:UnknownUncommonAttack","floor":15},{"not_picked":["sneckomod:UnknownRareAttack","sneckomod:SoulExchange"],"picked":"sneckomod:UnknownRareSkill","floor":16},{"not_picked":["sneckomod:SoulDraw","sneckomod:UnknownClassBLUE"],"picked":"sneckomod:UnknownClassTHE_CHAMP_GRAY","floor":19},{"not_picked":["sneckomod:UnknownCommonSkill","sneckomod:DiceBoulder"],"picked":"sneckomod:UnknownClassTHE_CHAMP_GRAY+1","floor":20},{"not_picked":["sneckomod:UnknownStrike","sneckomod:DiceBlock","sneckomod:QuickBite"],"picked":"SKIP","floor":22},{"not_picked":["sneckomod:SoulRoll+1","sneckomod:QuickMove+1","sneckomod:QuickBite"],"picked":"SKIP","floor":23},{"not_picked":["sneckomod:SoulDraw","sneckomod:UnknownWeak"],"picked":"sneckomod:UnknownRarePower","floor":26},{"not_picked":["sneckomod:SoulCleanse","sneckomod:UnknownCommonAttack+1","sneckomod:UnknownWeak"],"picked":"SKIP","floor":28},{"not_picked":["sneckomod:DiceCrush+1","sneckomod:Unknown1Cost+1"],"picked":"sneckomod:UnknownUncommonAttack","floor":29},{"not_picked":["sneckomod:SerpentIdol","sneckomod:WideSting+1"],"picked":"sneckomod:UnknownBlock","floor":32},{"not_picked":["sneckomod:Mudshield","sneckomod:MorePower"],"picked":"sneckomod:UnknownRarePower","floor":33},{"not_picked":["sneckomod:QuickMove+1","sneckomod:SerpentMind"],"picked":"sneckomod:UnknownCommonSkill+1","floor":36},{"not_picked":["sneckomod:UnknownClassGUARDIAN+1","sneckomod:UnknownCommonAttack+1"],"picked":"sneckomod:Unknown2Cost+1","floor":37},{"not_picked":["sneckomod:UnknownUncommonPower","sneckomod:DiceBlock+1","sneckomod:QuickMove+1"],"picked":"sneckomod:UnknownExhaust+1","floor":39},{"not_picked":["sneckomod:QuickBite","sneckomod:DefensiveFlair+1","sneckomod:UnknownExhaust+1","sneckomod:SoulDraw+1"],"picked":"SKIP","floor":42},{"not_picked":["sneckomod:UnknownClassGUARDIAN+1","sneckomod:UnknownStrike","sneckomod:UnknownBlock+1"],"picked":"sneckomod:DiceBlock+1","floor":44},{"not_picked":["sneckomod:QuickBite","sneckomod:DiceCrush","sneckomod:QuickMove+1"],"picked":"sneckomod:SnekBeam","floor":46},{"not_picked":["sneckomod:UnknownStrike+1","sneckomod:DefensiveFlair+1","sneckomod:IronFang+1"],"picked":"sneckomod:UnknownVulnerable+1","floor":47},{"not_picked":["sneckomod:CheapStock+1","sneckomod:QuickBite+1","sneckomod:DangerNoodle","sneckomod:UnknownCommonAttack+1"],"picked":"SKIP","floor":48},{"not_picked":["sneckomod:UnknownVulnerable+1","sneckomod:SnekBeam+1","sneckomod:QuickMove+1","sneckomod:SoulRoll+1"],"picked":"SKIP","floor":49}],"player_experience":617819,"relics_obtained":[{"floor":2,"key":"StoneCalendar"},{"floor":7,"key":"Ice Cream"},{"floor":9,"key":"Vajra"},{"floor":20,"key":"Girya"},{"floor":23,"key":"Peace Pipe"},{"floor":26,"key":"Toy Ornithopter"},{"floor":31,"key":"Old Coin"},{"floor":31,"key":"Mercury Hourglass"},{"floor":34,"key":"Potion Belt"},{"floor":34,"key":"Toxic Egg 2"},{"floor":34,"key":"Pocketwatch"},{"floor":37,"key":"Orichalcum"},{"floor":38,"key":"Question Card"},{"floor":39,"key":"Torii"},{"floor":41,"key":"Ancient Tea Set"},{"floor":42,"key":"Bronze Scales"},{"floor":44,"key":"Nunchaku"}],"event_choices":[{"damage_healed":0,"gold_gain":0,"player_choice":"Box","damage_taken":0,"relics_obtained":["Meat on the Bone"],"max_hp_gain":0,"max_hp_loss":0,"event_name":"Big Fish","floor":8,"gold_loss":0,"cards_obtained":["Regret"]},{"damage_healed":0,"gold_gain":0,"player_choice":"Fight","damage_taken":0,"max_hp_gain":0,"max_hp_loss":0,"event_name":"Mysterious Sphere","floor":39,"gold_loss":0},{"damage_healed":0,"gold_gain":0,"player_choice":"Upgraded","damage_taken":0,"max_hp_gain":0,"max_hp_loss":0,"event_name":"Upgrade Shrine","floor":45,"gold_loss":0,"cards_upgraded":["sneckomod:UnknownRarePower"]}],"is_beta":false,"boss_relics":[{"not_picked":["Ectoplasm","Pandora\u0027s Box"],"picked":"Runic Dome"},{"not_picked":["Runic Pyramid","SacredBark"],"picked":"Calling Bell"}],"items_purged_floors":[],"is_endless":false,"potions_floor_spawned":[15,26,29,32,37,42,47,48,49],"ascension_level":0}}