{"host":"0rxdudjy6rylha1k","time":1607993551,"event":{"mods":["Aspiration","BaseMod","Colored Map","Colored Powertips","Downfall","Highlight Path","Hubris","Minty Spire (QoL Compilation)","StSLib"],"gold_per_floor":[99,127,127,52,52,65,92,104,131,143,155,185,197,223,253,265,265],"floor_reached":16,"playtime":757,"items_purged":[],"score":125,"play_id":"90b514ae-e3c4-4d6b-a8ce-edd9b7515a98","local_time":"20201214175231","is_ascension_mode":false,"campfire_choices":[{"floor":1,"key":"RECALL"},{"data":"champ:Taunt","floor":4,"key":"SMITH"},{"data":"champ:IronFortress","floor":8,"key":"SMITH"},{"data":"champ:CrookedStrike","floor":10,"key":"SMITH"}],"circlet_count":0,"master_deck":["champ:Strike","champ:Strike","champ:Strike","champ:Strike","champ:Defend","champ:Defend","champ:Defend","champ:Defend","champ:Execute","champ:Taunt+1","champ:PerfectedStrike","champ:CrookedStrike+1","champ:Haymaker","champ:IronFortress+1","champ:FlashCut","champ:StanceDance","champ:IronFortress","champ:BerserkerStyle"],"relics":["champ:ChampionCrown","downfall:HeartsMalice","hubris:SphereOfDissonance","downfall:HeartBlessingRed","MawBank","White Beast Statue"],"acts_visited":["Exordium"],"potions_floor_usage":[9,16],"damage_taken":[{"damage":0,"enemies":"Gremlin Nob","floor":2,"turns":1},{"damage":0,"enemies":"Cultist","floor":3,"turns":1},{"damage":0,"enemies":"2 Louse","floor":5,"turns":1},{"damage":5,"enemies":"Small Slimes","floor":6,"turns":2},{"damage":5,"enemies":"3 Louse","floor":9,"turns":2},{"damage":20,"enemies":"Exordium Thugs","floor":12,"turns":4},{"damage":0,"enemies":"Large Slime","floor":14,"turns":3},{"damage":0,"enemies":"Exordium Wildlife","floor":15,"turns":2},{"damage":42,"enemies":"downfall:Defect","floor":16,"turns":4}],"seed_played":"-6888474432078927036","potions_obtained":[{"floor":2,"key":"AttackPotion"},{"floor":14,"key":"champ:CounterPotion"},{"floor":15,"key":"sneckomod:MuddlingPotion"}],"is_trial":false,"path_per_floor":["R","E","M","R","M","M","T","R","M","R","?","M","T","M","M","B"],"character_chosen":"THE_CHAMP","items_purchased":[],"campfire_rested":0,"item_purchase_floors":[],"current_hp_per_floor":[90,90,90,90,90,85,85,85,85,85,50,35,35,35,35,0,0],"gold":265,"neow_bonus":"THREE_ENEMY_KILL","is_daily":false,"chose_seed":false,"campfire_upgraded":3,"win_rate":0.0,"timestamp":1607993551,"path_taken":["R","E","M","R","M","M","T","R","M","R","?","?","?","M","M","BOSS"],"items_purchased_type":[],"build_version":"2020-12-13","purchased_purges":0,"victory":false,"max_hp_per_floor":[90,90,90,90,90,90,90,90,90,90,90,90,90,90,90,90,90],"card_choices":[{"not_picked":["champ:FalseCounter","champ:DefensiveShout"],"picked":"champ:PerfectedStrike","floor":2},{"not_picked":["champ:BerserkersShout","champ:SkillfulDodge"],"picked":"champ:CrookedStrike","floor":3},{"not_picked":["champ:CrookedStrike","champ:Backstep"],"picked":"champ:Haymaker","floor":5},{"not_picked":["champ:PerfectedStrike","champ:CrookedStrike"],"picked":"champ:IronFortress","floor":6},{"not_picked":["champ:BerserkersShout","champ:DefensiveShout"],"picked":"champ:FlashCut","floor":9},{"not_picked":["champ:FanOfKnives","champ:SwordThrow"],"picked":"champ:StanceDance","floor":12},{"not_picked":["champ:CrookedStrike","champ:Haymaker"],"picked":"champ:IronFortress","floor":14},{"not_picked":["champ:StanceDance","champ:ViciousMockery"],"picked":"champ:BerserkerStyle","floor":15}],"player_experience":2226094,"relics_obtained":[{"floor":2,"key":"hubris:SphereOfDissonance"},{"floor":7,"key":"MawBank"},{"floor":13,"key":"White Beast Statue"}],"event_choices":[],"is_beta":false,"boss_relics":[],"items_purged_floors":[],"is_endless":false,"potions_floor_spawned":[2,14,15],"killed_by":"downfall:Defect","ascension_level":0}}