{"host":"bux1pdxjwq4dkad9","time":1607999983,"event":{"mods":["BaseMod","Colored Map","Minty Spire (QoL Compilation)","Quick Restart","Robot Space Explorer","Shop Mod","Spicy Shops","StSLib","SuperFastMode","The Alterego","Thieving Mod","Uncapped","【人物mod】游戏王New YuGiOh mod","【遗物Mod】简单游戏"],"gold_per_floor":[133,208,208,208,383,427,427,472,472,507,550,550,577,612,612,728,728,763,806,841,841,841,885,915,956,956,981,1028,652,697,731,731,848,848,876,381,656,252,285,326,326,668,714,760,787,249,249,298,298,313,313,313,14,61,76],"floor_reached":56,"playtime":1630,"items_purged":["RobotSpaceExplorer:Strike","RobotSpaceExplorer:SurgingStrike"],"score":2427,"play_id":"8b06a34a-75bf-4b19-89cb-66c5f7e82f8c","local_time":"20201215103943","is_ascension_mode":true,"campfire_choices":[{"data":"1","floor":7,"key":"LIFT"},{"data":"2","floor":12,"key":"LIFT"},{"data":"3","floor":15,"key":"LIFT"},{"data":"RobotSpaceExplorer:LaserBurst","floor":32,"key":"SMITH"},{"data":"RobotSpaceExplorer:MiniBoosters","floor":41,"key":"SMITH"},{"floor":49,"key":"RECALL"},{"data":"RobotSpaceExplorer:FranticSearch","floor":52,"key":"SMITH"}],"circlet_count":0,"master_deck":["RobotSpaceExplorer:Defend","RobotSpaceExplorer:Defend","RobotSpaceExplorer:Defend","RobotSpaceExplorer:Defend","RobotSpaceExplorer:Scan+1","RobotSpaceExplorer:MiniLasers","RobotSpaceExplorer:ExhaustFan","RobotSpaceExplorer:IronShell","RobotSpaceExplorer:GlueShot","RobotSpaceExplorer:FranticSearch+1","RobotSpaceExplorer:ImprovisedAttack","RobotSpaceExplorer:LaserBurst+1","RobotSpaceExplorer:MiniBoosters+1","RobotSpaceExplorer:SwiftStep+1","RobotSpaceExplorer:DualCore","RobotSpaceExplorer:LuckyStrike","RobotSpaceExplorer:GlueShot+1","RobotSpaceExplorer:GearShield+1","RobotSpaceExplorer:SelfCleaning+1","RobotSpaceExplorer:MiniBoosters+1","RobotSpaceExplorer:Explosion","RobotSpaceExplorer:ScrapMissile","RobotSpaceExplorer:StarDust+1","RobotSpaceExplorer:ExhaustFan+1","RobotSpaceExplorer:Electroshield+1","RobotSpaceExplorer:Smokescreen+1","RobotSpaceExplorer:StunGrenade","RobotSpaceExplorer:FranticSearch+1","Panache+1","Madness+1","Madness+1","RobotSpaceExplorer:FreezeRay+1","RobotSpaceExplorer:ChargingLaser"],"relics":["RobotSpaceExplorer:RoboCore","EasyRelic","Girya","Bottled Tornado","PreservedInsect","White Beast Statue","Kunai","SlaversCollar","Red Mask","Centennial Puzzle","Boot","Incense Burner","Frozen Egg 2","TheAbacus","Omamori","CaptainsWheel","Black Star","Toxic Egg 2","Mummified Hand","Sundial","Unceasing Top","Bag of Marbles","Eternal Feather","Old Coin","RobotSpaceExplorer:BottledGravity","TungstenRod","RobotSpaceExplorer:PlasmaHourglass","Medical Kit","Blood Vial","Cauldron","Shuriken","Bird Faced Urn","Pantograph","Membership Card","RobotSpaceExplorer:SlideRule","War Paint","Gremlin Horn","Lizard Tail"],"acts_visited":["Exordium","TheCity","TheBeyond","TheEnding"],"potions_floor_usage":[46,46,55,55,55,55,55],"damage_taken":[{"damage":0,"enemies":"Jaw Worm","floor":1,"turns":2},{"damage":0,"enemies":"Gremlin Nob","floor":6,"turns":4},{"damage":0,"enemies":"3 Sentries","floor":8,"turns":4},{"damage":0,"enemies":"Small Slimes","floor":10,"turns":2},{"damage":0,"enemies":"Lagavulin","floor":11,"turns":4},{"damage":0,"enemies":"2 Louse","floor":13,"turns":1},{"damage":0,"enemies":"Blue Slaver","floor":14,"turns":2},{"damage":0,"enemies":"The Guardian","floor":16,"turns":7},{"damage":0,"enemies":"3 Byrds","floor":18,"turns":5},{"damage":0,"enemies":"Masked Bandits","floor":19,"turns":4},{"damage":0,"enemies":"Shell Parasite","floor":20,"turns":3},{"damage":0,"enemies":"Gremlin Leader","floor":23,"turns":5},{"damage":0,"enemies":"Cultist and Chosen","floor":24,"turns":4},{"damage":0,"enemies":"Slavers","floor":25,"turns":3},{"damage":0,"enemies":"Chosen and Byrds","floor":27,"turns":3},{"damage":0,"enemies":"Gremlin Leader","floor":28,"turns":5},{"damage":0,"enemies":"Book of Stabbing","floor":30,"turns":3},{"damage":0,"enemies":"Centurion and Healer","floor":31,"turns":4},{"damage":0,"enemies":"Collector","floor":33,"turns":6},{"damage":0,"enemies":"3 Darklings","floor":35,"turns":4},{"damage":0,"enemies":"3 Shapes","floor":39,"turns":3},{"damage":0,"enemies":"Reptomancer","floor":40,"turns":2},{"damage":0,"enemies":"Nemesis","floor":42,"turns":2},{"damage":0,"enemies":"Reptomancer","floor":44,"turns":2},{"damage":0,"enemies":"Jaw Worm Horde","floor":45,"turns":2},{"damage":0,"enemies":"Nemesis","floor":48,"turns":1},{"damage":0,"enemies":"Awakened One","floor":50,"turns":4},{"damage":0,"enemies":"Shield and Spear","floor":54,"turns":2},{"damage":0,"enemies":"The Heart","floor":55,"turns":4}],"seed_played":"7844776391623704225","potions_obtained":[{"floor":1,"key":"EssenceOfSteel"},{"floor":10,"key":"DuplicationPotion"},{"floor":11,"key":"Ancient Potion"},{"floor":18,"key":"EntropicBrew"},{"floor":45,"key":"ThievingMod:ThievingPotion"},{"floor":46,"key":"Fruit Juice"},{"floor":46,"key":"RobotSpaceExplorer:PlasmaFlask"}],"is_trial":false,"path_per_floor":["M","?","?","?","?","E","R","E","T","M","E","R","M","M","R","B",null,"M","?","M","?","?","E","M","E","T","M","E","$","E","M","R","B",null,"M","$","?","$","M","E","R","E","T","E","M","$","?","E","R","B",null,"R","$","E","B",null],"character_chosen":"RobotSpaceExplorer","items_purchased":["TheAbacus","Omamori","Toxic Egg 2","Mummified Hand","Sundial","Unceasing Top","Panache+1","Shuriken","Membership Card","RobotSpaceExplorer:SlideRule","War Paint"],"campfire_rested":0,"item_purchase_floors":[29,29,36,36,38,38,46,46,53,53,53],"current_hp_per_floor":[68,57,57,57,57,61,61,65,65,68,68,68,68,68,68,68,68,68,68,68,68,68,68,68,68,68,68,68,68,68,68,68,68,68,68,68,68,68,68,68,68,68,68,68,68,73,65,71,73,73,73,73,73,73,73],"gold":76,"neow_bonus":"ONE_RARE_RELIC","is_daily":false,"chose_seed":false,"campfire_upgraded":3,"win_rate":0.0,"timestamp":1607999983,"path_taken":["M","?","?","?","?","E","R","E","T","M","E","R","M","M","R","BOSS","M","?","M","?","?","E","?","E","T","M","E","$","E","M","R","BOSS","M","$","?","?","?","E","R","E","T","E","M","$","?","E","R","BOSS","R","$","E","BOSS"],"items_purchased_type":["Relic","Relic","Relic","Relic","Relic","Relic","Card","Relic","Relic","Relic","Relic"],"build_version":"2020-12-13","purchased_purges":2,"victory":true,"max_hp_per_floor":[68,68,68,68,68,68,68,68,68,68,68,68,68,68,68,68,68,68,68,68,68,68,68,68,68,68,68,68,68,68,68,68,68,68,68,68,68,68,68,68,68,68,68,68,68,73,73,73,73,73,73,73,73,73,73],"card_choices":[{"not_picked":["RobotSpaceExplorer:ShockKick","RobotSpaceExplorer:MiniDrones"],"picked":"RobotSpaceExplorer:ExhaustFan","floor":1},{"not_picked":["RobotSpaceExplorer:ScrapToss","RobotSpaceExplorer:SurgingShield"],"picked":"RobotSpaceExplorer:LaserBurst","floor":6},{"not_picked":["RobotSpaceExplorer:GlueShot","RobotSpaceExplorer:Electropulse","RobotSpaceExplorer:FrostMissile"],"picked":"SKIP","floor":8},{"not_picked":["RobotSpaceExplorer:GlueShot","RobotSpaceExplorer:Electropulse","RobotSpaceExplorer:FrostMissile"],"picked":"SKIP","floor":8},{"not_picked":["RobotSpaceExplorer:GearShield","RobotSpaceExplorer:Probe","RobotSpaceExplorer:GlueShot"],"picked":"SKIP","floor":10},{"not_picked":["RobotSpaceExplorer:Counterblock","RobotSpaceExplorer:FranticSearch"],"picked":"RobotSpaceExplorer:MiniBoosters","floor":11},{"not_picked":["RobotSpaceExplorer:FreezingShield","RobotSpaceExplorer:Blitz","RobotSpaceExplorer:Calculate"],"picked":"SKIP","floor":13},{"not_picked":["RobotSpaceExplorer:Probe","RobotSpaceExplorer:GlueSpray","RobotSpaceExplorer:FranticSearch"],"picked":"SKIP","floor":14},{"not_picked":["RobotSpaceExplorer:Autoloader","RobotSpaceExplorer:Multitool"],"picked":"RobotSpaceExplorer:Wormhole","floor":16},{"not_picked":["RobotSpaceExplorer:SlimeMissile+1","RobotSpaceExplorer:Electropulse"],"picked":"RobotSpaceExplorer:SwiftStep+1","floor":18},{"not_picked":["RobotSpaceExplorer:SlimeMissile","RobotSpaceExplorer:FranticSearch"],"picked":"RobotSpaceExplorer:DualCore","floor":20},{"not_picked":["RobotSpaceExplorer:FrostMissile","RobotSpaceExplorer:GlueShot+1","RobotSpaceExplorer:SwiftStep"],"picked":"SKIP","floor":23},{"not_picked":["RobotSpaceExplorer:FrostMissile","RobotSpaceExplorer:SwiftStep"],"picked":"RobotSpaceExplorer:GlueShot+1","floor":23},{"not_picked":["RobotSpaceExplorer:ImprovisedAttack","RobotSpaceExplorer:StarLightning+1"],"picked":"RobotSpaceExplorer:GearShield+1","floor":24},{"not_picked":["RobotSpaceExplorer:Probe","RobotSpaceExplorer:FreezingShield"],"picked":"RobotSpaceExplorer:SelfCleaning","floor":25},{"not_picked":["RobotSpaceExplorer:GlueShot","RobotSpaceExplorer:Arsenal"],"picked":"RobotSpaceExplorer:MiniBoosters+1","floor":27},{"not_picked":["RobotSpaceExplorer:Blitz","RobotSpaceExplorer:IronShell","RobotSpaceExplorer:SlimeMissile+1"],"picked":"SKIP","floor":28},{"not_picked":["RobotSpaceExplorer:PowerGlove+1","RobotSpaceExplorer:ShovelStrike"],"picked":"RobotSpaceExplorer:Explosion","floor":30},{"not_picked":["RobotSpaceExplorer:GlueShot","RobotSpaceExplorer:MetalStrike","RobotSpaceExplorer:ScrapMissile"],"picked":"SKIP","floor":31},{"not_picked":["RobotSpaceExplorer:SwiftStep","RobotSpaceExplorer:ShockKick"],"picked":"RobotSpaceExplorer:ScrapMissile","floor":35},{"not_picked":["RobotSpaceExplorer:IronShell+1","RobotSpaceExplorer:FranticSearch+1"],"picked":"RobotSpaceExplorer:StarDust+1","floor":39},{"not_picked":["RobotSpaceExplorer:ChargingLaser","RobotSpaceExplorer:Blitz+1"],"picked":"RobotSpaceExplorer:ExhaustFan+1","floor":40},{"not_picked":["RobotSpaceExplorer:FreezingShield+1","RobotSpaceExplorer:ImprovisedAttack"],"picked":"RobotSpaceExplorer:Electroshield+1","floor":42},{"not_picked":["RobotSpaceExplorer:Counterblock+1","RobotSpaceExplorer:Electropulse+1"],"picked":"RobotSpaceExplorer:Smokescreen+1","floor":44},{"not_picked":["RobotSpaceExplorer:LaserBurst","RobotSpaceExplorer:SlimeMissile+1"],"picked":"RobotSpaceExplorer:StunGrenade","floor":45},{"not_picked":["RobotSpaceExplorer:Blaster","RobotSpaceExplorer:Electroshield+1"],"picked":"RobotSpaceExplorer:FreezeRay+1","floor":48},{"not_picked":["RobotSpaceExplorer:TurboDodge+1","RobotSpaceExplorer:LuckyStrike"],"picked":"RobotSpaceExplorer:ChargingLaser","floor":54}],"player_experience":2373400,"relics_obtained":[{"floor":6,"key":"Bottled Tornado"},{"floor":8,"key":"PreservedInsect"},{"floor":9,"key":"White Beast Statue"},{"floor":11,"key":"Kunai"},{"floor":19,"key":"Red Mask"},{"floor":23,"key":"Centennial Puzzle"},{"floor":25,"key":"Boot"},{"floor":26,"key":"Incense Burner"},{"floor":28,"key":"Frozen Egg 2"},{"floor":30,"key":"CaptainsWheel"},{"floor":40,"key":"Bag of Marbles"},{"floor":40,"key":"Eternal Feather"},{"floor":42,"key":"Old Coin"},{"floor":42,"key":"RobotSpaceExplorer:BottledGravity"},{"floor":44,"key":"TungstenRod"},{"floor":44,"key":"RobotSpaceExplorer:PlasmaHourglass"},{"floor":48,"key":"Bird Faced Urn"},{"floor":48,"key":"Pantograph"},{"floor":54,"key":"Gremlin Horn"},{"floor":54,"key":"Lizard Tail"}],"event_choices":[{"damage_healed":0,"gold_gain":75,"player_choice":"Gather Gold","damage_taken":11,"max_hp_gain":0,"max_hp_loss":0,"event_name":"World of Goop","floor":2,"gold_loss":0},{"damage_healed":0,"gold_gain":0,"cards_transformed":["RobotSpaceExplorer:Strike"],"player_choice":"Change","damage_taken":0,"max_hp_gain":0,"max_hp_loss":0,"event_name":"Living Wall","floor":3,"gold_loss":0,"cards_obtained":["RobotSpaceExplorer:Wormhole"]},{"damage_healed":0,"gold_gain":175,"player_choice":"AGREE","damage_taken":0,"max_hp_gain":0,"max_hp_loss":0,"event_name":"Liars Game","floor":5,"gold_loss":0,"cards_obtained":["Doubt"]},{"damage_healed":0,"gold_gain":0,"player_choice":"Fought Bandits","damage_taken":0,"max_hp_gain":0,"max_hp_loss":0,"event_name":"Masked Bandits","floor":19,"gold_loss":0},{"damage_healed":0,"gold_gain":0,"player_choice":"Read","damage_taken":0,"max_hp_gain":0,"max_hp_loss":0,"event_name":"The Library","floor":21,"gold_loss":0,"cards_obtained":["RobotSpaceExplorer:LuckyStrike"]},{"cards_removed":["RobotSpaceExplorer:Strike"],"damage_healed":0,"gold_gain":0,"player_choice":"Purged","damage_taken":0,"max_hp_gain":0,"max_hp_loss":0,"event_name":"Purifier","floor":22,"gold_loss":0},{"damage_healed":0,"gold_gain":275,"player_choice":"Desecrate","damage_taken":0,"max_hp_gain":0,"max_hp_loss":0,"event_name":"Golden Shrine","floor":37,"gold_loss":0,"cards_obtained":["Regret"]},{"damage_healed":0,"gold_gain":0,"player_choice":"Embrace Madness","damage_taken":9,"max_hp_gain":0,"max_hp_loss":0,"event_name":"Winding Halls","floor":47,"gold_loss":0,"cards_obtained":["Madness","Madness"]}],"is_beta":false,"boss_relics":[{"not_picked":["Empty Cage","RobotSpaceExplorer:TurboCore"],"picked":"SlaversCollar"},{"not_picked":["Sozu","Cursed Key"],"picked":"Black Star"}],"items_purged_floors":[29,46],"is_endless":false,"potions_floor_spawned":[1,10,11,13,14,16,18,19,20,23,24,25,27,28,30,31,33,35,39,40,42,44,45,48,54],"ascension_level":6}}