{"host":"Kdaddybrian","time":1607998151,"event":{"mods":["AchievementEnabler","BaseMod","Colored Powertips","Minty Spire (QoL Compilation)","Rare Cards Sparkle","Relic Stats","StSLib"],"gold_per_floor":[367,133,133,3,3,3,15,35,113,113,146,156,156,2,2,97,97,108,108,125,136,38,38,50,149,176,91,91,116,116,116,116],"floor_reached":31,"playtime":1084,"items_purged":[],"score":377,"play_id":"78efa534-0cd4-4857-b548-1ec51501afb9","local_time":"20201214210911","is_ascension_mode":true,"campfire_choices":[{"data":"Noxious Fumes","floor":6,"key":"SMITH"},{"data":"Malaise","floor":10,"key":"SMITH"},{"floor":13,"key":"REST"},{"data":"Crippling Poison","floor":15,"key":"SMITH"},{"floor":23,"key":"REST"},{"data":"Night Terror","floor":28,"key":"SMITH"}],"circlet_count":0,"master_deck":["AscendersBane","Survivor","Neutralize","Crippling Poison+1","Footwork","Malaise+1","Noxious Fumes+1","PiercingWail","Blade Dance","Blade Dance","Bouncing Flask","Cloak And Dagger","Wraith Form v2","Wraith Form v2","Die Die Die","Underhanded Strike","Night Terror+1","Flying Knee","Blur","Footwork","Bouncing Flask","Deflect","PiercingWail","Finesse","Leg Sweep"],"relics":["Ring of the Snake","Bottled Lightning","Darkstone Periapt","TwistedFunnel","Pandora\u0027s Box","Strawberry","Ginger","GremlinMask"],"acts_visited":["Exordium","TheCity"],"potions_floor_usage":[20,29,31],"damage_taken":[{"damage":0,"enemies":"Small Slimes","floor":1,"turns":3},{"damage":4,"enemies":"Cultist","floor":7,"turns":4},{"damage":0,"enemies":"Jaw Worm","floor":8,"turns":4},{"damage":12,"enemies":"Gremlin Nob","floor":11,"turns":4},{"damage":0,"enemies":"Large Slime","floor":12,"turns":6},{"damage":24,"enemies":"The Guardian","floor":16,"turns":10},{"damage":14,"enemies":"Spheric Guardian","floor":18,"turns":4},{"damage":9,"enemies":"2 Thieves","floor":20,"turns":4},{"damage":30,"enemies":"Shelled Parasite and Fungi","floor":21,"turns":5},{"damage":2,"enemies":"Snecko","floor":24,"turns":5},{"damage":41,"enemies":"Gremlin Leader","floor":29,"turns":9},{"damage":14,"enemies":"Book of Stabbing","floor":31,"turns":7}],"seed_played":"-7868152182113842267","potions_obtained":[{"floor":11,"key":"GamblersBrew"},{"floor":12,"key":"DuplicationPotion"},{"floor":16,"key":"Fire Potion"},{"floor":20,"key":"SpeedPotion"}],"is_trial":false,"path_per_floor":["M","$","?","$","?","R","M","M","T","R","E","M","R","$","R","B",null,"M","?","M","M","$","R","M","?","T","?","R","E","?","E"],"character_chosen":"THE_SILENT","items_purchased":["Footwork","Malaise","Noxious Fumes","PiercingWail","TwistedFunnel","Finesse"],"campfire_rested":2,"item_purchase_floors":[2,2,4,4,14,22],"current_hp_per_floor":[45,45,45,45,45,45,41,41,41,41,29,29,50,50,50,26,59,45,68,59,29,29,50,48,48,48,55,55,14,14,0,0],"gold":116,"neow_bonus":"TWO_FIFTY_GOLD","is_daily":false,"chose_seed":false,"campfire_upgraded":4,"win_rate":0.0,"timestamp":1607998151,"path_taken":["M","$","?","?","?","R","M","M","T","R","E","M","R","$","R","BOSS","M","?","M","M","$","R","M","?","T","?","R","E","?","E"],"items_purchased_type":["Card","Card","Card","Card","Relic","Card"],"build_version":"2020-12-07","purchased_purges":0,"victory":false,"max_hp_per_floor":[70,70,70,70,70,70,70,70,70,70,70,70,70,70,70,70,70,70,70,70,70,70,70,70,70,70,77,77,77,77,77,77],"relic_stats":{"Darkstone Periapt":0,"counters":[12,65],"Pandora\u0027s Box":["Wraith Form v2","Die Die Die","Underhanded Strike","Night Terror","Flying Knee","Blur","Footwork","Bouncing Flask"],"Ginger":[1],"obtain_stats":[{"Darkstone Periapt":11,"TwistedFunnel":14,"Strawberry":27,"Pandora\u0027s Box":17,"GremlinMask":30,"Bottled Lightning":9,"Ginger":29,"Ring of the Snake":0},{"Darkstone Periapt":4,"TwistedFunnel":5,"Strawberry":10,"Pandora\u0027s Box":6,"GremlinMask":11,"Bottled Lightning":3,"Ginger":11,"Ring of the Snake":0},{"Darkstone Periapt":15,"TwistedFunnel":21,"Strawberry":49,"Pandora\u0027s Box":31,"GremlinMask":58,"Bottled Lightning":11,"Ginger":58,"Ring of the Snake":0}],"Ring of the Snake":[24]},"card_choices":[{"not_picked":["Underhanded Strike","Dagger Spray"],"picked":"Crippling Poison","floor":1},{"not_picked":["Acrobatics","Flechettes"],"picked":"Blade Dance","floor":7},{"not_picked":["Prepared","Outmaneuver"],"picked":"Blade Dance","floor":8},{"not_picked":["Riddle With Holes","Underhanded Strike"],"picked":"Bouncing Flask","floor":11},{"not_picked":["Prepared","Backstab"],"picked":"Cloak And Dagger","floor":12},{"not_picked":["Tools of the Trade","Bullet Time"],"picked":"Wraith Form v2","floor":16},{"not_picked":["Dagger Throw","Distraction+1","Acrobatics"],"picked":"SKIP","floor":18},{"not_picked":["Backflip","Dodge and Roll"],"picked":"Deflect","floor":20},{"not_picked":["Die Die Die","Deflect+1"],"picked":"PiercingWail","floor":21},{"not_picked":["Eviscerate","Terror"],"picked":"Leg Sweep","floor":24},{"not_picked":["Bane+1","Skewer","Slice"],"picked":"SKIP","floor":29}],"player_experience":2852381,"relics_obtained":[{"floor":9,"key":"Bottled Lightning"},{"floor":11,"key":"Darkstone Periapt"},{"floor":29,"key":"Ginger"}],"event_choices":[{"cards_removed":["Strike_G"],"damage_healed":0,"gold_gain":0,"player_choice":"Card Removal","damage_taken":0,"max_hp_gain":0,"max_hp_loss":0,"event_name":"Wheel of Change","floor":3,"gold_loss":0},{"cards_removed":["Defend_G"],"damage_healed":0,"gold_gain":0,"player_choice":"Offered Basic","damage_taken":0,"max_hp_gain":0,"max_hp_loss":0,"event_name":"Bonfire Elementals","floor":5,"gold_loss":0},{"damage_healed":23,"gold_gain":0,"player_choice":"Heal","damage_taken":0,"max_hp_gain":0,"max_hp_loss":0,"event_name":"The Library","floor":19,"gold_loss":0},{"damage_healed":0,"gold_gain":99,"player_choice":"Stole From Cult","damage_taken":0,"max_hp_gain":0,"max_hp_loss":0,"event_name":"Nest","floor":25,"gold_loss":0},{"damage_healed":0,"gold_gain":0,"player_choice":"Obtained Relic","damage_taken":0,"relics_obtained":["Strawberry"],"max_hp_gain":0,"max_hp_loss":0,"event_name":"Addict","floor":27,"gold_loss":85},{"damage_healed":0,"gold_gain":0,"player_choice":"Trade","damage_taken":0,"relics_obtained":["GremlinMask"],"max_hp_gain":0,"max_hp_loss":0,"event_name":"FaceTrader","floor":30,"gold_loss":0}],"is_beta":true,"boss_relics":[{"not_picked":["WristBlade","Ectoplasm"],"picked":"Pandora\u0027s Box"}],"items_purged_floors":[],"is_endless":false,"potions_floor_spawned":[11,12,16,20,24],"killed_by":"Book of Stabbing","ascension_level":10}}