{"host":"y6zg4wwu39otf01a","time":1607996671,"event":{"mods":["Act Like it!","Aspiration","BaseMod","Better Altar","Better Match","Better Note","Better Sensory Stone","Better Skull","Better Third Choice","Colored Map","Colored Powertips","Conspire","GifTheSpireLib","Glutton Mod","Halation","Hermit","Highlight Path","Hubris","Infinite Spire","Mimic Mod","Minty Spire (QoL Compilation)","Quick Restart","Random Character Button","Rare Cards Sparkle","Replay The Spire","Retaliation","Shade Mod","Spicy Shops","StSLib","Stuff the Spire","The Blue Laboratory","The Jungle","TheArtist","thorton","vexMod"],"gold_per_floor":[134,195,230,230,230,230,260,260,260,260,260,295,117,152,152,252,252,287,287,337,337,102,152,132,132,132],"floor_reached":25,"playtime":1832,"items_purged":[],"score":265,"play_id":"11f8422e-f588-4c26-91bb-ac5f5e7fd013","local_time":"20201214204431","daily_mods":["Allstar","Hoarder","Night Terrors"],"is_ascension_mode":false,"campfire_choices":[{"data":"Adrenaline","floor":6,"key":"SMITH"},{"data":"Adrenaline","floor":8,"key":"SMITH"},{"floor":11,"key":"REST"},{"data":"Adrenaline","floor":15,"key":"SMITH"}],"circlet_count":0,"master_deck":["artistmod:StrokeStrike","artistmod:StrokeStrike","artistmod:StrokeStrike","artistmod:StrokeStrike","artistmod:DaringDefend","artistmod:DaringDefend","artistmod:DaringDefend","artistmod:DaringDefend","artistmod:BrushBash","artistmod:DarkenDrawing","HandOfGreed","HandOfGreed","HandOfGreed","Forethought","Forethought","Deep Breath","Deep Breath","Magnetism","Magnetism","Magnetism","Secret Weapon","Secret Weapon","Secret Weapon","artistmod:ColorCopy","artistmod:ColorCopy","artistmod:ColorCopy","artistmod:RedRazzing","Adrenaline+1","Adrenaline+1","Adrenaline+1","Sneak Up","Sneak Up","Sneak Up","Prepared","Prepared","Prepared","Swift Strike+1","Swift Strike+1","Swift Strike+1","artistmod:DualDebuffs","artistmod:DualDebuffs","artistmod:DualDebuffs","vexMod:StairwayStrike","vexMod:StairwayStrike","vexMod:StairwayStrike","artistmod:MysteriousMasterpiece","artistmod:MysteriousMasterpiece","artistmod:MysteriousMasterpiece","CurseOfTheBell","CurseOfTheBell","CurseOfTheBell","artistmod:ShinyShiv","artistmod:ShinyShiv","artistmod:ShinyShiv","artistmod:CursedClash","artistmod:CursedClash","artistmod:CursedClash","Master of Strategy","Master of Strategy","Master of Strategy"],"relics":["artistmod:BlueBrush","infinitespire:Broken Mirror","StuffTheSpire:Barrel","vexMod:ScavengeHelm","Calling Bell","ReplayFunnel","Chameleon Ring","StuffTheSpire:NeowsTribute","Shuriken"],"acts_visited":["Exordium","Exordium"],"potions_floor_usage":[16,16,16,23],"damage_taken":[{"damage":6,"enemies":"conspire:RoseBush","floor":1,"turns":2},{"damage":11,"enemies":"Jaw Worm","floor":3,"turns":2},{"damage":33,"enemies":"Gremlin Nob","floor":7,"turns":5},{"damage":2,"enemies":"Small Slimes","floor":12,"turns":4},{"damage":3,"enemies":"Looter","floor":14,"turns":3},{"damage":18,"enemies":"Hexaghost","floor":16,"turns":8},{"damage":24,"enemies":"Shell Parasite","floor":18,"turns":5},{"damage":15,"enemies":"theJungle:2_Phrogs","floor":23,"turns":10},{"damage":0,"enemies":"theJungle:5_Spyders","floor":25,"turns":1}],"seed_played":"8833210206598683822","potions_obtained":[{"floor":2,"key":"blueLaboratory:RememoryPotion"},{"floor":7,"key":"FearPotion"},{"floor":14,"key":"AttackPotion"},{"floor":16,"key":"Languid Potion"},{"floor":24,"key":"infinitespire:BlackPotion"}],"is_trial":false,"path_per_floor":["M","?","M","?","?","R","E","R","T","?","R","M","$","M","R","B",null,"M","?","?","?","$","E","?","M"],"character_chosen":"THE_ARTIST","items_purchased":["vexMod:StairwayStrike","artistmod:CursedClash","Master of Strategy"],"campfire_rested":1,"item_purchase_floors":[13,22,22],"current_hp_per_floor":[65,65,54,54,54,54,21,21,21,21,66,64,64,61,61,43,66,42,42,33,28,28,13,13,13,13],"gold":132,"neow_bonus":"","is_daily":true,"chose_seed":false,"campfire_upgraded":3,"win_rate":0.0,"timestamp":1607996671,"path_taken":["M","?","M","?","?","R","E","R","T","?","R","M","$","M","R","BOSS","M","?","?","?","$","E","?","?"],"items_purchased_type":["Card","Card","Card"],"build_version":"2020-12-13","purchased_purges":0,"victory":false,"max_hp_per_floor":[71,71,71,71,71,71,71,71,71,71,66,66,66,66,66,66,66,66,66,66,71,71,71,71,71,71],"card_choices":[{"not_picked":["artistmod:DoubleDemolition","artistmod:RedRazzing"],"picked":"artistmod:ColorCopy","floor":1},{"not_picked":["artistmod:AquaAnnoyance","artistmod:BlueBurst"],"picked":"artistmod:RedRazzing","floor":3},{"not_picked":["artistmod:PrismaticPain","artistmod:AquaAnnoyance"],"picked":"artistmod:DualDebuffs","floor":7},{"not_picked":["artistmod:BrownBrush","artistmod:DualDebuffs","artistmod:ChromaCrash"],"picked":"SKIP","floor":12},{"not_picked":["artistmod:BrownBrush","artistmod:DoubleDraw","artistmod:EnlightenedEpiphany"],"picked":"SKIP","floor":14},{"not_picked":["artistmod:RedReaper","artistmod:ArtificialArt"],"picked":"artistmod:MysteriousMasterpiece","floor":16},{"not_picked":["artistmod:ColorCopy+1","artistmod:GrowingGreens+1"],"picked":"artistmod:ShinyShiv","floor":18},{"not_picked":["artistmod:MeanMagenta+1","artistmod:SweepingSadness","artistmod:ChromaCrash"],"picked":"SKIP","floor":23}],"player_experience":660408,"relics_obtained":[{"floor":2,"key":"infinitespire:Broken Mirror"},{"floor":7,"key":"StuffTheSpire:Barrel"},{"floor":9,"key":"vexMod:ScavengeHelm"},{"floor":17,"key":"ReplayFunnel"},{"floor":17,"key":"Chameleon Ring"},{"floor":17,"key":"StuffTheSpire:NeowsTribute"},{"floor":23,"key":"Shuriken"}],"event_choices":[{"damage_healed":0,"gold_gain":0,"player_choice":"Bought 1 Potion","damage_taken":0,"max_hp_gain":0,"max_hp_loss":0,"event_name":"The Woman in Blue","floor":24,"gold_loss":0}],"is_beta":false,"boss_relics":[{"not_picked":["Black Star","Sozu"],"picked":"Calling Bell"}],"items_purged_floors":[],"is_endless":false,"potions_floor_spawned":[7,14,16],"killed_by":"theJungle:5_Spyders","ascension_level":0}}