{"host":"z9y2vfnym7sk0nhg","time":1607993493,"event":{"mods":["Aspiration","BaseMod","Better Altar","Better Match","Better Note","Better Sensory Stone","Better Skull","Better Third Choice","CCEM","Colored Map","Conspire","Downfall","GifTheSpireLib","Highlight Path","Minty Spire (QoL Compilation)","Permanent Neow","Shop Mod","Spicy Shops","StSLib","Stuff the Spire","Unceasing Turn Reminder"],"gold_per_floor":[99,99,99,11,11,22,22,52,52,77,92,104,114,214,231,327,327,252,272,301,313,329,348,395,415,415,443,57,107,157,207,220,317,317,317,382,394,426,426,455,479,479,493,523,573,592,642,317,330,330],"floor_reached":51,"playtime":3728,"items_purged":["Normality","Shame"],"score":937,"play_id":"5f7c0fce-1feb-4201-abb4-5f7eff8cf5b6","local_time":"20201215015133","is_ascension_mode":false,"campfire_choices":[{"floor":1,"key":"RECALL"},{"data":"Guardian:FloatingOrbs","floor":9,"key":"SMITH"},{"data":"Guardian:DonusPower","floor":18,"key":"SMITH"},{"data":"Guardian:BronzeArmor","floor":26,"key":"SMITH"},{"data":"Guardian:CurlUp","floor":35,"key":"SMITH"},{"data":"Guardian:EvasiveProtocol","floor":39,"key":"SMITH"},{"data":"Guardian:AncientConstruct","floor":42,"key":"SMITH"}],"circlet_count":0,"master_deck":["Guardian:Strike_Guardian","Guardian:Strike_Guardian","Guardian:Strike_Guardian","Guardian:Defend_Guardian","Guardian:Defend_Guardian","Guardian:Defend_Guardian+1","Guardian:Defend_Guardian","Guardian:CurlUp+1","Guardian:TwinSlam+1","Guardian:Recover","Guardian:Harden","Guardian:FloatingOrbs+1","Guardian:PrismaticBeam","Guardian:BronzeArmor+1","Guardian:DonusPower+1","Guardian:EvasiveProtocol+1","Guardian:WalkerClaw","Guardian:CrystalBeam","Guardian:Repulse","Guardian:AncientConstruct+1","Guardian:RollAttack","Guardian:PrismaticBarrier+1","expansioncontent:Hexaburn","Slimebound:SamplingLick","Guardian:DecasProtection+1"],"relics":["Guardian:ModeShifter","StuffTheSpire:OldFever","Thread and Needle","downfall:CloakOfManyFaces","CultistMask","FaceOfCleric","NlothsMask","GremlinMask","SsserpentHead","Cursed Key","downfall:HeartBlessingRed","Darkstone Periapt","Blood Vial","Bottled Flame","MerchantsRug","StuffTheSpire:RunicHypercube","CCEMRelics:DerglesHeadphones","Toy Ornithopter","Dream Catcher","aspiration:Nostalgia","Cracked Core","War Paint","Bottled Lightning","conspire:TopHat"],"acts_visited":["Exordium","TheCity","TheBeyond"],"potions_floor_usage":[6,10,10,10,11,12,13,16,16,21,22,27,33,36,38,44,48],"damage_taken":[{"damage":0,"enemies":"downfall:FleeingMerchant","floor":4,"turns":4},{"damage":3,"enemies":"Small Slimes","floor":6,"turns":3},{"damage":27,"enemies":"Gremlin Nob","floor":8,"turns":5},{"damage":9,"enemies":"Lagavulin","floor":10,"turns":7},{"damage":0,"enemies":"Jaw Worm","floor":11,"turns":3},{"damage":0,"enemies":"2 Louse","floor":12,"turns":2},{"damage":6,"enemies":"Exordium Thugs","floor":13,"turns":6},{"damage":0,"enemies":"downfall:FaceTrader","floor":14,"turns":6},{"damage":0,"enemies":"Exordium Wildlife","floor":15,"turns":4},{"damage":6,"enemies":"downfall:Watcher","floor":16,"turns":8},{"damage":0,"enemies":"Shell Parasite","floor":19,"turns":3},{"damage":32,"enemies":"Gremlin Leader","floor":20,"turns":5},{"damage":0,"enemies":"Chosen","floor":21,"turns":3},{"damage":0,"enemies":"3 Cultists","floor":22,"turns":4},{"damage":0,"enemies":"Cultist and Chosen","floor":23,"turns":5},{"damage":0,"enemies":"Snecko","floor":25,"turns":4},{"damage":10,"enemies":"Book of Stabbing","floor":27,"turns":4},{"damage":5,"enemies":"downfall:FleeingMerchant","floor":28,"turns":4},{"damage":2,"enemies":"3 Cultists","floor":32,"turns":5},{"damage":22,"enemies":"downfall:Silent","floor":33,"turns":7},{"damage":4,"enemies":"Orb Walker","floor":36,"turns":3},{"damage":10,"enemies":"3 Darklings","floor":37,"turns":5},{"damage":7,"enemies":"Reptomancer","floor":38,"turns":5},{"damage":0,"enemies":"Nemesis","floor":40,"turns":5},{"damage":15,"enemies":"Jaw Worm Horde","floor":43,"turns":3},{"damage":33,"enemies":"Reptomancer","floor":44,"turns":6},{"damage":28,"enemies":"Maw","floor":46,"turns":8},{"damage":6,"enemies":"downfall:FleeingMerchant","floor":48,"turns":4},{"damage":15,"enemies":"3 Darklings","floor":49,"turns":3},{"damage":15,"enemies":"downfall:Defect","floor":50,"turns":6}],"seed_played":"6143871185658639567","potions_obtained":[{"floor":5,"key":"EntropicBrew"},{"floor":5,"key":"conspire:TimeTravelPotion"},{"floor":5,"key":"Ancient Potion"},{"floor":6,"key":"GamblersBrew"},{"floor":10,"key":"DuplicationPotion"},{"floor":11,"key":"EssenceOfSteel"},{"floor":13,"key":"Block Potion"},{"floor":16,"key":"sneckomod:MuddlingPotion"},{"floor":19,"key":"Swift Potion"},{"floor":21,"key":"ColorlessPotion"},{"floor":27,"key":"FairyPotion"},{"floor":32,"key":"champ:CounterPotion"},{"floor":33,"key":"Fire Potion"},{"floor":37,"key":"Guardian:DefensiveModePotion"},{"floor":40,"key":"SneckoOil"},{"floor":46,"key":"champ:CounterPotion"}],"is_trial":false,"path_per_floor":["R","?","?","$","?","M","T","E","R","E","M","M","M","?","M","B",null,"R","M","E","M","M","M","T","M","R","E","$","?","?","?","M","B",null,"R","M","M","E","R","E","T","R","M","E","?","M","?","$","M","B",null],"character_chosen":"GUARDIAN","items_purchased":["Guardian:Harden","Bottled Flame","MerchantsRug","Guardian:Repulse","aspiration:Nostalgia","War Paint","Bottled Lightning","conspire:TopHat"],"campfire_rested":0,"item_purchase_floors":[4,28,28,28,48,48,48,48],"current_hp_per_floor":[80,73,73,73,73,70,70,43,43,42,42,42,36,36,37,32,82,82,83,52,53,54,55,61,62,62,53,57,57,57,57,58,39,104,104,101,94,90,102,105,111,114,100,75,75,50,50,52,40,28],"gold":330,"neow_bonus":"UPGRADE_CARD","is_daily":false,"chose_seed":false,"campfire_upgraded":6,"win_rate":0.0,"timestamp":1607993493,"path_taken":["R","?","?","?","?","M","T","E","R","E","M","?","M","?","M","BOSS","R","M","E","M","M","M","T","M","R","E","$","?","?","?","M","BOSS","R","?","M","E","R","E","T","R","M","E","?","M","?","$","M","BOSS"],"items_purchased_type":["Card","Relic","Relic","Card","Relic","Relic","Relic","Relic"],"build_version":"2020-12-13","purchased_purges":2,"victory":true,"max_hp_per_floor":[80,80,80,80,80,80,80,80,80,80,80,80,80,80,81,82,82,82,83,84,85,86,87,93,94,94,95,102,102,102,102,103,104,104,104,105,106,107,107,108,114,114,115,116,116,117,117,118,119,120],"card_choices":[{"not_picked":["Guardian:TimeCapacitor","Guardian:PiercingHide"],"picked":"Guardian:Recover","floor":4},{"not_picked":["Guardian:RollAttack","Guardian:Gem_White"],"picked":"Guardian:FloatingOrbs","floor":6},{"not_picked":["Guardian:FloatingOrbs","Guardian:Gem_Red"],"picked":"Guardian:Gem_Synthetic","floor":8},{"not_picked":["Guardian:Emergency","Guardian:TemporalShield"],"picked":"Guardian:Gem_White","floor":10},{"not_picked":["Guardian:TimeCapacitor","Guardian:ChargeUp"],"picked":"Guardian:PrismaticBeam","floor":11},{"not_picked":["Guardian:BronzeOrb","Guardian:RollAttack"],"picked":"Guardian:BronzeArmor","floor":12},{"not_picked":["Guardian:TemporalShield","Guardian:PiercingHide"],"picked":"Guardian:Gem_Red","floor":13},{"not_picked":["Guardian:RollAttack","Guardian:ChargeCore"],"picked":"Guardian:DonusPower","floor":14},{"not_picked":["Guardian:Incinerate","Guardian:TemporalStrike","Guardian:Suspension"],"picked":"SKIP","floor":15},{"not_picked":["Guardian:StasisStrike","Guardian:FastForward"],"picked":"Guardian:Gem_Orange","floor":16},{"not_picked":["Guardian:Repulse","Guardian:SpikerProtocol"],"picked":"Guardian:Gem_Red","floor":19},{"not_picked":["Guardian:Gem_Cyan","Guardian:SentryBeam"],"picked":"Guardian:EvasiveProtocol","floor":20},{"not_picked":["Guardian:Gem_Cyan","Guardian:Incinerate"],"picked":"Guardian:Gem_Green","floor":21},{"not_picked":["Guardian:Gem_Blue","Guardian:TemporalStrike+1"],"picked":"Guardian:WalkerClaw","floor":22},{"not_picked":["Guardian:Preprogram+1","Guardian:Gem_Red","Guardian:Reroute"],"picked":"SKIP","floor":23},{"not_picked":["Guardian:PrimingBeam","Guardian:Reroute"],"picked":"Guardian:CrystalBeam","floor":25},{"not_picked":["Guardian:MultiBeam","Guardian:PiercingHide+1"],"picked":"Guardian:Gem_Fragmented","floor":27},{"not_picked":["Guardian:ChargeCore","Guardian:PrimingBeam"],"picked":"Guardian:Gem_Orange","floor":28},{"not_picked":["Guardian:BronzeOrb","Guardian:Gem_Lightblue","Guardian:FloatingOrbs"],"picked":"SKIP","floor":32},{"not_picked":["Guardian:FastForward","Guardian:HyperBeam_Guardian"],"picked":"Guardian:AncientConstruct","floor":33},{"not_picked":["Guardian:Gem_Green","Guardian:Recover"],"picked":"Guardian:RollAttack","floor":36},{"not_picked":["Guardian:PrimingBeam+1","Guardian:Suspension","Guardian:SentryBeam"],"picked":"SKIP","floor":37},{"not_picked":["Guardian:VentSteam","Guardian:Reroute+1"],"picked":"Guardian:PrismaticBarrier","floor":38},{"not_picked":["Guardian:PrimingBeam","Guardian:RevengeProtocol","Guardian:Recover+1"],"picked":"SKIP","floor":40},{"not_picked":["Guardian:VentSteam","Guardian:Gem_Red","Guardian:PrismaticBarrier+1"],"picked":"SKIP","floor":43},{"not_picked":["Guardian:FloatingOrbs","Guardian:VentSteam","Guardian:Planning+1"],"picked":"SKIP","floor":44},{"not_picked":["expansioncontent:Torchfire","expansioncontent:GoopSpray"],"picked":"expansioncontent:Hexaburn","floor":45},{"not_picked":["Guardian:ArmoredProtocol","Guardian:PrismaticBarrier+1","Guardian:Reroute+1"],"picked":"SKIP","floor":46},{"not_picked":["Guardian:Reroute+1","Guardian:PrismaticBeam+1","Guardian:WalkerClaw+1"],"picked":"SKIP","floor":48},{"not_picked":["Guardian:Recover","Guardian:RefractedBeam+1"],"picked":"Guardian:DecasProtection+1","floor":49}],"player_experience":7670,"relics_obtained":[{"floor":7,"key":"conspire:Dentures"},{"floor":8,"key":"CCEMRelics:Pendulum"},{"floor":10,"key":"Thread and Needle"},{"floor":14,"key":"downfall:CloakOfManyFaces"},{"floor":20,"key":"Darkstone Periapt"},{"floor":27,"key":"Blood Vial"},{"floor":38,"key":"CCEMRelics:DerglesHeadphones"},{"floor":40,"key":"Toy Ornithopter"},{"floor":41,"key":"Dream Catcher"},{"floor":44,"key":"Pocketwatch"}],"event_choices":[{"damage_healed":0,"gold_gain":0,"player_choice":"Relic ","damage_taken":7,"max_hp_gain":0,"max_hp_loss":0,"event_name":"betterThird:BetterScrap","floor":2,"gold_loss":0,"cards_obtained":["StuffTheSpire:Purify"]},{"damage_healed":0,"gold_gain":0,"player_choice":"Got Potions","damage_taken":0,"max_hp_gain":0,"max_hp_loss":0,"event_name":"Lab","floor":5,"gold_loss":0},{"damage_healed":0,"gold_gain":0,"player_choice":"Ignored","damage_taken":0,"max_hp_gain":0,"max_hp_loss":0,"event_name":"betterNote:BetterNote","floor":29,"gold_loss":0,"cards_obtained":["Slimebound:SamplingLick"]},{"damage_healed":0,"gold_gain":3,"player_choice":"4","damage_taken":0,"max_hp_gain":0,"max_hp_loss":0,"event_name":"betterStone:BetterStone","floor":47,"gold_loss":0,"cards_obtained":["Slimebound:SamplingLick"]}],"is_beta":false,"boss_relics":[{"not_picked":["SacredBark","Black Star"],"picked":"Cursed Key"},{"not_picked":["Runic Pyramid","StuffTheSpire:ModemDavis"],"picked":"StuffTheSpire:RunicHypercube"}],"items_purged_floors":[28,48],"is_endless":false,"potions_floor_spawned":[6,10,11,13,16,19,21,27,32,33,37,40,46],"ascension_level":0}}