{"host":"2461dio7vetlq1z3","time":1607993590,"event":{"mods":["2.2 Compatiblity","AchievementEnabler","BaseMod","Downfall","Hermit","Lobotomy","Marisa????????","Minty Spire (QoL Compilation)","Relic Stats","Spicy Shops","StSLib","Waifu the Spire"],"gold_per_floor":[117,136,152,152,152,169,169,169,13,27,27,37,37,68,68,171,171,187,197,297,314,314,342,342,358,41,41,54,54,71,102,27,127,127,138,150,164,164,178,178,178,196,214,232,265,276,126,145,145,145],"floor_reached":51,"playtime":4306,"items_purged":["champ:Strike"],"score":752,"play_id":"ee0f5a8c-8145-4f8f-96be-7cf75d7b4663","local_time":"20201215015310","is_ascension_mode":false,"campfire_choices":[{"data":"champ:Taunt","floor":5,"key":"SMITH"},{"data":"champ:Improvising","floor":8,"key":"SMITH"},{"data":"champ:IronFortress","floor":13,"key":"SMITH"},{"data":"champ:StanceDance","floor":15,"key":"SMITH"},{"data":"champ:StrikeOfGenius","floor":22,"key":"SMITH"},{"data":"champ:PerfectForm","floor":27,"key":"SMITH"},{"data":"champ:VampiricStrike","floor":29,"key":"SMITH"},{"data":"champ:Encircle","floor":32,"key":"SMITH"},{"floor":40,"key":"RECALL"},{"data":"champ:PerfectForm","floor":47,"key":"SMITH"},{"data":"champ:PerfectForm","floor":49,"key":"SMITH"}],"circlet_count":0,"master_deck":["champ:Strike+1","champ:Defend","champ:Defend","champ:Defend","champ:Defend","champ:Execute","champ:Taunt+1","champ:StanceDance+1","champ:FanOfKnives+1","champ:Encircle+1","champ:Improvising+1","champ:Backstep","champ:IronFortress+1","champ:BringItOn","champ:DefensiveShout","champ:Duel","champ:VampiricStrike+1","champ:StrikeOfGenius+1","champ:IronFortress","champ:RecklessLeap","champ:Lariat+1","champ:BladeFlurry","champ:FlashCut+1","Normality","champ:HeartStrike","champ:PerfectForm+1","champ:StanceDance","champ:FaceSlap+1","champ:PerfectForm+1","champ:StanceDance+1","champ:PerfectForm+1","champ:SteelEdge","Guardian:Aged","champ:RapidStrikes+1","champ:DancingMaster"],"relics":["champ:ChampionCrown","Blue Candle","champ:LiftRelic","Mummified Hand","Cursed Key","champ:BlackKnightHelmet","Bottled Flame","Pocketwatch","Torii","ClockworkSouvenir","Incense Burner","downfall:HeartBlessingGreen","SacredBark","Whetstone","downfall:HeartBlessingBlue","downfall:HeartBlessingRed"],"acts_visited":["Exordium","TheCity","TheBeyond"],"potions_floor_usage":[20,33],"damage_taken":[{"damage":7,"enemies":"Small Slimes","floor":1,"turns":3},{"damage":6,"enemies":"Cultist","floor":2,"turns":4},{"damage":7,"enemies":"Jaw Worm","floor":3,"turns":3},{"damage":20,"enemies":"Exordium Thugs","floor":6,"turns":4},{"damage":18,"enemies":"downfall:FleeingMerchant","floor":9,"turns":4},{"damage":9,"enemies":"Red Slaver","floor":10,"turns":2},{"damage":15,"enemies":"Exordium Wildlife","floor":12,"turns":4},{"damage":26,"enemies":"3 Sentries","floor":14,"turns":5},{"damage":58,"enemies":"downfall:Defect","floor":16,"turns":6},{"damage":10,"enemies":"Chosen","floor":18,"turns":4},{"damage":6,"enemies":"Shell Parasite","floor":19,"turns":4},{"damage":48,"enemies":"Shell Parasite","floor":20,"turns":6},{"damage":35,"enemies":"Shelled Parasite and Fungi","floor":21,"turns":5},{"damage":39,"enemies":"Gremlin Leader","floor":23,"turns":6},{"damage":24,"enemies":"Snake Plant","floor":25,"turns":2},{"damage":28,"enemies":"downfall:FleeingMerchant","floor":26,"turns":4},{"damage":22,"enemies":"Centurion and Healer","floor":28,"turns":4},{"damage":29,"enemies":"Chosen and Byrds","floor":30,"turns":3},{"damage":30,"enemies":"Slavers","floor":31,"turns":6},{"damage":52,"enemies":"downfall:Ironclad","floor":33,"turns":5},{"damage":8,"enemies":"3 Shapes","floor":35,"turns":5},{"damage":38,"enemies":"3 Darklings","floor":36,"turns":3},{"damage":63,"enemies":"Writhing Mass","floor":37,"turns":4},{"damage":28,"enemies":"Maw","floor":39,"turns":3},{"damage":32,"enemies":"3 Darklings","floor":42,"turns":5},{"damage":50,"enemies":"Jaw Worm Horde","floor":43,"turns":4},{"damage":17,"enemies":"Sphere and 2 Shapes","floor":44,"turns":3},{"damage":37,"enemies":"Reptomancer","floor":45,"turns":5},{"damage":38,"enemies":"Maw","floor":46,"turns":3},{"damage":28,"enemies":"4 Shapes","floor":48,"turns":3},{"damage":33,"enemies":"downfall:Watcher","floor":50,"turns":4}],"seed_played":"-3421051652615939453","potions_obtained":[{"floor":3,"key":"BlessingOfTheForge"},{"floor":10,"key":"SpeedPotion"},{"floor":14,"key":"SmokeBomb"},{"floor":16,"key":"sneckomod:MuddlingPotion"},{"floor":19,"key":"Dexterity Potion"},{"floor":28,"key":"LiquidBronze"},{"floor":30,"key":"Swift Potion"},{"floor":31,"key":"EntropicBrew"},{"floor":35,"key":"AttackPotion"},{"floor":36,"key":"Strength Potion"},{"floor":39,"key":"LiquidMemories"}],"is_trial":false,"path_per_floor":["M","M","M","?","R","M","T","R","$","M","?","M","R","E","R","B",null,"M","M","?","M","R","E","T","M","$","R","M","R","M","E","R","B",null,"M","M","M","?","M","R","T","M","M","M","E","M","R","M","R","B",null],"character_chosen":"THE_CHAMP","items_purchased":["champ:IronFortress","champ:BringItOn","champ:PerfectForm","ClockworkSouvenir"],"campfire_rested":0,"item_purchase_floors":[9,9,26,26],"current_hp_per_floor":[97,96,94,94,94,80,80,80,80,77,77,64,64,46,46,21,99,99,99,99,82,82,99,99,90,99,99,97,97,94,99,99,85,99,98,90,90,90,99,99,99,99,93,89,99,98,108,102,102,109],"gold":145,"neow_bonus":"TEN_PERCENT_HP_BONUS","is_daily":false,"chose_seed":false,"campfire_upgraded":10,"win_rate":0.0,"timestamp":1607993590,"path_taken":["M","M","M","?","R","M","T","R","?","M","?","M","R","E","R","BOSS","M","M","?","M","R","E","T","M","$","R","M","R","M","E","R","BOSS","M","M","M","?","M","R","T","M","M","M","E","M","R","M","R","BOSS"],"items_purchased_type":["Card","Card","Card","Relic"],"build_version":"2020-12-13","purchased_purges":1,"victory":true,"max_hp_per_floor":[99,99,99,99,99,99,99,99,99,99,99,99,99,99,99,99,99,99,99,99,99,99,99,99,99,99,99,99,99,99,99,99,99,99,99,99,99,99,99,99,99,99,99,99,99,99,109,109,109,109],"relic_stats":{"Torii":31,"counters":[31,126],"Mummified Hand":[102],"Blue Candle":[18],"Whetstone":["champ:Strike","champ:FanOfKnives"],"Cursed Key":2,"obtain_stats":[{"champ:BlackKnightHelmet":20,"Torii":24,"downfall:HeartBlessingRed":47,"Blue Candle":7,"SacredBark":34,"champ:ChampionCrown":0,"downfall:HeartBlessingGreen":32,"Incense Burner":31,"Whetstone":45,"Cursed Key":17,"ClockworkSouvenir":26,"Bottled Flame":20,"Mummified Hand":14,"downfall:HeartBlessingBlue":47,"champ:LiftRelic":11,"Pocketwatch":23},{"champ:BlackKnightHelmet":12,"Torii":14,"downfall:HeartBlessingRed":29,"Blue Candle":4,"SacredBark":20,"champ:ChampionCrown":0,"downfall:HeartBlessingGreen":19,"Incense Burner":19,"Whetstone":28,"Cursed Key":9,"ClockworkSouvenir":16,"Bottled Flame":12,"Mummified Hand":8,"downfall:HeartBlessingBlue":29,"champ:LiftRelic":6,"Pocketwatch":14},{"champ:BlackKnightHelmet":49,"Torii":60,"downfall:HeartBlessingRed":119,"Blue Candle":14,"SacredBark":84,"champ:ChampionCrown":0,"downfall:HeartBlessingGreen":79,"Incense Burner":79,"Whetstone":116,"Cursed Key":35,"ClockworkSouvenir":66,"Bottled Flame":49,"Mummified Hand":29,"downfall:HeartBlessingBlue":119,"champ:LiftRelic":20,"Pocketwatch":60}],"Pocketwatch":[36]},"card_choices":[{"not_picked":["champ:Encircle","champ:CrookedStrike"],"picked":"champ:StanceDance","floor":1},{"not_picked":["champ:BerserkersShout","champ:PerfectedStrike"],"picked":"champ:FanOfKnives","floor":2},{"not_picked":["champ:Circumvent","champ:CalledShot"],"picked":"champ:Encircle","floor":3},{"not_picked":["champ:GladiatorsShout","champ:StanceDance"],"picked":"champ:Backstep","floor":6},{"not_picked":["champ:BladeFlurry","champ:PerfectedStrike","champ:ShieldWall"],"picked":"SKIP","floor":9},{"not_picked":["champ:Encircle","champ:PerfectedStrike"],"picked":"champ:DefensiveShout","floor":10},{"not_picked":["champ:GladiatorsShout","champ:FocusedBerserking"],"picked":"champ:Duel","floor":12},{"not_picked":["champ:Shatter","champ:DefensiveStyle"],"picked":"champ:VampiricStrike","floor":14},{"not_picked":["champ:VampiricStrike","champ:CrownThrow"],"picked":"champ:StrikeOfGenius","floor":16},{"not_picked":["champ:AdrenalArmor","champ:Encircle"],"picked":"champ:IronFortress","floor":18},{"not_picked":["champ:PerfectedStrike","champ:CrookedStrike"],"picked":"champ:RecklessLeap","floor":19},{"not_picked":["champ:GladiatorsShout","champ:TornadoPunch"],"picked":"champ:Lariat+1","floor":20},{"not_picked":["champ:FocusedDefense","champ:Haymaker+1"],"picked":"champ:BladeFlurry","floor":21},{"not_picked":["champ:FocusedGladiator","champ:HeartStrike"],"picked":"champ:FlashCut+1","floor":23},{"not_picked":["champ:AdrenalArmor","champ:Shatter","champ:FlashCut"],"picked":"SKIP","floor":25},{"not_picked":["champ:StanceDance","champ:FlashCut"],"picked":"champ:HeartStrike","floor":26},{"not_picked":["champ:BerserkersShout","champ:CalledShot","champ:FanOfKnives"],"picked":"SKIP","floor":28},{"not_picked":["champ:GutPunch","champ:DefensiveShout+1"],"picked":"champ:StanceDance","floor":30},{"not_picked":["champ:EnGarde","champ:BringItOn"],"picked":"champ:FaceSlap+1","floor":31},{"not_picked":["champ:SwordThrow","champ:HeavySlash"],"picked":"champ:PerfectForm","floor":33},{"not_picked":["champ:FanOfKnives+1","champ:BringItOn"],"picked":"champ:StanceDance+1","floor":35},{"not_picked":["champ:Haymaker","champ:FaceSlap","champ:PerfectedStrike"],"picked":"SKIP","floor":36},{"not_picked":["champ:StanceDance+1","champ:BerserkersShout","champ:PreciseThrust+1"],"picked":"SKIP","floor":37},{"not_picked":["champ:Circumvent+1","champ:IronFortress+1"],"picked":"champ:SteelEdge","floor":39},{"not_picked":["champ:BerserkersShout","champ:StanceDance+1"],"picked":"champ:RapidStrikes+1","floor":42},{"not_picked":["champ:DeathBlow","champ:IronFortress","champ:PreciseThrust"],"picked":"SKIP","floor":43},{"not_picked":["champ:CrookedStrike","champ:BringItOn","champ:Encircle"],"picked":"SKIP","floor":44},{"not_picked":["champ:IronFortress","champ:GladiatorsShout+1"],"picked":"champ:DancingMaster","floor":45},{"not_picked":["champ:DefensiveShout","champ:EnGarde","champ:AdrenalArmor"],"picked":"SKIP","floor":46},{"not_picked":["champ:StanceDance","champ:PreciseThrust","champ:Lariat"],"picked":"SKIP","floor":48}],"player_experience":832190,"relics_obtained":[{"floor":7,"key":"Blue Candle"},{"floor":14,"key":"Mummified Hand"},{"floor":20,"key":"champ:BlackKnightHelmet"},{"floor":20,"key":"Bottled Flame"},{"floor":23,"key":"Pocketwatch"},{"floor":24,"key":"Torii"},{"floor":31,"key":"Incense Burner"},{"floor":45,"key":"Whetstone"}],"event_choices":[{"damage_healed":0,"gold_gain":0,"cards_transformed":["champ:Strike"],"player_choice":"Transformed","damage_taken":0,"max_hp_gain":0,"max_hp_loss":0,"event_name":"Transmorgrifier","floor":4,"gold_loss":0,"cards_obtained":["champ:Improvising"]},{"damage_healed":0,"gold_gain":0,"cards_transformed":["champ:Strike"],"player_choice":"Transformed","damage_taken":0,"max_hp_gain":0,"max_hp_loss":0,"event_name":"Transmorgrifier","floor":38,"gold_loss":0,"cards_obtained":["champ:PerfectForm"]}],"is_beta":false,"boss_relics":[{"not_picked":["SlaversCollar","Coffee Dripper"],"picked":"Cursed Key"},{"not_picked":["Runic Dome","Calling Bell"],"picked":"SacredBark"}],"items_purged_floors":[26],"is_endless":false,"potions_floor_spawned":[3,10,14,16,19,28,30,31,35,36,39,43,44],"ascension_level":0}}