{"host":"thn8o1tmql8xszd5","time":1607992173,"event":{"mods":["AchievementEnabler","BaseMod","Block Reminder","Colored Map","DeckTracker","Highlight Path","Minty Spire (QoL Compilation)","Permanent Neow","Quick Restart","Relic Stats","Robot Space Explorer","StSLib","The Blue Laboratory"],"gold_per_floor":[117,192,45,59,79,79,79],"floor_reached":6,"playtime":359,"items_purged":[],"score":45,"play_id":"4a9323a2-3e44-4cf3-b16e-21890f87e2a8","local_time":"20201214192933","is_ascension_mode":true,"campfire_choices":[],"circlet_count":0,"master_deck":["RobotSpaceExplorer:Strike","RobotSpaceExplorer:Strike","RobotSpaceExplorer:Strike","RobotSpaceExplorer:Strike","RobotSpaceExplorer:Defend","RobotSpaceExplorer:Defend","RobotSpaceExplorer:Defend","RobotSpaceExplorer:Defend","RobotSpaceExplorer:Scan","RobotSpaceExplorer:MiniLasers","RobotSpaceExplorer:HighVoltage","RobotSpaceExplorer:GearShield","RobotSpaceExplorer:HighVoltage","RobotSpaceExplorer:ShockKick","RobotSpaceExplorer:ShovelStrike"],"relics":["RobotSpaceExplorer:RoboCore","DollysMirror"],"acts_visited":["Exordium"],"potions_floor_usage":[],"damage_taken":[{"damage":0,"enemies":"2 Louse","floor":1,"turns":2},{"damage":2,"enemies":"Cultist","floor":4,"turns":4},{"damage":12,"enemies":"Jaw Worm","floor":5,"turns":3},{"damage":10,"enemies":"Lagavulin","floor":6,"turns":3}],"seed_played":"-4386317176971216593","potions_obtained":[{"floor":1,"key":"Block Potion"}],"is_trial":false,"path_per_floor":["M","?","$","M","M","E"],"character_chosen":"RobotSpaceExplorer","items_purchased":["DollysMirror"],"campfire_rested":0,"item_purchase_floors":[3],"current_hp_per_floor":[68,62,62,60,48,38,38],"gold":79,"neow_bonus":"THREE_RARE_CARDS","is_daily":false,"chose_seed":false,"campfire_upgraded":0,"win_rate":0.0,"timestamp":1607992173,"path_taken":["M","?","$","M","M","E"],"items_purchased_type":["Relic"],"build_version":"2020-12-13","purchased_purges":0,"victory":false,"max_hp_per_floor":[68,68,68,68,68,68,68],"relic_stats":{"counters":[4,12],"obtain_stats":[{"DollysMirror":3,"RobotSpaceExplorer:RoboCore":0},{"DollysMirror":1,"RobotSpaceExplorer:RoboCore":0},{"DollysMirror":2,"RobotSpaceExplorer:RoboCore":0}]},"card_choices":[{"not_picked":["RobotSpaceExplorer:Autoloader","RobotSpaceExplorer:Multitool"],"picked":"RobotSpaceExplorer:HighVoltage","floor":0},{"not_picked":["RobotSpaceExplorer:Reload","RobotSpaceExplorer:ToxicBomb"],"picked":"RobotSpaceExplorer:GearShield","floor":1},{"not_picked":["RobotSpaceExplorer:Reload","RobotSpaceExplorer:Electroshield"],"picked":"RobotSpaceExplorer:ShockKick","floor":4},{"not_picked":["RobotSpaceExplorer:Smokescreen","RobotSpaceExplorer:DoubleBlock"],"picked":"RobotSpaceExplorer:ShovelStrike","floor":5}],"player_experience":481016,"relics_obtained":[],"event_choices":[{"damage_healed":0,"gold_gain":75,"player_choice":"Touch","damage_taken":6,"max_hp_gain":0,"max_hp_loss":0,"event_name":"FaceTrader","floor":2,"gold_loss":0}],"is_beta":false,"boss_relics":[],"items_purged_floors":[],"is_endless":false,"potions_floor_spawned":[1],"killed_by":"Lagavulin","ascension_level":5}}