{"host":"hdafziggwnbzqpcb","time":1607994104,"event":{"mods":["BaseMod","Better Vampires","Colored Map","Colored Powertips","GifTheSpireLib","Minty Spire (QoL Compilation)","Quick Restart","Rare Cards Sparkle","StSLib","The Bug Knight","The Cursed","TheHero"],"gold_per_floor":[119,133,133,23,23,23,36,51,51,126,146,160,160,174,174,305,305,323,152,167,167,128,128,128,128,128,128,80,94,94,107,107,233,233,247,90,90,154,29,29,53,0,0,0,34,34,367,367,367,367],"floor_reached":51,"playtime":3828,"items_purged":["TheCursedMod:Strike_TheCursed","TheCursedMod:Defend_TheCursed","TheCursedMod:Strike_TheCursed+1"],"score":661,"play_id":"9b913be6-a7b1-43d4-aa02-9c603257b897","local_time":"20201214170144","is_ascension_mode":false,"campfire_choices":[{"data":"TheCursedMod:Defend_TheCursed","floor":6.0,"key":"PURGE"},{"floor":15.0,"key":"REST"},{"data":"TheCursedMod:HellfireBreathing","floor":23.0,"key":"SMITH"},{"data":"TheCursedMod:SpitefulPlan","floor":25.0,"key":"SMITH"},{"data":"TheCursedMod:LuckyCharm","floor":27.0,"key":"SMITH"},{"data":"TheCursedMod:CursedShiv","floor":30.0,"key":"PURGE"},{"floor":32.0,"key":"REST"},{"data":"TheCursedMod:CollectTribute","floor":40,"key":"SMITH"},{"floor":44,"key":"REST"},{"data":"TheCursedMod:CircleOfWindfury+1","floor":46,"key":"PURGE"},{"floor":49,"key":"REST"}],"circlet_count":0,"master_deck":["TheCursedMod:Strike_TheCursed+1","TheCursedMod:Strike_TheCursed+1","TheCursedMod:CursedWand","TheCursedMod:CleanUpWorkshop+1","TheCursedMod:Dregs","TheCursedMod:CursedAmulet","TheCursedMod:WearCloak","TheCursedMod:SpitefulPlan+1","TheCursedMod:Obscuration","TheCursedMod:ReleasedStrength","TheCursedMod:CollectTribute+1","TheCursedMod:LuckyCharm+1","TheCursedMod:LuckyCharm","TheCursedMod:HellfireBreathing+1","TheCursedMod:SoulCrush","TheCursedMod:Obscuration"],"relics":["TheCursedMod:BlackMagic101","Peace Pipe","Turnip","TheCursedMod:OminousMark","MealTicket","Busted Crown","ClockworkSouvenir","Bird Faced Urn","Red Mask","Omamori","Pen Nib"],"acts_visited":["Exordium","TheCity","TheBeyond"],"potions_floor_usage":[38],"damage_taken":[{"damage":0.0,"enemies":"2 Louse","floor":1.0,"turns":2.0},{"damage":2.0,"enemies":"Small Slimes","floor":2.0,"turns":5.0},{"damage":2.0,"enemies":"Cultist","floor":7.0,"turns":4.0},{"damage":0.0,"enemies":"Blue Slaver","floor":8.0,"turns":5.0},{"damage":2.0,"enemies":"3 Louse","floor":11.0,"turns":4.0},{"damage":2.0,"enemies":"Large Slime","floor":12.0,"turns":11.0},{"damage":0.0,"enemies":"Lots of Slimes","floor":14.0,"turns":6.0},{"damage":13.0,"enemies":"The Guardian","floor":16.0,"turns":11.0},{"damage":15.0,"enemies":"3 Byrds","floor":18.0,"turns":8.0},{"damage":8.0,"enemies":"Chosen","floor":20.0,"turns":8.0},{"damage":24.0,"enemies":"Centurion and Healer","floor":29.0,"turns":4.0},{"damage":6.0,"enemies":"Snake Plant","floor":31.0,"turns":3.0},{"damage":47.0,"enemies":"Automaton","floor":33.0,"turns":8.0},{"damage":7.0,"enemies":"3 Darklings","floor":35.0,"turns":4.0},{"damage":51,"enemies":"2 Orb Walkers","floor":38,"turns":7},{"damage":20,"enemies":"Orb Walker","floor":41,"turns":5},{"damage":7,"enemies":"Reptomancer","floor":45,"turns":6},{"damage":14,"enemies":"Donu and Deca","floor":50,"turns":12}],"seed_played":"-7248118932462200473","potions_obtained":[{"floor":1.0,"key":"Weak Potion"},{"floor":12.0,"key":"Fire Potion"},{"floor":20.0,"key":"Fire Potion"},{"floor":29.0,"key":"DuplicationPotion"},{"floor":35.0,"key":"SpeedPotion"}],"is_trial":false,"path_per_floor":["M","M","?","$","?","R","M","M","T","?","M","M","?","M","R","B",null,"M","$","M","?","$","R","?","R","T","R","$","M","R","M","R","B",null,"M","$","?","?","$","R","M","?","T","R","E","R","?","?","R","B",null],"character_chosen":"THE_CURSED","items_purchased":["TheCursedMod:SpitefulPlan","TheCursedMod:LuckyCharm","TheCursedMod:HellfireBreathing","TheCursedMod:CursedShiv","ClockworkSouvenir"],"campfire_rested":4,"item_purchase_floors":[4,19,22,28,36],"current_hp_per_floor":[54,52,49,49,49,49,47,47,47,36,34,32,32,32,52,39,69,54,54,46,46,46,46,46,46,46,46,61,37,37,31,51,4,69,62,69,66,15,30,30,20,20,20,39,42,42,42,42,61,52],"gold":367,"neow_bonus":"REMOVE_TWO","is_daily":false,"chose_seed":false,"campfire_upgraded":4,"win_rate":0.0,"timestamp":1607994104,"path_taken":["M","M","?","$","?","R","M","M","T","?","M","M","?","M","R","BOSS","M","$","M","?","$","R","?","R","T","R","$","M","R","M","R","BOSS","M","$","?","?","$","R","M","?","T","R","E","R","?","?","R","BOSS"],"items_purchased_type":["Card","Card","Card","Card","Relic"],"build_version":"2020-12-13","purchased_purges":3,"victory":true,"max_hp_per_floor":[75,75,75,75,69,69,69,69,69,69,69,69,69,69,69,69,69,69,69,69,69,69,69,69,69,69,69,69,69,69,69,69,69,69,69,69,66,66,66,66,66,66,66,66,66,66,66,66,66,66],"card_choices":[{"not_picked":["TheCursedMod:CursedArmor","TheCursedMod:SurpriseAttack"],"picked":"TheCursedMod:CursedAmulet","floor":1.0},{"not_picked":["TheCursedMod:Evocation","TheCursedMod:SaltUponWound"],"picked":"TheCursedMod:WearCloak","floor":2.0},{"not_picked":["TheCursedMod:CursedAmulet","TheCursedMod:TacticalStrike"],"picked":"TheCursedMod:Obscuration","floor":7.0},{"not_picked":["TheCursedMod:CircleOfCorruption","TheCursedMod:Hemoplague","TheCursedMod:RapidMovement"],"picked":"SKIP","floor":8.0},{"not_picked":["TheCursedMod:FleshFromBone","TheCursedMod:SaltUponWound","TheCursedMod:ManaBullet"],"picked":"SKIP","floor":11.0},{"not_picked":["TheCursedMod:Stigma","TheCursedMod:RavingStaff","TheCursedMod:HellsGateOpen"],"picked":"SKIP","floor":12.0},{"not_picked":["TheCursedMod:Stigma","TheCursedMod:FuryStrike"],"picked":"TheCursedMod:ReleasedStrength","floor":14.0},{"not_picked":["TheCursedMod:VoidForm","TheCursedMod:StunningStrike"],"picked":"TheCursedMod:CollectTribute","floor":16.0},{"not_picked":["TheCursedMod:FleshFromBone","TheCursedMod:BloodBarrier+1","TheCursedMod:CursedSpellbook+1"],"picked":"SKIP","floor":18.0},{"not_picked":["TheCursedMod:SaltUponWound+1","TheCursedMod:SurpriseAttack"],"picked":"TheCursedMod:LuckyCharm","floor":20.0},{"not_picked":["TheCursedMod:VitalStrike+1","TheCursedMod:SmokeScreen","TheCursedMod:CursedSpellbook"],"picked":"SKIP","floor":29.0},{"not_picked":["TheCursedMod:CursedMace","TheCursedMod:CircleOfCorruption","TheCursedMod:AbyssShockwave"],"picked":"SKIP","floor":31.0},{"not_picked":[],"picked":"TheCursedMod:CircleOfWindfury+1","floor":35.0},{"not_picked":[],"picked":"TheCursedMod:SoulCrush","floor":38},{"not_picked":[],"picked":"TheCursedMod:Obscuration","floor":41},{"not_picked":["TheCursedMod:Wield"],"picked":"SKIP","floor":45}],"player_experience":593909,"relics_obtained":[{"floor":9.0,"key":"Turnip"},{"floor":26.0,"key":"MealTicket"},{"floor":38,"key":"Bird Faced Urn"},{"floor":43,"key":"Omamori"},{"floor":45,"key":"Pen Nib"}],"event_choices":[{"damage_healed":0.0,"max_hp_gain":0.0,"max_hp_loss":0.0,"gold_gain":0.0,"event_name":"Scrap Ooze","player_choice":"Success","floor":3.0,"gold_loss":0.0,"damage_taken":3.0,"relics_obtained":["Peace Pipe"]},{"damage_healed":0.0,"max_hp_gain":0.0,"max_hp_loss":6.0,"gold_gain":0.0,"event_name":"Golden Idol","player_choice":"Lose Max HP","floor":5.0,"gold_loss":0.0,"damage_taken":0.0,"relics_obtained":["Golden Idol"]},{"damage_healed":0.0,"max_hp_gain":0.0,"max_hp_loss":0.0,"gold_gain":75.0,"event_name":"World of Goop","player_choice":"Gather Gold","floor":10.0,"gold_loss":0.0,"damage_taken":11.0},{"damage_healed":0.0,"max_hp_gain":0.0,"max_hp_loss":0.0,"gold_gain":0.0,"event_name":"Accursed Blacksmith","player_choice":"Forge","floor":13.0,"gold_loss":0.0,"damage_taken":0.0,"cards_upgraded":["TheCursedMod:CleanUpWorkshop"]},{"damage_healed":0.0,"max_hp_gain":0.0,"max_hp_loss":0.0,"gold_gain":0.0,"event_name":"Cursed Tome","player_choice":"Ignored","floor":21.0,"gold_loss":0.0,"damage_taken":0.0},{"damage_healed":0.0,"max_hp_gain":0.0,"max_hp_loss":0.0,"gold_gain":0.0,"event_name":"Back to Basics","player_choice":"Simplicity","floor":24.0,"gold_loss":0.0,"damage_taken":0.0,"cards_upgraded":["TheCursedMod:Strike_TheCursed","TheCursedMod:Strike_TheCursed","TheCursedMod:Strike_TheCursed"]},{"damage_healed":0.0,"max_hp_gain":0.0,"max_hp_loss":3.0,"gold_gain":0.0,"event_name":"Winding Halls","player_choice":"Max HP","floor":37.0,"gold_loss":0.0,"damage_taken":0.0},{"damage_healed":0,"gold_gain":0,"player_choice":"Fight","damage_taken":0,"max_hp_gain":0,"max_hp_loss":0,"event_name":"Mysterious Sphere","floor":38,"gold_loss":0},{"damage_healed":0,"gold_gain":0,"player_choice":"Paid","damage_taken":0,"relics_obtained":["Red Mask"],"max_hp_gain":0,"max_hp_loss":0,"event_name":"Tomb of Lord Red Mask","floor":42,"gold_loss":53},{"damage_healed":0,"gold_gain":333,"player_choice":"Gave Idol","damage_taken":0,"max_hp_gain":0,"max_hp_loss":0,"event_name":"The Moai Head","floor":47,"relics_lost":["Golden Idol"],"gold_loss":0},{"damage_healed":0,"gold_gain":0,"player_choice":"Memory 1","damage_taken":0,"max_hp_gain":0,"max_hp_loss":0,"event_name":"SensoryStone","floor":48,"gold_loss":0}],"is_beta":false,"boss_relics":[{"not_picked":["Coffee Dripper","SlaversCollar"],"picked":"TheCursedMod:OminousMark"},{"not_picked":["Astrolabe","Velvet Choker"],"picked":"Busted Crown"}],"items_purged_floors":[4,19,39],"is_endless":false,"potions_floor_spawned":[1,12,20,29,35],"ascension_level":0}}