{"host":"wonp23fsqqcu31ie","time":1607998440,"event":{"mods":["2.2 Compatiblity","AchievementEnabler","Aspiration","BaseMod","Better Altar","Better Match","Better Sensory Stone","Better Skull","Better Third Choice","BetterRewards","Block Reminder","Colored Map","Colored Powertips","Conspire","DeckTracker","Displayed Cursed Tome","Downfall","Hermit","Highlight Path","Hubris","Minty Spire (QoL Compilation)","Permanent Neow","Quick Restart","Rare Cards Sparkle","Relic Stats","Replay The Spire","Shade Mod","Shop Mod","StSLib","SuperFastMode","The Animator","The Cursed","The Gatherer","The Necromancer","The Runesmith","The Servant 0.9.4"],"gold_per_floor":[118,3,16,16,16,44,44,62,62,72,97,116,134,146,146,251,251,261,80,80,91,103,103,117,145,145,156,106,132,145,145,145],"floor_reached":31,"playtime":1092,"items_purged":[],"score":462,"play_id":"0980b4cc-53fe-4430-8a89-6a30c1eadea9","local_time":"20201215131400","is_ascension_mode":true,"campfire_choices":[{"floor":7,"key":"REST"},{"floor":15,"key":"REST"}],"circlet_count":0,"master_deck":["Runesmith:CraftFirestone","Runesmith:Fortify","Runesmith:CraftMagma+1","Runesmith:EarthShield","Runesmith:HeatedChisel+1","Runesmith:CraftIncendium","Runesmith:ChaoticBlast","Runesmith:LightningRod","Runesmith:BackupBattery","Runesmith:BackupBattery","Runesmith:ChiselStab","Runesmith:CraftPrismatica","Runesmith:RuneHurl+1","Runesmith:CreatorForm","Runesmith:CraftPrismatica","Runesmith:UnstableHammer","Runesmith:BackupBattery","Runesmith:Refine","Runesmith:NanitesCloud","Runesmith:RunicBlueprint","Runesmith:WhiteBalance","Runesmith:HammerTime","aspiration:UnbridledHammer","expansioncontent:LastStand","expansioncontent:Collect","Runesmith:BackupBattery+1","Runesmith:RuneHurl","Runesmith:HeatExchange","aspiration:UnbridledHammer","Runesmith:Superposition","Runesmith:GrandSlam"],"relics":["Runesmith:BrokenRuby","conspire:Boomerang","MerchantsRug","aspiration:BabyByrd","aspiration:Lifesprig","Replay:Multitool","aspiration:DSix","Chemical X","ReplayFunnel","Bottled Tornado","Gambling Chip"],"acts_visited":["Exordium","TheCity"],"potions_floor_usage":[14,16,16,31,31],"damage_taken":[{"damage":1,"enemies":"Cultist","floor":1,"turns":4},{"damage":0,"enemies":"2 Louse","floor":3,"turns":3},{"damage":25,"enemies":"3 Sentries","floor":6,"turns":5},{"damage":0,"enemies":"Small Slimes","floor":8,"turns":3},{"damage":8,"enemies":"Red Slaver","floor":10,"turns":3},{"damage":11,"enemies":"Replay:BlueRogue","floor":11,"turns":5},{"damage":0,"enemies":"Large Slime","floor":12,"turns":3},{"damage":3,"enemies":"3 Louse","floor":13,"turns":2},{"damage":2,"enemies":"Lots of Slimes","floor":14,"turns":2},{"damage":8,"enemies":"Slime Boss","floor":16,"turns":5},{"damage":4,"enemies":"conspire:FuzzyDice","floor":18,"turns":7},{"damage":20,"enemies":"Spheric Guardian","floor":21,"turns":4},{"damage":4,"enemies":"Centurion and Healer","floor":22,"turns":4},{"damage":18,"enemies":"Snake Plant","floor":24,"turns":4},{"damage":0,"enemies":"conspire:Head Lice","floor":25,"turns":5},{"damage":6,"enemies":"3 Cultists","floor":27,"turns":3},{"damage":6,"enemies":"Book of Stabbing","floor":29,"turns":3},{"damage":18,"enemies":"Shelled Parasite and Fungi","floor":30,"turns":4},{"damage":17,"enemies":"conspire:HollyBat","floor":31,"turns":4}],"seed_played":"8912361808354252334","potions_obtained":[{"floor":1,"key":"Dexterity Potion"},{"floor":8,"key":"Milkshake"},{"floor":10,"key":"Explosive Potion"},{"floor":12,"key":"Guardian:BlockOnCardUsePotion"},{"floor":13,"key":"PowerPotion"},{"floor":14,"key":"SpeedPotion"},{"floor":21,"key":"GamblersBrew"},{"floor":24,"key":"Elixir"},{"floor":29,"key":"champ:CounterPotion"}],"is_trial":false,"path_per_floor":["M","$","M","?","?","E","R","M","T","M","E","M","M","M","R","B",null,"M","$","?","M","M","R","M","E","T","M","?","E","M","M"],"character_chosen":"RUNESMITH_CLASS","items_purchased":["MerchantsRug","Runesmith:CraftMagma+1","Runesmith:HeatedChisel+1","Runesmith:CraftIncendium","Chemical X","ReplayFunnel"],"campfire_rested":2,"item_purchase_floors":[0,0,2,2,19,19],"current_hp_per_floor":[52,52,52,52,52,27,48,48,48,40,29,29,26,24,45,37,70,66,66,66,46,42,63,45,45,45,39,39,33,15,0,0],"gold":145,"neow_bonus":"","is_daily":false,"chose_seed":false,"campfire_upgraded":0,"win_rate":0.0,"timestamp":1607998440,"path_taken":["M","$","?","?","?","E","R","?","T","M","E","M","M","M","R","BOSS","M","$","?","M","M","R","M","E","T","M","?","E","M","?"],"items_purchased_type":["Relic","Card","Card","Card","Relic","Relic"],"build_version":"2020-12-13","purchased_purges":0,"victory":false,"max_hp_per_floor":[70,70,70,70,70,70,70,70,70,70,70,70,70,70,70,70,70,70,70,70,70,70,70,70,70,70,70,70,70,70,70,70],"relic_stats":{"counters":[80,403],"Gambling Chip":[1],"Chemical X":[13],"obtain_stats":[{"Vajra":9,"Bottled Tornado":29,"sneckomod:SneckoSoul":30,"Ring of Searing":14,"aspiration:BabyByrd":4,"Honey Jar":34,"Prayer Wheel":29,"aspiration:ArtOfWarUpgrade":41,"Toxic Egg 2":30,"Replay:Wax Seal":13,"aspiration:DSix":11,"MerchantsRug":10,"Runesmith:BrokenRuby":0,"Pear":40,"Happy Flower":8,"ReplayTheSpireMod:CursedCoin":10,"aspiration:Nostalgia":0,"Replay:Grab Bag":17,"hubris:SphereOfDissonance":12,"conspire:Boomerang":0,"aspiration:SeaSaltIceCream":30,"Replay:Baseball":40,"MutagenicStrength":20,"hubris:PeanutButter":42,"Pandora\u0027s Box":17,"Black Star":17,"ReplayTheSpireMod:TigerMarble":8,"hubris:TenFootPole":12,"Meat on the Bone":9,"ReplayFunnel":3,"ReplayTheSpireMod:Ring of Exchange":14,"Regal Pillow":36,"aspiration:Lifesprig":6,"StoneCalendar":37,"hubris:SlimyHat":22,"Incense Burner":6,"Bag of Preparation":7,"Replay:Multitool":9,"hubris:RunicObelisk":17,"Replay:Mystery Machine":6,"Cursed Key":34,"Burning Blood":0,"SsserpentHead":11,"Nunchaku":10,"hubris:Icosahedron":46,"aspiration:DefectSkillbook":17,"Gambling Chip":29,"Tiny Chest":6,"Chemical X":19,"Potion Belt":8,"Runesmith:Nanobots":40,"Golden Idol":7,"Quantum Egg":36,"aspiration:HummingbirdHeart":9,"aspiration:SecretTechniqueScroll":17,"Runesmith:EmergencyProvisions":13,"hubris:Towel":37,"CaptainsWheel":26,"Busted Crown":17,"Runesmith:UraniumAnvil":17,"Orrery":17,"Art of War":47,"Bottled Lightning":24,"Membership Card":36,"Runesmith:AutoHammer":31,"Toy Ornithopter":24,"m_RuneBlood":8},{"Vajra":13,"Bottled Tornado":55,"sneckomod:SneckoSoul":21,"Ring of Searing":37,"aspiration:BabyByrd":63,"Honey Jar":23,"Prayer Wheel":55,"aspiration:ArtOfWarUpgrade":60,"Toxic Egg 2":21,"Replay:Wax Seal":47,"aspiration:DSix":67,"MerchantsRug":4,"Runesmith:BrokenRuby":0,"Pear":25,"Happy Flower":13,"ReplayTheSpireMod:CursedCoin":4,"aspiration:Nostalgia":42,"Replay:Grab Bag":15,"hubris:SphereOfDissonance":4,"conspire:Boomerang":61,"aspiration:SeaSaltIceCream":21,"Replay:Baseball":60,"MutagenicStrength":9,"hubris:PeanutButter":25,"Pandora\u0027s Box":71,"Black Star":15,"ReplayTheSpireMod:TigerMarble":34,"hubris:TenFootPole":36,"Meat on the Bone":4,"ReplayFunnel":1,"ReplayTheSpireMod:Ring of Exchange":37,"Regal Pillow":24,"aspiration:Lifesprig":64,"StoneCalendar":58,"hubris:SlimyHat":9,"Incense Burner":45,"Bag of Preparation":45,"Replay:Multitool":65,"hubris:RunicObelisk":7,"Replay:Mystery Machine":33,"Cursed Key":57,"Burning Blood":42,"SsserpentHead":4,"Nunchaku":13,"hubris:Icosahedron":26,"aspiration:DefectSkillbook":49,"Gambling Chip":78,"Tiny Chest":4,"Chemical X":72,"Potion Belt":46,"Runesmith:Nanobots":25,"Golden Idol":4,"Quantum Egg":24,"aspiration:HummingbirdHeart":46,"aspiration:SecretTechniqueScroll":15,"Runesmith:EmergencyProvisions":5,"hubris:Towel":24,"CaptainsWheel":19,"Busted Crown":15,"Runesmith:UraniumAnvil":15,"Orrery":38,"Art of War":27,"Bottled Lightning":19,"Membership Card":24,"Runesmith:AutoHammer":56,"Toy Ornithopter":52,"m_RuneBlood":4},{"Vajra":77,"Bottled Tornado":286,"sneckomod:SneckoSoul":113,"Ring of Searing":192,"aspiration:BabyByrd":337,"Honey Jar":126,"Prayer Wheel":280,"aspiration:ArtOfWarUpgrade":322,"Toxic Egg 2":113,"Replay:Wax Seal":239,"aspiration:DSix":353,"MerchantsRug":16,"Runesmith:BrokenRuby":0,"Pear":138,"Happy Flower":77,"ReplayTheSpireMod:CursedCoin":16,"aspiration:Nostalgia":215,"Replay:Grab Bag":88,"hubris:SphereOfDissonance":16,"conspire:Boomerang":330,"aspiration:SeaSaltIceCream":113,"Replay:Baseball":322,"MutagenicStrength":61,"hubris:PeanutButter":138,"Pandora\u0027s Box":365,"Black Star":88,"ReplayTheSpireMod:TigerMarble":187,"hubris:TenFootPole":190,"Meat on the Bone":16,"ReplayFunnel":4,"ReplayTheSpireMod:Ring of Exchange":192,"Regal Pillow":129,"aspiration:Lifesprig":342,"StoneCalendar":311,"hubris:SlimyHat":61,"Incense Burner":228,"Bag of Preparation":228,"Replay:Multitool":345,"hubris:RunicObelisk":45,"Replay:Mystery Machine":180,"Cursed Key":306,"Burning Blood":215,"SsserpentHead":16,"Nunchaku":77,"hubris:Icosahedron":141,"aspiration:DefectSkillbook":250,"Gambling Chip":395,"Tiny Chest":16,"Chemical X":372,"Potion Belt":237,"Runesmith:Nanobots":138,"Golden Idol":16,"Quantum Egg":129,"aspiration:HummingbirdHeart":237,"aspiration:SecretTechniqueScroll":88,"Runesmith:EmergencyProvisions":30,"hubris:Towel":129,"CaptainsWheel":104,"Busted Crown":88,"Runesmith:UraniumAnvil":88,"Orrery":199,"Art of War":145,"Bottled Lightning":104,"Membership Card":129,"Runesmith:AutoHammer":294,"Toy Ornithopter":265,"m_RuneBlood":16}]},"card_choices":[{"not_picked":["Runesmith:HammerThrow","Runesmith:OneForEveryone"],"picked":"Runesmith:EarthShield","floor":1},{"not_picked":["Runesmith:Malloc","Runesmith:RuneHurl"],"picked":"Runesmith:ChaoticBlast","floor":3},{"not_picked":["Runesmith:Retool","Runesmith:EarthShield"],"picked":"Runesmith:LightningRod","floor":6},{"not_picked":["Runesmith:Prism","Runesmith:CraftMagma"],"picked":"Runesmith:BackupBattery","floor":8},{"not_picked":["Runesmith:Electrocute","Runesmith:Discharge","Runesmith:ElementalConversion"],"picked":"SKIP","floor":10},{"not_picked":["Runesmith:NanitesCloud","Runesmith:EnergizedChisel"],"picked":"Runesmith:BackupBattery","floor":11},{"not_picked":["Runesmith:ShiftingStrike","Runesmith:EarthShield"],"picked":"Runesmith:ChiselStab","floor":12},{"not_picked":["Runesmith:CraftMagma","Runesmith:CraftSpiculum"],"picked":"Runesmith:CraftPrismatica","floor":13},{"not_picked":["Runesmith:EarthShield","Runesmith:ChiselStab"],"picked":"Runesmith:RuneHurl","floor":14},{"not_picked":["Runesmith:Supernova","Runesmith:LightningRod"],"picked":"Runesmith:CreatorForm","floor":16},{"not_picked":["Runesmith:EnergizedChisel","Runesmith:CraftVitae+1"],"picked":"aspiration:UnbridledHammer","floor":18},{"not_picked":["Blind","Replay:Parry"],"picked":"expansioncontent:LastStand","floor":20},{"not_picked":["Discovery","expansioncontent:PrepareCrush"],"picked":"expansioncontent:Collect","floor":20},{"not_picked":["Runesmith:Repurpose+1","Runesmith:NanitesCloud"],"picked":"Runesmith:BackupBattery+1","floor":21},{"not_picked":["Runesmith:HeatExchange","Runesmith:HeatedChisel"],"picked":"Runesmith:RuneHurl","floor":22},{"not_picked":["Runesmith:CraftProtectio","Runesmith:CraftMagma"],"picked":"Runesmith:HeatExchange","floor":24},{"not_picked":["Runesmith:ElementalConversion","Runesmith:Terraform+1"],"picked":"aspiration:UnbridledHammer","floor":25},{"not_picked":["Runesmith:UnstableHammer","Runesmith:HeatedChisel"],"picked":"Runesmith:Superposition","floor":27},{"not_picked":["Runesmith:ShiftingStrike","Runesmith:DuctTape"],"picked":"Runesmith:GrandSlam","floor":29},{"not_picked":["Runesmith:RuneHurl","Runesmith:HeatedChisel","Runesmith:Attraction"],"picked":"SKIP","floor":30}],"player_experience":609935,"relics_obtained":[{"floor":6,"key":"aspiration:Lifesprig"},{"floor":9,"key":"Replay:Multitool"},{"floor":11,"key":"aspiration:DSix"},{"floor":25,"key":"Bottled Tornado"},{"floor":29,"key":"Gambling Chip"}],"event_choices":[{"damage_healed":0,"gold_gain":0,"player_choice":"Ignored","damage_taken":0,"max_hp_gain":0,"max_hp_loss":0,"event_name":"WeMeetAgain","floor":5,"gold_loss":0},{"damage_healed":0,"gold_gain":2,"player_choice":"1","damage_taken":0,"max_hp_gain":0,"max_hp_loss":0,"event_name":"betterStone:BetterStone","floor":20,"gold_loss":0},{"damage_healed":0,"gold_gain":0,"player_choice":"Bet on Murderer","damage_taken":0,"max_hp_gain":0,"max_hp_loss":0,"event_name":"The Joust","floor":28,"gold_loss":50}],"is_beta":false,"boss_relics":[{"not_picked":["Velvet Choker","conspire:RunicOctahedron"],"picked":"Pandora\u0027s Box"}],"items_purged_floors":[],"is_endless":false,"potions_floor_spawned":[1,8,10,12,13,14,21,24,29],"killed_by":"conspire:HollyBat","ascension_level":1}}