{"host":"usewcu4ohw2wtmxk","time":1607998629,"event":{"mods":["AchievementEnabler","BaseMod","BetterRewards","Colored Powertips","Minty Spire (QoL Compilation)","Permanent Neow","Quick Restart","Relic Sorter","Relic Stats","Shop Mod","StSLib"],"gold_per_floor":[118,43,54,54,70,105,105,130,130,130,171,245,261,261,261,355,355,328,253,268,281,281,281,619,190,190,224,248,268,268,183,183,183,183],"floor_reached":33,"playtime":1164,"items_purged":["Strike_G","Strike_G"],"score":690,"play_id":"1d255673-d29a-4161-aede-1cc8918faa22","local_time":"20201215101709","is_ascension_mode":true,"campfire_choices":[{"data":"Apotheosis","floor":7.0,"key":"SMITH"},{"data":"Neutralize","floor":10.0,"key":"SMITH"},{"data":"Tactician","floor":15.0,"key":"SMITH"},{"floor":23.0,"key":"REST"},{"data":"Acrobatics","floor":32,"key":"SMITH"}],"circlet_count":0,"master_deck":["AscendersBane","Strike_G","Defend_G","Defend_G","Defend_G","Defend_G","Defend_G","Survivor","Neutralize+1","Apotheosis+1","Dagger Spray","Terror","Dash","Backflip","Tactician+1","Adrenaline","Acrobatics+1","Venomology","Heel Hook","Backflip","Flechettes+1","Tactician","Cloak And Dagger","Eviscerate"],"relics":["Ring of the Snake","Golden Idol","Singing Bowl","InkBottle","Vajra","MealTicket","Black Star","Old Coin","Anchor","Orrery","Pantograph","Bag of Preparation","Lantern","Bag of Marbles"],"acts_visited":["Exordium","TheCity"],"potions_floor_usage":[33],"damage_taken":[{"damage":2.0,"enemies":"Small Slimes","floor":1.0,"turns":5.0},{"damage":3.0,"enemies":"2 Louse","floor":3.0,"turns":5.0},{"damage":0.0,"enemies":"Cultist","floor":5.0,"turns":3.0},{"damage":16.0,"enemies":"Gremlin Nob","floor":6.0,"turns":4.0},{"damage":1.0,"enemies":"Exordium Wildlife","floor":8.0,"turns":3.0},{"damage":3.0,"enemies":"3 Sentries","floor":11.0,"turns":8.0},{"damage":10.0,"enemies":"Gremlin Nob","floor":12.0,"turns":4.0},{"damage":0.0,"enemies":"Looter","floor":13.0,"turns":3.0},{"damage":5.0,"enemies":"Hexaghost","floor":16.0,"turns":11.0},{"damage":10.0,"enemies":"2 Thieves","floor":18.0,"turns":4.0},{"damage":14.0,"enemies":"Shell Parasite","floor":20.0,"turns":4.0},{"damage":18.0,"enemies":"Shelled Parasite and Fungi","floor":21.0,"turns":5.0},{"damage":0.0,"enemies":"Gremlin Leader","floor":24.0,"turns":7.0},{"damage":0.0,"enemies":"Book of Stabbing","floor":27.0,"turns":4.0},{"damage":0.0,"enemies":"3 Cultists","floor":28.0,"turns":4.0},{"damage":7.0,"enemies":"Snake Plant","floor":29.0,"turns":3.0},{"damage":11,"enemies":"Champ","floor":33,"turns":8}],"seed_played":"1655135427166571726","potions_obtained":[{"floor":5.0,"key":"Energy Potion"},{"floor":11.0,"key":"Explosive Potion"},{"floor":12.0,"key":"Swift Potion"},{"floor":13.0,"key":"AttackPotion"},{"floor":16.0,"key":"CunningPotion"}],"is_trial":false,"path_per_floor":["M","$","M","?","M","E","R","M","T","R","E","?","M","?","R","B",null,"M","?","M","M","?","R","E","$","T","E","M","M","?","?","R","B"],"character_chosen":"THE_SILENT","items_purchased":["Anchor","Orrery"],"campfire_rested":1,"item_purchase_floors":[25,25],"current_hp_per_floor":[57,57,54,54,54,38,38,37,37,37,36,28,28,28,28,23,49,39,39,25,9,9,27,27,44,44,46,48,41,41,41,41,55,55],"gold":183,"neow_bonus":"RANDOM_COLORLESS_2","is_daily":false,"chose_seed":false,"campfire_upgraded":4,"win_rate":0.0,"timestamp":1607998629,"path_taken":["M","$","M","?","M","E","R","M","T","R","E","?","M","?","R","BOSS","M","?","M","M","?","R","E","$","T","E","?","M","?","?","R","BOSS"],"items_purchased_type":["Relic","Relic"],"build_version":"2020-12-13","purchased_purges":2,"victory":false,"max_hp_per_floor":[60,60,60,54,54,54,54,54,54,54,56,58,58,58,58,58,58,58,58,58,60,60,60,60,62,62,64,66,66,66,66,66,66,66],"relic_stats":{"Singing Bowl":12,"counters":[17,85],"Golden Idol":112,"Pantograph":25,"MealTicket":15,"Black Star":2,"Bag of Preparation":[6],"obtain_stats":[{"Lantern":27,"Singing Bowl":6,"Golden Idol":4,"Vajra":11,"Bag of Preparation":27,"Old Coin":24,"Anchor":25,"Pantograph":26,"Orrery":25,"MealTicket":12,"Black Star":17,"Bag of Marbles":31,"InkBottle":9,"Ring of the Snake":0},{"Lantern":14,"Singing Bowl":4,"Golden Idol":2,"Vajra":6,"Bag of Preparation":14,"Old Coin":13,"Anchor":13,"Pantograph":13,"Orrery":13,"MealTicket":6,"Black Star":9,"Bag of Marbles":16,"InkBottle":5,"Ring of the Snake":0},{"Lantern":70,"Singing Bowl":17,"Golden Idol":10,"Vajra":28,"Bag of Preparation":70,"Old Coin":66,"Anchor":66,"Pantograph":66,"Orrery":66,"MealTicket":28,"Black Star":46,"Bag of Marbles":77,"InkBottle":20,"Ring of the Snake":0}],"InkBottle":[26],"Ring of the Snake":[34]},"card_choices":[{"not_picked":["Secret Weapon","Sadistic Nature"],"picked":"Apotheosis","floor":0.0},{"not_picked":["Acrobatics","Concentrate"],"picked":"Dagger Spray","floor":1.0},{"not_picked":["Escape Plan","Dagger Throw"],"picked":"Terror","floor":3.0},{"not_picked":["Dodge and Roll","Leg Sweep","PiercingWail"],"picked":"SKIP","floor":5.0},{"not_picked":["Heel Hook","Outmaneuver"],"picked":"Dash","floor":6.0},{"not_picked":["Choke","Dagger Spray"],"picked":"Backflip","floor":8.0},{"not_picked":["Flechettes","Unload","Skewer"],"picked":"Singing Bowl","floor":11.0},{"not_picked":["Dagger Spray","Deadly Poison","Dodge and Roll"],"picked":"Singing Bowl","floor":12.0},{"not_picked":["Crippling Poison","Sucker Punch"],"picked":"Tactician","floor":13.0},{"not_picked":["Tools of the Trade","A Thousand Cuts"],"picked":"Adrenaline","floor":16.0},{"not_picked":["Finisher","Dagger Spray+1"],"picked":"Masterful Stab","floor":18.0},{"not_picked":["Flying Knee","Outmaneuver"],"picked":"Acrobatics","floor":20.0},{"not_picked":["Terror","Flying Knee","Sucker Punch+1"],"picked":"Singing Bowl","floor":21.0},{"not_picked":["Bane","Distraction"],"picked":"Heel Hook","floor":24.0},{"not_picked":["Predator","Dagger Throw"],"picked":"Backflip","floor":25.0},{"not_picked":["Flying Knee","Backflip"],"picked":"Flechettes+1","floor":25.0},{"not_picked":["Deflect","Outmaneuver"],"picked":"Tactician","floor":25.0},{"not_picked":["Dagger Spray","Blur","Skewer"],"picked":"Singing Bowl","floor":25.0},{"not_picked":["Tools of the Trade","Quick Slash"],"picked":"Cloak And Dagger","floor":25.0},{"not_picked":["Outmaneuver","Underhanded Strike","Choke"],"picked":"Singing Bowl","floor":27.0},{"not_picked":["Endless Agony","Catalyst","Distraction"],"picked":"Singing Bowl","floor":28.0},{"not_picked":["Catalyst+1","Noxious Fumes"],"picked":"Eviscerate","floor":29}],"player_experience":254593,"relics_obtained":[{"floor":6.0,"key":"Singing Bowl"},{"floor":9.0,"key":"InkBottle"},{"floor":11.0,"key":"Vajra"},{"floor":24.0,"key":"Old Coin"},{"floor":26.0,"key":"Pantograph"},{"floor":27.0,"key":"Bag of Preparation"},{"floor":27.0,"key":"Lantern"}],"event_choices":[{"damage_healed":0.0,"max_hp_gain":0.0,"max_hp_loss":6.0,"gold_gain":0.0,"event_name":"Golden Idol","player_choice":"Lose Max HP","floor":4.0,"gold_loss":0.0,"damage_taken":0.0,"relics_obtained":["Golden Idol"]},{"damage_healed":0.0,"max_hp_gain":0.0,"max_hp_loss":0.0,"gold_gain":0.0,"event_name":"Dead Adventurer","player_choice":"Searched \u00272\u0027 times","floor":12.0,"gold_loss":0.0,"damage_taken":0.0,"relics_obtained":["MealTicket"]},{"damage_healed":0.0,"max_hp_gain":0.0,"max_hp_loss":0.0,"gold_gain":0.0,"event_name":"Liars Game","player_choice":"Ignored","floor":14.0,"gold_loss":0.0,"damage_taken":0.0},{"cards_removed":["Strike_G"],"damage_healed":0.0,"max_hp_gain":0.0,"max_hp_loss":0.0,"gold_gain":0.0,"event_name":"Beggar","player_choice":"Gave Gold","floor":19.0,"gold_loss":75.0,"damage_taken":0.0},{"damage_healed":0.0,"max_hp_gain":0.0,"max_hp_loss":0.0,"gold_gain":0.0,"cards_transformed":["Masterful Stab"],"event_name":"Transmorgrifier","player_choice":"Transformed","floor":22.0,"gold_loss":0.0,"damage_taken":0.0,"cards_obtained":["Venomology"]},{"cards_removed":["Strike_G"],"damage_healed":0,"gold_gain":0,"player_choice":"Elegance","damage_taken":0,"max_hp_gain":0,"max_hp_loss":0,"event_name":"Back to Basics","floor":30,"gold_loss":0},{"damage_healed":0,"gold_gain":0,"player_choice":"Obtained Relic","damage_taken":0,"relics_obtained":["Bag of Marbles"],"max_hp_gain":0,"max_hp_loss":0,"event_name":"Addict","floor":31,"gold_loss":85}],"is_beta":false,"boss_relics":[{"not_picked":["Ectoplasm","SlaversCollar"],"picked":"Black Star"}],"items_purged_floors":[2,25],"is_endless":false,"potions_floor_spawned":[5,11,12,13,16,20,28,29],"killed_by":"Champ","ascension_level":20}}