{"host":"irtkyucquvte0m2t","time":1607996346,"event":{"mods":["BaseMod","Better Note","BetterRewards","Colored Map","Colored Powertips","Downfall","Minty Spire (QoL Compilation)","Quick Restart","Rare Cards Sparkle","StSLib","everything is the same but u backflip on backflip"],"gold_per_floor":[99,116,131,56,68,88,88,88,102,102,102,116,129,129,145,246,296,296,312,325,325,325,354,354,354,354,372,392,408,408,427,443,443,443],"floor_reached":33,"playtime":1853,"items_purged":[],"score":290,"play_id":"bc452702-a918-4a22-a684-59d34de517fb","local_time":"20201214203906","is_ascension_mode":false,"campfire_choices":[{"floor":1,"key":"RECALL"},{"data":"Slimebound:CorrosiveSpit","floor":4,"key":"SMITH"},{"data":"Slimebound:Split","floor":8,"key":"SMITH"},{"data":"Slimebound:SplitAcid","floor":10,"key":"SMITH"},{"data":"Slimebound:FinishingTackle","floor":18,"key":"SMITH"},{"data":"Slimebound:Defend_Slimebound","floor":21,"key":"SMITH"},{"data":"Slimebound:Defend_Slimebound","floor":26,"key":"SMITH"}],"circlet_count":0,"master_deck":["Slimebound:Strike_Slimebound","Slimebound:Strike_Slimebound","Slimebound:Tackle","Slimebound:Defend_Slimebound+1","Slimebound:Defend_Slimebound+1","Slimebound:Defend_Slimebound","Slimebound:Defend_Slimebound+1","Slimebound:Split+1","Slimebound:CorrosiveSpit+1","Slimebound:FinishingTackle+1","Slimebound:PressTheAttack","Slimebound:Nibble","Slimebound:SamplingLick","Slimebound:SplitAcid+1","Slimebound:LeechLife","Slimebound:AcidTongue","Slimebound:RollThrough","Slimebound:OneTwoCombo","Slimebound:RejuvenatingLick","Slimebound:LeechEnergy+1","Slimebound:GoopSpray","Slimebound:Chomp","Slimebound:SlimeSpikes+1","Slimebound:Nibble","Slimebound:LeadByExample","Slimebound:SamplingLick","Slimebound:Equalize"],"relics":["Slimebound:AbsorbEndCombat","downfall:HeartBlessingRed","Bottled Flame","Tiny House","Mango","Torii","Blood Vial","MutagenicStrength"],"acts_visited":["Exordium","TheCity"],"potions_floor_usage":[16,16,16,19,20,29,32],"damage_taken":[{"damage":7,"enemies":"2 Louse","floor":2,"turns":2},{"damage":7,"enemies":"Cultist","floor":3,"turns":4},{"damage":6,"enemies":"Jaw Worm","floor":5,"turns":3},{"damage":12,"enemies":"Exordium Thugs","floor":6,"turns":3},{"damage":11,"enemies":"Blue Slaver","floor":9,"turns":3},{"damage":0,"enemies":"2 Fungi Beasts","floor":12,"turns":2},{"damage":9,"enemies":"3 Louse","floor":13,"turns":2},{"damage":13,"enemies":"Large Slime","floor":15,"turns":4},{"damage":55,"enemies":"downfall:Silent","floor":16,"turns":7},{"damage":12,"enemies":"Spheric Guardian","floor":19,"turns":3},{"damage":28,"enemies":"Centurion and Healer","floor":20,"turns":4},{"damage":41,"enemies":"Gremlin Leader","floor":23,"turns":8},{"damage":25,"enemies":"Cultist and Chosen","floor":27,"turns":6},{"damage":29,"enemies":"Snake Plant","floor":28,"turns":4},{"damage":44,"enemies":"Sentry and Sphere","floor":29,"turns":6},{"damage":14,"enemies":"Cultist and Chosen","floor":31,"turns":3},{"damage":6,"enemies":"Centurion and Healer","floor":32,"turns":3},{"damage":38,"enemies":"downfall:Watcher","floor":33,"turns":5}],"seed_played":"-8878170851020047129","potions_obtained":[{"floor":3,"key":"Strength Potion"},{"floor":9,"key":"SteroidPotion"},{"floor":15,"key":"BlessingOfTheForge"},{"floor":16,"key":"Ancient Potion"},{"floor":17,"key":"Slimebound:ThreeZeroPotion"},{"floor":19,"key":"hexamod:EctoCoolerPotion"},{"floor":28,"key":"FearPotion"},{"floor":29,"key":"GamblersBrew"}],"is_trial":false,"path_per_floor":["R","M","M","R","M","M","T","R","M","R","?","M","M","?","M","B",null,"R","M","M","R","T","E","T","?","R","M","M","M","?","M","M","B"],"character_chosen":"SLIMEBOUND","items_purchased":[],"campfire_rested":0,"item_purchase_floors":[],"current_hp_per_floor":[66,65,64,64,64,66,66,66,64,64,64,66,66,66,66,49,71,71,71,71,71,85,85,85,85,85,78,67,47,47,59,77,52,52],"gold":443,"neow_bonus":"TEN_PERCENT_HP_BONUS","is_daily":false,"chose_seed":false,"campfire_upgraded":6,"win_rate":0.0,"timestamp":1607996346,"path_taken":["R","M","M","R","M","M","T","R","M","R","?","M","?","?","M","BOSS","R","?","?","R","?","E","T","?","R","M","M","?","?","M","M","BOSS"],"items_purchased_type":[],"build_version":"2020-12-13","purchased_purges":0,"victory":false,"max_hp_per_floor":[66,66,66,66,66,66,66,66,66,66,66,66,66,66,66,66,71,71,71,71,71,85,85,85,85,85,85,85,85,85,85,85,85,85],"card_choices":[{"not_picked":["Slimebound:SplitMire","Slimebound:DisruptingSlam"],"picked":"Slimebound:FinishingTackle","floor":2},{"not_picked":["Slimebound:GrowthPunch","Slimebound:SlimeBrawl"],"picked":"Slimebound:PressTheAttack","floor":3},{"not_picked":["Slimebound:ViciousTackle","Slimebound:SplitLeeching"],"picked":"Slimebound:Nibble","floor":5},{"not_picked":["Slimebound:LeechEnergy","Slimebound:TongueLash"],"picked":"Slimebound:SamplingLick","floor":6},{"not_picked":["Slimebound:SplitMire","Slimebound:PressTheAttack"],"picked":"Slimebound:SplitAcid","floor":9},{"not_picked":["Slimebound:ComboTackle","Slimebound:ForwardTackle"],"picked":"Slimebound:LeechLife","floor":12},{"not_picked":["Slimebound:GrowthPunch","Slimebound:Schlurp"],"picked":"Slimebound:AcidTongue","floor":13},{"not_picked":["Slimebound:PressTheAttack","Slimebound:LeechingTouch","Slimebound:SplitBruiser"],"picked":"SKIP","floor":15},{"not_picked":["Slimebound:Teamwork","Slimebound:SlimeSlap"],"picked":"Slimebound:OneTwoCombo","floor":16},{"not_picked":["Slimebound:SplitAcid","Slimebound:SplitMire"],"picked":"Slimebound:RejuvenatingLick","floor":17},{"not_picked":["Slimebound:ViciousTackle","Slimebound:FirmFortitude"],"picked":"Slimebound:LeechEnergy+1","floor":19},{"not_picked":["Slimebound:SplitBruiser","Slimebound:SlimeBrawl"],"picked":"Slimebound:GoopSpray","floor":20},{"not_picked":["Slimebound:LeechEnergy","Slimebound:DisruptingSlam"],"picked":"Slimebound:Chomp","floor":23},{"not_picked":["Slimebound:SplitLeeching+1","Slimebound:Recollect"],"picked":"Slimebound:Nibble","floor":27},{"not_picked":["Slimebound:LeechLife","Slimebound:Schlurp+1"],"picked":"Slimebound:LeadByExample","floor":28},{"not_picked":["Slimebound:GoopTackle","Slimebound:RollThrough"],"picked":"Slimebound:SamplingLick","floor":29},{"not_picked":["Slimebound:GoopSpray+1","Slimebound:ViciousTackle","Slimebound:LeechingTouch"],"picked":"SKIP","floor":31},{"not_picked":["Slimebound:LeechingTouch","Slimebound:FinishingTackle"],"picked":"Slimebound:Equalize","floor":32}],"player_experience":1373922,"relics_obtained":[{"floor":7,"key":"Bottled Flame"},{"floor":22,"key":"Mango"},{"floor":23,"key":"Torii"},{"floor":24,"key":"Blood Vial"}],"event_choices":[{"cards_removed":["Slimebound:Strike_Slimebound"],"damage_healed":0,"gold_gain":0,"player_choice":"Offered Basic","damage_taken":0,"max_hp_gain":0,"max_hp_loss":0,"event_name":"Bonfire Elementals","floor":11,"gold_loss":0},{"cards_removed":["Slimebound:LeechLife"],"damage_healed":0,"gold_gain":0,"player_choice":"Take \u0026 Give","damage_taken":0,"max_hp_gain":0,"max_hp_loss":0,"event_name":"betterNote:BetterNote","floor":25,"gold_loss":0,"cards_obtained":["Slimebound:SlimeSpikes"]},{"damage_healed":0,"gold_gain":0,"player_choice":"Inject Mutagens","damage_taken":0,"relics_obtained":["MutagenicStrength"],"max_hp_gain":0,"max_hp_loss":0,"event_name":"Drug Dealer","floor":30,"gold_loss":0}],"is_beta":false,"boss_relics":[{"not_picked":["Ectoplasm","Snecko Eye"],"picked":"Tiny House"}],"items_purged_floors":[],"is_endless":false,"potions_floor_spawned":[3,9,15,16,19,28,29],"killed_by":"downfall:Watcher","ascension_level":0}}