{"host":"nn0usk9aafse27ii","time":1607992639,"event":{"mods":["Act Like it!","BaseMod","Colored Map","Highlight Path","Minty Spire (QoL Compilation)","Replay The Spire","Shop Mod","StSLib"],"gold_per_floor":[119,131,148,148,148,173,173,173,173,173,173,187,187,203,222,234,234,334,334,350,360,54,74,74,74,74,74],"floor_reached":26,"playtime":2289,"items_purged":[],"score":210,"play_id":"fcfa37ae-9ac2-484d-8e6d-faedc6f91ff4","local_time":"20201214163719","is_ascension_mode":false,"campfire_choices":[{"floor":10.0,"key":"REST"},{"data":"Replay:Many Hands","floor":17.0,"key":"SMITH"},{"floor":25,"key":"REST"}],"circlet_count":0,"master_deck":["Strike_R","Defend_R","Defend_R","Defend_R","Defend_R","Replay:Many Hands+1","Cleave","True Grit","Armaments","Survivor","Neutralize","Iron Wave","Sentinel","Infernal Blade","Combust","ReplayTheSpireMod:Stacked","Pommel Strike","Exhume","Writhe","Injury","Clumsy","Life Link","Flame Barrier+1","Replay:Undeath\u0027s Touch+1","Heavy Blade"],"relics":["Burning Blood","Ginger","Incense Burner","Replay:Ancient Bell","Pen Nib","Matryoshka","Gambling Chip","Replay:PocketPolymizer"],"acts_visited":["TheCity"],"potions_floor_usage":[26],"damage_taken":[{"damage":7.0,"enemies":"Small Slimes","floor":1.0,"turns":5.0},{"damage":2.0,"enemies":"2 Louse","floor":2.0,"turns":3.0},{"damage":0.0,"enemies":"Cultist","floor":3.0,"turns":3.0},{"damage":53.0,"enemies":"Gremlin Nob","floor":6.0,"turns":6.0},{"damage":1.0,"enemies":"Red Slaver","floor":12.0,"turns":6.0},{"damage":2.0,"enemies":"Large Slime","floor":14.0,"turns":7.0},{"damage":13.0,"enemies":"Gremlin Gang","floor":15.0,"turns":4.0},{"damage":1.0,"enemies":"3 Louse","floor":16.0,"turns":3.0},{"damage":39.0,"enemies":"Slime Boss","floor":18.0,"turns":13.0},{"damage":21.0,"enemies":"2 Thieves","floor":20.0,"turns":5.0},{"damage":32.0,"enemies":"Shell Parasite","floor":21.0,"turns":6.0},{"damage":25,"enemies":"Snake Plant","floor":23,"turns":5},{"damage":44,"enemies":"Gremlin Leader","floor":26,"turns":5}],"seed_played":"246931524655850253","potions_obtained":[{"floor":1.0,"key":"Doom Potion"},{"floor":6.0,"key":"Fire Potion"},{"floor":16.0,"key":"AttackPotion"},{"floor":23,"key":"FearPotion"}],"is_trial":false,"path_per_floor":["M","M","M","?","?","E","PTL","PTL","?","R","T","M","$","M","M","M","R","B",null,"M","M","$","M","$","R","E"],"character_chosen":"IRONCLAD","items_purchased":["Replay:PocketPolymizer"],"campfire_rested":2,"item_purchase_floors":[22],"current_hp_per_floor":[79,80,80,80,73,26,26,26,26,50,50,55,55,59,52,57,57,24,80,65,39,39,20,20,44,0,0],"gold":74,"neow_bonus":"TRANSFORM_CARD","is_daily":false,"chose_seed":false,"campfire_upgraded":1,"win_rate":0.0,"timestamp":1607992639,"path_taken":["M","M","M","?","?","E","PTL","PTL","?","R","T","M","$","M","?","M","R","BOSS","M","M","$","M","?","R","E"],"items_purchased_type":["Relic"],"build_version":"2020-12-13","purchased_purges":0,"victory":false,"max_hp_per_floor":[80,80,80,80,80,80,80,80,80,80,80,80,80,80,80,80,80,80,80,80,80,80,80,80,80,80,80],"card_choices":[{"not_picked":["Searing Blow","Heavy Blade"],"picked":"Cleave","floor":1.0},{"not_picked":["Replay:Undeath\u0027s Touch","Sword Boomerang"],"picked":"True Grit","floor":2.0},{"not_picked":["Body Slam","Replay:Undeath\u0027s Touch"],"picked":"Armaments","floor":3.0},{"not_picked":["Disarm","Heavy Blade"],"picked":"Iron Wave","floor":6.0},{"not_picked":["Sentinel","Carnage"],"picked":"Infernal Blade","floor":12.0},{"not_picked":["Flex","Wild Strike"],"picked":"Combust","floor":14.0},{"not_picked":["Warcry","Pommel Strike"],"picked":"ReplayTheSpireMod:Stacked","floor":15.0},{"not_picked":["True Grit","Clash"],"picked":"Pommel Strike","floor":16.0},{"not_picked":["Limit Break","Feed"],"picked":"Exhume","floor":18.0},{"not_picked":["Normality","ReplayTheSpireMod:Restless Dread"],"picked":"Writhe","floor":19.0},{"not_picked":["Shame","Overencumbered"],"picked":"Injury","floor":19.0},{"not_picked":["Languid","AbeCurse"],"picked":"Clumsy","floor":19.0},{"not_picked":["Rampage","Blood for Blood"],"picked":"Life Link","floor":20.0},{"not_picked":["Armaments","Iron Wave"],"picked":"Flame Barrier+1","floor":21.0},{"not_picked":["Massacre+1","Shrug It Off"],"picked":"Replay:Undeath\u0027s Touch+1","floor":23}],"player_experience":264169,"relics_obtained":[{"floor":6.0,"key":"Ginger"},{"floor":11.0,"key":"Incense Burner"}],"event_choices":[{"cards_removed":["Strike_R"],"damage_healed":0.0,"max_hp_gain":0.0,"max_hp_loss":0.0,"gold_gain":0.0,"event_name":"Golden Wing","player_choice":"Card Removal","floor":5.0,"gold_loss":0.0,"damage_taken":7.0},{"damage_healed":0.0,"max_hp_gain":0.0,"max_hp_loss":0.0,"gold_gain":0.0,"cards_transformed":["Strike_R"],"event_name":"Transmorgrifier","player_choice":"Transformed","floor":9.0,"gold_loss":0.0,"damage_taken":0.0,"cards_obtained":["Sentinel"]}],"is_beta":false,"boss_relics":[{"not_picked":["Replay:Bronze Core","Runic Dome"],"picked":"Replay:Ancient Bell"},{"not_picked":["ReplayTheSpireMod:Lightbulb","ReplayTheSpireMod:Spearhead"],"picked":"Pen Nib"},{"not_picked":["Replay:Bottled Eggs","Replay:Bottled Snecko"],"picked":"Matryoshka"},{"not_picked":["StoneCalendar","Charon\u0027s Ashes"],"picked":"Gambling Chip"}],"items_purged_floors":[],"is_endless":false,"potions_floor_spawned":[1,6,16,23],"killed_by":"Gremlin Leader","ascension_level":0}}