{"host":"w7o06k3e8uel8euj","time":1607999345,"event":{"mods":["AchievementEnabler","BaseMod","Colored Powertips","Custom Start","DeckTracker","Keyboard Shortcuts","Minty Spire (QoL Compilation)","Quick Restart","Relic Stats","StSLib","SuperFastMode","everything is the same but u backflip on backflip"],"gold_per_floor":[109,109,284,209,209,241,253,253,253,269,12,44,44,59,59,154,154,166,41,41,61,160,160,188,188,188,188,188,40,66,76,76,172,172,188,198,35,82,98,98,131,131,131,149,182,92,92,92],"floor_reached":47,"playtime":1006,"items_purged":["Doubt","Defend_P","Strike_P","Pain","Regret"],"score":963,"play_id":"dd0b28a7-2a9f-4c7a-b6c2-d8f91ac877cd","local_time":"20201215112905","is_ascension_mode":true,"campfire_choices":[{"data":"Eruption","floor":8.0,"key":"SMITH"},{"data":"Alpha","floor":15.0,"key":"SMITH"},{"data":"Omniscience","floor":23.0,"key":"SMITH"},{"data":"MentalFortress","floor":25.0,"key":"SMITH"},{"data":"Adaptation","floor":32.0,"key":"SMITH"},{"data":"Scrawl","floor":40.0,"key":"SMITH"},{"data":"Vault","floor":42.0,"key":"SMITH"}],"circlet_count":0,"master_deck":["AscendersBane","Strike_P","Strike_P","Defend_P","Defend_P","Defend_P","Eruption+1","Vigilance","EmptyFist","Alpha+1","Indignation","WheelKick","MentalFortress+1","Omniscience+1","Scrawl+1","MentalFortress","Adaptation+1","Vault+1","InnerPeace+1","FearNoEvil"],"relics":["PureWater","NeowsBlessing","GoldenEye","Meat on the Bone","Medical Kit","Dream Catcher","Cursed Key","Ornamental Fan","Eternal Feather","Yang","Membership Card","Shuriken","Sozu","Orrery","Unceasing Top","Gambling Chip","Incense Burner"],"acts_visited":["Exordium","TheCity","TheBeyond"],"potions_floor_usage":[],"damage_taken":[{"damage":0.0,"enemies":"Jaw Worm","floor":1.0,"turns":1.0},{"damage":0.0,"enemies":"Gremlin Nob","floor":6.0,"turns":1.0},{"damage":0.0,"enemies":"Cultist","floor":7.0,"turns":1.0},{"damage":7.0,"enemies":"Small Slimes","floor":10.0,"turns":2.0},{"damage":16.0,"enemies":"Lagavulin","floor":12.0,"turns":4.0},{"damage":6.0,"enemies":"Blue Slaver","floor":14.0,"turns":4.0},{"damage":24.0,"enemies":"Hexaghost","floor":16.0,"turns":5.0},{"damage":11.0,"enemies":"Chosen","floor":18.0,"turns":4.0},{"damage":15.0,"enemies":"3 Byrds","floor":21.0,"turns":3.0},{"damage":20.0,"enemies":"Gremlin Leader","floor":24.0,"turns":3.0},{"damage":26.0,"enemies":"Slavers","floor":30.0,"turns":2.0},{"damage":14.0,"enemies":"3 Cultists","floor":31.0,"turns":5.0},{"damage":41.0,"enemies":"Champ","floor":33.0,"turns":5.0},{"damage":19.0,"enemies":"3 Shapes","floor":35.0,"turns":6.0},{"damage":7.0,"enemies":"3 Darklings","floor":36.0,"turns":2.0},{"damage":7.0,"enemies":"2 Orb Walkers","floor":38.0,"turns":2.0},{"damage":31.0,"enemies":"Transient","floor":39.0,"turns":6.0},{"damage":7.0,"enemies":"Giant Head","floor":41.0,"turns":8.0},{"damage":0,"enemies":"4 Shapes","floor":44,"turns":1},{"damage":0,"enemies":"Reptomancer","floor":45,"turns":2},{"damage":65,"enemies":"Writhing Mass","floor":47,"turns":5}],"seed_played":"8667375645398817039","potions_obtained":[{"floor":1.0,"key":"CultistPotion"},{"floor":6.0,"key":"Strength Potion"},{"floor":7.0,"key":"BottledMiracle"},{"floor":16.0,"key":"BottledMiracle"},{"floor":21.0,"key":"LiquidMemories"},{"floor":30.0,"key":"AttackPotion"},{"floor":33.0,"key":"Fire Potion"}],"is_trial":false,"path_per_floor":["M","?","?","$","?","E","M","R","T","M","$","E","$","M","R","B",null,"M","$","?","M","?","R","E","R","T","T","T","$","E","M","R","B",null,"M","M","$","?","M","R","E","R","T","M","E","?","M"],"character_chosen":"WATCHER","items_purchased":["Medical Kit","Membership Card","Scrawl","Orrery"],"campfire_rested":0,"item_purchase_floors":[11,29,29,37],"current_hp_per_floor":[65,65,65,65,70,70,70,70,70,63,63,47,47,41,41,29,65,54,54,54,39,39,39,31,31,31,31,31,31,17,15,24,35,67,48,41,41,46,27,39,44,56,56,56,56,56,0,0],"gold":92,"neow_bonus":"THREE_ENEMY_KILL","is_daily":false,"chose_seed":false,"campfire_upgraded":7,"win_rate":0.0,"timestamp":1607999345,"path_taken":["M","?","?","$","?","E","M","R","T","?","$","E","?","M","R","BOSS","M","$","?","M","?","R","E","R","T","?","?","$","E","M","R","BOSS","M","M","$","?","M","R","E","R","T","M","E","?","M"],"items_purchased_type":["Relic","Relic","Card","Relic"],"build_version":"2020-12-13","purchased_purges":5,"victory":false,"max_hp_per_floor":[72,72,72,72,77,77,77,77,77,77,77,77,77,77,77,77,77,77,77,77,77,77,77,77,77,77,77,77,77,77,77,77,77,77,77,77,77,77,77,77,77,77,77,77,77,77,77,77],"relic_stats":{"counters":[21,72],"Eternal Feather":33,"Yang":[49],"GoldenEye":[0],"Medical Kit":[8],"Cursed Key":3,"Sozu":3,"Dream Catcher":0,"Ornamental Fan":[24],"Shuriken":[6],"Gambling Chip":[7],"obtain_stats":[{"NeowsBlessing":0,"Eternal Feather":27,"Yang":28,"Incense Burner":45,"GoldenEye":6,"Medical Kit":11,"Cursed Key":17,"Sozu":34,"Dream Catcher":12,"Ornamental Fan":24,"Shuriken":30,"Gambling Chip":41,"Orrery":37,"WingedGreaves":18,"Membership Card":29,"PureWater":0,"Unceasing Top":38,"Meat on the Bone":9},{"NeowsBlessing":0,"Eternal Feather":10,"Yang":10,"Incense Burner":20,"GoldenEye":2,"Medical Kit":4,"Cursed Key":7,"Sozu":13,"Dream Catcher":5,"Ornamental Fan":10,"Shuriken":11,"Gambling Chip":18,"Orrery":15,"WingedGreaves":8,"Membership Card":10,"PureWater":0,"Unceasing Top":16,"Meat on the Bone":3},{"NeowsBlessing":0,"Eternal Feather":28,"Yang":28,"Incense Burner":67,"GoldenEye":2,"Medical Kit":5,"Cursed Key":18,"Sozu":40,"Dream Catcher":9,"Ornamental Fan":28,"Shuriken":30,"Gambling Chip":64,"Orrery":48,"WingedGreaves":22,"Membership Card":28,"PureWater":0,"Unceasing Top":50,"Meat on the Bone":3}],"Unceasing Top":[0],"Meat on the Bone":96},"card_choices":[{"not_picked":["ReachHeaven","FollowUp"],"picked":"EmptyFist","floor":1.0},{"not_picked":["Study","Perseverance"],"picked":"Indignation","floor":6.0},{"not_picked":["SandsOfTime","ReachHeaven"],"picked":"WheelKick","floor":7.0},{"not_picked":["Swivel","Prostrate"],"picked":"MentalFortress","floor":10.0},{"not_picked":["PathToVictory","Consecrate","DevaForm"],"picked":"SKIP","floor":12.0},{"not_picked":["BowlingBash","CrushJoints","CutThroughFate"],"picked":"SKIP","floor":14.0},{"not_picked":["Alpha","SpiritShield"],"picked":"Omniscience","floor":16.0},{"not_picked":["ClearTheMind","Fasting2+1","Study"],"picked":"SKIP","floor":18.0},{"not_picked":["ClearTheMind","Fasting2+1","Study"],"picked":"SKIP","floor":18.0},{"not_picked":["Prostrate+1","Worship","BattleHymn"],"picked":"SKIP","floor":21.0},{"not_picked":["EmptyFist+1","CarveReality+1","JustLucky"],"picked":"SKIP","floor":24.0},{"not_picked":["Protect+1","Swivel"],"picked":"MentalFortress","floor":30.0},{"not_picked":["WheelKick","WaveOfTheHand"],"picked":"Adaptation","floor":31.0},{"not_picked":["Wish","Judgement"],"picked":"Vault","floor":33.0},{"not_picked":["FlyingSleeves","JustLucky+1","Protect"],"picked":"SKIP","floor":35.0},{"not_picked":["LikeWater","Nirvana","FollowUp"],"picked":"SKIP","floor":36.0},{"not_picked":["EmptyBody","Weave"],"picked":"InnerPeace","floor":37.0},{"not_picked":["JustLucky","ThirdEye"],"picked":"FearNoEvil","floor":37.0},{"not_picked":["Protect","Swivel+1","Nirvana+1"],"picked":"SKIP","floor":39.0},{"not_picked":["Brilliance","Indignation","JustLucky"],"picked":"SKIP","floor":41.0},{"not_picked":["Halt","Study+1","PathToVictory"],"picked":"SKIP","floor":44},{"not_picked":["Weave+1","FollowUp","Crescendo+1"],"picked":"SKIP","floor":45}],"player_experience":551638,"relics_obtained":[{"floor":6.0,"key":"GoldenEye"},{"floor":9.0,"key":"Meat on the Bone"},{"floor":12.0,"key":"Dream Catcher"},{"floor":24.0,"key":"Ornamental Fan"},{"floor":27.0,"key":"Eternal Feather"},{"floor":28.0,"key":"Yang"},{"floor":30.0,"key":"Shuriken"},{"floor":38.0,"key":"Unceasing Top"},{"floor":41.0,"key":"Gambling Chip"},{"floor":45,"key":"Incense Burner"}],"event_choices":[{"damage_healed":0.0,"max_hp_gain":0.0,"max_hp_loss":0.0,"gold_gain":0.0,"cards_transformed":["Strike_P"],"event_name":"Living Wall","player_choice":"Change","floor":2.0,"gold_loss":0.0,"damage_taken":0.0,"cards_obtained":["Alpha"]},{"damage_healed":0.0,"max_hp_gain":0.0,"max_hp_loss":0.0,"gold_gain":175.0,"event_name":"Liars Game","player_choice":"AGREE","floor":3.0,"gold_loss":0.0,"damage_taken":0.0,"cards_obtained":["Doubt"]},{"damage_healed":0.0,"max_hp_gain":5.0,"max_hp_loss":0.0,"gold_gain":0.0,"event_name":"Big Fish","player_choice":"Donut","floor":5.0,"gold_loss":0.0,"damage_taken":0.0},{"damage_healed":0.0,"max_hp_gain":0.0,"max_hp_loss":0.0,"gold_gain":0.0,"event_name":"Ghosts","player_choice":"Ignored","floor":20.0,"gold_loss":0.0,"damage_taken":0.0},{"damage_healed":0.0,"max_hp_gain":0.0,"max_hp_loss":0.0,"gold_gain":99.0,"event_name":"Nest","player_choice":"Stole From Cult","floor":22.0,"gold_loss":0.0,"damage_taken":0.0},{"damage_healed":0.0,"max_hp_gain":0.0,"max_hp_loss":0.0,"gold_gain":0.0,"event_name":"Mysterious Sphere","player_choice":"Fight","floor":38.0,"gold_loss":0.0,"damage_taken":0.0},{"cards_removed":["Doubt"],"damage_healed":0,"gold_gain":0,"player_choice":"Upgrade and Remove","damage_taken":0,"max_hp_gain":0,"max_hp_loss":0,"event_name":"Designer","floor":46,"gold_loss":90,"cards_upgraded":["InnerPeace"]}],"is_beta":false,"boss_relics":[{"not_picked":["Calling Bell","Velvet Choker"],"picked":"Cursed Key"},{"not_picked":["Fusion Hammer","Snecko Eye"],"picked":"Sozu"}],"items_purged_floors":[4,11,19,29,37],"is_endless":false,"potions_floor_spawned":[1,6,7,16,18,21,30,33,35,36,44],"killed_by":"Writhing Mass","ascension_level":12}}