{"host":"jx3f6ezc0g3s9edc","time":1607998206,"event":{"mods":["AchievementEnabler","BaseMod","Bestiary","Colored Map","Highlight Path","Minty Spire (QoL Compilation)","StSLib"],"gold_per_floor":[109,59,72,88,88,88,120,131,131,131,150,177,232,232,232,336,336,353,353,366,366,378,378,406,406,406,417,417,428,438,149,149,149,149],"floor_reached":33,"playtime":2536,"items_purged":["Strike_G"],"score":416,"play_id":"1290100c-25a5-4c36-b02a-9aac6d7c3281","local_time":"20201214211006","is_ascension_mode":true,"campfire_choices":[{"data":"Cloak And Dagger","floor":6.0,"key":"SMITH"},{"floor":10.0,"key":"REST"},{"data":"Cloak And Dagger","floor":15.0,"key":"SMITH"},{"floor":23.0,"key":"REST"},{"data":"Envenom","floor":25.0,"key":"SMITH"},{"floor":28.0,"key":"REST"},{"data":"Accuracy","floor":32.0,"key":"SMITH"}],"circlet_count":0,"master_deck":["AscendersBane","Strike_G","Strike_G","Strike_G","Defend_G","Defend_G","Defend_G","Defend_G","Defend_G","Survivor","Neutralize","CurseOfTheBell","Blade Dance","Terror","Cloak And Dagger+1","Cloak And Dagger+1","Accuracy+1","Deadly Poison","Parasite","Envenom+1","Infinite Blades+1","Acrobatics","Catalyst+1","Bane","Blade Dance","PiercingWail+1","Infinite Blades"],"relics":["Calling Bell","Juzu Bracelet","Singing Bowl","Thread and Needle","Bronze Scales","Meat on the Bone","StrikeDummy","Pantograph","Potion Belt","Sozu","Mercury Hourglass","Ornamental Fan","Medical Kit"],"acts_visited":["Exordium","TheCity"],"potions_floor_usage":[],"damage_taken":[{"damage":3.0,"enemies":"Small Slimes","floor":1.0,"turns":5.0},{"damage":2.0,"enemies":"Jaw Worm","floor":3.0,"turns":6.0},{"damage":0.0,"enemies":"2 Louse","floor":4.0,"turns":3.0},{"damage":20.0,"enemies":"3 Sentries","floor":7.0,"turns":10.0},{"damage":11.0,"enemies":"Exordium Thugs","floor":8.0,"turns":5.0},{"damage":6.0,"enemies":"Lots of Slimes","floor":11.0,"turns":4.0},{"damage":8.0,"enemies":"Gremlin Nob","floor":12.0,"turns":3.0},{"damage":13.0,"enemies":"3 Sentries","floor":13.0,"turns":7.0},{"damage":36.0,"enemies":"Slime Boss","floor":16.0,"turns":11.0},{"damage":9.0,"enemies":"Spheric Guardian","floor":18.0,"turns":4.0},{"damage":28.0,"enemies":"2 Thieves","floor":20.0,"turns":4.0},{"damage":6.0,"enemies":"Centurion and Healer","floor":22.0,"turns":5.0},{"damage":41.0,"enemies":"Book of Stabbing","floor":24.0,"turns":4.0},{"damage":23.0,"enemies":"Snecko","floor":27.0,"turns":4.0},{"damage":7.0,"enemies":"Shelled Parasite and Fungi","floor":29.0,"turns":4.0},{"damage":18.0,"enemies":"Snake Plant","floor":30.0,"turns":4.0},{"damage":86,"enemies":"Collector","floor":33,"turns":5}],"seed_played":"-4817992695117300475","potions_obtained":[{"floor":3.0,"key":"FearPotion"},{"floor":7.0,"key":"DistilledChaos"},{"floor":8.0,"key":"SneckoOil"}],"is_trial":false,"path_per_floor":["M","?","M","M","?","R","E","M","T","R","M","E","?","?","R","B",null,"M","?","M","?","M","R","E","R","T","M","R","M","M","$","R","B"],"character_chosen":"THE_SILENT","items_purchased":["Medical Kit","Infinite Blades"],"campfire_rested":3,"item_purchase_floors":[31,31],"current_hp_per_floor":[60,60,58,58,40,40,22,23,23,44,40,44,43,61,61,38,65,56,56,40,40,46,68,39,39,39,28,50,45,39,39,39,0,0],"gold":149,"neow_bonus":"BOSS_RELIC","is_daily":false,"chose_seed":false,"campfire_upgraded":4,"win_rate":0.0,"timestamp":1607998206,"path_taken":["M","?","M","M","?","R","E","M","T","R","M","E","?","?","R","BOSS","M","?","M","?","M","R","E","R","T","M","R","M","M","$","R","BOSS"],"items_purchased_type":["Relic","Card"],"build_version":"2020-12-13","purchased_purges":1,"victory":false,"max_hp_per_floor":[70,70,70,70,70,70,72,72,72,72,74,74,74,74,74,74,74,74,74,74,74,74,74,74,74,74,74,74,76,76,76,76,76,76],"card_choices":[{"not_picked":["Poisoned Stab","Skewer"],"picked":"Blade Dance","floor":1.0},{"not_picked":["Crippling Poison","Footwork"],"picked":"Terror","floor":3.0},{"not_picked":["Prepared","Deadly Poison"],"picked":"Cloak And Dagger","floor":4.0},{"not_picked":["Dodge and Roll","Calculated Gamble","Glass Knife"],"picked":"Singing Bowl","floor":7.0},{"not_picked":["Setup","Outmaneuver"],"picked":"Cloak And Dagger","floor":8.0},{"not_picked":["Cloak And Dagger","Deflect","Slice"],"picked":"Singing Bowl","floor":11.0},{"not_picked":["Bane","Adrenaline"],"picked":"Accuracy","floor":12.0},{"not_picked":["Flying Knee","Dodge and Roll"],"picked":"Deadly Poison","floor":13.0},{"not_picked":["Doppelganger","Phantasmal Killer"],"picked":"Envenom","floor":16.0},{"not_picked":["Underhanded Strike","Sucker Punch"],"picked":"Infinite Blades+1","floor":18.0},{"not_picked":["Prepared","Sucker Punch+1"],"picked":"Acrobatics","floor":20.0},{"not_picked":["Predator","Outmaneuver"],"picked":"Catalyst+1","floor":22.0},{"not_picked":["Quick Slash","Prepared"],"picked":"Bane","floor":24.0},{"not_picked":["Quick Slash+1","Backflip+1"],"picked":"Blade Dance","floor":27.0},{"not_picked":["Bullet Time","Acrobatics+1","Quick Slash"],"picked":"Singing Bowl","floor":29.0},{"not_picked":["Dash","Dodge and Roll"],"picked":"PiercingWail+1","floor":30.0}],"player_experience":672299,"relics_obtained":[{"floor":0.0,"key":"Juzu Bracelet"},{"floor":0.0,"key":"Singing Bowl"},{"floor":0.0,"key":"Thread and Needle"},{"floor":7.0,"key":"Meat on the Bone"},{"floor":9.0,"key":"StrikeDummy"},{"floor":12.0,"key":"Pantograph"},{"floor":13.0,"key":"Potion Belt"},{"floor":24.0,"key":"Mercury Hourglass"},{"floor":26.0,"key":"Ornamental Fan"}],"event_choices":[{"cards_removed":["Strike_G"],"damage_healed":0.0,"max_hp_gain":0.0,"max_hp_loss":0.0,"gold_gain":0.0,"event_name":"The Cleric","player_choice":"Card Removal","floor":2.0,"gold_loss":50.0,"damage_taken":0.0},{"damage_healed":0.0,"max_hp_gain":0.0,"max_hp_loss":0.0,"gold_gain":0.0,"event_name":"Scrap Ooze","player_choice":"Success","floor":5.0,"gold_loss":0.0,"damage_taken":18.0,"relics_obtained":["Bronze Scales"]},{"damage_healed":0.0,"max_hp_gain":0.0,"max_hp_loss":0.0,"gold_gain":0.0,"event_name":"Dead Adventurer","player_choice":"Searched \u00271\u0027 times","floor":13.0,"gold_loss":0.0,"damage_taken":0.0},{"damage_healed":18.0,"max_hp_gain":0.0,"max_hp_loss":0.0,"gold_gain":0.0,"event_name":"Mushrooms","player_choice":"Healed and dodged fight","floor":14.0,"gold_loss":0.0,"damage_taken":0.0,"cards_obtained":["Parasite"]},{"damage_healed":0.0,"max_hp_gain":0.0,"max_hp_loss":0.0,"gold_gain":0.0,"event_name":"The Woman in Blue","player_choice":"Bought 0 Potions","floor":19.0,"gold_loss":0.0,"damage_taken":0.0},{"damage_healed":0.0,"max_hp_gain":0.0,"max_hp_loss":0.0,"gold_gain":0.0,"event_name":"Ghosts","player_choice":"Ignored","floor":21.0,"gold_loss":0.0,"damage_taken":0.0}],"is_beta":false,"boss_relics":[{"not_picked":["Philosopher\u0027s Stone","Empty Cage"],"picked":"Sozu"}],"items_purged_floors":[31],"is_endless":false,"potions_floor_spawned":[3,7,8,11,20,27,29],"killed_by":"Collector","ascension_level":10}}