{"host":"jm9833yuloeli2yd","time":1607995869,"event":{"mods":["AchievementEnabler","BaseMod","Better Altar","Better Match","Better Note","Better Sensory Stone","Better Skull","Better Vampires","Colored Map","Colored Powertips","DeckTracker","Minty Spire (QoL Compilation)","Permanent Neow","Quick Restart","Replay The Spire","StSLib","SuperFastMode"],"gold_per_floor":[112,112,128,144,0,33,33,76,76,100,100,100,143,166,166,277,277,295,57,82,91,114,114,148,148,229,241,241],"floor_reached":27,"playtime":756,"items_purged":[],"score":389,"play_id":"4de501d0-ea95-409d-9640-f96eefa42a7e","local_time":"20201214203109","is_ascension_mode":true,"campfire_choices":[{"data":"Flex","floor":7,"key":"SMITH"},{"floor":12,"key":"REST"},{"floor":15,"key":"DIG"},{"data":"Demon Form","floor":23,"key":"SMITH"},{"data":"Evolve","floor":25,"key":"SMITH"}],"circlet_count":0,"master_deck":["AscendersBane","Strike_R+1","Strike_R","Strike_R+1","Strike_R","Strike_R","Defend_R","Defend_R","Defend_R","Defend_R","Bash+1","Replay:Undeath\u0027s Touch","Flex+1","Headbutt","Run Through","Evolve+1","Offering","True Grit","Demon Form+1","Clothesline","Shame","Rage+1"],"relics":["Black Blood","ReplayTheSpireMod:Spearhead","HandDrill","Bottled Lightning","CeramicFish","Matryoshka","King of Hearts","Pear","ReplayTheSpireMod:TigerMarble","Replay:Grab Bag","Mark of Pain","Replay:Bronze Core","Snecko Eye","Meat on the Bone","Juzu Bracelet","Whetstone","MawBank","Replay:Bottled Steam"],"acts_visited":["Exordium","TheCity"],"potions_floor_usage":[6,16,16,27],"damage_taken":[{"damage":3,"enemies":"Small Slimes","floor":1,"turns":5},{"damage":5,"enemies":"Cultist","floor":3,"turns":4},{"damage":2,"enemies":"Jaw Worm","floor":4,"turns":3},{"damage":20,"enemies":"Lagavulin","floor":6,"turns":3},{"damage":45,"enemies":"3 Sentries","floor":8,"turns":9},{"damage":11,"enemies":"Looter","floor":10,"turns":2},{"damage":5,"enemies":"Gremlin Nob","floor":13,"turns":3},{"damage":8,"enemies":"Exordium Wildlife","floor":14,"turns":3},{"damage":47,"enemies":"Hexaghost","floor":16,"turns":9},{"damage":30,"enemies":"Shell Parasite","floor":18,"turns":6},{"damage":6,"enemies":"3 Byrds","floor":20,"turns":5},{"damage":21,"enemies":"Snake Plant","floor":22,"turns":3},{"damage":16,"enemies":"Book of Stabbing","floor":24,"turns":3},{"damage":75,"enemies":"Sentry and Sphere","floor":27,"turns":6}],"seed_played":"5213105371524807029","potions_obtained":[{"floor":1,"key":"Dexterity Potion"},{"floor":4,"key":"Adrenaline Potion"},{"floor":8,"key":"Dexterity Potion"},{"floor":10,"key":"Fire Potion"},{"floor":22,"key":"Doom Potion"},{"floor":24,"key":"Explosive Potion"}],"is_trial":false,"path_per_floor":["M","?","M","M","$","E","R","E","T","M","?","R","E","M","R_BF","B",null,"M","$","M","?","M","R","E","R","T","M"],"character_chosen":"IRONCLAD","items_purchased":["HandDrill","Meat on the Bone"],"campfire_rested":1,"item_purchase_floors":[5,19],"current_hp_per_floor":[75,75,76,80,80,66,66,27,27,22,19,43,54,52,52,11,70,52,52,58,58,61,61,69,69,69,0,0],"gold":241,"neow_bonus":"UPGRADE_CARD","is_daily":false,"chose_seed":false,"campfire_upgraded":3,"win_rate":0.0,"timestamp":1607995869,"path_taken":["M","?","M","M","?","E","R","E","T","M","?","R","E","M","R_BF","BOSS","M","$","M","?","M","R","E","R","T","M"],"items_purchased_type":["Relic","Relic"],"build_version":"2020-12-13","purchased_purges":0,"victory":false,"max_hp_per_floor":[80,80,80,80,80,80,80,80,80,80,80,80,90,90,90,90,90,90,90,90,90,90,90,90,90,90,90,90],"card_choices":[{"not_picked":["Rage","Iron Wave"],"picked":"Replay:Undeath\u0027s Touch","floor":1},{"not_picked":["Headbutt","Massacre"],"picked":"Flex","floor":3},{"not_picked":["ReplayTheSpireMod:Strike From Hell","Anger"],"picked":"Headbutt","floor":4},{"not_picked":["Entrench","Body Slam","Warcry"],"picked":"SKIP","floor":6},{"not_picked":["Anger","Heavy Blade"],"picked":"Run Through","floor":8},{"not_picked":["Shrug It Off","Burning Pact"],"picked":"Evolve","floor":10},{"not_picked":["Rampage","Heavy Blade"],"picked":"Offering","floor":13},{"not_picked":["Warcry","Cleave"],"picked":"True Grit","floor":14},{"not_picked":["Berserk","Eclipse"],"picked":"Demon Form","floor":16},{"not_picked":["Warcry+1","True Grit","Havoc"],"picked":"SKIP","floor":18},{"not_picked":["ReplayTheSpireMod:LeadingStrike","Cleave"],"picked":"Clothesline","floor":20},{"not_picked":["Perfected Strike","Infernal Blade"],"picked":"Rage+1","floor":22},{"not_picked":["Havoc","Perfected Strike","Warcry"],"picked":"SKIP","floor":24}],"player_experience":1068503,"relics_obtained":[{"floor":2,"key":"ReplayTheSpireMod:Spearhead"},{"floor":6,"key":"Bottled Lightning"},{"floor":8,"key":"CeramicFish"},{"floor":9,"key":"Matryoshka"},{"floor":13,"key":"Pear"},{"floor":15,"key":"ReplayTheSpireMod:TigerMarble"},{"floor":24,"key":"Whetstone"},{"floor":26,"key":"MawBank"},{"floor":26,"key":"Replay:Bottled Steam"}],"event_choices":[{"damage_healed":0,"gold_gain":0,"player_choice":"Relic","damage_taken":0,"max_hp_gain":0,"max_hp_loss":0,"event_name":"Wheel of Change","floor":2,"gold_loss":0},{"damage_healed":0,"gold_gain":0,"player_choice":"Success","damage_taken":3,"relics_obtained":["King of Hearts"],"max_hp_gain":0,"max_hp_loss":0,"event_name":"Scrap Ooze","floor":11,"gold_loss":0},{"damage_healed":0,"gold_gain":0,"player_choice":"Stole Relic","damage_taken":0,"relics_obtained":["Juzu Bracelet"],"max_hp_gain":0,"max_hp_loss":0,"event_name":"Addict","floor":21,"gold_loss":0,"cards_obtained":["Shame"]}],"is_beta":false,"boss_relics":[{"not_picked":["Runic Dome","Velvet Choker"],"picked":"Replay:Grab Bag"},{"not_picked":["Abe\u0027s Treasure","Electric Blood"],"picked":"Mark of Pain"},{"not_picked":["Replay:Wanted Poster","Ectoplasm"],"picked":"Replay:Bronze Core"},{"not_picked":["Empty Cage","Runic Pyramid"],"picked":"Snecko Eye"},{"not_picked":["Kintsugi","Black Star"],"picked":"Black Blood"}],"items_purged_floors":[],"is_endless":false,"potions_floor_spawned":[1,4,8,10,22,24],"killed_by":"Sentry and Sphere","ascension_level":11}}