{"host":"fbqvzfq8f1yzoo4u","time":1607996837,"event":{"mods":["BaseMod","Minty Spire (QoL Compilation)","Replay The Spire","StSLib"],"gold_per_floor":[110,110,126,137,53,82,38,38,64,97,97,113,132,36,36,112,112,122,16,16,16,16,16,41,41,41,41,41,53,68,100,100,173,173,183,127,152,164,176,208,208,208,208,208,208,208,208,208],"floor_reached":47,"playtime":2276,"items_purged":[],"score":1044,"play_id":"48bf0370-9815-4363-9233-d4c16677979e","local_time":"20201215094717","is_ascension_mode":true,"campfire_choices":[{"floor":8.0,"key":"REST"},{"floor":15.0,"key":"REST"},{"data":"Berserk","floor":23.0,"key":"SMITH"},{"data":"Flex","floor":28.0,"key":"SMITH"},{"data":"ReplayTheSpireMod:Muscle Training","floor":32.0,"key":"SMITH"},{"floor":41,"key":"REST"},{"floor":44,"key":"REST"},{"data":"Demon Form","floor":46,"key":"SMITH"}],"circlet_count":0,"master_deck":["AscendersBane","Strike_R+1","Strike_R+1","Strike_R+1","Strike_R+1","Strike_R+1","Defend_R+1","Defend_R+1","Defend_R+1","Bash","Shrug It Off","Anger","Battle Trance","Disarm","Reckless Charge","Thunderclap","Thunderclap+1","Flame Barrier","Pain","Flex+1","Shrug It Off","ReplayTheSpireMod:Muscle Training+1","Shrug It Off","Berserk+1","Headbutt+1","Shame","Rage+1","Demon Form+1","Rage+1","True Grit+1","Dropkick","Rage+1","ReplayTheSpireMod:Strike From Hell","Parasite"],"relics":["Burning Blood","Nunchaku","King of Hearts","Pet Ghost","Akabeko","WarpedTongs","Philosopher\u0027s Stone","Gremlin Horn","Whetstone","Pocketwatch","Toxic Egg 2","Bag of Preparation","Busted Crown","Unceasing Top","Smiling Mask","Mango"],"acts_visited":["Exordium","TheCity","TheBeyond"],"potions_floor_usage":[40,47],"damage_taken":[{"damage":2.0,"enemies":"Cultist","floor":1.0,"turns":4.0},{"damage":2.0,"enemies":"2 Louse","floor":3.0,"turns":3.0},{"damage":2.0,"enemies":"Jaw Worm","floor":4.0,"turns":3.0},{"damage":41.0,"enemies":"3 Sentries","floor":6.0,"turns":9.0},{"damage":35.0,"enemies":"Gremlin Nob","floor":10.0,"turns":4.0},{"damage":3.0,"enemies":"Looter","floor":12.0,"turns":2.0},{"damage":2.0,"enemies":"3 Louse","floor":13.0,"turns":2.0},{"damage":10.0,"enemies":"The Guardian","floor":16.0,"turns":8.0},{"damage":9.0,"enemies":"3 Byrds","floor":18.0,"turns":7.0},{"damage":15.0,"enemies":"Book of Stabbing","floor":24.0,"turns":4.0},{"damage":5.0,"enemies":"Chosen","floor":29.0,"turns":4.0},{"damage":7.0,"enemies":"Shelled Parasite and Fungi","floor":30.0,"turns":4.0},{"damage":4.0,"enemies":"Gremlin Leader","floor":31.0,"turns":5.0},{"damage":62.0,"enemies":"Champ","floor":33.0,"turns":10.0},{"damage":12.0,"enemies":"3 Darklings","floor":35.0,"turns":5.0},{"damage":3.0,"enemies":"Mind Bloom Boss Battle","floor":37.0,"turns":5.0},{"damage":7.0,"enemies":"3 Shapes","floor":38.0,"turns":3.0},{"damage":11.0,"enemies":"3 Darklings","floor":39.0,"turns":6.0},{"damage":50,"enemies":"Giant Head","floor":40,"turns":6},{"damage":17,"enemies":"Writhing Mass","floor":47,"turns":6}],"seed_played":"901064332085302632","potions_obtained":[{"floor":3.0,"key":"Swift Potion"},{"floor":4.0,"key":"Swift Potion"},{"floor":6.0,"key":"Elixir"},{"floor":10.0,"key":"SkillPotion"},{"floor":29.0,"key":"Languid Potion"},{"floor":31.0,"key":"Flashbang"},{"floor":33.0,"key":"Energy Potion"},{"floor":39.0,"key":"LifebloodPotion"},{"floor":40,"key":"FearPotion"}],"is_trial":false,"path_per_floor":["M","?","M","M","$","E","$","R","T","E","?","M","M","$","R","B",null,"M","$","?","?","?","R","E","?","T","T","R","M","M","E","R","B",null,"M","$","?","M","M","E","R","PTL","PTL","R","T","R","M"],"character_chosen":"IRONCLAD","items_purchased":["Disarm","Thunderclap","ReplayTheSpireMod:Muscle Training","Shrug It Off","Adrenaline Potion","BloodPotion","Rage+1"],"campfire_rested":4,"item_purchase_floors":[5,7,14,14,19,19,36],"current_hp_per_floor":[72,72,75,75,75,40,40,62,62,33,33,36,40,40,62,58,71,68,68,68,68,68,68,59,59,59,59,59,60,59,61,61,20,61,55,55,58,57,52,8,30,30,30,52,66,66,49,49],"gold":208,"neow_bonus":"RANDOM_COMMON_RELIC","is_daily":false,"chose_seed":false,"campfire_upgraded":4,"win_rate":0.0,"timestamp":1607996837,"path_taken":["M","?","?","M","$","E","$","R","T","E","?","?","M","$","R","BOSS","M","$","?","?","?","R","E","?","T","?","R","M","?","E","R","BOSS","M","$","?","M","M","E","R","PTL","PTL","R","T","R","M"],"items_purchased_type":["Card","Card","Card","Card","Potion","Potion","Card"],"build_version":"2020-12-13","purchased_purges":0,"victory":false,"max_hp_per_floor":[75,75,75,75,75,75,75,75,75,75,75,75,75,75,75,75,75,75,75,75,75,75,75,75,75,75,75,75,75,75,75,75,75,75,75,75,75,75,75,75,75,75,75,75,89,89,89,89],"card_choices":[{"not_picked":["Headbutt","Dual Wield"],"picked":"Shrug It Off","floor":1.0},{"not_picked":["Blood for Blood","Flex"],"picked":"Anger","floor":3.0},{"not_picked":["Rupture","Anger"],"picked":"Battle Trance","floor":4.0},{"not_picked":["Sword Boomerang","Juggernaut"],"picked":"Reckless Charge","floor":6.0},{"not_picked":["Dual Wield","Infernal Blade"],"picked":"Flame Barrier","floor":10.0},{"not_picked":["Run Through","Clothesline"],"picked":"Flex","floor":12.0},{"not_picked":["Feel No Pain","Second Wind"],"picked":"Shrug It Off","floor":13.0},{"not_picked":["Feed","Barricade"],"picked":"Berserk","floor":16.0},{"not_picked":["Cleave+1","Infernal Blade"],"picked":"Headbutt","floor":18.0},{"not_picked":["True Grit+1","Clothesline","Iron Wave"],"picked":"SKIP","floor":24.0},{"not_picked":["Corruption","Run Through","Anger"],"picked":"SKIP","floor":29.0},{"not_picked":["Cleave","Twin Strike","Headbutt"],"picked":"SKIP","floor":30.0},{"not_picked":["Havoc+1","Intimidate+1"],"picked":"Rage+1","floor":31.0},{"not_picked":["Double Tap+1","Corruption"],"picked":"Demon Form","floor":33.0},{"not_picked":["True Grit+1"],"picked":"SKIP","floor":35.0},{"not_picked":[],"picked":"True Grit+1","floor":37.0},{"not_picked":[],"picked":"Dropkick","floor":38.0},{"not_picked":[],"picked":"Rage+1","floor":39.0},{"not_picked":[],"picked":"ReplayTheSpireMod:Strike From Hell","floor":40}],"player_experience":583703,"relics_obtained":[{"floor":6.0,"key":"King of Hearts"},{"floor":9.0,"key":"Pet Ghost"},{"floor":10.0,"key":"Akabeko"},{"floor":24.0,"key":"Whetstone"},{"floor":26.0,"key":"Pocketwatch"},{"floor":27.0,"key":"Toxic Egg 2"},{"floor":31.0,"key":"Bag of Preparation"},{"floor":37.0,"key":"Unceasing Top"},{"floor":40,"key":"Smiling Mask"},{"floor":45,"key":"Mango"}],"event_choices":[{"cards_removed":["Defend_R"],"damage_healed":0.0,"max_hp_gain":0.0,"max_hp_loss":0.0,"gold_gain":0.0,"event_name":"Bonfire Elementals","player_choice":"Offered Basic","floor":2.0,"gold_loss":0.0,"damage_taken":0.0},{"damage_healed":0.0,"max_hp_gain":0.0,"max_hp_loss":0.0,"gold_gain":0.0,"event_name":"Accursed Blacksmith","player_choice":"Rummage","floor":11.0,"gold_loss":0.0,"damage_taken":0.0,"relics_obtained":["WarpedTongs"],"cards_obtained":["Pain"]},{"damage_healed":0.0,"max_hp_gain":0.0,"max_hp_loss":0.0,"gold_gain":0.0,"event_name":"Back to Basics","player_choice":"Simplicity","floor":20.0,"gold_loss":0.0,"damage_taken":0.0,"cards_upgraded":["Strike_R","Strike_R","Strike_R","Strike_R","Strike_R","Defend_R","Defend_R","Defend_R"]},{"damage_healed":0.0,"max_hp_gain":0.0,"max_hp_loss":0.0,"gold_gain":0.0,"event_name":"Ghosts","player_choice":"Ignored","floor":21.0,"gold_loss":0.0,"damage_taken":0.0},{"damage_healed":0.0,"max_hp_gain":0.0,"max_hp_loss":0.0,"gold_gain":0.0,"event_name":"Addict","player_choice":"Stole Relic","floor":22.0,"gold_loss":0.0,"damage_taken":0.0,"relics_obtained":["Gremlin Horn"],"cards_obtained":["Shame"]},{"damage_healed":0.0,"max_hp_gain":0.0,"max_hp_loss":0.0,"gold_gain":0.0,"event_name":"MindBloom","player_choice":"Fight","floor":37.0,"gold_loss":0.0,"damage_taken":0.0}],"is_beta":false,"boss_relics":[{"not_picked":["Velvet Choker","Black Star"],"picked":"Philosopher\u0027s Stone"},{"not_picked":["Coffee Dripper","Ring of Chaos"],"picked":"Busted Crown"}],"items_purged_floors":[],"is_endless":false,"potions_floor_spawned":[3,4,6,10,29,31,33,39,40],"killed_by":"Writhing Mass","ascension_level":20}}