{"host":"126yiuos2nq86se7","time":1607994081,"event":{"mods":["AchievementEnabler","Act Like it!","BaseMod","Colored Map","Colored Powertips","Friendly Minions","Highlight Path","Minty Spire (QoL Compilation)","StSLib","SuperFastMode","The Animator","The Hierophant","The Servant 0.9.4"],"gold_per_floor":[365,382,32,32,48,87,107,107,182,182,206,206,231,251,251,374,374,393,393,2,23,39,39,9,0,0,0,0],"floor_reached":27,"playtime":922,"items_purged":["animator:Curse_GriefSeed","Strike_G"],"score":240,"play_id":"b2e6658e-e6e7-4818-a3e4-1690615ccf5e","local_time":"20201215120121","is_ascension_mode":false,"campfire_choices":[{"floor":8,"key":"REST"},{"floor":12,"key":"REST"},{"floor":15,"key":"REST"},{"floor":23,"key":"REST"}],"circlet_count":0,"master_deck":["Strike_G","Strike_G","Strike_G","Strike_G","Defend_G","Defend_G","Defend_G","Defend_G","Defend_G","Survivor","Neutralize","Riddle With Holes","PiercingWail","Caltrops","Skewer","Accuracy","After Image","Blur","Accuracy","Footwork"],"relics":["Ring of the Snake","Pantograph","Golden Idol","Mango","The Courier","SacredBark","Torii","InkBottle"],"acts_visited":["Exordium","TheCity"],"potions_floor_usage":[6,10,16,16],"damage_taken":[{"damage":5,"enemies":"Cultist","floor":1,"turns":4},{"damage":0,"enemies":"Jaw Worm","floor":2,"turns":7},{"damage":0,"enemies":"2 Louse","floor":5,"turns":2},{"damage":42,"enemies":"Gremlin Nob","floor":6,"turns":4},{"damage":4,"enemies":"Red Slaver","floor":7,"turns":5},{"damage":35,"enemies":"Gremlin Gang","floor":11,"turns":7},{"damage":0,"enemies":"Lots of Slimes","floor":13,"turns":7},{"damage":7,"enemies":"Looter","floor":14,"turns":5},{"damage":20,"enemies":"The Guardian","floor":16,"turns":10},{"damage":10,"enemies":"3 Byrds","floor":18,"turns":7},{"damage":0,"enemies":"Shell Parasite","floor":21,"turns":17},{"damage":77,"enemies":"Sentry and Sphere","floor":22,"turns":29},{"damage":91,"enemies":"Cultist and Chosen","floor":27,"turns":12}],"seed_played":"-635915663015458276","potions_obtained":[{"floor":5,"key":"DistilledChaos"},{"floor":7,"key":"FairyPotion"},{"floor":10,"key":"Fruit Juice"},{"floor":10,"key":"Regen Potion"},{"floor":10,"key":"LiquidBronze"},{"floor":11,"key":"PowerPotion"},{"floor":16,"key":"Regen Potion"},{"floor":21,"key":"DistilledChaos"}],"is_trial":false,"path_per_floor":["M","M","$","?","M","E","M","R","T","?","M","R","M","M","R","B",null,"M","?","$","M","M","R","$","?","T","M"],"character_chosen":"THE_SILENT","items_purchased":["PiercingWail","Pantograph","Torii","Accuracy","Footwork"],"campfire_rested":4,"item_purchase_floors":[3,3,20,20,24],"current_hp_per_floor":[65,65,65,48,48,20,16,41,41,46,11,37,37,30,56,61,89,79,79,79,79,2,28,28,28,28,0,0],"gold":0,"neow_bonus":"TWO_FIFTY_GOLD","is_daily":false,"chose_seed":false,"campfire_upgraded":0,"win_rate":0.0,"timestamp":1607994081,"path_taken":["M","?","$","?","M","E","M","R","T","?","?","R","?","M","R","BOSS","M","?","$","M","M","R","$","?","T","M"],"items_purchased_type":["Card","Relic","Relic","Card","Card"],"build_version":"2020-12-13","purchased_purges":2,"victory":false,"max_hp_per_floor":[70,70,70,70,70,84,84,84,84,89,89,89,89,89,89,89,89,89,89,89,89,89,89,89,89,89,89,89],"card_choices":[{"not_picked":["Prepared","Blade Dance"],"picked":"Riddle With Holes","floor":1},{"not_picked":["Cloak And Dagger","Poisoned Stab","Sucker Punch"],"picked":"SKIP","floor":2},{"not_picked":["Infinite Blades","Acrobatics"],"picked":"Caltrops","floor":5},{"not_picked":["Slice","Underhanded Strike"],"picked":"Skewer","floor":6},{"not_picked":["Masterful Stab","Underhanded Strike","Slice"],"picked":"SKIP","floor":7},{"not_picked":["Deadly Poison","Flying Knee"],"picked":"Accuracy","floor":11},{"not_picked":["Catalyst","Underhanded Strike","Slice"],"picked":"SKIP","floor":13},{"not_picked":["Distraction","Sucker Punch","Poisoned Stab"],"picked":"SKIP","floor":14},{"not_picked":["Die Die Die","Adrenaline"],"picked":"After Image","floor":16},{"not_picked":["Cloak And Dagger","Predator"],"picked":"Blur","floor":18},{"not_picked":["Poisoned Stab","Backstab","Dodge and Roll"],"picked":"SKIP","floor":21},{"not_picked":["Slice","Dagger Throw","Dodge and Roll"],"picked":"SKIP","floor":22}],"player_experience":1590161,"relics_obtained":[{"floor":6,"key":"Mango"},{"floor":9,"key":"The Courier"},{"floor":26,"key":"InkBottle"}],"event_choices":[{"damage_healed":0,"gold_gain":0,"player_choice":"Take Damage","damage_taken":17,"relics_obtained":["Golden Idol"],"max_hp_gain":0,"max_hp_loss":0,"event_name":"Golden Idol","floor":4,"gold_loss":0},{"damage_healed":0,"gold_gain":0,"player_choice":"Got Potions","damage_taken":0,"max_hp_gain":0,"max_hp_loss":0,"event_name":"Lab","floor":10,"gold_loss":0},{"damage_healed":0,"gold_gain":0,"player_choice":"Ignored","damage_taken":0,"max_hp_gain":0,"max_hp_loss":0,"event_name":"Vampires","floor":19,"gold_loss":0},{"damage_healed":0,"gold_gain":0,"player_choice":"Paid Fearfully","damage_taken":0,"max_hp_gain":0,"max_hp_loss":0,"event_name":"Masked Bandits","floor":25,"gold_loss":9}],"is_beta":false,"boss_relics":[{"not_picked":["Coffee Dripper","Snecko Eye"],"picked":"SacredBark"}],"items_purged_floors":[3,20],"is_endless":false,"potions_floor_spawned":[5,7,11,16,21,22],"killed_by":"Cultist and Chosen","ascension_level":0}}