{"host":"fq53p46eudtfn1d2","time":1607998634,"event":{"mods":["BaseMod","Better Sensory Stone","Colored Powertips","Energized Spire","Minty Spire (QoL Compilation)","Permanent Neow","Quick Restart","StSLib","The Animator"],"gold_per_floor":[117,128,128,143,159,159,187,112,139,139,174,187,187,187],"floor_reached":13,"playtime":373,"items_purged":["Strike_B"],"score":100,"play_id":"bacaed8f-470e-43f9-9dd6-0d6878449ffd","local_time":"20201214211714","is_ascension_mode":true,"campfire_choices":[{"data":"Rip and Tear","floor":6,"key":"SMITH"},{"data":"White Noise","floor":10,"key":"SMITH"}],"circlet_count":0,"master_deck":["Strike_B","Strike_B","Strike_B","Defend_B","Defend_B","Defend_B","Defend_B","Zap","Dualcast","Rip and Tear+1","Cold Snap","Cold Snap","Cold Snap","White Noise+1","Self Repair"],"relics":["Velvet Choker","Boot","Regal Pillow"],"acts_visited":["Exordium"],"potions_floor_usage":[4,5],"damage_taken":[{"damage":10,"enemies":"Small Slimes","floor":1,"turns":5},{"damage":0,"enemies":"Cultist","floor":2,"turns":2},{"damage":0,"enemies":"2 Louse","floor":4,"turns":1},{"damage":0,"enemies":"Looter","floor":5,"turns":2},{"damage":23,"enemies":"Lagavulin","floor":7,"turns":6},{"damage":14,"enemies":"Gremlin Nob","floor":11,"turns":4},{"damage":0,"enemies":"2 Fungi Beasts","floor":12,"turns":3},{"damage":21,"enemies":"3 Sentries","floor":13,"turns":6}],"seed_played":"-71045226825263674","potions_obtained":[{"floor":1,"key":"Explosive Potion"},{"floor":2,"key":"Fire Potion"}],"is_trial":false,"path_per_floor":["M","M","?","M","M","R","E","$","T","R","E","M","E"],"character_chosen":"DEFECT","items_purchased":[],"campfire_rested":0,"item_purchase_floors":[],"current_hp_per_floor":[65,65,65,65,65,65,42,42,42,42,28,35,14,14],"gold":187,"neow_bonus":"BOSS_RELIC","is_daily":false,"chose_seed":false,"campfire_upgraded":2,"win_rate":0.0,"timestamp":1607998634,"path_taken":["M","M","?","?","?","R","E","$","T","R","E","M","E"],"items_purchased_type":[],"build_version":"2020-12-13","purchased_purges":1,"victory":false,"max_hp_per_floor":[75,75,75,75,75,75,75,75,75,75,75,75,75,75],"card_choices":[{"not_picked":["Melter","Ball Lightning"],"picked":"Rip and Tear","floor":1},{"not_picked":["Leap","Recycle"],"picked":"Cold Snap","floor":2},{"not_picked":["Lockon","Go for the Eyes"],"picked":"Cold Snap","floor":4},{"not_picked":["Hologram","Gash"],"picked":"Cold Snap","floor":5},{"not_picked":["Biased Cognition","Undo"],"picked":"White Noise","floor":7},{"not_picked":["Barrage","Turbo"],"picked":"Self Repair","floor":11},{"not_picked":["Hologram","Genetic Algorithm","Turbo"],"picked":"SKIP","floor":12}],"player_experience":349813,"relics_obtained":[{"floor":7,"key":"Boot"},{"floor":11,"key":"Regal Pillow"}],"event_choices":[{"damage_healed":0,"gold_gain":0,"player_choice":"Bought 0 Potions","damage_taken":0,"max_hp_gain":0,"max_hp_loss":0,"event_name":"The Woman in Blue","floor":3,"gold_loss":0}],"is_beta":false,"boss_relics":[],"items_purged_floors":[8],"is_endless":false,"potions_floor_spawned":[1,2],"killed_by":"3 Sentries","ascension_level":1}}