{"host":"512s0dw15c3jqxy4","time":1607997091,"event":{"mods":["BaseMod","Colored Powertips","Highlight Path","Minty Spire (QoL Compilation)","Quick Restart","Relic Stats"],"gold_per_floor":[115,115,133,21,21,21,49,69,96,128,128,140,93,113,113,214,214,234,159,258,270,290,290,290,290],"floor_reached":24,"playtime":1190,"items_purged":["Pain"],"score":263,"play_id":"57ea8681-fc3f-4186-971d-89a9dd8aabe6","local_time":"20201214155131","is_ascension_mode":true,"campfire_choices":[{"data":"Searing Blow","floor":6,"key":"SMITH"},{"data":"Searing Blow+1","floor":11,"key":"SMITH"},{"data":"Armaments","floor":15,"key":"SMITH"},{"data":"Searing Blow+2","floor":23,"key":"SMITH"}],"circlet_count":0,"master_deck":["Strike_R","Defend_R","Defend_R","Defend_R","Defend_R","Bash","Dropkick","Shrug It Off","Searing Blow+3","Body Slam","Armaments+1","Armaments","Juggernaut","Juggernaut","Rupture+1","Armaments+1","Seeing Red+1","Warcry","Combust+1"],"relics":["Burning Blood","NeowsBlessing","WarpedTongs","MealTicket","Ice Cream","Juzu Bracelet","Bottled Lightning","Odd Mushroom","Astrolabe"],"acts_visited":["Exordium","TheCity"],"potions_floor_usage":[10,16],"damage_taken":[{"damage":0,"enemies":"Jaw Worm","floor":1,"turns":1},{"damage":0,"enemies":"Cultist","floor":3,"turns":1},{"damage":0,"enemies":"3 Sentries","floor":7,"turns":2},{"damage":0,"enemies":"2 Louse","floor":8,"turns":3},{"damage":32,"enemies":"Gremlin Nob","floor":10,"turns":4},{"damage":0,"enemies":"Blue Slaver","floor":12,"turns":5},{"damage":24,"enemies":"The Mushroom Lair","floor":14,"turns":5},{"damage":34,"enemies":"Slime Boss","floor":16,"turns":8},{"damage":21,"enemies":"Chosen","floor":18,"turns":6},{"damage":13,"enemies":"Shell Parasite","floor":21,"turns":7},{"damage":19,"enemies":"Snake Plant","floor":22,"turns":5},{"damage":54,"enemies":"Gremlin Leader","floor":24,"turns":3}],"seed_played":"-3216998862772943036","potions_obtained":[{"floor":1,"key":"LiquidBronze"},{"floor":14,"key":"PowerPotion"},{"floor":16,"key":"Fruit Juice"},{"floor":22,"key":"SmokeBomb"}],"is_trial":false,"path_per_floor":["M","?","M","$","?","R","E","M","T","E","R","M","$","?","R","B",null,"M","?","?","M","M","R","E"],"character_chosen":"IRONCLAD","items_purchased":["Searing Blow","Armaments"],"campfire_rested":0,"item_purchase_floors":[4,13],"current_hp_per_floor":[80,80,80,80,77,77,80,80,80,54,54,60,75,57,57,29,80,65,65,65,58,45,45,0,0],"gold":290,"neow_bonus":"THREE_ENEMY_KILL","is_daily":false,"chose_seed":false,"campfire_upgraded":4,"win_rate":0.0,"timestamp":1607997091,"path_taken":["M","?","?","$","?","R","E","M","T","E","R","M","$","?","R","BOSS","M","?","?","M","M","R","E"],"items_purchased_type":["Card","Card"],"build_version":"2020-12-13","purchased_purges":1,"victory":false,"max_hp_per_floor":[80,80,80,80,80,80,80,80,80,80,80,80,80,80,80,80,80,80,80,80,80,80,80,80,80],"relic_stats":{"counters":[12,50],"Astrolabe":["Rupture","Armaments","Seeing Red"],"MealTicket":15,"Juzu Bracelet":0,"obtain_stats":[{"Ice Cream":7,"NeowsBlessing":0,"Astrolabe":17,"MealTicket":5,"Juzu Bracelet":9,"Bottled Lightning":10,"Odd Mushroom":14,"Burning Blood":0,"WarpedTongs":2},{"Ice Cream":3,"NeowsBlessing":0,"Astrolabe":8,"MealTicket":2,"Juzu Bracelet":4,"Bottled Lightning":5,"Odd Mushroom":7,"Burning Blood":0,"WarpedTongs":1},{"Ice Cream":4,"NeowsBlessing":0,"Astrolabe":29,"MealTicket":2,"Juzu Bracelet":7,"Bottled Lightning":11,"Odd Mushroom":21,"Burning Blood":0,"WarpedTongs":1}],"Burning Blood":45,"WarpedTongs":[48]},"card_choices":[{"not_picked":["Pummel","Clash"],"picked":"Dropkick","floor":1},{"not_picked":["Dual Wield","Clothesline"],"picked":"Shrug It Off","floor":3},{"not_picked":["Warcry","Clash"],"picked":"Body Slam","floor":7},{"not_picked":["Body Slam","Seeing Red"],"picked":"Armaments","floor":8},{"not_picked":["Perfected Strike","Hemokinesis","Cleave"],"picked":"SKIP","floor":10},{"not_picked":["Body Slam","Pommel Strike","Perfected Strike"],"picked":"SKIP","floor":12},{"not_picked":["Dark Embrace","Perfected Strike"],"picked":"Juggernaut","floor":14},{"not_picked":["Impervious","Exhume"],"picked":"Juggernaut","floor":16},{"not_picked":["Twin Strike","Dropkick"],"picked":"Warcry","floor":18},{"not_picked":["Rampage","Perfected Strike+1","Twin Strike+1"],"picked":"SKIP","floor":21},{"not_picked":["Clash+1","Twin Strike+1"],"picked":"Combust+1","floor":22}],"player_experience":201437,"relics_obtained":[{"floor":7,"key":"Ice Cream"},{"floor":9,"key":"Juzu Bracelet"},{"floor":10,"key":"Bottled Lightning"},{"floor":14,"key":"Odd Mushroom"}],"event_choices":[{"damage_healed":0,"gold_gain":0,"player_choice":"Rummage","damage_taken":0,"relics_obtained":["WarpedTongs"],"max_hp_gain":0,"max_hp_loss":0,"event_name":"Accursed Blacksmith","floor":2,"gold_loss":0,"cards_obtained":["Pain"]},{"damage_healed":0,"gold_gain":0,"player_choice":"Success","damage_taken":3,"relics_obtained":["MealTicket"],"max_hp_gain":0,"max_hp_loss":0,"event_name":"Scrap Ooze","floor":5,"gold_loss":0},{"damage_healed":0,"gold_gain":0,"player_choice":"Fought Mushrooms","damage_taken":0,"max_hp_gain":0,"max_hp_loss":0,"event_name":"Mushrooms","floor":14,"gold_loss":0},{"cards_removed":["Strike_R"],"damage_healed":0,"gold_gain":0,"player_choice":"Gave Gold","damage_taken":0,"max_hp_gain":0,"max_hp_loss":0,"event_name":"Beggar","floor":19,"gold_loss":75},{"damage_healed":0,"gold_gain":99,"player_choice":"Stole From Cult","damage_taken":0,"max_hp_gain":0,"max_hp_loss":0,"event_name":"Nest","floor":20,"gold_loss":0}],"is_beta":false,"boss_relics":[{"not_picked":["Fusion Hammer","Tiny House"],"picked":"Astrolabe"}],"items_purged_floors":[4],"is_endless":false,"potions_floor_spawned":[1,14,16,22],"killed_by":"Gremlin Leader","ascension_level":3}}