{"host":"y30n8hbqlqxhztg8","time":1607999838,"event":{"mods":["A Magickal Journey","AchievementEnabler","BaseMod","BetterRewards","Block Reminder","Colored Map","Conspire","Downfall","GifTheSpireLib","Glutton Mod","Hubris","Infinite Spire","Koishi","Marisa????????","Minty Spire (QoL Compilation)","Prisma Mod","Replay The Spire","Shop Mod","Somnambulant","StSLib","Stuff the Spire","The Factory","The Jungle","[IsaacMod]????"],"gold_per_floor":[110,110,120,137,147,147,182,198,198,338,354,368,383,383,383,483,483,498,353,353,353,353,353,353,353,469,479,528,528,528,540,540,553,553,553,553],"floor_reached":35,"playtime":1144,"items_purged":[],"score":289,"play_id":"42570a26-4a1f-4090-a3dc-09758cf1c829","local_time":"20201214183718","is_ascension_mode":false,"campfire_choices":[{"data":"Strike_R","floor":6,"key":"SMITH"},{"data":"Pot Of Greed","floor":15,"key":"SMITH"},{"data":"Perfected Strike","floor":25,"key":"SMITH"},{"floor":34,"key":"REST"}],"circlet_count":0,"master_deck":["Strike_R+1","Strike_R","Strike_R","Strike_R","Strike_R","Defend_R","Defend_R","Defend_R","Defend_R","Bash","Pot Of Greed","Twin Strike","Sword Boomerang","Pot Of Greed+1","Clothesline","Sword Boomerang","conspire:ExplosiveBarrier","Wild Strike+1","Carnage","Heavy Blade","Barricade","Perfected Strike","Perfected Strike+1","Wild Strike+1","Cleave+1","Heavy Blade+1","Pot Of Greed","infinitespire:OneForAll+1"],"relics":["Burning Blood","HushsDoor","Grinning Jar","YumHeart","StuffTheSpire:TintedRock","HowToJump","hubris:SphereOfDissonance","SacredBark","MealTicket","Golden Egg","Molten Egg 2","Replay:Rubber Ducky"],"acts_visited":["Exordium","TheCity"],"potions_floor_usage":[18,35,35,35],"damage_taken":[{"damage":15,"enemies":"Jaw Worm","floor":1,"turns":4},{"damage":3,"enemies":"conspire:RoseBush","floor":3,"turns":4},{"damage":5,"enemies":"Cultist","floor":4,"turns":4},{"damage":10,"enemies":"Looter","floor":5,"turns":3},{"damage":30,"enemies":"Gremlin Nob","floor":7,"turns":4},{"damage":0,"enemies":"Large Slime","floor":8,"turns":5},{"damage":14,"enemies":"3 Sentries","floor":10,"turns":8},{"damage":8,"enemies":"Red Slaver","floor":11,"turns":3},{"damage":11,"enemies":"Exordium Wildlife","floor":12,"turns":3},{"damage":14,"enemies":"conspire:2 RoseBushes","floor":13,"turns":4},{"damage":68,"enemies":"Slime Boss","floor":16,"turns":11},{"damage":8,"enemies":"Spheric Guardian","floor":18,"turns":5},{"damage":15,"enemies":"conspire:Head Lice","floor":26,"turns":3},{"damage":6,"enemies":"Shell Parasite","floor":27,"turns":2},{"damage":40,"enemies":"Centurion and Healer","floor":31,"turns":8},{"damage":17,"enemies":"Shelled Parasite and Fungi","floor":33,"turns":4},{"damage":90,"enemies":"Automaton","floor":35,"turns":6}],"seed_played":"-3091259815812553951","potions_obtained":[{"floor":3,"key":"Block Potion"},{"floor":4,"key":"hexamod:EctoCoolerPotion"},{"floor":12,"key":"champ:CounterPotion"},{"floor":26,"key":"Explosive Potion"}],"is_trial":false,"path_per_floor":["M","?","M","M","M","R","E","M","T","E","M","M","M","?","R","B",null,"M","$","?","PTL","PTL","?","AVR","R","E","M","T","$","?","M","?","M","R","B"],"character_chosen":"IRONCLAD","items_purchased":["MealTicket"],"campfire_rested":1,"item_purchase_floors":[19],"current_hp_per_floor":[71,71,74,75,71,71,47,78,78,70,68,63,80,80,80,18,80,78,78,78,78,78,78,78,78,69,69,69,80,80,71,71,60,80,0,0],"gold":553,"neow_bonus":"RANDOM_COMMON_RELIC","is_daily":false,"chose_seed":false,"campfire_upgraded":3,"win_rate":0.0,"timestamp":1607999838,"path_taken":["M","?","?","M","M","R","E","M","T","E","M","M","?","?","R","BOSS","M","$","?","PTL","PTL","?","AVR","R","E","M","T","?","?","?","?","M","R","BOSS"],"items_purchased_type":["Relic"],"build_version":"2020-12-13","purchased_purges":0,"victory":false,"max_hp_per_floor":[80,80,80,80,80,80,80,80,80,80,80,80,80,80,80,80,80,80,80,80,80,80,80,80,80,80,80,80,80,80,80,80,80,80,80,80],"card_choices":[{"not_picked":["Armaments","Dropkick","Bloodletting"],"picked":"SKIP","floor":1},{"not_picked":["True Grit","Pommel Strike"],"picked":"Twin Strike","floor":3},{"not_picked":["Shrug It Off","Thunderclap"],"picked":"Sword Boomerang","floor":4},{"not_picked":["StuffTheSpire:BloodClot","Rampage"],"picked":"Clothesline","floor":5},{"not_picked":["Pommel Strike","StuffTheSpire:Slingshot"],"picked":"Sword Boomerang","floor":7},{"not_picked":["Inflame","Disarm"],"picked":"conspire:ExplosiveBarrier","floor":8},{"not_picked":["Run Through","True Grit","ReplayTheSpireMod:Muscle Training"],"picked":"SKIP","floor":10},{"not_picked":["Cleave","StuffTheSpire:RockThrow"],"picked":"Wild Strike","floor":11},{"not_picked":["Warcry","Impervious"],"picked":"Carnage","floor":12},{"not_picked":["Abandon","Shrug It Off"],"picked":"Heavy Blade","floor":13},{"not_picked":["conspire:HitWhereItHurts","Corruption"],"picked":"Barricade","floor":16},{"not_picked":["Carnage","Run Through"],"picked":"Perfected Strike","floor":18},{"not_picked":["StuffTheSpire:Incineration+1","Shockwave"],"picked":"Wild Strike+1","floor":26},{"not_picked":["Abandon+1","Metallicize"],"picked":"Cleave+1","floor":27},{"not_picked":["Fire Breathing+1","True Grit+1"],"picked":"Heavy Blade+1","floor":31},{"not_picked":["Warcry","Uppercut+1"],"picked":"infinitespire:OneForAll+1","floor":33}],"player_experience":48792,"relics_obtained":[{"floor":7,"key":"StuffTheSpire:TintedRock"},{"floor":9,"key":"HowToJump"},{"floor":10,"key":"hubris:SphereOfDissonance"},{"floor":26,"key":"Molten Egg 2"},{"floor":28,"key":"Replay:Rubber Ducky"}],"event_choices":[{"damage_healed":0,"gold_gain":0,"player_choice":"Copied","damage_taken":0,"max_hp_gain":0,"max_hp_loss":0,"event_name":"Duplicator","floor":23,"gold_loss":0,"cards_obtained":["Perfected Strike"]},{"damage_healed":0,"gold_gain":0,"player_choice":"Ignored","damage_taken":0,"max_hp_gain":0,"max_hp_loss":0,"event_name":"The Mausoleum","floor":32,"gold_loss":0}],"is_beta":false,"boss_relics":[{"not_picked":["Mark of Pain","hubris:RunicObelisk"],"picked":"SacredBark"},{"not_picked":[]}],"items_purged_floors":[],"is_endless":false,"potions_floor_spawned":[3,4,12,13,16,26,33],"killed_by":"Automaton","ascension_level":0}}