{"host":"eyd8pf3bw1xm0qjv","time":1607991980,"event":{"mods":["AchievementEnabler","Aspiration","Bard","BaseMod","Beaked The Cultist","BetterRewards","CCEM","Challenge The Spire","Clawfect","Colored Map","Conspire","Downfall","Duelist Mod","Ekko","GifTheSpireLib","Glutton Mod","Googly Eyes","Halation","Hermit","Highlight Path","Hubris","Jedi Mod","Jorbs\u0027s Wanderer Trilogy","Mad Scientist","Marisa????????","Mimic Mod","Minty Spire (QoL Compilation)","Permanent Neow","Potionbrewer","Relic Sorter","Replay The Spire","StSLib","Stuff the Spire","The Administrix","The Animator","The Blackbeard","The Bug Knight","The Construct","The Cursed","The Dragon Tamer","The Florist","The Gatherer","The Hierophant","The IronCluck","The Jungle","The Mystic","The Necromancer","The Problem Sleuth","The Runesmith","The Servant 0.9.4","The Spell Scribe","vexMod"],"gold_per_floor":[116,159,173,153,171,171,171,189,220,231,231,246,272,8,8,8,8],"floor_reached":16,"playtime":1179,"items_purged":["Injury"],"score":102,"play_id":"2874be51-6664-42db-bbf3-6d400f748dde","local_time":"20201214192620","is_ascension_mode":false,"campfire_choices":[{"data":"AdministrixMod:Untouchable","floor":6,"key":"SMITH"},{"floor":11,"key":"REST"}],"circlet_count":0,"master_deck":["AdministrixMod:Strike_Administrix","AdministrixMod:Strike_Administrix","AdministrixMod:Strike_Administrix","AdministrixMod:Strike_Administrix","AdministrixMod:Defend_Administrix","AdministrixMod:Defend_Administrix+1","AdministrixMod:Defend_Administrix","AdministrixMod:Defend_Administrix","AdministrixMod:BlueCloak","AdministrixMod:NoblePath","AdministrixMod:HopeInTheDark","AdministrixMod:FeastOfDew+1","AdministrixMod:RebukeDesires","AdministrixMod:DiversionaryTactic+1","AdministrixMod:Untouchable+1","AdministrixMod:ArmillarySphere","AdministrixMod:Overdrive","AdministrixMod:BloodlessSapphire","AdministrixMod:XianArts","AdministrixMod:JustRewards+1","AdministrixMod:BishamonBlessing","AdministrixMod:PassageOfAges+1","AdministrixMod:RisingSunPrince+1"],"relics":["AdministrixMod:ConductorRitualBaton","Matryoshka","Molten Egg 2","MealTicket","War Paint","StuffTheSpire:Barrel"],"acts_visited":["Exordium"],"potions_floor_usage":[9,12,12,12,12,12,12,12,16],"damage_taken":[{"damage":1,"enemies":"2 Louse","floor":1,"turns":3},{"damage":10,"enemies":"Cultist","floor":3,"turns":6},{"damage":0,"enemies":"Small Slimes","floor":5,"turns":3},{"damage":12,"enemies":"Looter","floor":8,"turns":3},{"damage":6,"enemies":"Exordium Wildlife","floor":9,"turns":6},{"damage":6,"enemies":"Exordium Wildlife","floor":10,"turns":4},{"damage":5,"enemies":"Large Slime","floor":12,"turns":5},{"damage":36,"enemies":"Lagavulin","floor":13,"turns":8},{"damage":62,"enemies":"Fading Forest","floor":16,"turns":7}],"seed_played":"-8436196502802017565","potions_obtained":[{"floor":1,"key":"potionbrewer:NoxiousPotion"},{"floor":2,"key":"Fire Potion"},{"floor":4,"key":"Ancient Potion"},{"floor":8,"key":"EntropicBrew"},{"floor":12,"key":"Weak Potion"},{"floor":13,"key":"sneckomod:MuddlingPotion"}],"is_trial":false,"path_per_floor":["M","?","M","?","M","R","?","M","MIM","M","R","M","E","$","R_BF","B"],"character_chosen":"TheAdministrix","items_purchased":["AdministrixMod:NoblePath","AdministrixMod:BishamonBlessing","AdministrixMod:PassageOfAges+1","AdministrixMod:RisingSunPrince+1"],"campfire_rested":1,"item_purchase_floors":[0,14,14,14],"current_hp_per_floor":[64,48,38,38,38,38,38,26,20,14,33,41,9,24,43,0,0],"gold":8,"neow_bonus":"","is_daily":false,"chose_seed":false,"campfire_upgraded":1,"win_rate":0.0,"timestamp":1607991980,"path_taken":["M","?","?","?","?","R","?","M","MIM","?","R","M","E","$","R_BF","BOSS"],"items_purchased_type":["Card","Card","Card","Card"],"build_version":"2020-12-13","purchased_purges":1,"victory":false,"max_hp_per_floor":[65,65,65,65,65,65,65,65,65,65,65,65,65,65,65,65,65],"card_choices":[{"not_picked":["AdministrixMod:QuietConspiracy","AdministrixMod:DiversionaryTactic"],"picked":"AdministrixMod:FeastOfDew","floor":1},{"not_picked":["AdministrixMod:ImmortalGrace","AdministrixMod:LightOfYourLife"],"picked":"AdministrixMod:RebukeDesires","floor":2},{"not_picked":["AdministrixMod:Wuji","AdministrixMod:UnstableVigor"],"picked":"AdministrixMod:DiversionaryTactic","floor":3},{"not_picked":["AdministrixMod:FeastOfDew","AdministrixMod:CastOffRegrets"],"picked":"AdministrixMod:Untouchable","floor":5},{"not_picked":["AdministrixMod:TouchOfCinnabar","AdministrixMod:Metempsychosis"],"picked":"AdministrixMod:ArmillarySphere","floor":8},{"not_picked":["AdministrixMod:SealAway","AdministrixMod:TrickOfTheLight+1"],"picked":"AdministrixMod:Overdrive","floor":9},{"not_picked":["AdministrixMod:RebukeDesires+1","AdministrixMod:UnstableVigor+1"],"picked":"AdministrixMod:BloodlessSapphire","floor":10},{"not_picked":["AdministrixMod:ExtolVirtue+1","AdministrixMod:ReachToHeaven+1"],"picked":"AdministrixMod:XianArts","floor":12},{"not_picked":["AdministrixMod:RebukeDesires+1","AdministrixMod:CrackingPangu+1"],"picked":"AdministrixMod:JustRewards+1","floor":13}],"player_experience":157214,"relics_obtained":[{"floor":2,"key":"Matryoshka"},{"floor":9,"key":"MealTicket"},{"floor":9,"key":"War Paint"},{"floor":13,"key":"StuffTheSpire:Barrel"}],"event_choices":[{"damage_healed":0,"gold_gain":0,"player_choice":"Bought 1 Potion","damage_taken":0,"max_hp_gain":0,"max_hp_loss":0,"event_name":"The Woman in Blue","floor":4,"gold_loss":0}],"is_beta":false,"boss_relics":[],"items_purged_floors":[14],"is_endless":false,"potions_floor_spawned":[1,8,12,13],"killed_by":"Fading Forest","ascension_level":0}}