{"host":"edk8ruzv78x6jv19","time":1607991886,"event":{"mods":["BaseMod","Better Third Choice","Infinite Spire","Lobotomy","Minty Spire (QoL Compilation)","Replay The Spire","StSLib","The Animator","Treasure Hunter"],"gold_per_floor":[112,37,0,0,0,0,39,39,112,138,38,78,78,418,418,563,563,588,311,311,320,359,359,359,359,440,89,98,146,174,124,124,264,264,313,391,427,427,188,188,188,188,221,221,289,289,52,84,84,84,84],"floor_reached":50,"playtime":2304,"items_purged":["Infernal Blade","Replay:Undeath\u0027s Touch","Voices","Replay:Undeath\u0027s Touch","Replay:Undeath\u0027s Touch","Demonic Infusion+1","Metallicize+1","Shrug It Off+1"],"score":696,"play_id":"e2bedcb2-1862-4444-a635-ed49c9863708","local_time":"20201214182446","daily_mods":["SealedDeck","Heirloom","Time Dilation","Flight","DeadlyEvents","Elite Swarm","Lethality","Night Terrors"],"is_ascension_mode":true,"campfire_choices":[{"data":"Armaments","floor":6,"key":"SMITH"},{"data":"TH:CopperCoins","floor":8,"key":"SMITH"},{"data":"TH:CopperCoins","floor":13,"key":"SMITH"},{"data":"infinitespire:Collect","floor":23,"key":"SMITH"},{"data":"TH:CursedSword","floor":24,"key":"SMITH"},{"data":"TH:CopperCoins","floor":25,"key":"SMITH"},{"data":"Twin Strike","floor":32,"key":"PURGE"},{"data":"Armaments","floor":40,"key":"SMITH"},{"data":"Rampage","floor":41,"key":"SMITH"},{"data":"infinitespire:Menacing","floor":42,"key":"SMITH"},{"data":"TH:CursedSword","floor":44,"key":"SMITH"},{"data":"Armaments+1","floor":49,"key":"PURGE"}],"circlet_count":0,"master_deck":["Metallicize","Armaments+1","Heavy Blade","Heavy Blade","Searing Blow","Enlightenment+1","TH:CopperCoins+1","Reaper","TH:CursedSword+1","TH:CopperCoins+1","TH:CopperCoins+1","infinitespire:Collect+1","TH:CursedSword+1","infinitespire:Menacing+1","Rampage+1","TH:CopperCoins","Limit Break","infinitespire:FutureSight"],"relics":["Question Card","PureWater","TwistedFunnel","BargainBundle","CloakClasp","Another Sword","animator:PurgingStone","TheAbacus","Mark of Pain","Happy Flower","Snack Pack","ApostleMask","Raider\u0027s Mask","Thread and Needle","Cracked Core","The Courier","FaceOfCleric","Replay:M_SmolderingBlood","Iron Core","Replay:Baseball","Bloody Idol","Snecko Eye","Burning Blood","infinitespire:Chaos","Ooze Armor","infinitespire:PuzzleCube","ReplayFunnel"],"acts_visited":["Exordium","TheCity","TheBeyond"],"potions_floor_usage":[16,16,16,29,33,37,50],"damage_taken":[{"damage":0,"enemies":"2 Louse","floor":1,"turns":1},{"damage":6,"enemies":"Lagavulin","floor":7,"turns":3},{"damage":10,"enemies":"Small Slimes","floor":10,"turns":2},{"damage":29,"enemies":"3 Sentries","floor":12,"turns":6},{"damage":14,"enemies":"Gremlin Nob","floor":14,"turns":3},{"damage":61,"enemies":"Hexaghost","floor":16,"turns":7},{"damage":31,"enemies":"Spheric Guardian","floor":18,"turns":4},{"damage":7,"enemies":"Shell Parasite","floor":22,"turns":2},{"damage":57,"enemies":"Slavers","floor":29,"turns":5},{"damage":33,"enemies":"Sentry and Sphere","floor":30,"turns":6},{"damage":66,"enemies":"Automaton","floor":33,"turns":7},{"damage":7,"enemies":"Orb Walker","floor":35,"turns":4},{"damage":9,"enemies":"Mind Bloom Boss Battle","floor":36,"turns":4},{"damage":18,"enemies":"3 Darklings","floor":37,"turns":4},{"damage":62,"enemies":"Giant Head","floor":45,"turns":7},{"damage":26,"enemies":"Spire Growth","floor":48,"turns":3},{"damage":39,"enemies":"Replay:Hell Engine","floor":50,"turns":2}],"seed_played":"9218056313373683570","potions_obtained":[{"floor":7,"key":"SpeedPotion"},{"floor":12,"key":"Adrenaline Potion"},{"floor":15,"key":"Flashbang"},{"floor":22,"key":"SkillPotion"},{"floor":30,"key":"Energy Potion"},{"floor":35,"key":"Fire Potion"},{"floor":36,"key":"Reflective Coating"}],"is_trial":true,"path_per_floor":["M","$","?","?","?","R","E","R","T","M","$","E","R","E","R","B",null,"M","$","?","AVR","M","R","R","R","T","$","?","E","M","$","R","B",null,"M","?","M","?","$","R","R","R","T","R","E","AVR","$","M","R","B"],"character_chosen":"IRONCLAD","items_purchased":["CeramicFish","ReplayTheSpireMod:CursedCoin","Ancient Tea Set","Peace Pipe","infinitespire:Beetle Shell","Armaments","infinitespire:PuzzleCube","ReplayFunnel"],"campfire_rested":0,"item_purchase_floors":[19,19,19,27,39,39,47,47],"current_hp_per_floor":[80,80,86,86,65,65,65,65,65,64,64,66,66,61,61,20,95,73,76,76,79,81,81,81,81,84,84,61,30,72,72,72,52,110,112,109,97,97,100,100,100,100,103,103,65,65,65,39,39,0,0],"gold":84,"neow_bonus":"","is_daily":false,"chose_seed":false,"campfire_upgraded":10,"win_rate":0.0,"timestamp":1607991886,"path_taken":["M","$","?","?","?","R","E","R","T","?","$","?","R","E","R","BOSS","M","?","?","AVR","?","R","R","R","T","$","?","?","?","$","R","BOSS","M","?","?","?","$","R","R","R","T","R","?","AVR","$","?","R","BOSS"],"items_purchased_type":["Relic","Relic","Relic","Relic","Relic","Card","Relic","Relic"],"build_version":"2020-12-13","purchased_purges":8,"victory":false,"max_hp_per_floor":[80,80,86,86,86,86,86,86,86,89,89,92,92,95,95,95,95,98,101,101,104,104,104,104,104,107,107,110,110,110,110,110,110,110,113,113,113,113,116,116,116,116,119,119,122,122,122,123,123,123,123],"card_choices":[{"not_picked":["Wild Strike","Entrench","Warcry"],"picked":"SKIP","floor":1},{"not_picked":["TH:ArmorSpikes"],"picked":"TH:CopperCoins","floor":7},{"not_picked":["Barricade","Bludgeon"],"picked":"Reaper","floor":7},{"not_picked":["TH:EnergyPotion"],"picked":"TH:CursedSword","floor":9},{"not_picked":["Sword Boomerang","Combust"],"picked":"Twin Strike","floor":10},{"not_picked":["Wild Strike","Sentinel"],"picked":"Replay:Undeath\u0027s Touch","floor":10},{"not_picked":["TH:TreasureMap"],"picked":"TH:CopperCoins","floor":12},{"not_picked":["Barricade","Replay:Many Hands"],"picked":"Demonic Infusion","floor":12},{"not_picked":["TH:BikiniMail"],"picked":"TH:CopperCoins","floor":14},{"not_picked":["Replay:Many Hands","Juggernaut","Bludgeon"],"picked":"SKIP","floor":14},{"not_picked":["Sentinel","ReplayTheSpireMod:Muscle Training"],"picked":"Metallicize+1","floor":18},{"not_picked":["Life Link","Iron Wave","Anger+1"],"picked":"SKIP","floor":18},{"not_picked":["Run Through+1","Blood for Blood+1","Pommel Strike"],"picked":"SKIP","floor":22},{"not_picked":["Replay:Undeath\u0027s Touch+1","Body Slam","Clothesline"],"picked":"SKIP","floor":22},{"not_picked":["TH:Mimic"],"picked":"TH:CursedSword","floor":26},{"not_picked":["infinitespire:Execution","infinitespire:Gouge"],"picked":"infinitespire:Menacing","floor":28},{"not_picked":["TH:ElvenBoots","TH:CursedSword"],"picked":"SKIP","floor":29},{"not_picked":["Offering","Bludgeon","Fiend Fire"],"picked":"SKIP","floor":29},{"not_picked":["Flex","Dual Wield","Ghostly Armor+1"],"picked":"SKIP","floor":30},{"not_picked":["Replay:Undeath\u0027s Touch","Bloodletting","Clothesline"],"picked":"SKIP","floor":30},{"not_picked":["Headbutt+1","Abandon+1"],"picked":"Rampage","floor":35},{"not_picked":["Body Slam","Sword Boomerang","Shrug It Off"],"picked":"SKIP","floor":35},{"not_picked":["Shrug It Off+1","Rampage","Burning Pact"],"picked":"SKIP","floor":37},{"not_picked":["Anger+1","Body Slam","Rage"],"picked":"SKIP","floor":37},{"not_picked":["TH:EnergyPotion"],"picked":"TH:CopperCoins","floor":43},{"not_picked":["Replay:Many Hands","Double Tap"],"picked":"Limit Break","floor":45},{"not_picked":["TH:ArmorSpikes","TH:EnergyPotion"],"picked":"SKIP","floor":45},{"not_picked":["Rage","Flex","Havoc+1","Iron Wave+1"],"picked":"SKIP","floor":48}],"player_experience":13414,"relics_obtained":[{"floor":7,"key":"Prayer Wheel"},{"floor":9,"key":"Replay:Ringing Soul"},{"floor":12,"key":"Matryoshka"},{"floor":14,"key":"Old Coin"},{"floor":26,"key":"Smiling Mask"},{"floor":26,"key":"Self Forming Clay"},{"floor":29,"key":"War Paint"},{"floor":43,"key":"Bag of Marbles"},{"floor":43,"key":"infinitespire:CheckeredPen"},{"floor":45,"key":"Red Skull"}],"event_choices":[{"damage_healed":0,"gold_gain":0,"player_choice":"RENOUNCE","damage_taken":37,"max_hp_gain":0,"max_hp_loss":0,"event_name":"betterThird:BetterSerpent","floor":3,"gold_loss":37,"cards_obtained":["Enlightenment"]},{"damage_healed":0,"gold_gain":0,"player_choice":"Grow","damage_taken":0,"max_hp_gain":0,"max_hp_loss":0,"event_name":"Living Wall","floor":4,"gold_loss":0,"cards_upgraded":["Enlightenment"]},{"damage_healed":0,"gold_gain":0,"player_choice":"Take Damage","damage_taken":21,"relics_obtained":["Golden Idol"],"max_hp_gain":0,"max_hp_loss":0,"event_name":"Golden Idol","floor":5,"gold_loss":0},{"damage_healed":0,"gold_gain":0,"player_choice":"Ignored","damage_taken":0,"max_hp_gain":0,"max_hp_loss":0,"event_name":"Ghosts","floor":20,"gold_loss":0},{"damage_healed":0,"gold_gain":0,"player_choice":"Fight","damage_taken":0,"max_hp_gain":0,"max_hp_loss":0,"event_name":"MindBloom","floor":36,"gold_loss":0},{"cards_removed":["Iron Wave"],"damage_healed":0,"gold_gain":0,"player_choice":"Removed Attack","damage_taken":0,"max_hp_gain":0,"max_hp_loss":0,"event_name":"Falling","floor":38,"gold_loss":0}],"is_beta":false,"boss_relics":[{"not_picked":["ReplayTheSpireMod:DimensionalGlitch","Cursed Key"],"picked":"Philosopher\u0027s Stone"},{"not_picked":["Velvet Choker","Runic Dome"],"picked":"infinitespire:Cupcake"}],"items_purged_floors":[2,11,19,21,27,31,39,46],"is_endless":false,"potions_floor_spawned":[7,12,22,30,35,36],"killed_by":"Replay:Hell Engine","ascension_level":1}}