{"host":"2hea6pl5vmah38iy","time":1607995931,"event":{"mods":["AchievementEnabler","BaseMod","Colored Map","DeckTracker","Keyboard Shortcuts","Minty Spire (QoL Compilation)","Rare Cards Sparkle","StSLib","SuperFastMode","everything is the same but u backflip on backflip"],"gold_per_floor":[119,119,139,159,182,182,220,296,296,310,71,71,146,166,166,265,265,289,289,214,233,246,289,309,309,309],"floor_reached":25,"playtime":1464,"items_purged":["Defend_P"],"score":479,"play_id":"e7fbbe4a-306c-434e-8abf-5217a3642a3a","local_time":"20201215103211","is_ascension_mode":true,"campfire_choices":[{"data":"CrushJoints","floor":6.0,"key":"SMITH"},{"floor":12.0,"key":"REST"},{"data":"Eruption","floor":15.0,"key":"SMITH"}],"circlet_count":0,"master_deck":["AscendersBane","Strike_P+1","Strike_P","Strike_P","Strike_P","Defend_P","Defend_P","Defend_P","Eruption+1","Vigilance","Thinking Ahead","FlyingSleeves","Halt","Tantrum","CrushJoints+1","InnerPeace+1","Vengeance+1","LessonLearned","DeceiveReality","Ghostly","Ghostly","Ghostly","Ghostly","Ghostly","Halt+1","InnerPeace"],"relics":["PureWater","Golden Idol","Anchor","Yang","Bag of Marbles","Question Card","SacredBark","Sundial"],"acts_visited":["Exordium","TheCity"],"potions_floor_usage":[25],"damage_taken":[{"damage":0.0,"enemies":"Cultist","floor":1.0,"turns":3.0},{"damage":0.0,"enemies":"Small Slimes","floor":3.0,"turns":3.0},{"damage":5.0,"enemies":"2 Louse","floor":4.0,"turns":2.0},{"damage":3.0,"enemies":"Looter","floor":5.0,"turns":2.0},{"damage":15.0,"enemies":"3 Sentries","floor":7.0,"turns":4.0},{"damage":11.0,"enemies":"3 Sentries","floor":8.0,"turns":4.0},{"damage":0.0,"enemies":"Large Slime","floor":10.0,"turns":3.0},{"damage":0.0,"enemies":"3 Louse","floor":14.0,"turns":2.0},{"damage":0.0,"enemies":"Slime Boss","floor":16.0,"turns":3.0},{"damage":6.0,"enemies":"2 Thieves","floor":18.0,"turns":3.0},{"damage":6.0,"enemies":"3 Byrds","floor":21.0,"turns":5.0},{"damage":5.0,"enemies":"Sentry and Sphere","floor":22.0,"turns":7.0},{"damage":2.0,"enemies":"Book of Stabbing","floor":23.0,"turns":6.0},{"damage":0.0,"enemies":"Snake Plant","floor":24.0,"turns":6.0},{"damage":7,"enemies":"Gremlin Leader","floor":25,"turns":8}],"seed_played":"-8362125770974455907","potions_obtained":[{"floor":1.0,"key":"SpeedPotion"},{"floor":5.0,"key":"AttackPotion"},{"floor":8.0,"key":"BottledMiracle"},{"floor":14.0,"key":"Fire Potion"},{"floor":16.0,"key":"PowerPotion"},{"floor":22.0,"key":"DuplicationPotion"},{"floor":24.0,"key":"Block Potion"}],"is_trial":false,"path_per_floor":["M","?","M","M","M","R","E","?","T","M","$","R","?","M","R","B",null,"M","?","$","M","M","E","M","E"],"character_chosen":"WATCHER","items_purchased":["Question Card"],"campfire_rested":1,"item_purchase_floors":[11],"current_hp_per_floor":[65,60,60,55,52,52,37,26,26,26,26,44,38,38,38,38,55,49,30,30,24,19,17,17,10,10],"gold":309,"neow_bonus":"RANDOM_COLORLESS_2","is_daily":false,"chose_seed":false,"campfire_upgraded":2,"win_rate":0.0,"timestamp":1607995931,"path_taken":["M","?","M","M","M","R","E","?","T","M","$","R","?","?","R","BOSS","M","?","$","M","M","E","M","E"],"items_purchased_type":["Relic"],"build_version":"2020-12-13","purchased_purges":1,"victory":false,"max_hp_per_floor":[65,60,60,60,60,60,60,60,60,60,60,60,60,60,60,60,60,60,30,30,30,30,30,30,30,30],"card_choices":[{"not_picked":["Mayhem","Sadistic Nature"],"picked":"Thinking Ahead","floor":0.0},{"not_picked":["ClearTheMind","Protect"],"picked":"FlyingSleeves","floor":1.0},{"not_picked":["Protect","EmptyFist"],"picked":"Halt","floor":3.0},{"not_picked":["Swivel","Prostrate"],"picked":"Tantrum","floor":4.0},{"not_picked":["CutThroughFate","BowlingBash"],"picked":"CrushJoints","floor":5.0},{"not_picked":["Vault","FollowUp"],"picked":"InnerPeace","floor":7.0},{"not_picked":["EmptyBody","CrushJoints","CarveReality"],"picked":"SKIP","floor":10.0},{"not_picked":["Meditate","LikeWater","Devotion"],"picked":"Vengeance","floor":14.0},{"not_picked":["Blasphemy","Judgement","DevaForm"],"picked":"LessonLearned","floor":16.0},{"not_picked":["Consecrate","PathToVictory","ThirdEye"],"picked":"DeceiveReality","floor":18.0},{"not_picked":["CrushJoints","ClearTheMind","SashWhip"],"picked":"Halt","floor":21.0},{"not_picked":["Prostrate","Halt","InnerPeace","WreathOfFlame"],"picked":"SKIP","floor":22.0},{"not_picked":["Prostrate","Halt","WreathOfFlame"],"picked":"InnerPeace","floor":22.0},{"not_picked":["Conclude","JustLucky","TalkToTheHand","Halt"],"picked":"SKIP","floor":23.0},{"not_picked":["FollowUp","LikeWater","BowlingBash","Swivel"],"picked":"SKIP","floor":24.0}],"player_experience":413480,"relics_obtained":[{"floor":7.0,"key":"Anchor"},{"floor":9.0,"key":"Bag of Marbles"},{"floor":23.0,"key":"Sundial"}],"event_choices":[{"damage_healed":0.0,"max_hp_gain":0.0,"max_hp_loss":5.0,"gold_gain":0.0,"event_name":"Golden Idol","player_choice":"Lose Max HP","floor":2.0,"gold_loss":0.0,"damage_taken":0.0,"relics_obtained":["Golden Idol"]},{"damage_healed":0.0,"max_hp_gain":0.0,"max_hp_loss":0.0,"gold_gain":0.0,"event_name":"Dead Adventurer","player_choice":"Searched \u00273\u0027 times","floor":8.0,"gold_loss":0.0,"damage_taken":0.0,"relics_obtained":["Yang"]},{"damage_healed":0.0,"max_hp_gain":0.0,"max_hp_loss":0.0,"gold_gain":75.0,"event_name":"FaceTrader","player_choice":"Touch","floor":13.0,"gold_loss":0.0,"damage_taken":6.0},{"damage_healed":0.0,"max_hp_gain":0.0,"max_hp_loss":30.0,"gold_gain":0.0,"event_name":"Ghosts","player_choice":"Became a Ghost","floor":19.0,"gold_loss":0.0,"damage_taken":0.0,"cards_obtained":["Ghostly","Ghostly","Ghostly","Ghostly","Ghostly"]}],"is_beta":false,"boss_relics":[{"not_picked":["Tiny House","SlaversCollar"],"picked":"SacredBark"}],"items_purged_floors":[20],"is_endless":false,"potions_floor_spawned":[1,5,8,14,16,22,24],"killed_by":"Gremlin Leader","ascension_level":13}}