{"host":"rwzz6mk6bpmb57ql","time":1607995461,"event":{"mods":["BaseMod","BetterRewards","Colored Map","Highlight Path","Hubris","Minty Spire (QoL Compilation)","Replay The Spire","StSLib"],"gold_per_floor":[2113,1340,1351,653,665,665,676,676,676,703,232,258,258,280,280,402,402,420,690,725,764,800,800,844,891,891,891,943,985,1031,1071,1083,1225,1237,1283,493,493,530,554,628,628,628,628,683,683,737,769,832,832,874],"floor_reached":51,"playtime":3541,"items_purged":["Defend_R","Defend_R","Defend_R","Twin Strike"],"score":852,"play_id":"781c3c9b-0806-46b8-b443-2cbcde2fa95f","local_time":"20201214192421","is_ascension_mode":false,"campfire_choices":[{"data":"1","floor":6,"key":"LIFT"},{"data":"2","floor":13,"key":"LIFT"},{"data":"3","floor":15,"key":"LIFT"},{"data":"Hemogenesis","floor":23,"key":"SMITH"},{"data":"hubris:EnhanceAbility","floor":27,"key":"SMITH"},{"data":"Perfected Strike","floor":45,"key":"SMITH"}],"circlet_count":0,"master_deck":["Strike_R","Strike_R","Strike_R","Strike_R","Strike_R","Bash","hubris:ReadiedAction+1","hubris:EnhanceAbility+1","Berserk+1","Flex","Blood for Blood","Perfected Strike+1","Perfected Strike+1","Replay:Undeath\u0027s Touch","Offering+1","Replay:Undeath\u0027s Touch","Hemogenesis+1","Replay:Undeath\u0027s Touch","Replay:Undeath\u0027s Touch","Brutality+1","Perfected Strike","Replay:Undeath\u0027s Touch+1","Replay:Undeath\u0027s Touch+1","Pommel Strike+1"],"relics":["Burning Blood","Blood Vial","Brimstone","Girya","Chemical X","Strawberry","Replay:Bandana","Bronze Scales","Red Skull","Replay:Bronze Core","Red Mask","Golden Egg","MawBank","hubris:ScarierMask","Thread and Needle","Happy Flower","Guide Book","Mercury Hourglass","Potion Belt"],"acts_visited":["Exordium","TheCity","TheBeyond"],"potions_floor_usage":[7,12,16,16,21,22,22,25,33,39,44,46,50,50,50,50],"damage_taken":[{"damage":0,"enemies":"Small Slimes","floor":1,"turns":3},{"damage":0,"enemies":"Cultist","floor":3,"turns":2},{"damage":8,"enemies":"2 Louse","floor":5,"turns":2},{"damage":0,"enemies":"Large Slime","floor":7,"turns":2},{"damage":11,"enemies":"Looter","floor":10,"turns":2},{"damage":0,"enemies":"Exordium Thugs","floor":12,"turns":2},{"damage":6,"enemies":"Large Slime","floor":14,"turns":1},{"damage":66,"enemies":"The Guardian","floor":16,"turns":4},{"damage":6,"enemies":"Spheric Guardian","floor":18,"turns":1},{"damage":40,"enemies":"2 Thieves","floor":20,"turns":3},{"damage":33,"enemies":"Centurion and Healer","floor":21,"turns":3},{"damage":4,"enemies":"Shelled Parasite and Fungi","floor":22,"turns":2},{"damage":18,"enemies":"Cultist and Chosen","floor":24,"turns":3},{"damage":0,"enemies":"Masked Bandits","floor":25,"turns":2},{"damage":52,"enemies":"Book of Stabbing","floor":28,"turns":3},{"damage":9,"enemies":"Centurion and Healer","floor":29,"turns":2},{"damage":6,"enemies":"Chosen and Byrds","floor":30,"turns":2},{"damage":6,"enemies":"Shelled Parasite and Fungi","floor":31,"turns":2},{"damage":48,"enemies":"hubris:MusketHawk","floor":33,"turns":6},{"damage":8,"enemies":"3 Shapes","floor":35,"turns":2},{"damage":1,"enemies":"Orb Walker","floor":38,"turns":2},{"damage":13,"enemies":"Jaw Worm Horde","floor":39,"turns":2},{"damage":32,"enemies":"R_Hoarder","floor":40,"turns":4},{"damage":10,"enemies":"Reptomancer","floor":44,"turns":2},{"damage":17,"enemies":"Writhing Mass","floor":46,"turns":3},{"damage":0,"enemies":"Sphere and 2 Shapes","floor":47,"turns":1},{"damage":10,"enemies":"Transient","floor":48,"turns":5},{"damage":101,"enemies":"Awakened One","floor":50,"turns":5}],"seed_played":"-4784857229534533908","potions_obtained":[{"floor":3,"key":"Explosive Potion"},{"floor":5,"key":"AttackPotion"},{"floor":10,"key":"BlessingOfTheForge"},{"floor":14,"key":"ColorlessPotion"},{"floor":20,"key":"Venom Potion"},{"floor":21,"key":"Block Potion"},{"floor":24,"key":"Swift Potion"},{"floor":29,"key":"Weak Potion"},{"floor":38,"key":"ColorlessPotion"},{"floor":42,"key":"DuplicationPotion"},{"floor":42,"key":"SpeedPotion"},{"floor":42,"key":"LifebloodPotion"},{"floor":46,"key":"Swift Potion"},{"floor":47,"key":"HeartOfIron"},{"floor":48,"key":"ElixirPotion"},{"floor":49,"key":"EssenceOfSteel"}],"is_trial":false,"path_per_floor":["M","$","M","$","M","R","M","?","T","M","$","M","R","M","R","B",null,"M","?","M","M","M","R","M","?","T","R","E","M","M","M","R_BF","B",null,"M","$","?","M","M","E","?","?","T","E","R","M","M","M","R_BF","B",null],"character_chosen":"IRONCLAD","items_purchased":["hubris:EnhanceAbility","Berserk","Flex","Blood Vial","Brimstone","Blood for Blood","Girya","Chemical X","Strawberry","Bronze Scales","Red Skull","Replay:Undeath\u0027s Touch","Replay:Undeath\u0027s Touch","Thread and Needle","Happy Flower","Guide Book"],"campfire_rested":0,"item_purchase_floors":[2,2,2,2,2,2,4,4,4,11,11,11,36,36,36,36],"current_hp_per_floor":[110,110,110,117,115,115,117,117,117,112,112,117,117,117,117,57,117,117,84,52,34,38,38,45,53,53,53,9,98,108,110,117,81,117,115,115,115,117,110,86,86,86,86,95,95,94,102,111,111,26],"gold":874,"neow_bonus":"","is_daily":false,"chose_seed":false,"campfire_upgraded":3,"win_rate":0.0,"timestamp":1607995461,"path_taken":["M","$","M","$","M","R","M","?","T","M","$","M","R","M","R","BOSS","M","?","M","M","?","R","M","?","T","R","E","M","M","M","R_BF","BOSS","M","$","?","M","M","E","?","?","T","E","R","M","M","M","R_BF","BOSS"],"items_purchased_type":["Card","Card","Card","Relic","Relic","Card","Relic","Relic","Relic","Relic","Relic","Card","Card","Relic","Relic","Relic"],"build_version":"2020-12-13","purchased_purges":4,"victory":true,"max_hp_per_floor":[110,110,110,117,117,117,117,117,117,117,117,117,117,117,117,117,117,117,117,117,117,117,117,117,117,117,117,117,117,117,117,117,117,117,117,117,117,117,117,117,117,117,117,117,117,117,117,117,117,117],"card_choices":[{"not_picked":["Iron Wave","Armaments"],"picked":"hubris:ReadiedAction","floor":1},{"not_picked":["Headbutt","Run Through"],"picked":"Perfected Strike","floor":3},{"not_picked":["Body Slam","Armaments"],"picked":"Perfected Strike","floor":5},{"not_picked":["Abandon","Shockwave"],"picked":"Replay:Undeath\u0027s Touch","floor":7},{"not_picked":["Run Through","ReplayTheSpireMod:LeadingStrike"],"picked":"Offering","floor":10},{"not_picked":["Warcry","Armaments","Iron Wave"],"picked":"SKIP","floor":12},{"not_picked":["Clash","Dual Wield"],"picked":"Twin Strike","floor":14},{"not_picked":["Eclipse","Feed"],"picked":"Hemogenesis","floor":16},{"not_picked":["ReplayReversal","Pommel Strike","Second Wind"],"picked":"SKIP","floor":18},{"not_picked":["Cleave","Life Link+1","Twin Strike"],"picked":"SKIP","floor":20},{"not_picked":["Body Slam","Hemokinesis"],"picked":"Replay:Undeath\u0027s Touch","floor":21},{"not_picked":["hubris:ReadiedAction","Disarm+1","Anger+1"],"picked":"SKIP","floor":22},{"not_picked":["Run Through","Ghostly Armor","Flex"],"picked":"SKIP","floor":24},{"not_picked":["Intimidate+1","Cleave","Clash"],"picked":"SKIP","floor":28},{"not_picked":["Metallicize+1","Dark Embrace+1","Defy Death"],"picked":"SKIP","floor":29},{"not_picked":["Entrench","ReplayTheSpireMod:Strike From Hell","Power Through"],"picked":"SKIP","floor":30},{"not_picked":["Second Wind+1","Pummel"],"picked":"Replay:Undeath\u0027s Touch","floor":31},{"not_picked":["Demon Form","Fiend Fire"],"picked":"Brutality","floor":33},{"not_picked":["Massacre","Headbutt+1"],"picked":"Perfected Strike","floor":35},{"not_picked":["Abandon+1","Metallicize"],"picked":"Replay:Undeath\u0027s Touch+1","floor":38},{"not_picked":["Pommel Strike","Iron Wave","Cleave"],"picked":"SKIP","floor":39},{"not_picked":["ReplayTheSpireMod:Limb From Limb+1","Twin Strike+1","ReplayTheSpireMod:Strike From Hell"],"picked":"SKIP","floor":40},{"not_picked":["ReplayTheSpireMod:Stacked","Body Slam+1"],"picked":"Pommel Strike+1","floor":44},{"not_picked":["Thunderclap","hubris:SharpeningStone+1","Ghostly Armor"],"picked":"SKIP","floor":46},{"not_picked":["Iron Wave+1","Headbutt","Flex"],"picked":"SKIP","floor":47},{"not_picked":["Combust","Shrug It Off","Entrench"],"picked":"SKIP","floor":48}],"player_experience":0,"relics_obtained":[{"floor":9,"key":"Replay:Bandana"},{"floor":25,"key":"Red Mask"},{"floor":26,"key":"Golden Egg"},{"floor":28,"key":"MawBank"},{"floor":43,"key":"Mercury Hourglass"},{"floor":44,"key":"Potion Belt"}],"event_choices":[{"cards_removed":["Defend_R"],"damage_healed":0,"gold_gain":0,"player_choice":"Purged","damage_taken":0,"max_hp_gain":0,"max_hp_loss":0,"event_name":"Purifier","floor":8,"gold_loss":0},{"damage_healed":0,"gold_gain":270,"player_choice":"POTION GOLD GOLD GOLD ","damage_taken":33,"max_hp_gain":0,"max_hp_loss":0,"event_name":"Knowing Skull","floor":19,"potions_obtained":["DuplicationPotion"],"gold_loss":0,"cards_obtained":[]},{"damage_healed":0,"gold_gain":0,"player_choice":"Fought Bandits","damage_taken":0,"max_hp_gain":0,"max_hp_loss":0,"event_name":"Masked Bandits","floor":25,"gold_loss":0},{"damage_healed":0,"gold_gain":0,"player_choice":"Got Potions","damage_taken":0,"max_hp_gain":0,"max_hp_loss":0,"event_name":"Lab","floor":42,"gold_loss":0}],"is_beta":false,"boss_relics":[{"not_picked":["Runic Dome","Replay:Drink Me"],"picked":"Replay:Bronze Core"},{"not_picked":["Replay:Grab Bag","Cursed Key"],"picked":"hubris:ScarierMask"}],"items_purged_floors":[2,4,11,36],"is_endless":false,"potions_floor_spawned":[3,5,10,14,20,21,24,29,38,46,47,48],"ascension_level":0}}