{"host":"y6zg4wwu39otf01a","time":1607999028,"event":{"mods":["Act Like it!","Aspiration","BaseMod","Better Altar","Better Match","Better Note","Better Sensory Stone","Better Skull","Better Third Choice","Colored Map","Colored Powertips","Conspire","GifTheSpireLib","Glutton Mod","Halation","Hermit","Highlight Path","Hubris","Infinite Spire","Mimic Mod","Minty Spire (QoL Compilation)","Quick Restart","Random Character Button","Rare Cards Sparkle","Replay The Spire","Retaliation","Shade Mod","Spicy Shops","StSLib","Stuff the Spire","The Blue Laboratory","The Jungle","TheArtist","thorton","vexMod"],"gold_per_floor":[111,122,122,134,134,134,134,13,13,28,67,81,100,131,131,175,175,304,304,328,349,370,370,370,370,370,370,419,419,419],"floor_reached":29,"playtime":1780,"items_purged":[],"score":245,"play_id":"4172d7c8-129c-40e2-87b9-91f7cdd81526","local_time":"20201214212348","is_ascension_mode":true,"campfire_choices":[{"floor":15,"key":"REST"},{"floor":17,"key":"REST"},{"floor":25,"key":"REST"},{"data":"hermit:FinalCanter","floor":27,"key":"SMITH"}],"circlet_count":0,"master_deck":["hermit:Strike_Hermit","hermit:Strike_Hermit","hermit:Strike_Hermit","hermit:Strike_Hermit","hermit:Defend_Hermit","hermit:Defend_Hermit","hermit:Defend_Hermit","hermit:Defend_Hermit","hermit:Snapshot","hermit:Covet","hermit:Horror","hermit:GhostlyPresence","Pain","Injury","hermit:Quickdraw","hermit:Coalescence","hermit:Horror","hermit:Spite","hermit:WideOpen","hermit:Midnight","hermit:FinalCanter+1","hermit:GhostlyPresence","hermit:WideOpen","RitualDagger"],"relics":["hermit:Momento","WarpedTongs","Golden Idol","Matryoshka","MealTicket","vexMod:MemoryStick","aspiration:ChemicalBlood","halation:KoshaPiece","StuffTheSpire:MayFlowers","PrismaticShard","OrangePellets","aspiration:StickyExplosives_weak","ReplayTheSpireMod:Lightbulb"],"acts_visited":["Exordium","TheCity"],"potions_floor_usage":[11,14,14,16,18,18,20,21,22,29,29,29],"damage_taken":[{"damage":0,"enemies":"Cultist","floor":1,"turns":3},{"damage":7,"enemies":"Small Slimes","floor":2,"turns":3},{"damage":0,"enemies":"2 Louse","floor":4,"turns":1},{"damage":11,"enemies":"Red Slaver","floor":10,"turns":5},{"damage":3,"enemies":"Lots of Slimes","floor":11,"turns":6},{"damage":10,"enemies":"Lots of Slimes","floor":12,"turns":4},{"damage":7,"enemies":"2 Fungi Beasts","floor":13,"turns":3},{"damage":16,"enemies":"Gremlin Nob","floor":14,"turns":4},{"damage":17,"enemies":"Lagavulin","floor":16,"turns":5},{"damage":20,"enemies":"Hexaghost","floor":18,"turns":9},{"damage":38,"enemies":"3 Byrds","floor":20,"turns":7},{"damage":11,"enemies":"conspire:FuzzyDice","floor":21,"turns":4},{"damage":20,"enemies":"3 Cultists","floor":22,"turns":4},{"damage":2,"enemies":"Snake Plant","floor":28,"turns":4},{"damage":36,"enemies":"Slavers","floor":29,"turns":4}],"seed_played":"7950587010944814605","potions_obtained":[{"floor":4,"key":"Toxic Potion"},{"floor":12,"key":"blueLaboratory:HummingbirdPotion"},{"floor":13,"key":"Languid Potion"},{"floor":14,"key":"blueLaboratory:HeartbeatPotion"},{"floor":16,"key":"Regen Potion"},{"floor":21,"key":"ColorlessPotion"},{"floor":28,"key":"BlessingOfTheForge"},{"floor":29,"key":"Dexterity Potion"}],"is_trial":false,"path_per_floor":["M","M","?","M","?","PTL","PTL","$","?","M","MIM","M","M","E","R","E","R","B",null,"M","M","M","?","AVR","R","?","R","MIM","E"],"character_chosen":"HERMIT","items_purchased":["Matryoshka"],"campfire_rested":3,"item_purchase_floors":[8],"current_hp_per_floor":[82,75,75,75,75,75,75,75,59,48,45,35,28,12,36,19,43,29,82,59,48,28,20,20,44,38,38,36,0,0],"gold":419,"neow_bonus":"TEN_PERCENT_HP_BONUS","is_daily":false,"chose_seed":false,"campfire_upgraded":1,"win_rate":0.0,"timestamp":1607999028,"path_taken":["M","M","?","?","?","PTL","PTL","$","?","M","MIM","?","M","E","R","E","R","BOSS","M","M","M","?","AVR","R","?","R","MIM","E"],"items_purchased_type":["Relic"],"build_version":"2020-12-13","purchased_purges":0,"victory":false,"max_hp_per_floor":[82,82,82,82,82,82,82,82,82,82,82,82,82,82,82,82,82,82,82,82,82,82,82,82,82,82,82,82,82,82],"card_choices":[{"not_picked":["hermit:Scavenge","hermit:Gestalt"],"picked":"hermit:Horror","floor":1},{"not_picked":["hermit:Ricochet","hermit:ItchyTrigger"],"picked":"hermit:GhostlyPresence","floor":2},{"not_picked":["hermit:Desperado","hermit:LoneWolf","hermit:Feint"],"picked":"SKIP","floor":4},{"not_picked":["hermit:Misfire","hermit:Spite"],"picked":"hermit:Quickdraw","floor":10},{"not_picked":["hermit:CalledShot","hermit:TrackingShot"],"picked":"hermit:Coalescence","floor":11},{"not_picked":["hermit:Snipe","hermit:Vantage"],"picked":"hermit:Horror","floor":12},{"not_picked":["hermit:Gestalt","hermit:LowProfile"],"picked":"hermit:Spite","floor":13},{"not_picked":["hermit:Headshot","hermit:Ricochet"],"picked":"hermit:WideOpen","floor":14},{"not_picked":["hermit:LuckOfTheDraw","hermit:Coalescence"],"picked":"hermit:Midnight","floor":16},{"not_picked":["hermit:Dissolve","hermit:BlackWind"],"picked":"hermit:FinalCanter","floor":18},{"not_picked":["hermit:FullyLoaded","hermit:Coalescence","hermit:EyeOfTheStorm"],"picked":"SKIP","floor":20},{"not_picked":["hermit:ItchyTrigger+1","hermit:GoldenBullet"],"picked":"hermit:GhostlyPresence","floor":21},{"not_picked":["hermit:GhostlyPresence","hermit:Dive"],"picked":"hermit:WideOpen","floor":22}],"player_experience":662240,"relics_obtained":[{"floor":11,"key":"vexMod:MemoryStick"},{"floor":11,"key":"aspiration:ChemicalBlood"},{"floor":14,"key":"halation:KoshaPiece"},{"floor":16,"key":"StuffTheSpire:MayFlowers"},{"floor":23,"key":"PrismaticShard"},{"floor":28,"key":"aspiration:StickyExplosives_weak"},{"floor":28,"key":"ReplayTheSpireMod:Lightbulb"}],"event_choices":[{"damage_healed":0,"gold_gain":0,"player_choice":"Rummage","damage_taken":0,"relics_obtained":["WarpedTongs"],"max_hp_gain":0,"max_hp_loss":0,"event_name":"Accursed Blacksmith","floor":3,"gold_loss":0,"cards_obtained":["Pain"]},{"damage_healed":0,"gold_gain":0,"player_choice":"Take Wound","damage_taken":0,"relics_obtained":["Golden Idol"],"max_hp_gain":0,"max_hp_loss":0,"event_name":"Golden Idol","floor":5,"gold_loss":0,"cards_obtained":["Injury"]},{"damage_healed":0,"gold_gain":0,"player_choice":"RE ","damage_taken":18,"relics_obtained":["MealTicket"],"max_hp_gain":0,"max_hp_loss":0,"event_name":"betterSkull:BetterSkull","floor":9,"gold_loss":0,"cards_upgraded":[]},{"damage_healed":0,"gold_gain":0,"player_choice":"Dagger","damage_taken":6,"max_hp_gain":0,"max_hp_loss":0,"event_name":"betterThird:BetterNest","floor":26,"gold_loss":0,"cards_obtained":["RitualDagger"]}],"is_beta":false,"boss_relics":[{"not_picked":["halation:SmartPhone","Kintsugi","Ectoplasm"]}],"items_purged_floors":[],"is_endless":false,"potions_floor_spawned":[4,12,13,14,16,21],"killed_by":"Slavers","ascension_level":1}}