{"host":"k88fqnqg39joo1wf","time":1607997417,"event":{"mods":["Act Like it!","BaseMod","Colored Powertips","Highlight Path","Hubris","Infinite Spire","Jorbs\u0027s Wanderer Trilogy","Mimic Mod","Minty Spire (QoL Compilation)","Pale of the Ancients","StSLib","Wandering Minibosses"],"gold_per_floor":[112,123,73,73,73,73,105,105,157,184,184,241,241,241,241,344,344,305,154,69,69,89,124,124,156,192,226,226,226,257,273,273,372,372,416,416,716,626,626,641,641,695,764,764,986,998,1402,1418,1418,1418,1434,1434,1434,814,814,896,896,293,293,293],"floor_reached":61,"playtime":4549,"items_purged":["Pain"],"score":1147,"play_id":"904a4bb5-dfa7-46b3-89e3-7ce44669e691","local_time":"20201214195657","is_ascension_mode":true,"campfire_choices":[{"data":"stsjorbsmod:Prestidigitation","floor":6.0,"key":"SMITH"},{"data":"stsjorbsmod:DoubleCheck","floor":13.0,"key":"SMITH"},{"data":"stsjorbsmod:ColorSpray","floor":15.0,"key":"SMITH"},{"floor":24.0,"key":"REST"},{"floor":28.0,"key":"REST"},{"data":"stsjorbsmod:DeathThroes","floor":32.0,"key":"SMITH"},{"floor":41.0,"key":"RECALL"},{"data":"stsjorbsmod:TrueStrike","floor":44,"key":"SMITH"},{"data":"stsjorbsmod:FindFamiliar","floor":49,"key":"SMITH"},{"data":"Omniscience","floor":55,"key":"SMITH"},{"floor":57,"key":"REST"}],"circlet_count":0,"master_deck":["stsjorbsmod:ForbiddenGrimoire+1","stsjorbsmod:Strike_Wanderer+1","stsjorbsmod:Strike_Wanderer+1","stsjorbsmod:Defend_Wanderer+1","stsjorbsmod:Defend_Wanderer+1","stsjorbsmod:Defend_Wanderer+1","stsjorbsmod:FreshAdventure","stsjorbsmod:EyeOfTheStorm+1","stsjorbsmod:HoldMonster","stsjorbsmod:Prestidigitation+1","stsjorbsmod:ColorSpray+1","stsjorbsmod:Materialize+1","stsjorbsmod:Rediscovery+1","stsjorbsmod:DoubleCheck+1","stsjorbsmod:DeathThroes+1","stsjorbsmod:FaerieFire+1","infinitespire:Collect","stsjorbsmod:FracturedMind+1","stsjorbsmod:ArcaneWeapon+1","stsjorbsmod:Aid+1","stsjorbsmod:DoubleCheck+1","Omniscience+1","stsjorbsmod:Prepare+1","stsjorbsmod:TrueStrike+1","Parasite","stsjorbsmod:Thorns+1","stsjorbsmod:TollTheDead","stsjorbsmod:FindFamiliar+1","stsjorbsmod:DisguiseSelf+1"],"relics":["Akabeko","NeowsBlessing","infinitespire:Lychee Nut","HolyWater","Nloth\u0027s Gift","TwistedFunnel","wanderingMiniBosses:MasterThiefsPresence","Pen Nib","paleoftheancients:BlurryLens","Ancient Tea Set","Letter Opener","infinitespire:DarkRift","hubris:EmptyBottle","paleoftheancients:SoulOfTheVixen","OrangePellets","Chemical X","Cracked Core","wanderingMiniBosses:Inkheart","hubris:RunicObelisk","Thread and Needle","MealTicket","infinitespire:Chaos","paleoftheancients:Timepiece","paleoftheancients:KeyRelic","Bronze Scales","CultistMask","WarpedTongs","infinitespire:BottledMercury","Happy Flower","Medical Kit","Torii","Whetstone","Toolbox"],"acts_visited":["Exordium","TheCity","TheBeyond","paleoftheancients:PaleOfTheAncients"],"potions_floor_usage":[56,56,56,56,56,56,56,56,56,56,56,60,60,60,60],"damage_taken":[{"damage":3.0,"enemies":"Cultist","floor":1.0,"turns":5.0},{"damage":0.0,"enemies":"Jaw Worm","floor":2.0,"turns":4.0},{"damage":4.0,"enemies":"3 Sentries","floor":7.0,"turns":7.0},{"damage":9.0,"enemies":"Lagavulin","floor":10.0,"turns":6.0},{"damage":23.0,"enemies":"Hexaghost","floor":16.0,"turns":12.0},{"damage":17.0,"enemies":"2 Thieves","floor":18.0,"turns":3.0},{"damage":0.0,"enemies":"Shell Parasite","floor":22.0,"turns":4.0},{"damage":11.0,"enemies":"Book of Stabbing","floor":23.0,"turns":5.0},{"damage":0.0,"enemies":"Masked Bandits","floor":25.0,"turns":2.0},{"damage":3.0,"enemies":"Cultist and Chosen","floor":26.0,"turns":4.0},{"damage":10.0,"enemies":"Slavers","floor":27.0,"turns":2.0},{"damage":0.0,"enemies":"Gremlin Leader","floor":30.0,"turns":5.0},{"damage":0.0,"enemies":"Cultist and Chosen","floor":31.0,"turns":3.0},{"damage":7.0,"enemies":"hubris:MusketHawk","floor":33.0,"turns":6.0},{"damage":4.0,"enemies":"3 Darklings","floor":35.0,"turns":5.0},{"damage":0.0,"enemies":"Orb Walker","floor":40.0,"turns":3.0},{"damage":15.0,"enemies":"Writhing Mass","floor":42.0,"turns":6.0},{"damage":17,"enemies":"Maw","floor":46,"turns":7},{"damage":0,"enemies":"Transient","floor":48,"turns":1},{"damage":0,"enemies":"Donu and Deca","floor":50,"turns":1},{"damage":0,"enemies":"Donu and Deca","floor":51,"turns":1},{"damage":62,"enemies":"Donu and Deca","floor":52,"turns":7},{"damage":47,"enemies":"Donu and Deca","floor":56,"turns":8},{"damage":0,"enemies":"paleoftheancients:N","floor":60,"turns":2}],"seed_played":"-1483342749814084715","potions_obtained":[{"floor":1.0,"key":"Explosive Potion"},{"floor":10.0,"key":"Strength Potion"},{"floor":16.0,"key":"PowerPotion"},{"floor":27.0,"key":"infinitespire:BlackPotion"},{"floor":33.0,"key":"PowerPotion"}],"is_trial":false,"path_per_floor":["M","M","$","?","?","R","E","?","T","E","?","?","R","?","R","B",null,"M","$","?","$","M","E","R","?","MIM","E","R","?","E","M","R","B",null,"M","AVR","?","?","?","M","R","M","T","R","?","M","$","M","R","B","M","M","?","$","R","M","R","$","?","B",null],"character_chosen":"WANDERER","items_purchased":["stsjorbsmod:Materialize","Membership Card","hubris:KleinBottle","hubris:Reverence","HornCleat","stsjorbsmod:TollTheDead","stsjorbsmod:FindFamiliar","infinitespire:Chaos","infinitespire:BottledMercury","Happy Flower","Medical Kit","Torii","Whetstone","Toolbox"],"campfire_rested":3,"item_purchase_floors":[3,19,21,47,47,47,47,47,54,54,54,58,58,58],"current_hp_per_floor":[67,68,68,68,68,68,67,53,53,47,47,47,47,47,47,24,68,53,53,53,34,37,28,48,50,50,41,61,61,63,65,65,61,68,67,67,67,67,67,68,68,56,56,56,56,41,41,41,41,51,51,51,51,51,51,28,43,51,51,51],"gold":293,"neow_bonus":"TRANSFORM_CARD","is_daily":false,"chose_seed":false,"campfire_upgraded":7,"win_rate":0.0,"timestamp":1607997417,"path_taken":["M","?","$","?","?","R","E","?","T","E","?","?","R","?","R","BOSS","M","$","?","?","M","E","R","?","MIM","E","R","?","E","M","R","BOSS","M","AVR","?","?","?","M","R","M","T","R","?","M","$","M","R","BOSS","M","M","?","$","R","M","R","$","?","BOSS"],"items_purchased_type":["Card","Relic","Relic","Relic","Relic","Card","Card","Relic","Relic","Relic","Relic","Relic","Relic","Relic"],"build_version":"2020-12-13","purchased_purges":1,"victory":true,"max_hp_per_floor":[68,68,68,68,68,68,68,68,68,68,68,68,68,68,68,68,68,68,68,68,68,68,68,68,68,68,68,68,68,68,68,68,68,68,68,68,68,68,68,68,68,68,68,68,68,68,51,51,51,51,51,51,51,51,51,51,51,51,51,51],"card_choices":[{"not_picked":["stsjorbsmod:Mending","stsjorbsmod:RefuseToForget"],"picked":"stsjorbsmod:Prestidigitation","floor":1.0},{"not_picked":["stsjorbsmod:ChatteringStrike","stsjorbsmod:WanderingMind"],"picked":"stsjorbsmod:ColorSpray","floor":2.0},{"not_picked":["stsjorbsmod:ParryingBlow","stsjorbsmod:Message"],"picked":"stsjorbsmod:Rediscovery","floor":7.0},{"not_picked":["stsjorbsmod:MistyStep","stsjorbsmod:Prepare"],"picked":"stsjorbsmod:DoubleCheck","floor":10.0},{"not_picked":["stsjorbsmod:Pyromancy","stsjorbsmod:IvoryTower"],"picked":"stsjorbsmod:DeathThroes","floor":16.0},{"not_picked":["stsjorbsmod:Firebolt","stsjorbsmod:TrueStrike"],"picked":"stsjorbsmod:FaerieFire+1","floor":18.0},{"not_picked":["infinitespire:FinalStrike","infinitespire:Gouge"],"picked":"infinitespire:Collect","floor":21.0},{"not_picked":["stsjorbsmod:FlameWard","stsjorbsmod:Mindworm"],"picked":"stsjorbsmod:FracturedMind+1","floor":22.0},{"not_picked":["stsjorbsmod:Pyromancy","stsjorbsmod:Hibernate","stsjorbsmod:TrueStrike"],"picked":"SKIP","floor":23.0},{"not_picked":["stsjorbsmod:Will+1","stsjorbsmod:Hurt"],"picked":"stsjorbsmod:ArcaneWeapon+1","floor":25.0},{"not_picked":["stsjorbsmod:Message","stsjorbsmod:Introspection","stsjorbsmod:AnimateObjects"],"picked":"SKIP","floor":27.0},{"not_picked":["stsjorbsmod:MagicMissiles","stsjorbsmod:RayOfFrost"],"picked":"stsjorbsmod:Aid+1","floor":30.0},{"not_picked":["stsjorbsmod:ChatteringStrike","stsjorbsmod:Prestidigitation","Tantrum"],"picked":"stsjorbsmod:DoubleCheck+1","floor":31.0},{"not_picked":["stsjorbsmod:Rediscovery","stsjorbsmod:Withdraw","stsjorbsmod:Entangle"],"picked":"Omniscience","floor":33.0},{"not_picked":["stsjorbsmod:Hibernate+1","stsjorbsmod:WeightOfMemory","Pray"],"picked":"stsjorbsmod:Prepare+1","floor":35.0},{"not_picked":["stsjorbsmod:UnseenServant+1","stsjorbsmod:SmithingStrike+1","stsjorbsmod:Firebolt","Consecrate"],"picked":"SKIP","floor":40.0},{"not_picked":["stsjorbsmod:WanderingMind","stsjorbsmod:Message+1","Judgement"],"picked":"stsjorbsmod:Thorns+1","floor":42.0},{"not_picked":["stsjorbsmod:Index+1","stsjorbsmod:LoseGrip","stsjorbsmod:Will+1","SashWhip"],"picked":"SKIP","floor":46},{"not_picked":["stsjorbsmod:MistyStep+1","stsjorbsmod:FranticSearch"],"picked":"stsjorbsmod:DisguiseSelf+1","floor":48},{"not_picked":["stsjorbsmod:Message+1","stsjorbsmod:Channel","stsjorbsmod:Materialize+1"],"picked":"SKIP","floor":51},{"not_picked":["stsjorbsmod:Message+1","stsjorbsmod:Channel","stsjorbsmod:Materialize+1"],"picked":"SKIP","floor":51},{"not_picked":["stsjorbsmod:ParryingBlow","stsjorbsmod:Introspection","stsjorbsmod:MageArmor"],"picked":"SKIP","floor":56}],"player_experience":195508,"relics_obtained":[{"floor":4.0,"key":"Juzu Bracelet"},{"floor":7.0,"key":"Bottled Flame"},{"floor":9.0,"key":"infinitespire:Satchel"},{"floor":10.0,"key":"White Beast Statue"},{"floor":23.0,"key":"stsjorbsmod:BottledMemoryRelic"},{"floor":25.0,"key":"Red Mask"},{"floor":26.0,"key":"hubris:Metronome"},{"floor":27.0,"key":"War Paint"},{"floor":30.0,"key":"hubris:DisguiseKit"},{"floor":51,"key":"paleoftheancients:SoulOfTheSilent"}],"event_choices":[{"cards_removed":["stsjorbsmod:Strike_Wanderer"],"damage_healed":0.0,"max_hp_gain":0.0,"max_hp_loss":0.0,"gold_gain":0.0,"event_name":"Purifier","player_choice":"Purged","floor":5.0,"gold_loss":0.0,"damage_taken":0.0},{"damage_healed":0.0,"max_hp_gain":0.0,"max_hp_loss":0.0,"gold_gain":0.0,"event_name":"Shining Light","player_choice":"Entered Light","floor":8.0,"gold_loss":0.0,"damage_taken":14.0,"cards_upgraded":["stsjorbsmod:Defend_Wanderer","stsjorbsmod:Rediscovery"]},{"damage_healed":0.0,"max_hp_gain":0.0,"max_hp_loss":0.0,"gold_gain":57.0,"event_name":"Golden Wing","player_choice":"Gained Gold","floor":12.0,"gold_loss":0.0,"damage_taken":0.0},{"damage_healed":0.0,"max_hp_gain":0.0,"max_hp_loss":0.0,"gold_gain":0.0,"event_name":"Addict","player_choice":"Obtained Relic","floor":20.0,"gold_loss":85.0,"damage_taken":0.0,"relics_obtained":["Bag of Preparation"]},{"damage_healed":0.0,"max_hp_gain":0.0,"max_hp_loss":0.0,"gold_gain":0.0,"event_name":"Masked Bandits","player_choice":"Fought Bandits","floor":25.0,"gold_loss":0.0,"damage_taken":0.0},{"damage_healed":0.0,"max_hp_gain":0.0,"max_hp_loss":0.0,"gold_gain":300.0,"event_name":"Wheel of Change","player_choice":"Gold","floor":37.0,"gold_loss":0.0,"damage_taken":0.0},{"cards_removed":["stsjorbsmod:Defend_Wanderer"],"damage_healed":0.0,"max_hp_gain":0.0,"max_hp_loss":0.0,"gold_gain":0.0,"event_name":"Designer","player_choice":"Upgrade and Remove","floor":38.0,"gold_loss":90.0,"damage_taken":0.0,"cards_upgraded":["stsjorbsmod:Materialize"]},{"damage_healed":0,"gold_gain":222,"player_choice":"Wore Mask","damage_taken":0,"max_hp_gain":0,"max_hp_loss":0,"event_name":"Tomb of Lord Red Mask","floor":45,"gold_loss":0},{"damage_healed":0,"gold_gain":0,"player_choice":"Rummage","damage_taken":0,"relics_obtained":["WarpedTongs"],"max_hp_gain":0,"max_hp_loss":0,"event_name":"Accursed Blacksmith","floor":53,"gold_loss":0,"cards_obtained":["Pain"]}],"is_beta":false,"boss_relics":[{"not_picked":["hubris:TerracottaHorce","hubris:BlackHole"],"picked":"Velvet Choker"},{"not_picked":["Fusion Hammer","hubris:RunicObelisk"],"picked":"Runic Pyramid"}],"items_purged_floors":[54],"is_endless":false,"potions_floor_spawned":[1,10,16,18,22,23,25,26,27,30,31,33,35,40,42,46,60],"ascension_level":1}}