{"host":"kjmsjq3kpb3v9rdj","time":1607994435,"event":{"mods":["AchievementEnabler","Aspiration","Bard","BaseMod","Beaked The Cultist","Better Altar","Better Match","Better Note","Better Sensory Stone","Better Skull","Better Third Choice","BetterRewards","CCEM","Clawfect","Colored Map","Conspire","Downfall","GifTheSpireLib","Halation","Hermit","Highlight Path","Hubris","Hunter ??","Infinite Spire","Ironclad Rager","Jedi Mod","Jorbs\u0027s Wanderer Trilogy","Mad Scientist","Marisa????????","Mimic Mod","Minty Spire (QoL Compilation)","Permanent Neow","Quick Restart","Replay The Spire","Shade Mod","Shop Mod","Spicy Shops","Spikes Relics","StSLib","Stuff the Spire","The Administrix","The Blackbeard","The Blue Laboratory","The Construct","The Cursed","The Disciple","The Gatherer","The Hierophant","The Jungle","The Mystic","The Necromancer","The Problem Sleuth","The Servant 0.9.4","The Showman","The Spell Scribe","The Witch","Trackpad","Unceasing Turn Reminder","vexMod"],"gold_per_floor":[20,38,55,300,300,325,325,335,360,360,360,360,395,430,430,535,535,555,568,568,587,597,622,622,638,638,638,656,685,685,685,685,783,883,883,883,883,917,918],"floor_reached":40,"playtime":4176,"items_purged":["Writhe","Replay:Battleflow+1"],"score":1712,"play_id":"dcf25d61-0dfb-4916-9a47-672b087f69e9","local_time":"20201214170715","is_ascension_mode":true,"campfire_choices":[{"data":"Eruption","floor":7.0,"key":"SMITH"},{"data":"Replay:Battleflow","floor":15.0,"key":"SMITH"},{"floor":24.0,"key":"RECALL"},{"data":"Consecrate+1","floor":30.0,"key":"SMITH"},{"data":"Tantrum","floor":36,"key":"SMITH"}],"circlet_count":1,"master_deck":["Eruption+1","Vigilance","FollowUp","FollowUp","FollowUp","FollowUp","ThirdEye","ThirdEye","Replay:AllIn","Tantrum+1","ForeignInfluence","TalkToTheHand","Tantrum","CutThroughFate","Vault","Mind Blast","The Bomb","Replay:AtTheReady","Replay:SS_forest_2","Consecrate+2","FlyingSleeves","Alpha","Replay:Anticipation"],"relics":["PureWater","Circlet","hubris:NiceRug","SpikesRelics:ToyHorsey","aspiration:EmptySkull","Lee\u0027s Waffle","Durian","conspire:InfiniteJournal","trackpad:PocketGalaxy","halation:RedSoulGem","Mummified Hand","StuffTheSpire:GrapeVine","vexMod:FocusSash","halation:IllGainedPizza","CCEMRelics:OldTooth","hubris:BlackHole","StuffTheSpire:Mouthbags","halation:Toothbrush","CCEMRelics:Barrel","Replay:Wanted Poster","Lantern"],"acts_visited":["Exordium","Exordium","TheBeyond","TheEnding"],"potions_floor_usage":[34],"damage_taken":[{"damage":0.0,"enemies":"Jaw Worm","floor":1.0,"turns":3.0},{"damage":15.0,"enemies":"2 Louse","floor":2.0,"turns":2.0},{"damage":5.0,"enemies":"Small Slimes","floor":3.0,"turns":2.0},{"damage":0.0,"enemies":"hubris:Merchant","floor":4.0,"turns":2.0},{"damage":0.0,"enemies":"Replay:BlueRogue","floor":6.0,"turns":2.0},{"damage":7.0,"enemies":"3 Louse","floor":8.0,"turns":2.0},{"damage":0.0,"enemies":"Large Slime","floor":13.0,"turns":2.0},{"damage":12.0,"enemies":"Gremlin Nob","floor":14.0,"turns":3.0},{"damage":0.0,"enemies":"Fading Forest","floor":16.0,"turns":1.0},{"damage":0.0,"enemies":"theJungle:GiantWrat","floor":18.0,"turns":2.0},{"damage":1.0,"enemies":"theJungle:MUSHROOMGANG","floor":19.0,"turns":1.0},{"damage":0.0,"enemies":"Snake Plant","floor":21.0,"turns":1.0},{"damage":0.0,"enemies":"theJungle:Snecko_Cultist_And_Trap","floor":22.0,"turns":1.0},{"damage":0.0,"enemies":"theJungle:Cassacara","floor":23.0,"turns":1.0},{"damage":0.0,"enemies":"theJungle:SlimyTreeVines","floor":25.0,"turns":1.0},{"damage":0.0,"enemies":"theJungle:2_Snecko_Cultists","floor":28.0,"turns":1.0},{"damage":0.0,"enemies":"theJungle:2_Phrogs","floor":29.0,"turns":1.0},{"damage":0.0,"enemies":"theJungle:QueenSpyder","floor":33.0,"turns":1.0},{"damage":0,"enemies":"infinitespire:MassOfShapes","floor":34,"turns":2},{"damage":0,"enemies":"Shield and Spear","floor":38,"turns":1},{"damage":43,"enemies":"The Heart","floor":39,"turns":3}],"seed_played":"-6057647562554103709","potions_obtained":[{"floor":1.0,"key":"blueLaboratory:StoneskinPotion"},{"floor":3.0,"key":"blueLaboratory:AbyssPotion"},{"floor":4.0,"key":"champ:CounterPotion"},{"floor":4.0,"key":"blueLaboratory:FrostheartPotion"},{"floor":14.0,"key":"SteroidPotion"},{"floor":38,"key":"ColorlessPotion"}],"is_trial":false,"path_per_floor":["M","M","M","$","?","E","R","M","T","$","?","?","MIM","E","R","B",null,"M","M","AVR","M","M","E","R","M","T","?","M","E","R","$","R_BF","B",null,null,"R","$","E","B",null],"character_chosen":"WATCHER","items_purchased":["TalkToTheHand","GuppysTail","conspire:TimeTravelPotion","Cursed Concoction","Flashbang","Mind Blast","The Bomb"],"campfire_rested":0,"item_purchase_floors":[4,17,17,17,17,17,17],"current_hp_per_floor":[47,32,27,77,77,77,77,70,70,70,70,67,67,55,55,55,43,43,42,42,42,42,42,42,42,42,42,42,42,42,42,45,45,46,46,46,46,46,3],"gold":918,"neow_bonus":"WATCHER_SHAOLIN","is_daily":false,"chose_seed":false,"campfire_upgraded":4,"win_rate":0.0,"timestamp":1607994435,"path_taken":["M","M","M","$","?","E","R","M","T","$","?","?","?","E","R","BOSS","M","M","AVR","M","M","E","R","M","T","?","M","E","R","$","R_BF","BOSS","BOSS","R","$","E","BOSS"],"items_purchased_type":["Card","Undefined","Potion","Potion","Potion","Card","Card"],"build_version":"2020-12-13","purchased_purges":2,"victory":true,"max_hp_per_floor":[65,65,65,77,77,77,77,77,77,77,77,77,77,77,77,77,43,43,43,43,43,43,43,43,43,43,43,43,43,43,43,46,46,46,46,46,46,46,46],"card_choices":[{"not_picked":["CutThroughFate","EmptyFist"],"picked":"Replay:AllIn","floor":1.0},{"not_picked":["EmptyFist","Protect"],"picked":"Tantrum","floor":2.0},{"not_picked":["CrushJoints","ClearTheMind"],"picked":"ForeignInfluence","floor":3.0},{"not_picked":[],"picked":"Tantrum","floor":4.0},{"not_picked":[],"picked":"Replay:SS_forest_2","floor":4.0},{"not_picked":["WaveOfTheHand"],"picked":"SKIP","floor":4.0},{"not_picked":["Prostrate"],"picked":"SKIP","floor":4.0},{"not_picked":["Nirvana"],"picked":"SKIP","floor":4.0},{"not_picked":["jedi:RedIncense"],"picked":"SKIP","floor":4.0},{"not_picked":["Replay:BluntJabs","FollowUp"],"picked":"Bomb","floor":6.0},{"not_picked":["JustLucky","ReachHeaven","FlyingSleeves"],"picked":"SKIP","floor":8.0},{"not_picked":["Bomb","Prostrate"],"picked":"CutThroughFate","floor":13.0},{"not_picked":["Wallop","SandsOfTime","ThirdEye"],"picked":"SKIP","floor":14.0},{"not_picked":["Establishment","ConjureBlade"],"picked":"Vault","floor":16.0},{"not_picked":["EmptyMind","EmptyFist+1"],"picked":"Replay:AtTheReady","floor":18.0},{"not_picked":["CrushJoints+1","Indignation","EmptyBody"],"picked":"SKIP","floor":19.0},{"not_picked":["ForeignInfluence","FlurryOfBlows"],"picked":"Consecrate+1","floor":21.0},{"not_picked":["Consecrate","ThirdEye+1","Nirvana"],"picked":"SKIP","floor":22.0},{"not_picked":["Replay:AtTheReady","Weave","Replay:Hum"],"picked":"SKIP","floor":23.0},{"not_picked":["ClearTheMind","LikeWater","CutThroughFate"],"picked":"SKIP","floor":25.0},{"not_picked":["DeusExMachina","FlyingSleeves+1","EmptyBody"],"picked":"SKIP","floor":28.0},{"not_picked":["Prostrate","JustLucky","EmptyFist"],"picked":"SKIP","floor":29.0},{"not_picked":["Ragnarok","ICR:HungryGhost"],"picked":"Alpha","floor":33.0},{"not_picked":["Prostrate","Sanctity"],"picked":"Replay:Anticipation","floor":38}],"player_experience":486323,"relics_obtained":[{"floor":4.0,"key":"SpikesRelics:ToyHorsey"},{"floor":4.0,"key":"aspiration:EmptySkull"},{"floor":4.0,"key":"Lee\u0027s Waffle"},{"floor":4.0,"key":"Durian"},{"floor":4.0,"key":"conspire:InfiniteJournal"},{"floor":4.0,"key":"trackpad:PocketGalaxy"},{"floor":6.0,"key":"Mummified Hand"},{"floor":9.0,"key":"StuffTheSpire:GrapeVine"},{"floor":13.0,"key":"halation:IllGainedPizza"},{"floor":14.0,"key":"CCEMRelics:OldTooth"},{"floor":23.0,"key":"halation:Toothbrush"},{"floor":29.0,"key":"CCEMRelics:Barrel"},{"floor":38,"key":"Lantern"}],"event_choices":[{"damage_healed":0.0,"max_hp_gain":0.0,"max_hp_loss":0.0,"gold_gain":0.0,"cards_transformed":["ThirdEye"],"event_name":"Transmorgrifier","player_choice":"Transformed","floor":11.0,"gold_loss":0.0,"damage_taken":0.0,"cards_obtained":["Replay:Battleflow"]},{"damage_healed":0.0,"max_hp_gain":0.0,"max_hp_loss":0.0,"gold_gain":0.0,"event_name":"betterThird:BetterScrap","player_choice":"Relic ","floor":12.0,"gold_loss":0.0,"damage_taken":3.0,"cards_obtained":["jedi:hex"]},{"cards_removed":["ThirdEye"],"damage_healed":0.0,"max_hp_gain":0.0,"max_hp_loss":0.0,"gold_gain":0.0,"event_name":"betterNote:BetterNote","player_choice":"Give","floor":27.0,"gold_loss":0.0,"damage_taken":0.0,"cards_obtained":["Slimebound:Strike_Slimebound"]}],"is_beta":false,"boss_relics":[{"not_picked":["CosmicIsotope","Runic Dome"],"picked":"hubris:BlackHole"},{"not_picked":[]},{"not_picked":["halation:SmartPhone","aspiration:ServantSkillbook"],"picked":"Replay:Wanted Poster"}],"items_purged_floors":[17,20],"is_endless":false,"potions_floor_spawned":[1,3,8,14,18,19,25,29,38],"ascension_level":6}}