{"host":"detovitglhtzaqdj","time":1607996858,"event":{"mods":["2.2 Compatiblity","AchievementEnabler","Aspiration","BaseMod","Better Altar","Better Match","Better Note","Better Sensory Stone","Better Skull","Better Third Choice","Card Filter","Colored Map","Colored Powertips","Current Relic Mod","Curses Come First","Custom Start","Downfall","Emptier Cage","Friendly Minions","Highlight Path","Minty Spire (QoL Compilation)","Quick Restart","Red Circlet Mod","Relic Filter","Relic Stats","Remove Card Discount Mod","Replay The Spire","Shop Mod","Somnambulant","StSLib","The Exordian Avenger","The Jungle","TheHeartMod","Thieving Mod","Transform Curses","Virulent Crown"],"gold_per_floor":[117,132,149,149,149,178,178,205,205,225,235,247,422,29,29,127,127,142,159,84,84,84,84,15,28,53,53,53,53,328,340,340,437,437,447,462,473,473,473],"floor_reached":38,"playtime":2265,"items_purged":["Doubt"],"score":486,"play_id":"ca9639ae-66e2-4972-939d-b62091071f2b","local_time":"20201215124738","is_ascension_mode":false,"campfire_choices":[{"floor":15.0,"key":"REST"},{"floor":23.0,"key":"REST"},{"floor":27.0,"key":"REST"},{"floor":32.0,"key":"REST"}],"circlet_count":0,"master_deck":["Strike_G","Strike_G","Strike_G+1","Strike_G","Strike_G","Defend_G","Defend_G","Defend_G","Defend_G","Defend_G+1","Survivor","Neutralize","Bane+1","Acrobatics","Deflect+1","Evolve","Apotheosis+1","Well Laid Plans","Die Die Die","Noxious Fumes","Caltrops","Finisher","Panacea","Die Die Die","Wild Strike","Iron Wave","Replay:Bag of Tricks+1","Phantasmal Killer+1","Double Tap+1","Pain","Anger","Pot Of Greed","Pot Of Greed","Pot Of Greed","ReplayTheSpireMod:Private Reserves","Transmutation","Endless Agony","Regret","Perfected Strike+1","Pot Of Greed","After Image","Terror+1","Dagger Throw+1","Bane+1"],"relics":["Ring of the Snake","NeowsBlessing","aspiration:FrozenJewel","Sundial","CultistMask","Eternal Feather","Shuriken","MerchantsRug","somnambulantmod: DreamJournal","aspiration:IroncladSkillbook","WarpedTongs","Membership Card","Grinning Jar","Kunai","SlaversCollar"],"acts_visited":["Exordium","Exordium","TheBeyond"],"potions_floor_usage":[],"damage_taken":[{"damage":0.0,"enemies":"Small Slimes","floor":1.0,"turns":1.0},{"damage":0.0,"enemies":"2 Louse","floor":2.0,"turns":1.0},{"damage":0.0,"enemies":"Cultist","floor":3.0,"turns":1.0},{"damage":13.0,"enemies":"Gremlin Nob","floor":6.0,"turns":5.0},{"damage":24.0,"enemies":"3 Sentries","floor":8.0,"turns":9.0},{"damage":0.0,"enemies":"Gremlin Gang","floor":10.0,"turns":4.0},{"damage":3.0,"enemies":"2 Fungi Beasts","floor":11.0,"turns":3.0},{"damage":0.0,"enemies":"Exordium Wildlife","floor":12.0,"turns":4.0},{"damage":23.0,"enemies":"Slime Boss","floor":16.0,"turns":9.0},{"damage":19.0,"enemies":"Shell Parasite","floor":18.0,"turns":6.0},{"damage":20.0,"enemies":"theJungle:MUSHROOMGANG","floor":19.0,"turns":4.0},{"damage":11.0,"enemies":"theJungle:JungleHuntersEncounter","floor":25.0,"turns":5.0},{"damage":27.0,"enemies":"JungleHuntersEvent","floor":29.0,"turns":4.0},{"damage":16.0,"enemies":"theJungle:SlimyTreeVines","floor":31.0,"turns":4.0},{"damage":51.0,"enemies":"theJungle:FunGuy","floor":33.0,"turns":8.0},{"damage":11.0,"enemies":"3 Shapes","floor":35.0,"turns":1.0},{"damage":13.0,"enemies":"Orb Walker","floor":36.0,"turns":2.0},{"damage":49.0,"enemies":"Transient","floor":37.0,"turns":5.0},{"damage":26,"enemies":"Spire Growth","floor":38,"turns":3}],"seed_played":"8655038779818581398","potions_obtained":[{"floor":8.0,"key":"ColorlessPotion"},{"floor":10.0,"key":"GamblersBrew"},{"floor":11.0,"key":"Weak Potion"},{"floor":16.0,"key":"CunningPotion"},{"floor":18.0,"key":"ColorlessPotion"},{"floor":25.0,"key":"Cursed Concoction"},{"floor":29.0,"key":"DuplicationPotion"},{"floor":33.0,"key":"Dexterity Potion"}],"is_trial":false,"path_per_floor":["M","M","M","?","?","E","?","E","T","M","M","M","?","$","R","B",null,"M","M","?","?","?","R","$","M","T","R","?","?","?","M","R","B",null,"M","M","M","M"],"character_chosen":"THE_SILENT","items_purchased":["MerchantsRug","aspiration:Nostalgia","Panacea","Membership Card"],"campfire_rested":4,"item_purchase_floors":[14,14,14,24],"current_hp_per_floor":[70,70,70,47,47,34,34,10,10,10,7,7,7,7,42,19,72,57,41,41,41,41,74,74,67,67,76,76,53,53,46,78,31,78,71,62,17,0,0],"gold":473,"neow_bonus":"THREE_ENEMY_KILL","is_daily":false,"chose_seed":false,"campfire_upgraded":0,"win_rate":0.0,"timestamp":1607996858,"path_taken":["M","M","M","?","?","E","?","E","T","M","?","?","?","?","R","BOSS","M","M","?","?","?","R","$","?","T","R","?","?","?","M","R","BOSS","M","M","M","?"],"items_purchased_type":["Relic","Relic","Card","Relic"],"build_version":"2020-12-13","purchased_purges":1,"victory":false,"max_hp_per_floor":[70,70,70,70,70,70,70,70,70,70,70,70,70,70,72,72,72,72,72,72,72,72,74,74,74,74,76,76,76,76,76,78,78,78,78,78,78,78,78],"relic_stats":{"counters":[19,79],"Sundial":[8],"Shuriken":[23],"Eternal Feather":61,"Kunai":[13],"obtain_stats":[{"MerchantsRug":14,"NeowsBlessing":0,"aspiration:Nostalgia":14,"Eternal Feather":8,"aspiration:FrozenJewel":4,"aspiration:IroncladSkillbook":17,"WarpedTongs":21,"SlaversCollar":34,"Sundial":6,"Shuriken":9,"somnambulantmod: DreamJournal":14,"CultistMask":7,"Membership Card":24,"Kunai":29,"Grinning Jar":26,"Ring of the Snake":0},{"MerchantsRug":8,"NeowsBlessing":0,"aspiration:Nostalgia":8,"Eternal Feather":5,"aspiration:FrozenJewel":3,"aspiration:IroncladSkillbook":9,"WarpedTongs":11,"SlaversCollar":15,"Sundial":4,"Shuriken":5,"somnambulantmod: DreamJournal":8,"CultistMask":4,"Membership Card":11,"Kunai":13,"Grinning Jar":12,"Ring of the Snake":0},{"MerchantsRug":28,"NeowsBlessing":0,"aspiration:Nostalgia":28,"Eternal Feather":17,"aspiration:FrozenJewel":3,"aspiration:IroncladSkillbook":37,"WarpedTongs":47,"SlaversCollar":68,"Sundial":8,"Shuriken":17,"somnambulantmod: DreamJournal":28,"CultistMask":8,"Membership Card":47,"Kunai":56,"Grinning Jar":52,"Ring of the Snake":0}],"Ring of the Snake":[38],"WarpedTongs":[19]},"card_choices":[{"not_picked":["Acrobatics","Dash"],"picked":"Bane","floor":1.0},{"not_picked":["Backflip","Tactician"],"picked":"Acrobatics","floor":2.0},{"not_picked":["Backflip","Dodge and Roll"],"picked":"Deflect","floor":3.0},{"not_picked":["Backflip","Distraction"],"picked":"Well Laid Plans","floor":6.0},{"not_picked":["Choke","Dagger Throw"],"picked":"Die Die Die","floor":8.0},{"not_picked":["Deflect","Riddle With Holes"],"picked":"Noxious Fumes","floor":10.0},{"not_picked":["Deadly Poison","Riddle With Holes"],"picked":"Caltrops","floor":11.0},{"not_picked":["Deadly Poison","Masterful Stab"],"picked":"Finisher","floor":12.0},{"not_picked":["Wraith Form v2","ReplayTheSpireMod:From All Sides"],"picked":"Die Die Die","floor":16.0},{"not_picked":["Backflip","ReplayTheSpireMod:Strike From Hell","Flying Knee"],"picked":"Wild Strike","floor":18.0},{"not_picked":["Shrug It Off","Clash","True Grit+1"],"picked":"Iron Wave","floor":19.0},{"not_picked":["Tools of the Trade+1","Berserk+1","Demonic Infusion+1"],"picked":"Replay:Bag of Tricks+1","floor":20.0},{"not_picked":["Feed+1","Tools of the Trade+1","Doppelganger+1"],"picked":"Phantasmal Killer+1","floor":20.0},{"not_picked":["Hemogenesis+1","Wraith Form v2+1","Envenom+1"],"picked":"Double Tap+1","floor":20.0},{"not_picked":["Dagger Spray","Toxin Wave","Flex+1"],"picked":"Anger","floor":25.0},{"not_picked":["Replay:SS_fish_3","expansioncontent:Flail","Mayhem"],"picked":"ReplayTheSpireMod:Private Reserves","floor":28.0},{"not_picked":["expansioncontent:FaceSlap","expansioncontent:DonusPower","Jack Of All Trades"],"picked":"Transmutation","floor":28.0},{"not_picked":["Twin Strike","Poisoned Stab","Run Through"],"picked":"Endless Agony","floor":29.0},{"not_picked":["Blood for Blood","Dagger Spray","Fire Breathing"],"picked":"Perfected Strike+1","floor":31.0},{"not_picked":["Unload","Burst","ReplayTheSpireMod:From All Sides"],"picked":"After Image","floor":33.0},{"not_picked":["Cleave+1","Bloodletting+1","Seeing Red"],"picked":"Terror+1","floor":35.0},{"not_picked":["Second Wind+1","Blood for Blood+1","True Grit"],"picked":"Dagger Throw+1","floor":36.0},{"not_picked":["Armaments","Sword Boomerang+1","Hidden Blade"],"picked":"Bane+1","floor":37.0}],"player_experience":32808,"relics_obtained":[{"floor":6.0,"key":"Sundial"},{"floor":8.0,"key":"Eternal Feather"},{"floor":9.0,"key":"Shuriken"},{"floor":26.0,"key":"Grinning Jar"},{"floor":29.0,"key":"Kunai"}],"event_choices":[{"damage_healed":47.0,"max_hp_gain":0.0,"max_hp_loss":70.0,"gold_gain":0.0,"event_name":"betterThird:BetterShining","player_choice":"Embrace","floor":5.0,"gold_loss":0.0,"damage_taken":0.0},{"damage_healed":0.0,"max_hp_gain":0.0,"max_hp_loss":0.0,"gold_gain":0.0,"event_name":"FaceTrader","player_choice":"Trade","floor":7.0,"gold_loss":0.0,"damage_taken":0.0,"relics_obtained":["CultistMask"]},{"damage_healed":0.0,"max_hp_gain":0.0,"max_hp_loss":0.0,"gold_gain":175.0,"event_name":"betterThird:BetterSerpent","player_choice":"AGREE","floor":13.0,"gold_loss":0.0,"damage_taken":247.0},{"damage_healed":0.0,"max_hp_gain":0.0,"max_hp_loss":0.0,"gold_gain":0.0,"event_name":"betterMatch:BetterMatch","player_choice":"3","floor":20.0,"gold_loss":0.0,"damage_taken":0.0,"cards_obtained":["betterMatch:RareCard"]},{"damage_healed":0.0,"max_hp_gain":0.0,"max_hp_loss":0.0,"gold_gain":0.0,"event_name":"Accursed Blacksmith","player_choice":"Rummage","floor":21.0,"gold_loss":0.0,"damage_taken":0.0,"relics_obtained":["WarpedTongs"],"cards_obtained":["Pain"]},{"cards_removed":["Pain"],"damage_healed":0.0,"max_hp_gain":0.0,"max_hp_loss":0.0,"gold_gain":0.0,"event_name":"betterNote:BetterNote","player_choice":"Give","floor":22.0,"gold_loss":0.0,"damage_taken":0.0,"cards_obtained":["None"]},{"damage_healed":0.0,"max_hp_gain":0.0,"max_hp_loss":0.0,"gold_gain":2.0,"event_name":"betterStone:BetterStone","player_choice":"1","floor":28.0,"gold_loss":0.0,"damage_taken":0.0},{"damage_healed":0.0,"max_hp_gain":0.0,"max_hp_loss":0.0,"gold_gain":275.0,"event_name":"Golden Shrine","player_choice":"Desecrate","floor":30.0,"gold_loss":0.0,"damage_taken":0.0,"cards_obtained":["Regret"]}],"is_beta":false,"boss_relics":[{"not_picked":["aspiration:RitualDagger","ReplayTheSpireMod:DimensionalGlitch"],"picked":"aspiration:IroncladSkillbook"},{"not_picked":["Runic Dome","Honey Jar"],"picked":"SlaversCollar"}],"items_purged_floors":[14],"is_endless":false,"potions_floor_spawned":[8,10,11,16,18,25,29,33,36],"killed_by":"Spire Growth","ascension_level":0}}