{"host":"dvpvhz1t6etneyb3","time":1607997103,"event":{"mods":["AchievementEnabler","BaseMod","Colored Map","Highlight Path","Minty Spire (QoL Compilation)","Permanent Neow","Quick Restart"],"gold_per_floor":[364,10,10,20,39,69,69,100,100,100,114,114,146,158,158,235,235,252,134,134,153,168,168,194,214,214,38,38,38],"floor_reached":28,"playtime":1103,"items_purged":["Strike_B"],"score":516,"play_id":"f892a0ce-0375-4581-9894-3631295a53ed","local_time":"20201214205143","is_ascension_mode":true,"campfire_choices":[{"data":"Apotheosis","floor":7.0,"key":"SMITH"},{"floor":12.0,"key":"REST"},{"data":"Self Repair","floor":15.0,"key":"SMITH"},{"data":"Consume","floor":23.0,"key":"SMITH"}],"circlet_count":0,"master_deck":["AscendersBane","Strike_B","Strike_B","Strike_B","Defend_B","Defend_B","Defend_B","Defend_B","Zap","Dualcast","Compile Driver","Apotheosis+1","Cold Snap","Sweeping Beam","Ball Lightning","Genetic Algorithm","Ball Lightning","Self Repair+1","Electrodynamics","Capacitor","Consume+1","Genetic Algorithm","Coolheaded","Capacitor","Seek"],"relics":["Cracked Core","ClockworkSouvenir","Pocketwatch","Unceasing Top","Ginger","Orichalcum","Sozu","White Beast Statue","Cables"],"acts_visited":["Exordium","TheCity"],"potions_floor_usage":[],"damage_taken":[{"damage":2.0,"enemies":"Cultist","floor":1.0,"turns":4.0},{"damage":6.0,"enemies":"Small Slimes","floor":4.0,"turns":3.0},{"damage":0.0,"enemies":"2 Louse","floor":5.0,"turns":3.0},{"damage":32.0,"enemies":"Gremlin Nob","floor":6.0,"turns":5.0},{"damage":2.0,"enemies":"3 Sentries","floor":8.0,"turns":4.0},{"damage":2.0,"enemies":"Lots of Slimes","floor":11.0,"turns":2.0},{"damage":8.0,"enemies":"Gremlin Nob","floor":13.0,"turns":3.0},{"damage":3.0,"enemies":"2 Fungi Beasts","floor":14.0,"turns":3.0},{"damage":18.0,"enemies":"Hexaghost","floor":16.0,"turns":9.0},{"damage":18.0,"enemies":"3 Byrds","floor":18.0,"turns":3.0},{"damage":17.0,"enemies":"2 Thieves","floor":21.0,"turns":2.0},{"damage":7.0,"enemies":"3 Cultists","floor":22.0,"turns":4.0},{"damage":25.0,"enemies":"Gremlin Leader","floor":24.0,"turns":5.0},{"damage":17.0,"enemies":"Shelled Parasite and Fungi","floor":25.0,"turns":6.0},{"damage":5,"enemies":"Sentry and Sphere","floor":28,"turns":2}],"seed_played":"7506945276388336174","potions_obtained":[{"floor":3.0,"key":"SmokeBomb"},{"floor":3.0,"key":"CultistPotion"},{"floor":4.0,"key":"Energy Potion"},{"floor":6.0,"key":"EssenceOfDarkness"},{"floor":13.0,"key":"Weak Potion"}],"is_trial":false,"path_per_floor":["M","$","?","M","M","E","R","E","T","?","M","R","E","M","R","B",null,"M","$","?","M","M","R","E","M","T","$","M"],"character_chosen":"DEFECT","items_purchased":["ClockworkSouvenir","Apotheosis","Consume","Seek"],"campfire_rested":1,"item_purchase_floors":[2,2,19,27],"current_hp_per_floor":[62,62,62,56,56,24,24,22,22,22,20,39,31,28,28,20,53,45,45,39,32,35,35,20,3,3,3,0,0],"gold":38,"neow_bonus":"TWO_FIFTY_GOLD","is_daily":false,"chose_seed":false,"campfire_upgraded":3,"win_rate":0.0,"timestamp":1607997103,"path_taken":["M","$","?","M","?","E","R","E","T","?","M","R","E","M","R","BOSS","M","$","?","M","?","R","E","M","T","?","M"],"items_purchased_type":["Relic","Card","Card","Card"],"build_version":"2020-12-13","purchased_purges":1,"victory":false,"max_hp_per_floor":[64,64,64,64,64,64,64,64,64,64,64,64,64,64,64,64,64,64,64,64,64,64,64,64,64,64,64,64,64],"card_choices":[{"not_picked":["Barrage","Skim"],"picked":"Compile Driver","floor":1.0},{"not_picked":["FTL","Coolheaded"],"picked":"Cold Snap","floor":4.0},{"not_picked":["Fusion","Coolheaded"],"picked":"Sweeping Beam","floor":5.0},{"not_picked":["Turbo","Barrage","Redo"],"picked":"SKIP","floor":6.0},{"not_picked":["Steam","Turbo"],"picked":"Ball Lightning","floor":8.0},{"not_picked":["Compile Driver","Barrage"],"picked":"Genetic Algorithm","floor":11.0},{"not_picked":["Redo","Force Field"],"picked":"Ball Lightning","floor":13.0},{"not_picked":["Force Field","Hologram"],"picked":"Self Repair","floor":14.0},{"not_picked":["Fission","Seek"],"picked":"Electrodynamics","floor":16.0},{"not_picked":["Compile Driver","Gash"],"picked":"Capacitor","floor":18.0},{"not_picked":["Barrage","Hello World"],"picked":"Genetic Algorithm","floor":21.0},{"not_picked":["Force Field","Stack","Chaos"],"picked":"SKIP","floor":22.0},{"not_picked":["Double Energy","Fusion"],"picked":"Coolheaded","floor":24.0},{"not_picked":["Compile Driver","Sweeping Beam"],"picked":"Capacitor","floor":25.0}],"player_experience":1847564,"relics_obtained":[{"floor":6.0,"key":"Pocketwatch"},{"floor":8.0,"key":"Unceasing Top"},{"floor":9.0,"key":"Ginger"},{"floor":13.0,"key":"Orichalcum"},{"floor":24.0,"key":"White Beast Statue"},{"floor":26.0,"key":"Cables"}],"event_choices":[{"damage_healed":0.0,"max_hp_gain":0.0,"max_hp_loss":0.0,"gold_gain":0.0,"event_name":"Lab","player_choice":"Got Potions","floor":3.0,"gold_loss":0.0,"damage_taken":0.0},{"damage_healed":0.0,"max_hp_gain":0.0,"max_hp_loss":0.0,"gold_gain":0.0,"event_name":"Liars Game","player_choice":"Ignored","floor":10.0,"gold_loss":0.0,"damage_taken":0.0},{"damage_healed":0.0,"max_hp_gain":0.0,"max_hp_loss":0.0,"gold_gain":0.0,"event_name":"Knowing Skull","player_choice":"","floor":20.0,"potions_obtained":[],"gold_loss":0.0,"damage_taken":6.0,"cards_obtained":[]}],"is_beta":false,"boss_relics":[{"not_picked":["Runic Dome","Cursed Key"],"picked":"Sozu"}],"items_purged_floors":[19],"is_endless":false,"potions_floor_spawned":[4,6,13,24,25],"killed_by":"Sentry and Sphere","ascension_level":20}}