{"host":"bjzqjr1ycgj8gt55","time":1607997826,"event":{"mods":["BaseMod","Better Altar","Better Match","Better Sensory Stone","Better Skull","Better Third Choice","Better Vampires","Block Reminder","Colored Map","Colored Powertips","Downfall","GifTheSpireLib","Minty Spire (QoL Compilation)","Shop Mod","StSLib","Waifu the Spire"],"gold_per_floor":[99,99,99,27,27,27,52,67,93,93,112,17,35,210,222,322,322,322,22,22,42,42,69,96,21,31,31,50,67,81,81,94,198,198,198,10,10,30,30,130,155,155,65,65,65,65,78,63,82,82],"floor_reached":51,"playtime":3452,"items_purged":["Decay"],"score":661,"play_id":"3fd574c4-d3f7-4756-9f13-73d6036c3aef","local_time":"20201214200346","is_ascension_mode":false,"campfire_choices":[{"data":"Guardian:TwinSlam","floor":1,"key":"SMITH"},{"data":"Guardian:SpikerProtocol","floor":5,"key":"SMITH"},{"data":"Guardian:RefractedBeam+1","floor":22,"key":"SMITH"},{"data":"Guardian:EvasiveProtocol","floor":25,"key":"SMITH"},{"floor":27,"key":"REST"},{"data":"Guardian:SphericShield","floor":35,"key":"SMITH"},{"data":"Guardian:Orbwalk","floor":37,"key":"SMITH"},{"data":"Panacea","floor":44,"key":"SMITH"}],"circlet_count":0,"master_deck":["Guardian:CurlUp","Guardian:TwinSlam+1","Guardian:PiercingHide","Guardian:SpikerProtocol+1","Guardian:CrystalBeam","Guardian:DecasProtection","Guardian:Planning","Guardian:SpikerProtocol","Guardian:PiercingHide","Guardian:TimeBomb","Guardian:Orbwalk+1","Guardian:Suspension","Doubt","Guardian:TemporalStrike","Guardian:StasisField+1","Guardian:RefractedBeam+2","Guardian:ExploitGems+1","Guardian:Harden+1","expansioncontent:StudyTheSpire","Guardian:RollAttack","Guardian:Suspension","Guardian:EvasiveProtocol+1","Guardian:Preprogram+1","Guardian:EvasiveProtocol","Guardian:TemporalShield+1","Impatience","Guardian:EvasiveProtocol","Guardian:ExploitGems","Guardian:SphericShield+1","Guardian:BronzeOrb","Guardian:FloatingOrbs","Guardian:BronzeArmor","Panacea+1","Guardian:Orbwalk","Guardian:BaubleBeam","Guardian:ShieldSpikes","Guardian:TemporalShield","expansioncontent:CaCaw","Guardian:SphericShield","Guardian:ShieldSpikes","Guardian:ExploitGems"],"relics":["Guardian:ModeShifter","downfall:HeartsMalice","Guardian:PickAxe","Nunchaku","Astrolabe","Juzu Bracelet","downfall:HeartBlessingGreen","Pandora\u0027s Box","downfall:GremlinSack","Anchor"],"acts_visited":["Exordium","TheCity","TheBeyond"],"potions_floor_usage":[16,16,29,40],"damage_taken":[{"damage":0,"enemies":"Small Slimes","floor":2,"turns":1},{"damage":0,"enemies":"downfall:FleeingMerchant","floor":4,"turns":1},{"damage":0,"enemies":"2 Louse","floor":6,"turns":1},{"damage":2,"enemies":"Cultist","floor":8,"turns":4},{"damage":14,"enemies":"Gremlin Nob","floor":9,"turns":5},{"damage":0,"enemies":"Large Slime","floor":11,"turns":6},{"damage":0,"enemies":"downfall:FleeingMerchant","floor":12,"turns":4},{"damage":0,"enemies":"Red Slaver","floor":13,"turns":4},{"damage":7,"enemies":"Lots of Slimes","floor":15,"turns":3},{"damage":44,"enemies":"downfall:Defect","floor":16,"turns":9},{"damage":0,"enemies":"downfall:FleeingMerchant","floor":19,"turns":4},{"damage":8,"enemies":"Shell Parasite","floor":21,"turns":6},{"damage":8,"enemies":"Book of Stabbing","floor":23,"turns":5},{"damage":8,"enemies":"3 Byrds","floor":26,"turns":3},{"damage":0,"enemies":"Snake Plant","floor":28,"turns":4},{"damage":7,"enemies":"Centurion and Healer","floor":29,"turns":9},{"damage":0,"enemies":"3 Cultists","floor":30,"turns":5},{"damage":2,"enemies":"Sentry and Sphere","floor":32,"turns":5},{"damage":11,"enemies":"downfall:Silent","floor":33,"turns":8},{"damage":0,"enemies":"downfall:FleeingMerchant","floor":36,"turns":4},{"damage":18,"enemies":"Orb Walker","floor":38,"turns":4},{"damage":0,"enemies":"Orb Walker","floor":40,"turns":4},{"damage":0,"enemies":"downfall:FleeingMerchant","floor":43,"turns":4},{"damage":16,"enemies":"3 Darklings","floor":47,"turns":5},{"damage":1,"enemies":"downfall:FleeingMerchant","floor":48,"turns":4},{"damage":13,"enemies":"Spire Growth","floor":49,"turns":7},{"damage":26,"enemies":"downfall:Ironclad","floor":50,"turns":18}],"seed_played":"5751754851718362264","potions_obtained":[{"floor":8,"key":"PowerPotion"},{"floor":11,"key":"LiquidMemories"},{"floor":13,"key":"SpeedPotion"},{"floor":16,"key":"Guardian:BlockOnCardUsePotion"},{"floor":21,"key":"AttackPotion"},{"floor":29,"key":"Guardian:BlockOnCardUsePotion"},{"floor":33,"key":"FairyPotion"},{"floor":47,"key":"Guardian:DefensiveModePotion"}],"is_trial":false,"path_per_floor":["R","M","?","$","R","M","T","M","E","R","M","$","M","?","M","B",null,"R","$","R","M","R","E","T","R","M","R","M","M","M","?","M","B",null,"R","$","R","M","?","?","T","?","$","R","?","?","M","$","M","B",null],"character_chosen":"GUARDIAN","items_purchased":["Guardian:Gem_Cyan","Guardian:CrystalBeam","Guardian:Orbwalk","expansioncontent:StudyTheSpire","Guardian:RollAttack","Guardian:Suspension","Panacea","Guardian:Gem_Red","Guardian:Orbwalk"],"campfire_rested":1,"item_purchase_floors":[4,4,12,19,19,19,36,36,36],"current_hp_per_floor":[80,80,80,80,80,80,80,78,64,64,64,64,64,64,57,13,80,80,80,80,72,72,64,64,64,56,80,80,73,73,73,71,60,80,80,80,80,62,62,62,62,62,62,62,62,66,50,49,36,10],"gold":82,"neow_bonus":"THREE_ENEMY_KILL","is_daily":false,"chose_seed":false,"campfire_upgraded":7,"win_rate":0.0,"timestamp":1607997826,"path_taken":["R","M","?","$","R","M","T","M","E","R","M","$","M","?","M","BOSS","R","$","R","M","R","E","T","R","M","R","M","M","M","?","M","BOSS","R","$","R","M","?","?","T","?","$","R","?","?","M","$","M","BOSS"],"items_purchased_type":["Card","Card","Card","Card","Card","Card","Card","Card","Card"],"build_version":"2020-12-13","purchased_purges":1,"victory":true,"max_hp_per_floor":[80,80,80,80,80,80,80,80,80,80,80,80,80,80,80,80,80,80,80,80,80,80,80,80,80,80,80,80,80,80,80,80,80,80,80,80,80,80,80,80,80,80,80,80,80,80,80,80,80,80],"card_choices":[{"not_picked":["Guardian:CrystalBeam","Guardian:BronzeArmor"],"picked":"Guardian:PiercingHide","floor":2},{"not_picked":["Guardian:Gem_Blue","Guardian:Reroute"],"picked":"Guardian:SpikerProtocol","floor":4},{"not_picked":["Guardian:VentSteam","Guardian:Gem_White"],"picked":"Guardian:DecasProtection","floor":6},{"not_picked":["Guardian:MultiBeam","Guardian:BronzeArmor"],"picked":"Guardian:Planning","floor":8},{"not_picked":["Guardian:RollAttack","Guardian:CrystalBeam"],"picked":"Guardian:SpikerProtocol","floor":9},{"not_picked":["Guardian:MultiBeam","Guardian:TimeCapacitor"],"picked":"Guardian:PiercingHide","floor":11},{"not_picked":["Guardian:TemporalShield","Guardian:TemporalStrike"],"picked":"Guardian:TimeBomb","floor":12},{"not_picked":["Guardian:ChargeCore","Guardian:BaubleBeam"],"picked":"Guardian:Suspension","floor":13},{"not_picked":["Guardian:Gem_Red","Guardian:WalkerClaw"],"picked":"Guardian:TemporalStrike","floor":15},{"not_picked":["Guardian:ExploitGems","Guardian:BaubleBeam"],"picked":"Guardian:Gem_Orange","floor":16},{"not_picked":["Guardian:DecasProtection","Guardian:PrismaticBarrier"],"picked":"Guardian:Harden+1","floor":19},{"not_picked":["Guardian:PrimingBeam+1","Guardian:PiercingHide"],"picked":"Guardian:Gem_Lightblue","floor":21},{"not_picked":["Guardian:Planning","Guardian:Gem_Crimson"],"picked":"Guardian:EvasiveProtocol","floor":23},{"not_picked":["Guardian:VentSteam","Guardian:Recover"],"picked":"Guardian:Preprogram+1","floor":26},{"not_picked":["Guardian:ChargeCore","Guardian:Orbwalk+1","Guardian:ShieldCharger"],"picked":"SKIP","floor":28},{"not_picked":["Guardian:ChargeCore","Guardian:VentSteam"],"picked":"Guardian:EvasiveProtocol","floor":29},{"not_picked":["Guardian:Gem_Green","Guardian:Gem_Fragmented"],"picked":"Guardian:TemporalShield+1","floor":30},{"not_picked":["expansioncontent:SuperHexaguard","expansioncontent:Sear"],"picked":"Impatience","floor":31},{"not_picked":["Guardian:Gem_Fragmented","Guardian:Gem_Cyan"],"picked":"Guardian:EvasiveProtocol","floor":32},{"not_picked":["Guardian:FierceBash","Guardian:SphericShield"],"picked":"Guardian:ExploitGems","floor":33},{"not_picked":["Guardian:Harden+1","Guardian:Clone+1"],"picked":"Guardian:BronzeArmor","floor":36},{"not_picked":["Guardian:MultiBeam","Guardian:ShieldCharger+1"],"picked":"Guardian:Gem_Red","floor":38},{"not_picked":["Guardian:ShieldCharger","Guardian:Planning"],"picked":"Guardian:Gem_Lightblue","floor":43},{"not_picked":["Guardian:Suspension+1","Guardian:Clone+1"],"picked":"Guardian:ShieldSpikes","floor":47},{"not_picked":["Guardian:Orbwalk","Guardian:Incinerate+1"],"picked":"Guardian:ExploitGems","floor":48},{"not_picked":["Guardian:Planning+1","Guardian:ChargeCore","Guardian:PiercingHide+1"],"picked":"SKIP","floor":49}],"player_experience":87596,"relics_obtained":[{"floor":7,"key":"Guardian:PickAxe"},{"floor":9,"key":"Nunchaku"},{"floor":23,"key":"Bag of Marbles"},{"floor":24,"key":"Juzu Bracelet"},{"floor":40,"key":"downfall:GremlinSack"},{"floor":41,"key":"Anchor"}],"event_choices":[{"damage_healed":0,"gold_gain":2,"player_choice":"1","damage_taken":0,"max_hp_gain":0,"max_hp_loss":0,"event_name":"betterStone:BetterStone","floor":31,"gold_loss":0},{"damage_healed":4,"gold_gain":0,"player_choice":"LEAVE ","damage_taken":0,"relics_obtained":[],"max_hp_gain":0,"max_hp_loss":0,"event_name":"betterSkull:BetterSkull","floor":46,"gold_loss":0,"cards_upgraded":[]}],"is_beta":false,"boss_relics":[{"not_picked":["Snecko Eye","Calling Bell"],"picked":"Astrolabe"},{"not_picked":["Black Star","SacredBark"],"picked":"Pandora\u0027s Box"}],"items_purged_floors":[43],"is_endless":false,"potions_floor_spawned":[8,11,13,16,21,28,29,33,47,49],"ascension_level":0}}