{"host":"6bsan6hkua32tfq7","time":1607991248,"event":{"mods":["BaseMod","Better Third Choice","Colored Map","Downfall","Highlight Path","Minty Spire (QoL Compilation)","StSLib"],"gold_per_floor":[109,48,11,28,46,46,58,86,86,86,105,121,121,147,147,223,223,238,264,275,275,285,285,285],"floor_reached":23,"playtime":1499,"items_purged":[],"score":406,"play_id":"1df4b25b-4619-4041-bee3-177bd08dd9c0","local_time":"20201215011408","is_ascension_mode":true,"campfire_choices":[{"data":"Sunder","floor":6,"key":"SMITH"},{"data":"Dualcast","floor":10,"key":"SMITH"},{"data":"Chaos","floor":15,"key":"SMITH"}],"circlet_count":0,"master_deck":["AscendersBane","Strike_B","Strike_B","Strike_B","Strike_B","Defend_B","Defend_B","Defend_B","Defend_B","Zap","Dualcast+1","Chaos+1","Sunder+1","Doom and Gloom","Melter","Coolheaded","Sweeping Beam","Conserve Battery","Sweeping Beam","Compile Driver","Echo Form","CurseOfTheBell","Auto Shields"],"relics":["Cracked Core","Ornamental Fan","Darkstone Periapt","HornCleat","WarpedTongs","Toy Ornithopter","Calling Bell","PreservedInsect","Pantograph","Ginger","Dream Catcher"],"acts_visited":["Exordium","TheCity"],"potions_floor_usage":[8,16,16,23],"damage_taken":[{"damage":1,"enemies":"2 Louse","floor":1,"turns":2},{"damage":0,"enemies":"Cultist","floor":4,"turns":3},{"damage":12,"enemies":"Jaw Worm","floor":5,"turns":3},{"damage":9,"enemies":"Red Slaver","floor":7,"turns":3},{"damage":8,"enemies":"Gremlin Nob","floor":8,"turns":3},{"damage":10,"enemies":"Gremlin Gang","floor":11,"turns":3},{"damage":0,"enemies":"Looter","floor":12,"turns":3},{"damage":20,"enemies":"Lagavulin","floor":14,"turns":5},{"damage":19,"enemies":"Hexaghost","floor":16,"turns":9},{"damage":17,"enemies":"2 Thieves","floor":18,"turns":4},{"damage":13,"enemies":"3 Byrds","floor":20,"turns":4},{"damage":14,"enemies":"3 Cultists","floor":22,"turns":5},{"damage":29,"enemies":"Book of Stabbing","floor":23,"turns":4}],"seed_played":"6810314055500073694","potions_obtained":[{"floor":4,"key":"FearPotion"},{"floor":5,"key":"ColorlessPotion"},{"floor":11,"key":"SkillPotion"},{"floor":12,"key":"Swift Potion"},{"floor":22,"key":"Fire Potion"}],"is_trial":false,"path_per_floor":["M","?","$","M","M","R","M","E","T","R","M","M","?","E","R","B",null,"M","T","M","?","M","E"],"character_chosen":"DEFECT","items_purchased":["Doom and Gloom"],"campfire_rested":0,"item_purchase_floors":[3],"current_hp_per_floor":[63,63,63,63,51,51,42,34,34,34,24,24,30,10,10,1,64,47,47,34,34,20,0,0],"gold":285,"neow_bonus":"THREE_CARDS","is_daily":false,"chose_seed":false,"campfire_upgraded":3,"win_rate":0.0,"timestamp":1607991248,"path_taken":["M","?","$","?","M","R","M","E","T","R","M","?","?","E","R","BOSS","M","?","?","?","M","E"],"items_purchased_type":["Card"],"build_version":"2020-12-13","purchased_purges":0,"victory":false,"max_hp_per_floor":[71,71,71,71,71,71,71,71,71,71,71,71,77,77,77,77,83,83,83,83,83,83,83,83],"card_choices":[{"not_picked":["Blizzard","Chill"],"picked":"Chaos","floor":0},{"not_picked":["Gash","Redo"],"picked":"Sunder","floor":1},{"not_picked":["Leap","Conserve Battery"],"picked":"Melter","floor":4},{"not_picked":["Reprogram","Hologram"],"picked":"Coolheaded","floor":5},{"not_picked":["Stack","Rebound"],"picked":"Sweeping Beam","floor":7},{"not_picked":["Redo","Hologram"],"picked":"Conserve Battery","floor":8},{"not_picked":["Reboot","Blizzard"],"picked":"Sweeping Beam","floor":11},{"not_picked":["Redo","Turbo"],"picked":"Compile Driver","floor":12},{"not_picked":["Rebound","Hyperbeam","Go for the Eyes"],"picked":"SKIP","floor":14},{"not_picked":["Rainbow","Seek"],"picked":"Echo Form","floor":16},{"not_picked":["Turbo","Storm","Beam Cell+1"],"picked":"SKIP","floor":18},{"not_picked":["Capacitor+1","Blizzard"],"picked":"Auto Shields","floor":20},{"not_picked":["Sweeping Beam","Cold Snap","Storm"],"picked":"SKIP","floor":22}],"player_experience":5132518,"relics_obtained":[{"floor":8,"key":"Darkstone Periapt"},{"floor":9,"key":"HornCleat"},{"floor":14,"key":"Toy Ornithopter"},{"floor":17,"key":"PreservedInsect"},{"floor":17,"key":"Pantograph"},{"floor":17,"key":"Ginger"},{"floor":19,"key":"Dream Catcher"}],"event_choices":[{"damage_healed":0,"gold_gain":0,"player_choice":"Paid Gold","damage_taken":0,"relics_obtained":["Ornamental Fan"],"max_hp_gain":0,"max_hp_loss":0,"event_name":"WeMeetAgain","floor":2,"gold_loss":61},{"damage_healed":0,"gold_gain":0,"player_choice":"Rummage","damage_taken":0,"relics_obtained":["WarpedTongs"],"max_hp_gain":0,"max_hp_loss":0,"event_name":"Accursed Blacksmith","floor":13,"gold_loss":0,"cards_obtained":["Pain"]},{"cards_removed":["Pain"],"damage_healed":0,"gold_gain":0,"player_choice":"Card Removal","damage_taken":0,"max_hp_gain":0,"max_hp_loss":0,"event_name":"Wheel of Change","floor":21,"gold_loss":0}],"is_beta":false,"boss_relics":[{"not_picked":["SacredBark","Tiny House"],"picked":"Calling Bell"}],"items_purged_floors":[],"is_endless":false,"potions_floor_spawned":[4,5,11,12,14,22],"killed_by":"Book of Stabbing","ascension_level":20}}