{"host":"yk98keyoflza93y0","time":1607999313,"event":{"mods":["AchievementEnabler","BaseMod","BetterRewards","Card Forge","Colored Map","DeckTracker","Minty Spire (QoL Compilation)","Shop Mod","StSLib","SuperFastMode","The Poker Player"],"gold_per_floor":[117,117,130,142,158,185,211,242,242,270,280,308,323,336,336,440,440,455,455,326,342,360,387,387,416,495,551,589,589,602,619,619,723,723,740,750,750,687,687,687,717,751,784,817,817,834,834,847,847,847,847,847,616,660,660],"floor_reached":56,"playtime":5866,"items_purged":["PokerPlayerMod:Diamond1","PokerPlayerMod:Diamond2","PokerPlayerMod:Spade3","PokerPlayerMod:Configure+1"],"score":2329,"play_id":"8ebca99d-91a9-450d-87ba-49a980b59c89","local_time":"20201215112833","is_ascension_mode":true,"metric_token":734,"campfire_choices":[{"data":"PokerPlayerMod:Overdeal","floor":15.0,"key":"SMITH"},{"data":"PokerPlayerMod:TrumpStrike","floor":24.0,"key":"SMITH"},{"data":"PokerPlayerMod:Mulligan","floor":29,"key":"SMITH"},{"floor":32,"key":"DIG"},{"floor":40,"key":"RECALL"},{"floor":45,"key":"DIG"},{"floor":47,"key":"DIG"},{"floor":49,"key":"DIG"},{"floor":52,"key":"DIG"}],"circlet_count":0,"master_deck":["PokerPlayerMod:Diamond7","PokerPlayerMod:Diamond8","PokerPlayerMod:Spade7","PokerPlayerMod:TrumpStrike+1","PokerPlayerMod:BadJoker+1","PokerPlayerMod:ClubDance+1","PokerPlayerMod:Raise+1","PokerPlayerMod:Overdeal+1","PokerPlayerMod:Spade10+","PokerPlayerMod:Diamond10+","PokerPlayerMod:MagicTrick+1","PokerPlayerMod:FillThePot+1","PokerPlayerMod:Diamond10+","PokerPlayerMod:CardBurn+1","PokerPlayerMod:Spade10+","PokerPlayerMod:ItsShowtime+1","PokerPlayerMod:Diamond10+"],"relics":["PokerPlayerMod:DeckCase","Hammer of Thor","Seething Fire","Anvil of the Gods","StoneCalendar","PokerPlayerMod:PendantOfEscape","Shovel","Membership Card","Toxic Egg 2","WingedGreaves","MealTicket","Tiny Chest","Turnip","TungstenRod","Chemical X","Gambling Chip","Happy Flower","Ancient Tea Set","Ice Cream","Mango","Du-Vu Doll","Bag of Marbles","Cursed Key","TheAbacus","Potion Belt","Matryoshka","CeramicFish","White Beast Statue","Vajra","Shuriken","Nunchaku","Philosopher\u0027s Stone","Bronze Scales","Lantern","Blood Vial","Pen Nib","Regal Pillow","Lizard Tail","PreservedInsect","Mummified Hand","Boot","HornCleat"],"acts_visited":["Exordium","TheCity","TheBeyond","TheEnding"],"potions_floor_usage":[50,55,55,55,55],"damage_taken":[{"damage":0.0,"enemies":"Cultist","floor":1.0,"turns":3.0},{"damage":0.0,"enemies":"Jaw Worm","floor":3.0,"turns":2.0},{"damage":0.0,"enemies":"2 Louse","floor":4.0,"turns":1.0},{"damage":0.0,"enemies":"Lots of Slimes","floor":5.0,"turns":2.0},{"damage":7.0,"enemies":"Lagavulin","floor":6.0,"turns":5.0},{"damage":15.0,"enemies":"Gremlin Nob","floor":7.0,"turns":4.0},{"damage":5.0,"enemies":"3 Sentries","floor":8.0,"turns":5.0},{"damage":0.0,"enemies":"Gremlin Nob","floor":10.0,"turns":2.0},{"damage":0.0,"enemies":"Exordium Wildlife","floor":11.0,"turns":2.0},{"damage":0.0,"enemies":"Lagavulin","floor":12.0,"turns":3.0},{"damage":0.0,"enemies":"Looter","floor":13.0,"turns":2.0},{"damage":0.0,"enemies":"3 Louse","floor":14.0,"turns":2.0},{"damage":14.0,"enemies":"The Guardian","floor":16.0,"turns":7.0},{"damage":8.0,"enemies":"Shell Parasite","floor":18.0,"turns":3.0},{"damage":0.0,"enemies":"3 Byrds","floor":21.0,"turns":2.0},{"damage":0.0,"enemies":"3 Cultists","floor":22.0,"turns":3.0},{"damage":11.0,"enemies":"Slavers","floor":23.0,"turns":3.0},{"damage":1.0,"enemies":"Book of Stabbing","floor":25.0,"turns":5.0},{"damage":0,"enemies":"Gremlin Leader","floor":28,"turns":3},{"damage":0,"enemies":"Centurion and Healer","floor":30,"turns":1},{"damage":0,"enemies":"Shelled Parasite and Fungi","floor":31,"turns":1},{"damage":10,"enemies":"Champ","floor":33,"turns":7},{"damage":0,"enemies":"3 Shapes","floor":35,"turns":2},{"damage":0,"enemies":"Orb Walker","floor":36,"turns":2},{"damage":0,"enemies":"Nemesis","floor":41,"turns":3},{"damage":0,"enemies":"Reptomancer","floor":44,"turns":2},{"damage":0,"enemies":"Writhing Mass","floor":46,"turns":3},{"damage":0,"enemies":"3 Darklings","floor":48,"turns":2},{"damage":13,"enemies":"Time Eater","floor":50,"turns":7},{"damage":0,"enemies":"Shield and Spear","floor":54,"turns":2},{"damage":51,"enemies":"The Heart","floor":55,"turns":6}],"seed_played":"-3267350810476135846","potions_obtained":[{"floor":1.0,"key":"LiquidBronze"},{"floor":4.0,"key":"LiquidBronze"},{"floor":5.0,"key":"Ancient Potion"},{"floor":13.0,"key":"Block Potion"},{"floor":21.0,"key":"Strength Potion"},{"floor":22.0,"key":"Energy Potion"},{"floor":23.0,"key":"Ancient Potion"},{"floor":28,"key":"Energy Potion"},{"floor":30,"key":"Explosive Potion"},{"floor":31,"key":"Explosive Potion"},{"floor":35,"key":"Dexterity Potion"},{"floor":41,"key":"Block Potion"}],"is_trial":false,"path_per_floor":["M","?","M","M","M","E","E","E","T","E","M","E","M","M","R","B",null,"M","?","$","M","M","E","R","E","T","T","E","R","M","M","R","B",null,"M","M","?","$","?","R","E","T","T","E","R","M","R","M","R","B",null,"R","$","E","B",null],"character_chosen":"THE_POKER_PLAYER","items_purchased":["PokerPlayerMod:PendantOfEscape","Membership Card","Toxic Egg 2","MealTicket","Tiny Chest","TungstenRod","Chemical X","PokerPlayerMod:ClubDance+1","TheAbacus","PokerPlayerMod:ItsShowtime+1","Dexterity Potion","Boot"],"campfire_rested":0,"item_purchase_floors":[0,0,0,0,0,0,0,0,20,53,53,53],"current_hp_per_floor":[49,43,43,43,45,45,39,47,61,61,66,66,66,66,66,63,65,58,58,66,66,66,55,55,66,66,66,66,66,66,66,66,56,64,64,64,63,63,63,63,63,63,63,63,63,63,63,63,63,50,60,60,63,63,32],"gold":660,"neow_bonus":"","is_daily":false,"chose_seed":false,"campfire_upgraded":3,"win_rate":0.0,"timestamp":1607999313,"path_taken":["M","?","M","M","M","E","E","E","T","E","M","E","M","M","R","BOSS","M","?","?","M","M","E","R","E","T","?","E","R","M","?","R","BOSS","M","M","?","$","?","R","E","?","T","E","R","M","R","M","R","BOSS","R","$","E","BOSS"],"items_purchased_type":["Relic","Relic","Relic","Relic","Relic","Relic","Relic","Card","Relic","Card","Potion","Relic"],"build_version":"2020-12-13","purchased_purges":4,"victory":true,"max_hp_per_floor":[52,52,52,52,52,52,52,52,66,66,66,66,66,66,66,66,66,66,66,66,66,66,66,66,66,66,66,66,66,66,66,66,66,66,66,66,63,63,63,63,63,63,63,63,63,63,63,63,63,63,63,63,63,63,63],"card_choices":[{"not_picked":["PokerPlayerMod:Heart4","PokerPlayerMod:Diamond3"],"picked":"PokerPlayerMod:Raise+1","floor":1.0},{"not_picked":["PokerPlayerMod:Heart1","PokerPlayerMod:Club3","PokerPlayerMod:Spade1"],"picked":"SKIP","floor":3.0},{"not_picked":["PokerPlayerMod:DartThrow","PokerPlayerMod:Diamond1"],"picked":"PokerPlayerMod:Configure+1","floor":4.0},{"not_picked":["PokerPlayerMod:Club2","PokerPlayerMod:Diamond2"],"picked":"PokerPlayerMod:Overdeal","floor":5.0},{"not_picked":["PokerPlayerMod:ClubsClub","PokerPlayerMod:DartThrow"],"picked":"PokerPlayerMod:Spade10+","floor":6.0},{"not_picked":["PokerPlayerMod:DiamondStrike","PokerPlayerMod:Sharpen"],"picked":"PokerPlayerMod:Diamond8","floor":7.0},{"not_picked":["PokerPlayerMod:Diamond6","PokerPlayerMod:Spade1","PokerPlayerMod:Trickery"],"picked":"SKIP","floor":8.0},{"not_picked":["PokerPlayerMod:Harden","PokerPlayerMod:Spade2"],"picked":"PokerPlayerMod:MagicTrick+1","floor":10.0},{"not_picked":["PokerPlayerMod:ClubShade","PokerPlayerMod:CardBurn+1"],"picked":"PokerPlayerMod:FillThePot+1","floor":11.0},{"not_picked":["PokerPlayerMod:RiskyBet+1","PokerPlayerMod:Diamond3"],"picked":"PokerPlayerMod:TheDieIsCast+1","floor":12.0},{"not_picked":["PokerPlayerMod:SpadeStrike","PokerPlayerMod:Diamond2","PokerPlayerMod:HotShotCut"],"picked":"SKIP","floor":13.0},{"not_picked":["PokerPlayerMod:ClubsClub","PokerPlayerMod:SpadeStrike","PokerPlayerMod:PoorCopy+1"],"picked":"SKIP","floor":14.0},{"not_picked":["PokerPlayerMod:TheDieIsCast+1","PokerPlayerMod:Club8"],"picked":"PokerPlayerMod:Diamond10+","floor":16.0},{"not_picked":["PokerPlayerMod:Club5","PokerPlayerMod:Diamond4","PokerPlayerMod:SpadeStrike"],"picked":"SKIP","floor":18.0},{"not_picked":["PokerPlayerMod:Diamond4","PokerPlayerMod:SpadeStrike","PokerPlayerMod:Spade2"],"picked":"SKIP","floor":21.0},{"not_picked":["PokerPlayerMod:Club4","PokerPlayerMod:Trickery","PokerPlayerMod:Spade3"],"picked":"SKIP","floor":22.0},{"not_picked":["PokerPlayerMod:Spade1","PokerPlayerMod:ClubStrike","PokerPlayerMod:RoyalStrike"],"picked":"SKIP","floor":23.0},{"not_picked":["PokerPlayerMod:ClubShade","PokerPlayerMod:CardPrinter"],"picked":"PokerPlayerMod:CardBurn+1","floor":25.0},{"not_picked":["PokerPlayerMod:Overdeal+1","PokerPlayerMod:Club5"],"picked":"PokerPlayerMod:WasteCollection+1","floor":28},{"not_picked":["PokerPlayerMod:Harden","PokerPlayerMod:DartThrow+1","PokerPlayerMod:Fold+1"],"picked":"SKIP","floor":30},{"not_picked":["PokerPlayerMod:Heart4","PokerPlayerMod:Diamond3","PokerPlayerMod:MagicTrick+1"],"picked":"SKIP","floor":31},{"not_picked":["PokerPlayerMod:Spade9","PokerPlayerMod:Diamond7"],"picked":"PokerPlayerMod:Spade10+","floor":33},{"not_picked":["PokerPlayerMod:Spade2","PokerPlayerMod:Diamond3","PokerPlayerMod:Club1"],"picked":"SKIP","floor":35},{"not_picked":["PokerPlayerMod:ClubsClub","PokerPlayerMod:Club3","PokerPlayerMod:FlyingCard+1"],"picked":"SKIP","floor":36},{"not_picked":["PokerPlayerMod:Heart6","PokerPlayerMod:Spade7","PokerPlayerMod:Heart5"],"picked":"SKIP","floor":41},{"not_picked":["PokerPlayerMod:FillThePot+1","PokerPlayerMod:Diamond6","PokerPlayerMod:Club8"],"picked":"SKIP","floor":44},{"not_picked":["PokerPlayerMod:Spade4","PokerPlayerMod:Trickery","PokerPlayerMod:ClubsClub"],"picked":"SKIP","floor":46},{"not_picked":["PokerPlayerMod:CardBurn+1","PokerPlayerMod:Trickery+1","PokerPlayerMod:MagicTrick+1"],"picked":"SKIP","floor":48},{"not_picked":["PokerPlayerMod:StackedDeck","PokerPlayerMod:Diamond2","PokerPlayerMod:Diamond1"],"picked":"SKIP","floor":54}],"player_experience":1482515,"relics_obtained":[{"floor":6.0,"key":"Happy Flower"},{"floor":7.0,"key":"Ancient Tea Set"},{"floor":8.0,"key":"Ice Cream"},{"floor":9.0,"key":"Mango"},{"floor":10.0,"key":"Du-Vu Doll"},{"floor":12.0,"key":"Bag of Marbles"},{"floor":23.0,"key":"Potion Belt"},{"floor":25.0,"key":"Matryoshka"},{"floor":26.0,"key":"CeramicFish"},{"floor":26.0,"key":"White Beast Statue"},{"floor":27,"key":"Vajra"},{"floor":28,"key":"Shuriken"},{"floor":32,"key":"Nunchaku"},{"floor":41,"key":"Bronze Scales"},{"floor":42,"key":"Lantern"},{"floor":43,"key":"Blood Vial"},{"floor":44,"key":"Pen Nib"},{"floor":45,"key":"Regal Pillow"},{"floor":47,"key":"Lizard Tail"},{"floor":49,"key":"PreservedInsect"},{"floor":52,"key":"Mummified Hand"},{"floor":54,"key":"HornCleat"}],"event_choices":[{"cards_removed":["PokerPlayerMod:Club1"],"damage_healed":0.0,"max_hp_gain":0.0,"max_hp_loss":0.0,"gold_gain":0.0,"event_name":"Golden Wing","player_choice":"Card Removal","floor":2.0,"gold_loss":0.0,"damage_taken":7.0},{"cards_removed":["PokerPlayerMod:Spade1"],"damage_healed":0.0,"max_hp_gain":0.0,"max_hp_loss":0.0,"gold_gain":0.0,"event_name":"PokerPlayerMod:BackToBasicsPoker","player_choice":"Elegance","floor":19.0,"gold_loss":0.0,"damage_taken":0.0},{"damage_healed":0,"gold_gain":0,"player_choice":"Max HP","damage_taken":0,"max_hp_gain":0,"max_hp_loss":3,"event_name":"Winding Halls","floor":37,"gold_loss":0},{"damage_healed":0,"gold_gain":0,"player_choice":"Ignored","damage_taken":0,"max_hp_gain":0,"max_hp_loss":0,"event_name":"Tomb of Lord Red Mask","floor":39,"gold_loss":0}],"is_beta":false,"boss_relics":[{"not_picked":["Sozu","SlaversCollar"],"picked":"Cursed Key"},{"not_picked":["Velvet Choker","Calling Bell"],"picked":"Philosopher\u0027s Stone"}],"items_purged_floors":[0,20,38,53],"is_endless":false,"potions_floor_spawned":[1,4,5,8,13,14,16,21,22,23,28,30,31,33,35,36,41,44,46,48,54],"ascension_level":9}}