{"host":"vtakxgab1vu2j1nx","time":1607996553,"event":{"mods":["AchievementEnabler","BaseMod","Colored Map","Minty Spire (QoL Compilation)","Quick Restart","SuperFastMode"],"gold_per_floor":[119,133,308,364,364,398,398,417,471,471,746,770,803,191,191,191,191],"floor_reached":16,"playtime":252,"items_purged":["Doubt"],"score":213,"play_id":"79ea5d8f-abbc-464a-b198-98cf1bb6b756","local_time":"20201214204233","is_ascension_mode":true,"campfire_choices":[{"data":"Perfected Strike","floor":7.0,"key":"SMITH"},{"data":"Pummel","floor":10.0,"key":"SMITH"},{"floor":15.0,"key":"REST"}],"circlet_count":0,"master_deck":["AscendersBane","Strike_R","Strike_R","Strike_R","Strike_R","Strike_R","Defend_R","Defend_R","Defend_R","Defend_R","Bash","Shrug It Off","Clothesline","Injury","Perfected Strike+1","Pummel+1","Regret","Dropkick","Corruption","Dark Shackles"],"relics":["Burning Blood","NeowsBlessing","Golden Idol","Pen Nib","Bag of Marbles","Orichalcum","Juzu Bracelet","Turnip"],"acts_visited":["Exordium"],"potions_floor_usage":[16,16],"damage_taken":[{"damage":0.0,"enemies":"Jaw Worm","floor":1.0,"turns":1.0},{"damage":0.0,"enemies":"Small Slimes","floor":2.0,"turns":2.0},{"damage":0.0,"enemies":"Gremlin Nob","floor":6.0,"turns":1.0},{"damage":9.0,"enemies":"2 Louse","floor":8.0,"turns":4.0},{"damage":26.0,"enemies":"Gremlin Gang","floor":12.0,"turns":6.0},{"damage":48.0,"enemies":"Lagavulin","floor":13.0,"turns":9.0},{"damage":42,"enemies":"The Guardian","floor":16,"turns":6}],"seed_played":"-9053033932910437672","potions_obtained":[{"floor":2.0,"key":"SpeedPotion"},{"floor":13.0,"key":"Strength Potion"}],"is_trial":false,"path_per_floor":["M","M","?","?","?","E","R","M","T","R","?","M","E","$","R","B"],"character_chosen":"IRONCLAD","items_purchased":["Juzu Bracelet","Turnip","Dark Shackles"],"campfire_rested":1,"item_purchase_floors":[14,14,14],"current_hp_per_floor":[78,80,80,80,80,80,80,77,77,77,77,57,15,15,39,0,0],"gold":191,"neow_bonus":"THREE_ENEMY_KILL","is_daily":false,"chose_seed":false,"campfire_upgraded":2,"win_rate":0.0,"timestamp":1607996553,"path_taken":["M","M","?","?","?","E","R","M","T","R","?","?","E","$","R","BOSS"],"items_purchased_type":["Relic","Relic","Card"],"build_version":"2020-12-13","purchased_purges":1,"victory":false,"max_hp_per_floor":[80,80,80,80,80,80,80,80,80,80,80,80,80,80,80,80,80],"card_choices":[{"not_picked":["Flex","Body Slam"],"picked":"Shrug It Off","floor":1.0},{"not_picked":["Bloodletting","Flex"],"picked":"Clothesline","floor":2.0},{"not_picked":["Anger","Headbutt"],"picked":"Perfected Strike","floor":6.0},{"not_picked":["Seeing Red","Thunderclap"],"picked":"Pummel","floor":8.0},{"not_picked":["Anger","Searing Blow"],"picked":"Dropkick","floor":12.0},{"not_picked":["Clash","Rampage"],"picked":"Corruption","floor":13.0}],"player_experience":179946,"relics_obtained":[{"floor":6.0,"key":"Pen Nib"},{"floor":9.0,"key":"Bag of Marbles"},{"floor":13.0,"key":"Orichalcum"}],"event_choices":[{"damage_healed":0.0,"max_hp_gain":0.0,"max_hp_loss":0.0,"gold_gain":175.0,"event_name":"Liars Game","player_choice":"AGREE","floor":3.0,"gold_loss":0.0,"damage_taken":0.0,"cards_obtained":["Doubt"]},{"damage_healed":0.0,"max_hp_gain":0.0,"max_hp_loss":0.0,"gold_gain":56.0,"event_name":"Golden Wing","player_choice":"Gained Gold","floor":4.0,"gold_loss":0.0,"damage_taken":0.0},{"damage_healed":0.0,"max_hp_gain":0.0,"max_hp_loss":0.0,"gold_gain":0.0,"event_name":"Golden Idol","player_choice":"Take Wound","floor":5.0,"gold_loss":0.0,"damage_taken":0.0,"relics_obtained":["Golden Idol"],"cards_obtained":["Injury"]},{"damage_healed":0.0,"max_hp_gain":0.0,"max_hp_loss":0.0,"gold_gain":275.0,"event_name":"Golden Shrine","player_choice":"Desecrate","floor":11.0,"gold_loss":0.0,"damage_taken":0.0,"cards_obtained":["Regret"]}],"is_beta":false,"boss_relics":[],"items_purged_floors":[14],"is_endless":false,"potions_floor_spawned":[2,13],"killed_by":"The Guardian","ascension_level":12}}