{"host":"ki5kvxn974a96omm","time":1607994947,"event":{"mods":["BaseMod","Better Altar","Better Match","Better Note","Better Sensory Stone","Better Skull","Colored Map","Colored Powertips","Highlight Path","Minty Spire (QoL Compilation)","Random Character Button","Relic Sorter","StSLib"],"gold_per_floor":[117,117,134,153,171,207,207,251,278,278,30,105,105,85,85,172,172,194,239,263,281,290,290,290,328,383,403,403,403,403],"floor_reached":29,"playtime":1145,"items_purged":[],"score":461,"play_id":"0b25e5be-62b1-4ad7-9d66-2dce1071b896","local_time":"20201214201547","is_ascension_mode":true,"campfire_choices":[{"data":"Neutralize","floor":7.0,"key":"SMITH"},{"data":"Calculated Gamble","floor":10.0,"key":"SMITH"},{"data":"Well Laid Plans","floor":15.0,"key":"SMITH"},{"data":"Deadly Poison","floor":23,"key":"SMITH"},{"data":"Catalyst","floor":28,"key":"SMITH"}],"circlet_count":0,"master_deck":["AscendersBane","Defend_G","Defend_G","Defend_G","Defend_G","Survivor","Neutralize+1","Infinite Blades","Backstab","Slice","Dagger Spray","Expertise","Calculated Gamble+1","Well Laid Plans+1","PiercingWail","Die Die Die","Terror","Bite","Bite","Bite","Bite","Deadly Poison+1","Catalyst+1","Forethought","Leg Sweep","Sucker Punch+1","Deadly Poison"],"relics":["Ring of the Snake","MealTicket","Ancient Tea Set","CeramicFish","Strawberry","ClockworkSouvenir","Velvet Choker","The Specimen"],"acts_visited":["Exordium","TheCity"],"potions_floor_usage":[20],"damage_taken":[{"damage":0.0,"enemies":"Small Slimes","floor":1.0,"turns":5.0},{"damage":2.0,"enemies":"Jaw Worm","floor":3.0,"turns":4.0},{"damage":0.0,"enemies":"2 Louse","floor":4.0,"turns":2.0},{"damage":0.0,"enemies":"2 Fungi Beasts","floor":5.0,"turns":4.0},{"damage":9.0,"enemies":"Gremlin Nob","floor":6.0,"turns":4.0},{"damage":25.0,"enemies":"3 Sentries","floor":8.0,"turns":6.0},{"damage":4.0,"enemies":"The Guardian","floor":16.0,"turns":14.0},{"damage":25.0,"enemies":"Shell Parasite","floor":18.0,"turns":6.0},{"damage":18,"enemies":"2 Thieves","floor":20,"turns":4},{"damage":36,"enemies":"Gremlin Leader","floor":25,"turns":6},{"damage":11,"enemies":"Snecko","floor":27,"turns":5},{"damage":35,"enemies":"Slavers","floor":29,"turns":2}],"seed_played":"-753554395543147694","potions_obtained":[{"floor":1.0,"key":"GamblersBrew"},{"floor":4.0,"key":"Fire Potion"},{"floor":8.0,"key":"FearPotion"},{"floor":14.0,"key":"BlessingOfTheForge"},{"floor":18.0,"key":"Regen Potion"}],"is_trial":false,"path_per_floor":["M","?","M","M","M","E","R","E","T","R","$","?","?","?","R","B",null,"M","?","M","?","?","R","?","E","T","M","R","E"],"character_chosen":"THE_SILENT","items_purchased":["ClockworkSouvenir","Well Laid Plans","PiercingWail"],"campfire_rested":0,"item_purchase_floors":[11,11,11],"current_hp_per_floor":[59,41,39,39,39,30,30,12,12,12,27,16,21,21,21,19,63,40,40,46,46,46,46,46,28,28,27,27,0,0],"gold":403,"neow_bonus":"RANDOM_COMMON_RELIC","is_daily":false,"chose_seed":false,"campfire_upgraded":5,"win_rate":0.0,"timestamp":1607994947,"path_taken":["M","?","M","M","M","E","R","E","T","R","$","?","?","?","R","BOSS","M","?","M","?","?","R","?","E","T","M","R","E"],"items_purchased_type":["Relic","Card","Card"],"build_version":"2020-12-13","purchased_purges":0,"victory":false,"max_hp_per_floor":[66,66,66,66,66,66,66,73,73,73,73,73,78,78,78,78,78,78,78,78,78,78,78,78,78,78,78,78,78,78],"card_choices":[{"not_picked":["Footwork","Dodge and Roll"],"picked":"Infinite Blades","floor":1.0},{"not_picked":["Sucker Punch","Concentrate"],"picked":"Backstab","floor":3.0},{"not_picked":["Outmaneuver","Calculated Gamble"],"picked":"Slice","floor":4.0},{"not_picked":["Outmaneuver","Finisher"],"picked":"Dagger Spray","floor":5.0},{"not_picked":["Backstab","Prepared"],"picked":"Expertise","floor":6.0},{"not_picked":["Outmaneuver","Prepared"],"picked":"Calculated Gamble","floor":8.0},{"not_picked":["A Thousand Cuts","Night Terror"],"picked":"Die Die Die","floor":16.0},{"not_picked":["Slice","PiercingWail+1"],"picked":"Terror","floor":18.0},{"not_picked":["Well Laid Plans","Quick Slash"],"picked":"Deadly Poison","floor":20},{"not_picked":["Setup","Endless Agony"],"picked":"Sucker Punch+1","floor":25},{"not_picked":["Endless Agony+1","Blade Dance"],"picked":"Deadly Poison","floor":27}],"player_experience":1610017,"relics_obtained":[{"floor":6.0,"key":"CeramicFish"},{"floor":8.0,"key":"Strawberry"},{"floor":9.0,"key":"Blood Vial"},{"floor":25,"key":"The Specimen"}],"event_choices":[{"damage_healed":0.0,"max_hp_gain":0.0,"max_hp_loss":0.0,"gold_gain":0.0,"event_name":"Scrap Ooze","player_choice":"Success","floor":2.0,"gold_loss":0.0,"damage_taken":18.0,"relics_obtained":["Ancient Tea Set"]},{"damage_healed":0.0,"max_hp_gain":0.0,"max_hp_loss":0.0,"gold_gain":75.0,"event_name":"World of Goop","player_choice":"Gather Gold","floor":12.0,"gold_loss":0.0,"damage_taken":11.0},{"damage_healed":0.0,"max_hp_gain":5.0,"max_hp_loss":0.0,"gold_gain":0.0,"event_name":"Big Fish","player_choice":"Donut","floor":13.0,"gold_loss":0.0,"damage_taken":0.0},{"damage_healed":0.0,"max_hp_gain":0.0,"max_hp_loss":0.0,"gold_gain":0.0,"event_name":"The Woman in Blue","player_choice":"Bought 1 Potion","floor":14.0,"gold_loss":0.0,"damage_taken":0.0},{"damage_healed":0.0,"max_hp_gain":0.0,"max_hp_loss":0.0,"gold_gain":0.0,"event_name":"Vampires","player_choice":"Became a vampire (Vial)","floor":19.0,"relics_lost":["Blood Vial"],"gold_loss":0.0,"damage_taken":0.0,"cards_obtained":["Bite","Bite","Bite","Bite","Bite"]},{"damage_healed":0,"gold_gain":0,"cards_transformed":["Defend_G","Bite"],"player_choice":"Became Test Subject","damage_taken":0,"max_hp_gain":0,"max_hp_loss":0,"event_name":"Drug Dealer","floor":21,"gold_loss":0,"cards_obtained":["Catalyst","Forethought"]},{"damage_healed":0,"gold_gain":0,"player_choice":"Read","damage_taken":0,"max_hp_gain":0,"max_hp_loss":0,"event_name":"The Library","floor":22,"gold_loss":0,"cards_obtained":["Leg Sweep"]},{"damage_healed":0,"gold_gain":0,"player_choice":"Ignored","damage_taken":0,"max_hp_gain":0,"max_hp_loss":0,"event_name":"Ghosts","floor":24,"gold_loss":0}],"is_beta":false,"boss_relics":[{"not_picked":["Calling Bell","Pandora\u0027s Box"],"picked":"Velvet Choker"}],"items_purged_floors":[],"is_endless":false,"potions_floor_spawned":[1,4,8,18],"killed_by":"Slavers","ascension_level":15}}