{"host":"bjzqjr1ycgj8gt55","time":1607998486,"event":{"mods":["BaseMod","Better Altar","Better Match","Better Sensory Stone","Better Skull","Better Third Choice","Better Vampires","Block Reminder","Colored Map","Colored Powertips","Downfall","GifTheSpireLib","Minty Spire (QoL Compilation)","Shop Mod","StSLib","Waifu the Spire"],"gold_per_floor":[99,274,293,306,317,331,377,393,393,422,433,433,433,443,462,462,462],"floor_reached":16,"playtime":594,"items_purged":[],"score":106,"play_id":"7f1fad98-0816-479b-bcb9-c642064a699e","local_time":"20201214201446","is_ascension_mode":false,"campfire_choices":[{"floor":1,"key":"RECALL"}],"circlet_count":0,"master_deck":["Guardian:Strike_Guardian","Guardian:Strike_Guardian","Guardian:Strike_Guardian","Guardian:Defend_Guardian","Guardian:Defend_Guardian","Guardian:Defend_Guardian","Guardian:Defend_Guardian","Guardian:CurlUp","Guardian:TwinSlam","Guardian:WalkerClaw","Guardian:SpikerProtocol","Guardian:PrimingBeam","Guardian:GuardianWhirl","Guardian:PrimingBeam","Guardian:RefractedBeam","Guardian:MultiBeam","expansioncontent:DecasProtection","Guardian:ShieldSpikes","Guardian:TemporalShield"],"relics":["Velvet Choker","Potion Belt"],"acts_visited":["Exordium"],"potions_floor_usage":[10,10,10,10,16,16],"damage_taken":[{"damage":8,"enemies":"Small Slimes","floor":3,"turns":4},{"damage":1,"enemies":"Jaw Worm","floor":4,"turns":4},{"damage":0,"enemies":"Cultist","floor":5,"turns":3},{"damage":7,"enemies":"Lots of Slimes","floor":6,"turns":3},{"damage":17,"enemies":"Exordium Wildlife","floor":8,"turns":4},{"damage":14,"enemies":"Lagavulin","floor":10,"turns":4},{"damage":2,"enemies":"3 Louse","floor":11,"turns":2},{"damage":9,"enemies":"Red Slaver","floor":14,"turns":4},{"damage":8,"enemies":"Large Slime","floor":15,"turns":6},{"damage":29,"enemies":"downfall:Ironclad","floor":16,"turns":6}],"seed_played":"8747794833885588513","potions_obtained":[{"floor":3,"key":"SpeedPotion"},{"floor":5,"key":"EntropicBrew"},{"floor":8,"key":"ColorlessPotion"},{"floor":14,"key":"SpeedPotion"}],"is_trial":false,"path_per_floor":["R","?","M","M","M","M","T","M","?","E","M","?","?","M","M","B"],"character_chosen":"GUARDIAN","items_purchased":[],"campfire_rested":0,"item_purchase_floors":[],"current_hp_per_floor":[80,80,72,71,71,64,64,47,47,33,31,31,31,22,14,0,0],"gold":462,"neow_bonus":"BOSS_RELIC","is_daily":false,"chose_seed":false,"campfire_upgraded":0,"win_rate":0.0,"timestamp":1607998486,"path_taken":["R","?","M","M","M","M","T","M","?","E","M","?","?","M","M","BOSS"],"items_purchased_type":[],"build_version":"2020-12-13","purchased_purges":0,"victory":false,"max_hp_per_floor":[80,80,80,80,80,80,80,80,80,80,80,80,80,80,80,80,80],"card_choices":[{"not_picked":["Guardian:Gem_Purple","Guardian:TemporalShield"],"picked":"Guardian:WalkerClaw","floor":3},{"not_picked":["Guardian:RollAttack","Guardian:PolyBeam"],"picked":"Guardian:SpikerProtocol","floor":4},{"not_picked":["Guardian:Planning","Guardian:RollAttack"],"picked":"Guardian:PrimingBeam","floor":5},{"not_picked":["Guardian:ChargeUp","Guardian:ArmoredProtocol"],"picked":"Guardian:GuardianWhirl","floor":6},{"not_picked":["Guardian:ChargeCore","Guardian:ConstructionForm"],"picked":"Guardian:PrimingBeam","floor":8},{"not_picked":["Guardian:Planning","Guardian:TemporalShield"],"picked":"Guardian:RefractedBeam","floor":10},{"not_picked":["Guardian:TemporalStrike","Guardian:RollAttack"],"picked":"Guardian:MultiBeam","floor":11},{"not_picked":["Violence","Metamorphosis"],"picked":"expansioncontent:DecasProtection","floor":12},{"not_picked":["Guardian:SpikerProtocol","Guardian:Reroute"],"picked":"Guardian:ShieldSpikes","floor":14},{"not_picked":["Guardian:Gem_Red","Guardian:Planning"],"picked":"Guardian:TemporalShield","floor":15}],"player_experience":91048,"relics_obtained":[{"floor":10,"key":"Potion Belt"}],"event_choices":[{"cards_removed":["Doubt"],"damage_healed":0,"gold_gain":0,"player_choice":"Card Removal","damage_taken":0,"max_hp_gain":0,"max_hp_loss":0,"event_name":"The Cleric","floor":9,"gold_loss":0},{"damage_healed":0,"gold_gain":1,"player_choice":"1","damage_taken":0,"max_hp_gain":0,"max_hp_loss":0,"event_name":"betterStone:BetterStone","floor":12,"gold_loss":0}],"is_beta":false,"boss_relics":[],"items_purged_floors":[],"is_endless":false,"potions_floor_spawned":[3,5,8,14],"killed_by":"downfall:Ironclad","ascension_level":0}}