{"host":"y76clbnovzmw9ubx","time":1607991389,"event":{"mods":["AchievementEnabler","BaseMod","Minty Spire (QoL Compilation)","Permanent Neow","Relic Stats"],"gold_per_floor":[112,130,142,162,235,235,265,277,289,301,332,379,401,9,9,80,80,93,104,115,129,158,158,158],"floor_reached":23,"playtime":1604,"items_purged":[],"score":410,"play_id":"925d7b02-1c72-420c-bf43-5c508d08eecf","local_time":"20201214191629","is_ascension_mode":true,"campfire_choices":[{"data":"Finisher","floor":6,"key":"SMITH"},{"data":"Deadly Poison","floor":8,"key":"SMITH"},{"data":"Skewer","floor":10,"key":"SMITH"},{"floor":15,"key":"REST"}],"circlet_count":0,"master_deck":["AscendersBane","Survivor","Neutralize","Dagger Spray","Finisher+1","Dash","Skewer+1","Deadly Poison+1","Cloak And Dagger","Cloak And Dagger","Cloak And Dagger","Caltrops","Leg Sweep","Night Terror","Catalyst","Skewer","Blur","Footwork","Crippling Poison","Die Die Die","Unload","Accuracy","Endless Agony","Accuracy","Footwork","Dodge and Roll"],"relics":["Ring of the Snake","MawBank","Pear","Thread and Needle","Vajra","Pandora\u0027s Box","Red Mask"],"acts_visited":["Exordium","TheCity"],"potions_floor_usage":[7,7,13,16,19,22,23],"damage_taken":[{"damage":1,"enemies":"2 Louse","floor":1,"turns":4},{"damage":1,"enemies":"Small Slimes","floor":2,"turns":4},{"damage":1,"enemies":"Jaw Worm","floor":3,"turns":4},{"damage":4,"enemies":"Blue Slaver","floor":4,"turns":5},{"damage":19,"enemies":"Gremlin Nob","floor":7,"turns":4},{"damage":0,"enemies":"2 Fungi Beasts","floor":11,"turns":2},{"damage":31,"enemies":"Lagavulin","floor":12,"turns":8},{"damage":1,"enemies":"Exordium Thugs","floor":13,"turns":4},{"damage":3,"enemies":"The Guardian","floor":16,"turns":10},{"damage":6,"enemies":"Chosen","floor":18,"turns":4},{"damage":0,"enemies":"3 Byrds","floor":19,"turns":3},{"damage":12,"enemies":"Snake Plant","floor":20,"turns":4},{"damage":30,"enemies":"Shelled Parasite and Fungi","floor":21,"turns":7},{"damage":0,"enemies":"Masked Bandits","floor":22,"turns":1},{"damage":19,"enemies":"Book of Stabbing","floor":23,"turns":4}],"seed_played":"1814354658208899495","potions_obtained":[{"floor":2,"key":"Weak Potion"},{"floor":4,"key":"SneckoOil"},{"floor":12,"key":"Energy Potion"},{"floor":18,"key":"DistilledChaos"},{"floor":21,"key":"LiquidMemories"},{"floor":22,"key":"Dexterity Potion"}],"is_trial":false,"path_per_floor":["M","M","M","M","?","R","E","R","T","R","M","E","M","$","R","B",null,"M","M","M","M","?","E"],"character_chosen":"THE_SILENT","items_purchased":["Vajra","Caltrops","Leg Sweep","CunningPotion"],"campfire_rested":1,"item_purchase_floors":[14,14,14,14],"current_hp_per_floor":[58,57,56,52,52,52,33,33,43,43,43,12,11,11,33,30,65,59,59,47,17,17,0,0],"gold":158,"neow_bonus":"REMOVE_CARD","is_daily":false,"chose_seed":false,"campfire_upgraded":3,"win_rate":0.0,"timestamp":1607991389,"path_taken":["M","M","M","M","?","R","E","R","T","R","M","E","M","$","R","BOSS","M","M","M","M","?","E"],"items_purchased_type":["Relic","Card","Card","Potion"],"build_version":"2020-12-13","purchased_purges":0,"victory":false,"max_hp_per_floor":[66,66,66,66,66,66,66,66,76,76,76,76,76,76,76,76,76,76,76,76,76,76,76,76],"relic_stats":{"counters":[15,68],"Pandora\u0027s Box":["Catalyst","Skewer","Blur","Footwork","Crippling Poison","Die Die Die","Unload","Accuracy","Endless Agony"],"MawBank":84,"obtain_stats":[{"Pear":9,"Vajra":14,"Thread and Needle":12,"Pandora\u0027s Box":17,"Red Mask":22,"MawBank":7,"Ring of the Snake":0},{"Pear":5,"Vajra":8,"Thread and Needle":7,"Pandora\u0027s Box":9,"Red Mask":14,"MawBank":5,"Ring of the Snake":0},{"Pear":21,"Vajra":35,"Thread and Needle":31,"Pandora\u0027s Box":45,"Red Mask":64,"MawBank":21,"Ring of the Snake":0}],"Ring of the Snake":[32]},"card_choices":[{"not_picked":["Deflect","Sucker Punch"],"picked":"Dagger Spray","floor":1},{"not_picked":["Quick Slash","Sucker Punch"],"picked":"Finisher","floor":2},{"not_picked":["Concentrate","Tools of the Trade"],"picked":"Dash","floor":3},{"not_picked":["Eviscerate","Outmaneuver"],"picked":"Skewer","floor":4},{"not_picked":["Accuracy","Escape Plan"],"picked":"Deadly Poison","floor":7},{"not_picked":["Choke","Flying Knee"],"picked":"Cloak And Dagger","floor":11},{"not_picked":["Predator","Underhanded Strike"],"picked":"Cloak And Dagger","floor":12},{"not_picked":["Sucker Punch","Deflect"],"picked":"Cloak And Dagger","floor":13},{"not_picked":["Venomology","Burst"],"picked":"Night Terror","floor":16},{"not_picked":["PiercingWail","Cloak And Dagger"],"picked":"Accuracy","floor":18},{"not_picked":["Prepared","Endless Agony","Acrobatics"],"picked":"SKIP","floor":19},{"not_picked":["Cloak And Dagger","Well Laid Plans"],"picked":"Footwork","floor":20},{"not_picked":["Riddle With Holes","Outmaneuver","Prepared"],"picked":"SKIP","floor":21},{"not_picked":["Tactician","Riddle With Holes"],"picked":"Dodge and Roll","floor":22}],"player_experience":2864711,"relics_obtained":[{"floor":7,"key":"MawBank"},{"floor":9,"key":"Pear"},{"floor":12,"key":"Thread and Needle"},{"floor":22,"key":"Red Mask"}],"event_choices":[{"damage_healed":0,"gold_gain":73,"player_choice":"Gained Gold","damage_taken":0,"max_hp_gain":0,"max_hp_loss":0,"event_name":"Golden Wing","floor":5,"gold_loss":0},{"damage_healed":0,"gold_gain":0,"player_choice":"Fought Bandits","damage_taken":0,"max_hp_gain":0,"max_hp_loss":0,"event_name":"Masked Bandits","floor":22,"gold_loss":0}],"is_beta":false,"boss_relics":[{"not_picked":["Fusion Hammer","Snecko Eye"],"picked":"Pandora\u0027s Box"}],"items_purged_floors":[],"is_endless":false,"potions_floor_spawned":[2,4,12,18,21,22],"killed_by":"Book of Stabbing","ascension_level":20}}