{"host":"512s0dw15c3jqxy4","time":1607998677,"event":{"mods":["BaseMod","Colored Powertips","Highlight Path","Minty Spire (QoL Compilation)","Quick Restart","Relic Stats"],"gold_per_floor":[109,127,77,92,92,117,117,147,147,166,178,252,277,302,302,399,399,409,420,435,435,215,215,215,215],"floor_reached":24,"playtime":1575,"items_purged":["Strike_B"],"score":248,"play_id":"5790e244-a9fc-462f-82cc-31d21eecd721","local_time":"20201214161757","is_ascension_mode":true,"campfire_choices":[{"data":"Streamline","floor":7,"key":"SMITH"},{"data":"Darkness","floor":15,"key":"SMITH"},{"floor":23,"key":"REST"}],"circlet_count":0,"master_deck":["Strike_B","Defend_B","Defend_B","Defend_B","Defend_B","Zap","Dualcast","Streamline+1","Hologram","Glacier","Ball Lightning","Darkness+1","Capacitor","Recycle+1","Creative AI","Force Field+1","Hologram+1","Heatsinks","Consume+1"],"relics":["Nuclear Battery","Singing Bowl","Symbiotic Virus","Toxic Egg 2","Blue Candle","Ancient Tea Set","Happy Flower","Black Star"],"acts_visited":["Exordium","TheCity"],"potions_floor_usage":[20],"damage_taken":[{"damage":3,"enemies":"2 Louse","floor":1,"turns":3},{"damage":4,"enemies":"Small Slimes","floor":2,"turns":3},{"damage":2,"enemies":"Jaw Worm","floor":4,"turns":2},{"damage":14,"enemies":"Gremlin Nob","floor":6,"turns":5},{"damage":1,"enemies":"Lagavulin","floor":8,"turns":5},{"damage":0,"enemies":"Looter","floor":10,"turns":2},{"damage":4,"enemies":"Exordium Thugs","floor":11,"turns":5},{"damage":21,"enemies":"Gremlin Nob","floor":13,"turns":5},{"damage":9,"enemies":"Hexaghost","floor":16,"turns":8},{"damage":12,"enemies":"Spheric Guardian","floor":18,"turns":4},{"damage":11,"enemies":"Chosen","floor":19,"turns":6},{"damage":47,"enemies":"3 Cultists","floor":20,"turns":7},{"damage":35,"enemies":"Gremlin Leader","floor":24,"turns":5}],"seed_played":"3241521513340780977","potions_obtained":[{"floor":8,"key":"SkillPotion"},{"floor":10,"key":"Fire Potion"},{"floor":11,"key":"SteroidPotion"},{"floor":16,"key":"SpeedPotion"},{"floor":19,"key":"FocusPotion"},{"floor":20,"key":"PotionOfCapacity"}],"is_trial":false,"path_per_floor":["M","M","?","M","?","E","R","E","T","M","M","T","E","T","R","B",null,"M","M","M","?","$","R","E"],"character_chosen":"DEFECT","items_purchased":["Heatsinks","Consume+1"],"campfire_rested":1,"item_purchase_floors":[22,22],"current_hp_per_floor":[72,68,68,66,59,45,45,44,44,44,40,40,19,19,19,10,75,63,52,7,7,7,30,0,0],"gold":215,"neow_bonus":"BOSS_RELIC","is_daily":false,"chose_seed":false,"campfire_upgraded":2,"win_rate":0.0,"timestamp":1607998677,"path_taken":["M","M","?","M","?","E","R","E","T","M","M","?","E","?","R","BOSS","M","M","M","?","?","R","E"],"items_purchased_type":["Card","Card"],"build_version":"2020-12-13","purchased_purges":1,"victory":false,"max_hp_per_floor":[75,75,75,75,75,75,75,75,75,75,75,75,75,75,75,75,75,75,75,77,77,77,77,77,77],"relic_stats":{"Singing Bowl":2,"Happy Flower":[10],"counters":[13,60],"Blue Candle":[0],"Black Star":0,"obtain_stats":[{"Singing Bowl":6,"Happy Flower":14,"Blue Candle":12,"Black Star":17,"Toxic Egg 2":9,"Cracked Core":0,"Symbiotic Virus":8,"Ancient Tea Set":13,"Nuclear Battery":0},{"Singing Bowl":4,"Happy Flower":8,"Blue Candle":7,"Black Star":9,"Toxic Egg 2":5,"Cracked Core":0,"Symbiotic Virus":5,"Ancient Tea Set":8,"Nuclear Battery":0},{"Singing Bowl":13,"Happy Flower":30,"Blue Candle":25,"Black Star":38,"Toxic Egg 2":18,"Cracked Core":0,"Symbiotic Virus":18,"Ancient Tea Set":30,"Nuclear Battery":0}]},"card_choices":[{"not_picked":["Stack","FTL"],"picked":"Streamline","floor":1},{"not_picked":["Streamline","Compile Driver"],"picked":"Hologram","floor":2},{"not_picked":["Barrage","Biased Cognition"],"picked":"Glacier","floor":4},{"not_picked":["Reinforced Body","Coolheaded"],"picked":"Ball Lightning","floor":6},{"not_picked":["Turbo","Cold Snap"],"picked":"Darkness","floor":8},{"not_picked":["Conserve Battery+1","Rebound"],"picked":"Capacitor","floor":10},{"not_picked":["Turbo+1","Sunder"],"picked":"Recycle+1","floor":11},{"not_picked":["Redo+1","Lockon"],"picked":"Recycle+1","floor":13},{"not_picked":["Amplify+1","Rainbow+1"],"picked":"Creative AI","floor":16},{"not_picked":["Turbo+1","Gash+1"],"picked":"Force Field+1","floor":18},{"not_picked":["Sweeping Beam+1","Streamline+1"],"picked":"Hologram+1","floor":19},{"not_picked":["Turbo+1","Hello World","Tempest+1"],"picked":"Singing Bowl","floor":20}],"player_experience":202627,"relics_obtained":[{"floor":6,"key":"Singing Bowl"},{"floor":8,"key":"Symbiotic Virus"},{"floor":9,"key":"Toxic Egg 2"},{"floor":12,"key":"Blue Candle"},{"floor":13,"key":"Ancient Tea Set"},{"floor":14,"key":"Happy Flower"}],"event_choices":[{"cards_removed":["Strike_B"],"damage_healed":0,"gold_gain":0,"player_choice":"Card Removal","damage_taken":0,"max_hp_gain":0,"max_hp_loss":0,"event_name":"The Cleric","floor":3,"gold_loss":50},{"cards_removed":["Strike_B"],"damage_healed":0,"gold_gain":0,"player_choice":"Card Removal","damage_taken":7,"max_hp_gain":0,"max_hp_loss":0,"event_name":"Golden Wing","floor":5,"gold_loss":0},{"cards_removed":["Recycle"],"damage_healed":0,"gold_gain":0,"player_choice":"Purged","damage_taken":0,"max_hp_gain":0,"max_hp_loss":0,"event_name":"Purifier","floor":21,"gold_loss":0}],"is_beta":false,"boss_relics":[{"not_picked":["Fusion Hammer","Velvet Choker"],"picked":"Black Star"}],"items_purged_floors":[22],"is_endless":false,"potions_floor_spawned":[8,10,11,16,19,20],"killed_by":"Gremlin Leader","ascension_level":3}}