{"host":"wxm9nhpxzwflah6x","time":1607994293,"event":{"mods":["2.2 Compatiblity","AchievementEnabler","BaseMod","Minty Spire (QoL Compilation)","Quick Restart","Rare Cards Sparkle","Replay The Spire","StSLib"],"gold_per_floor":[114,114,129,129,129,129,159,159,159,161,161,176,26,41,41,141,141,156,156,96,96,111,111,111,126,126,141,156,156,171,201,262,362,412,427,477,492,492,507,537,537,537,537,590,105,120,138,138,138,138],"floor_reached":51,"playtime":1614,"items_purged":[],"score":1293,"play_id":"5059773d-e02a-4da8-bbaa-429820524fd3","local_time":"20201214170453","daily_mods":["Allstar","Hoarder","Night Terrors"],"is_ascension_mode":false,"campfire_choices":[{"data":"Dramatic Entrance","floor":6.0,"key":"SMITH"},{"floor":8.0,"key":"REST"},{"data":"Dramatic Entrance","floor":11.0,"key":"SMITH"},{"data":"Mind Blast","floor":15.0,"key":"SMITH"},{"data":"Mind Blast","floor":23.0,"key":"SMITH"},{"data":"Mind Blast","floor":29.0,"key":"SMITH"},{"floor":42.0,"key":"DIG"},{"floor":49.0,"key":"REST"}],"circlet_count":1,"master_deck":["Strike_B","Strike_B+1","Strike_B","Defend_B","Defend_B","Zap","Dualcast","Mind Blast+1","Mind Blast+1","Mind Blast+1","Dramatic Entrance+1","Dramatic Entrance+1","Dramatic Entrance+1","Trip","Trip","Trip","Jack Of All Trades","Jack Of All Trades","Jack Of All Trades","Replay:Bootleg Shield Generator","Replay:Bootleg Shield Generator","Replay:Bootleg Shield Generator","Aggregate","Aggregate","Aggregate","Defragment","Defragment","Defragment","Cold Snap","Cold Snap","Cold Snap","Ball Lightning","Ball Lightning","Ball Lightning+1","Gash+1","Gash+1","Gash+1","Core Surge","Core Surge","Core Surge","Amnesia","Amnesia","Amnesia","Languid","Languid","Languid","Hallucinations","Hallucinations","Hallucinations","White Noise","White Noise","White Noise+1","ReplayTheSpireMod:GoodbyeWorld","ReplayTheSpireMod:GoodbyeWorld","ReplayTheSpireMod:GoodbyeWorld","FIFO Queue","FIFO Queue","FIFO Queue","CommonCold","CommonCold","CommonCold","Gash+1","Gash+1","Gash+1","Reboot","Reboot","Reboot","Go for the Eyes","Go for the Eyes+1","Go for the Eyes","Chaos","Chaos","Chaos","Rainbow","Rainbow","Rainbow","Gash+1","Gash+1","Gash+1","Buffer","Buffer","Buffer","Gash+1","Gash+1","Gash+1","ReplayGash","ReplayGash","ReplayGash","Pot Of Greed","Pot Of Greed","Pot Of Greed","Pot Of Greed","Pot Of Greed","Pot Of Greed","Pot Of Greed","Pot Of Greed","Pot Of Greed","Pot Of Greed","Pot Of Greed","Pot Of Greed","Pot Of Greed","Pot Of Greed","Pot Of Greed","Pot Of Greed","Pot Of Greed","Pot Of Greed","Pot Of Greed","Pot Of Greed","Pot Of Greed","Pot Of Greed","Pot Of Greed","Pot Of Greed","Loop+1","Loop+1","Loop+1"],"relics":["Cracked Core","Prayer Wheel","StrikeDummy","Replay:Bottled Flurry","Odd Mushroom","Bronze Scales","Replay:Ancient Bell","Potion Belt","Singing Bowl","Cables","Replay:Bottled Eggs","Whetstone","Circlet","Tiny House","Replay:Multitool","Garlic","Geode","Gremlin Horn","Grinning Jar","Juzu Bracelet","Pondfish Scales"],"acts_visited":["Exordium","TheCity","TheBeyond"],"potions_floor_usage":[50,50,50,50,50,50,50,50,50,50,50,50],"damage_taken":[{"damage":0.0,"enemies":"Small Slimes","floor":1.0,"turns":1.0},{"damage":0.0,"enemies":"Jaw Worm","floor":3.0,"turns":1.0},{"damage":28.0,"enemies":"Lagavulin","floor":7.0,"turns":5.0},{"damage":0.0,"enemies":"The Mushroom Lair","floor":10.0,"turns":1.0},{"damage":0.0,"enemies":"2 Louse","floor":12.0,"turns":1.0},{"damage":0.0,"enemies":"Large Slime","floor":14.0,"turns":1.0},{"damage":36.0,"enemies":"Hexaghost","floor":16.0,"turns":6.0},{"damage":0.0,"enemies":"Spheric Guardian","floor":18.0,"turns":1.0},{"damage":0.0,"enemies":"Shell Parasite","floor":22.0,"turns":1.0},{"damage":0.0,"enemies":"Centurion and Healer","floor":25.0,"turns":1.0},{"damage":0.0,"enemies":"Snake Plant","floor":27.0,"turns":1.0},{"damage":0.0,"enemies":"3 Cultists","floor":28.0,"turns":2.0},{"damage":0.0,"enemies":"Sentry and Sphere","floor":30.0,"turns":1.0},{"damage":0.0,"enemies":"Slavers","floor":31.0,"turns":1.0},{"damage":23.0,"enemies":"Pondfish","floor":33.0,"turns":6.0},{"damage":0.0,"enemies":"3 Darklings","floor":35.0,"turns":1.0},{"damage":3.0,"enemies":"Mind Bloom Boss Battle","floor":36.0,"turns":2.0},{"damage":12.0,"enemies":"3 Shapes","floor":37.0,"turns":1.0},{"damage":0.0,"enemies":"Maw","floor":39.0,"turns":2.0},{"damage":0.0,"enemies":"Nemesis","floor":40.0,"turns":1.0},{"damage":0.0,"enemies":"Writhing Mass","floor":46.0,"turns":1.0},{"damage":0.0,"enemies":"2 Orb Walkers","floor":47.0,"turns":1.0},{"damage":0,"enemies":"Donu and Deca","floor":50,"turns":4}],"seed_played":"8833210206598683822","potions_obtained":[{"floor":3.0,"key":"Explosive Potion"},{"floor":7.0,"key":"PowerPotion"},{"floor":12.0,"key":"Elixir"},{"floor":22.0,"key":"SmokeBomb"},{"floor":28.0,"key":"LiquidBronze"},{"floor":30.0,"key":"Strength Potion"},{"floor":33.0,"key":"PowerPotion"},{"floor":34.0,"key":"FocusPotion"},{"floor":37.0,"key":"SpeedPotion"},{"floor":38.0,"key":"EntropicBrew"},{"floor":38.0,"key":"EntropicBrew"},{"floor":39.0,"key":"FearPotion"},{"floor":47.0,"key":"Languid Potion"}],"is_trial":false,"path_per_floor":["M","?","M","?","?","R","E","R","T","?","R","M","$","M","R","B",null,"M","?","?","?","M","R","?","M","T","M","M","R","M","E","R","B",null,"M","?","M","?","M","E","?","R","T","R","$","M","?","?","R","B",null],"character_chosen":"DEFECT","items_purchased":["Bronze Scales","Gash","ReplayGash","Grinning Jar","Juzu Bracelet","Loop+1"],"campfire_rested":2,"item_purchase_floors":[13,45,45,45,45,45],"current_hp_per_floor":[75,80,80,80,80,80,52,75,75,75,75,75,75,75,75,39,75,77,77,77,77,81,81,81,83,83,87,89,89,91,91,91,74,98,102,99,91,91,93,95,95,95,95,95,95,99,101,101,111,111],"gold":138,"neow_bonus":"","is_daily":true,"chose_seed":false,"campfire_upgraded":5,"win_rate":0.0,"timestamp":1607994293,"path_taken":["M","?","M","?","?","R","E","R","T","?","R","M","$","M","R","BOSS","M","?","?","?","M","R","?","M","T","M","M","R","?","E","R","BOSS","M","?","M","?","?","E","?","R","T","R","?","M","?","?","R","BOSS"],"items_purchased_type":["Relic","Card","Card","Relic","Relic","Card"],"build_version":"2020-12-13","purchased_purges":0,"victory":true,"max_hp_per_floor":[75,80,80,80,80,80,80,75,75,75,75,75,75,75,75,75,75,77,77,77,77,81,81,81,83,83,87,89,89,91,91,91,91,98,102,102,106,106,108,110,110,110,110,110,110,114,116,116,111,111],"card_choices":[{"not_picked":["Rebound","Turbo"],"picked":"Aggregate","floor":1.0},{"not_picked":["Sweeping Beam","BasicCrystalCard"],"picked":"Defragment","floor":3.0},{"not_picked":["Sweeping Beam","ReplaySort"],"picked":"Cold Snap","floor":7.0},{"not_picked":["Redo","Hologram"],"picked":"Ball Lightning","floor":10.0},{"not_picked":["Consume","Stack"],"picked":"Gash","floor":12.0},{"not_picked":["Crystallizer","Hologram","Hyperbeam"],"picked":"SKIP","floor":12.0},{"not_picked":["Panic Button","Stack","Compile Driver"],"picked":"SKIP","floor":14.0},{"not_picked":["Beam Cell","BasicCrystalCard","Skim"],"picked":"SKIP","floor":14.0},{"not_picked":["Amplify","ReplayRNGCard"],"picked":"Core Surge","floor":16.0},{"not_picked":["Looming Evil","Hallucinations"],"picked":"Amnesia","floor":17.0},{"not_picked":["Looming Evil","Voices"],"picked":"Languid","floor":17.0},{"not_picked":["Overencumbered","AbeCurse"],"picked":"Hallucinations","floor":17.0},{"not_picked":["BasicCrystalCard+1","Scrape","Glacier+1"],"picked":"Singing Bowl","floor":18.0},{"not_picked":["Stack","Beam Cell"],"picked":"White Noise","floor":18.0},{"not_picked":["Stack","Barrage","Amplify"],"picked":"Singing Bowl","floor":22.0},{"not_picked":["Blizzard","Hello World","Coolheaded"],"picked":"Singing Bowl","floor":22.0},{"not_picked":["Turbo+1","Undo","Panic Button"],"picked":"Singing Bowl","floor":25.0},{"not_picked":["Recycle+1","Cold Snap"],"picked":"Gash+1","floor":25.0},{"not_picked":["Conserve Battery","Turbo+1","Barrage"],"picked":"Singing Bowl","floor":27.0},{"not_picked":["Scrape","Aggregate","Recycle"],"picked":"Singing Bowl","floor":27.0},{"not_picked":["Barrage+1","Beam Cell","Hello World"],"picked":"Singing Bowl","floor":28.0},{"not_picked":["ReplayTheSpireMod:System Scan+1","Recycle"],"picked":"Reboot","floor":28.0},{"not_picked":["Sunder","Rebound","Conserve Battery"],"picked":"Singing Bowl","floor":30.0},{"not_picked":["Sweeping Beam+1","Leap"],"picked":"Go for the Eyes","floor":30.0},{"not_picked":["ReplayTheSpireMod:Reroute Power","Panic Button"],"picked":"Chaos","floor":31.0},{"not_picked":["Biased Cognition","ReplayTheSpireMod:Omega Cannon"],"picked":"Rainbow","floor":33.0},{"not_picked":["Sweeping Beam+1","Compile Driver","Darkness"],"picked":"Singing Bowl","floor":34.0},{"not_picked":["Redo+1","Steam Power","Turbo"],"picked":"Singing Bowl","floor":35.0},{"not_picked":["Steam+1","Conserve Battery","Reinforced Body"],"picked":"Singing Bowl","floor":35.0},{"not_picked":["Conserve Battery+1","Glacier"],"picked":"Gash+1","floor":36.0},{"not_picked":["Leap","Barrage","Skim"],"picked":"Singing Bowl","floor":37.0},{"not_picked":["Doom and Gloom","BasicCrystalCard","FTL"],"picked":"Singing Bowl","floor":37.0},{"not_picked":["White Noise+1","Coolheaded+1","Sweeping Beam+1"],"picked":"Singing Bowl","floor":39.0},{"not_picked":["Ball Lightning+1","Cold Snap+1"],"picked":"Buffer","floor":39.0},{"not_picked":["ReplayTheSpireMod:GoodbyeWorld","Melter+1","Sweeping Beam+1"],"picked":"Singing Bowl","floor":40.0},{"not_picked":["Go for the Eyes","Defragment","Beam Cell+1"],"picked":"Singing Bowl","floor":46.0},{"not_picked":["Redo","Ball Lightning+1","Beam Cell+1"],"picked":"Singing Bowl","floor":46.0},{"not_picked":["Force Field+1","Scrape","Darkness"],"picked":"Singing Bowl","floor":47.0}],"player_experience":208621,"relics_obtained":[{"floor":7.0,"key":"StrikeDummy"},{"floor":9.0,"key":"Replay:Bottled Flurry"},{"floor":10.0,"key":"Odd Mushroom"},{"floor":26.0,"key":"Replay:Bottled Eggs"},{"floor":31.0,"key":"Whetstone"},{"floor":36.0,"key":"Replay:Multitool"},{"floor":40.0,"key":"Garlic"},{"floor":42.0,"key":"Geode"},{"floor":43.0,"key":"Gremlin Horn"},{"floor":47.0,"key":"Pondfish Scales"}],"event_choices":[{"damage_healed":0.0,"max_hp_gain":5.0,"max_hp_loss":0.0,"gold_gain":0.0,"event_name":"Big Fish","player_choice":"Donut","floor":2.0,"gold_loss":0.0,"damage_taken":0.0},{"damage_healed":0.0,"max_hp_gain":0.0,"max_hp_loss":0.0,"gold_gain":0.0,"event_name":"The Cleric","player_choice":"Leave","floor":4.0,"gold_loss":0.0,"damage_taken":0.0},{"damage_healed":0.0,"max_hp_gain":0.0,"max_hp_loss":0.0,"gold_gain":0.0,"event_name":"Living Wall","player_choice":"Grow","floor":5.0,"gold_loss":0.0,"damage_taken":0.0,"cards_upgraded":["Dramatic Entrance"]},{"damage_healed":0.0,"max_hp_gain":0.0,"max_hp_loss":0.0,"gold_gain":0.0,"event_name":"Mushrooms","player_choice":"Fought Mushrooms","floor":10.0,"gold_loss":0.0,"damage_taken":0.0},{"damage_healed":0.0,"max_hp_gain":0.0,"max_hp_loss":0.0,"gold_gain":0.0,"event_name":"Ghosts","player_choice":"Ignored","floor":19.0,"gold_loss":0.0,"damage_taken":0.0},{"damage_healed":0.0,"max_hp_gain":0.0,"max_hp_loss":0.0,"gold_gain":0.0,"cards_transformed":["Defend_B","Defend_B"],"event_name":"Drug Dealer","player_choice":"Became Test Subject","floor":21.0,"gold_loss":0.0,"damage_taken":0.0,"cards_obtained":["ReplayTheSpireMod:GoodbyeWorld","FIFO Queue"]},{"damage_healed":0.0,"max_hp_gain":0.0,"max_hp_loss":0.0,"gold_gain":0.0,"event_name":"MindBloom","player_choice":"Fight","floor":36.0,"gold_loss":0.0,"damage_taken":0.0},{"damage_healed":0.0,"max_hp_gain":0.0,"max_hp_loss":0.0,"gold_gain":0.0,"event_name":"Lab","player_choice":"Got Potions","floor":38.0,"gold_loss":0.0,"damage_taken":0.0},{"cards_removed":["Strike_B"],"damage_healed":0.0,"max_hp_gain":0.0,"max_hp_loss":0.0,"gold_gain":0.0,"event_name":"Falling","player_choice":"Removed Attack","floor":41.0,"gold_loss":0.0,"damage_taken":0.0},{"damage_healed":0.0,"max_hp_gain":0.0,"max_hp_loss":0.0,"gold_gain":0.0,"event_name":"Mysterious Sphere","player_choice":"Fight","floor":47.0,"gold_loss":0.0,"damage_taken":0.0},{"damage_healed":0.0,"max_hp_gain":0.0,"max_hp_loss":0.0,"gold_gain":0.0,"event_name":"Upgrade Shrine","player_choice":"Upgraded","floor":48.0,"gold_loss":0.0,"damage_taken":0.0,"cards_upgraded":["White Noise"]}],"is_beta":false,"boss_relics":[{"not_picked":["Replay:Bronze Core","Black Star"],"picked":"Replay:Ancient Bell"},{"not_picked":["Lantern","Orichalcum"],"picked":"Potion Belt"},{"not_picked":["Meat on the Bone","Chameleon Ring"],"picked":"Singing Bowl"},{"not_picked":["Pocketwatch","TungstenRod"],"picked":"Dead Branch"},{"not_picked":["FrozenCore","Cursed Key"],"picked":"Tiny House"}],"items_purged_floors":[],"is_endless":false,"potions_floor_spawned":[3,7,12,22,28,30,33,37,39,47],"ascension_level":0}}