{"host":"7skpg3w6spfq7de9","time":1607997006,"event":{"mods":["AchievementEnabler","BaseMod","Bestiary","Better Third Choice","Block Reminder","Colored Powertips","DeckTracker","Downfall","Duelist Mod","Highlight Path","JesterMod","Marisa????????","Minty Spire (QoL Compilation)","Permanent Neow","Relic Stats","StSLib","The Blue Laboratory","The Bug Knight","The Necromancer"],"gold_per_floor":[99,99,128,143,162,190,241,258,258,291,291,200,211,221,239,335,335,335,251,282,89,107,120,120,134,151,183,183,42,56,156,173,272,272,197,262,292,304,320,333,333,344,344,378,378,391,405,416,432,432],"floor_reached":51,"playtime":4603,"items_purged":["Thousand_Bone_Knives","Death_March_Dance+1"],"score":800,"play_id":"3be7a2e0-23ad-44e6-a36b-2bbac458d795","local_time":"20201214175006","is_ascension_mode":false,"campfire_choices":[{"data":"Bone_Wall","floor":1.0,"key":"SMITH"},{"data":"Summon_Death_Knight","floor":9.0,"key":"SMITH"},{"data":"Summon_Vampire_Lady","floor":18.0,"key":"SMITH"},{"data":"Summon_Death_Knight","floor":35.0,"key":"SMITH"},{"floor":43.0,"key":"RECALL"}],"circlet_count":0,"master_deck":["Strike_W+1","Strike_W","Strike_W","Defend_W","Defend_W","Defend_W","Defend_W","Negative_Energy_Arrows+1","Bone_Wall+1","Bone_Bullets","Bone_Bullets","Summon_Death_Knight+1","Bone_Armor","Bone_Armory","Bones_to_Steel","Summon_Vampire_Lady+1","Summon_Undead_Army","Life_Drain+1","Summon_Lich","Slay_Living+1","Negative_Energy_Javelin+1","Bone_Armor","Spectral_Armor","Summon_Death_Knight+1","Bone_Bullets+1","RitualDagger+1","Grasp_Heart+1","Whirlwind_of_Bones+1","expansioncontent:DashGenerateEvil+1","Bone_Armor+1","Negative_Energy_Burst+1","Negative_Energy_Shield+1","Hellfire+1","jesterMod:Defend+1","Vampiric_Strike+1","Bone_Prison","Negative_Energy_Sphere+1"],"relics":["Vampire_Amulet","Whetstone","Bag of Preparation","Blood Vial","MealTicket","Anchor","Sozu","Molten Egg 2","CaptainsWheel","Velvet Choker","downfall:HeartBlessingGreen","Bird Faced Urn","Ornamental Fan","Mummified Hand"],"acts_visited":[],"potions_floor_usage":[],"damage_taken":[{"damage":25.0,"enemies":"Gremlin Nob","floor":3.0,"turns":5.0},{"damage":0.0,"enemies":"Cultist","floor":4.0,"turns":4.0},{"damage":0.0,"enemies":"2 Louse","floor":5.0,"turns":2.0},{"damage":30.0,"enemies":"Lagavulin","floor":6.0,"turns":8.0},{"damage":1.0,"enemies":"Jaw Worm","floor":8.0,"turns":5.0},{"damage":15.0,"enemies":"3 Sentries","floor":10.0,"turns":8.0},{"damage":0.0,"enemies":"downfall:FleeingMerchant","floor":12.0,"turns":4.0},{"damage":1.0,"enemies":"Gremlin Gang","floor":13.0,"turns":5.0},{"damage":0.0,"enemies":"2 Fungi Beasts","floor":14.0,"turns":4.0},{"damage":2.0,"enemies":"Red Slaver","floor":15.0,"turns":4.0},{"damage":81.0,"enemies":"downfall:CharBossDefect","floor":16.0,"turns":17.0},{"damage":0.0,"enemies":"downfall:FleeingMerchant","floor":19.0,"turns":4.0},{"damage":12.0,"enemies":"theDuelist:KaibaA2","floor":20.0,"turns":7.0},{"damage":0.0,"enemies":"downfall:FleeingMerchant","floor":21.0,"turns":4.0},{"damage":3.0,"enemies":"Shell Parasite","floor":22.0,"turns":5.0},{"damage":9.0,"enemies":"Chosen and Byrds","floor":23.0,"turns":6.0},{"damage":0.0,"enemies":"Snake Plant","floor":25.0,"turns":5.0},{"damage":31.0,"enemies":"3 Cultists","floor":26.0,"turns":5.0},{"damage":60.0,"enemies":"Slavers","floor":27.0,"turns":6.0},{"damage":0.0,"enemies":"downfall:FleeingMerchant","floor":29.0,"turns":4.0},{"damage":18.0,"enemies":"Centurion and Healer","floor":30.0,"turns":7.0},{"damage":15.0,"enemies":"Sentry and Sphere","floor":32.0,"turns":6.0},{"damage":12.0,"enemies":"downfall:CharBossWatcher","floor":33.0,"turns":9.0},{"damage":0.0,"enemies":"downfall:FleeingMerchant","floor":36.0,"turns":1.0},{"damage":27.0,"enemies":"Reptomancer","floor":37.0,"turns":6.0},{"damage":0.0,"enemies":"Orb Walker","floor":38.0,"turns":4.0},{"damage":7.0,"enemies":"3 Darklings","floor":39.0,"turns":5.0},{"damage":28.0,"enemies":"4 Shapes","floor":40.0,"turns":4.0},{"damage":6.0,"enemies":"Maw","floor":42.0,"turns":8.0},{"damage":36.0,"enemies":"Giant Head","floor":44.0,"turns":8.0},{"damage":4,"enemies":"Sphere and 2 Shapes","floor":46,"turns":4},{"damage":0,"enemies":"3 Darklings","floor":47,"turns":3},{"damage":1,"enemies":"Jaw Worm Horde","floor":48,"turns":4},{"damage":26,"enemies":"Maw","floor":49,"turns":7},{"damage":0,"enemies":"downfall:CharBossIronclad","floor":50,"turns":1}],"seed_played":"6413598629271520296","potions_obtained":[{"floor":3.0,"key":"Block Potion"},{"floor":5.0,"key":"SpeedPotion"},{"floor":10.0,"key":"blueLaboratory:StoneskinPotion"},{"floor":14.0,"key":"blueLaboratory:NullPotion"},{"floor":15.0,"key":"Explosive Potion"}],"is_trial":false,"path_per_floor":["R","?","E","M","M","E","T","M","R","E","?","$","M","M","M","B",null,"R","$","E","$","M","M","T","M","M","E","?","$","M","?","M","B",null,"R","$","E","M","M","M","T","M","R","E","?","M","M","M","M","B",null],"character_chosen":"NECROMANCER","items_purchased":["Bone_Armory","Summon_Undead_Army","Summon_Lich","Slay_Living+1","Negative_Energy_Javelin+1","Death_March_Dance+1","expansioncontent:DashGenerateEvil+1"],"campfire_rested":0,"item_purchase_floors":[12,19,21,21,21,29,36],"current_hp_per_floor":[75,75,52,54,58,30,30,33,33,26,85,85,85,85,85,6,85,85,85,85,85,85,79,79,85,66,20,14,37,46,46,55,68,85,85,85,80,85,83,61,61,85,85,64,64,83,85,85,84,85],"gold":432,"neow_bonus":"RANDOM_COMMON_RELIC","is_daily":false,"chose_seed":false,"campfire_upgraded":4,"win_rate":0.0,"timestamp":1607997006,"path_taken":["R","?","E","M","M","E","T","?","R","E","?","$","M","M","M","BOSS","R","$","E","?","?","?","T","M","M","E","?","?","?","?","M","BOSS","R","$","E","M","M","M","T","M","R","E","?","M","?","?","M","BOSS"],"items_purchased_type":["Card","Card","Card","Card","Card","Card","Card"],"build_version":"2020-12-13","purchased_purges":2,"victory":true,"max_hp_per_floor":[75,75,75,75,75,75,75,75,75,75,85,85,85,85,85,85,85,85,85,85,85,85,85,85,85,85,85,85,85,85,85,85,85,85,85,85,85,85,85,85,85,85,85,85,85,85,85,85,85,85],"relic_stats":{"Blood Vial":27,"Sozu":9,"counters":[35,189],"Ornamental Fan":[48],"Mummified Hand":[20],"Bird Faced Urn":[30],"MealTicket":15,"Bag of Preparation":[68],"Whetstone":["Strike_W","Negative_Energy_Arrows"],"obtain_stats":[{"Velvet Choker":34,"downfall:HeartBlessingGreen":35,"Bag of Preparation":3,"Whetstone":0,"Blood Vial":6,"Sozu":17,"Anchor":10,"CaptainsWheel":27,"Ornamental Fan":41,"Mummified Hand":44,"Bird Faced Urn":37,"MealTicket":7,"Molten Egg 2":20,"Vampire_Amulet":0},{"Velvet Choker":23,"downfall:HeartBlessingGreen":23,"Bag of Preparation":1,"Whetstone":0,"Blood Vial":4,"Sozu":11,"Anchor":6,"CaptainsWheel":19,"Ornamental Fan":28,"Mummified Hand":30,"Bird Faced Urn":25,"MealTicket":4,"Molten Egg 2":13,"Vampire_Amulet":0},{"Velvet Choker":134,"downfall:HeartBlessingGreen":134,"Bag of Preparation":5,"Whetstone":0,"Blood Vial":19,"Sozu":66,"Anchor":32,"CaptainsWheel":108,"Ornamental Fan":154,"Mummified Hand":170,"Bird Faced Urn":141,"MealTicket":19,"Molten Egg 2":77,"Vampire_Amulet":0}]},"card_choices":[{"not_picked":["Deaths_Shadow","Shackles_Of_Pain"],"picked":"Skeleton_Dragon","floor":3.0},{"not_picked":["Death_Coil","Shackles_Of_Pain"],"picked":"Bone_Bullets","floor":4.0},{"not_picked":["Negative_Energy_Mist","Negative_Energy_Shield"],"picked":"Bone_Bullets","floor":5.0},{"not_picked":["Bone_Bullets","Blood_Wake"],"picked":"Summon_Death_Knight","floor":6.0},{"not_picked":["Deaths_Shadow","Blood_Curse"],"picked":"Bone_Armor","floor":8.0},{"not_picked":["Shackles_Of_Pain","Pandemic","Whirlwind_of_Bones"],"picked":"SKIP","floor":10.0},{"not_picked":["Pandemic","Plague_Bolt","Acid_Javelin"],"picked":"SKIP","floor":13.0},{"not_picked":["Bone_Prison","Uncharnel"],"picked":"Bones_to_Steel","floor":14.0},{"not_picked":["Death_Coil","Negative_Energy_Sphere"],"picked":"Thousand_Bone_Knives","floor":15.0},{"not_picked":["Hellfire","Summon_Death_Knight"],"picked":"Summon_Vampire_Lady","floor":16.0},{"not_picked":["Bone_Armor+1","Bone_Bullets+1"],"picked":"Life_Drain+1","floor":20.0},{"not_picked":["Toxic_Smoke_Screen","Shackles_Of_Pain+1"],"picked":"Bone_Armor","floor":22.0},{"not_picked":["Life_Drain+1","Scare"],"picked":"Spectral_Armor","floor":23.0},{"not_picked":["Blood_Curse+1","Blood_for_Blood"],"picked":"Summon_Death_Knight","floor":25.0},{"not_picked":["Vampiric_Strike+1","Shackles_Of_Pain"],"picked":"Bone_Bullets+1","floor":26.0},{"not_picked":["Shackles_Of_Pain","Negative_Energy_Mist","Exploit+1"],"picked":"SKIP","floor":27.0},{"not_picked":["Bones_to_Steel","Finger_Of_Death+1"],"picked":"Grasp_Heart+1","floor":30.0},{"not_picked":["Slay_Living+1","Death_March_Dance+1"],"picked":"Whirlwind_of_Bones+1","floor":32.0},{"not_picked":["Blood_Wake+1","Grasp_Heart+1"],"picked":"Skeleton_Dragon","floor":33.0},{"not_picked":["Violent_Necrosis+1","Whirlwind_of_Bones+1"],"picked":"Bone_Armor+1","floor":37.0},{"not_picked":["Death_March_Dance+1","Negative_Energy_Javelin+1"],"picked":"Negative_Energy_Burst+1","floor":38.0},{"not_picked":["Summon_Undead+1","Death_Knell+1","Necrotic_Claws+1"],"picked":"SKIP","floor":39.0},{"not_picked":["Vampiric_Strike+1","Blood_Shield+1","Bones_to_Steel+1"],"picked":"SKIP","floor":40.0},{"not_picked":["Bone_Bullets+1","Thousand_Bone_Knives+1"],"picked":"Negative_Energy_Shield+1","floor":42.0},{"not_picked":["Blood_Magic","Summon_Lich+1"],"picked":"Hellfire+1","floor":44},{"not_picked":["Negative_Energy_Sphere+1","Stop_Heart","Spectral_Walk"],"picked":"SKIP","floor":46},{"not_picked":["Negative_Energy_Javelin+1","Blood_for_Blood+1"],"picked":"Vampiric_Strike+1","floor":47},{"not_picked":["Consume_Illness+1","Vampiric_Strike+1"],"picked":"Bone_Prison","floor":48},{"not_picked":["Vampiric_Strike+1","Shackles_Of_Pain+1"],"picked":"Negative_Energy_Sphere+1","floor":49}],"player_experience":51848,"relics_obtained":[{"floor":3.0,"key":"Bag of Preparation"},{"floor":6.0,"key":"Blood Vial"},{"floor":7.0,"key":"MealTicket"},{"floor":10.0,"key":"Anchor"},{"floor":20.0,"key":"Molten Egg 2"},{"floor":27.0,"key":"CaptainsWheel"},{"floor":37.0,"key":"Bird Faced Urn"},{"floor":41.0,"key":"Ornamental Fan"},{"floor":44,"key":"Mummified Hand"}],"event_choices":[{"cards_removed":["Strike_W"],"damage_healed":0.0,"max_hp_gain":0.0,"max_hp_loss":0.0,"gold_gain":0.0,"event_name":"Purifier","player_choice":"Purged","floor":2.0,"gold_loss":0.0,"damage_taken":0.0},{"cards_removed":["Skeleton_Dragon"],"damage_healed":49.0,"max_hp_gain":10.0,"max_hp_loss":0.0,"gold_gain":0.0,"event_name":"Bonfire Elementals","player_choice":"Offered Rare","floor":11.0,"gold_loss":0.0,"damage_taken":0.0},{"cards_removed":["Skeleton_Dragon"],"damage_healed":0,"gold_gain":0,"player_choice":"Took Card","damage_taken":0,"max_hp_gain":0,"max_hp_loss":0,"event_name":"NoteForYourself","floor":45,"gold_loss":0,"cards_obtained":["jesterMod:Defend"]}],"is_beta":false,"boss_relics":[{"not_picked":["SlaversCollar","Black Star"],"picked":"Sozu"},{"not_picked":["Snecko Eye","Runic Dome"],"picked":"Velvet Choker"}],"items_purged_floors":[29,36],"is_endless":false,"potions_floor_spawned":[3,5,10,14,15,16,22,25,26,30,33,39,40,44,46,47],"ascension_level":0}}