{"host":"q3i87yx2dgqr54co","time":1607997920,"event":{"mods":["BaseMod","Block Reminder","Colored Map","Colored Powertips","DeckTracker","Highlight Path","Minty Spire (QoL Compilation)","Permanent Neow","Potionbrewer","Quick Restart","Relic Sorter","Relic Stats","StSLib","The Bug Knight","The Gatherer"],"gold_per_floor":[211,211,221,234,234,263,263,279,279,279,279,279,291,304,304,304,304],"floor_reached":16,"playtime":1846,"items_purged":[],"score":102,"play_id":"7c41aa13-f864-4972-a72f-4b92e763b43c","local_time":"20201214210520","is_ascension_mode":false,"campfire_choices":[{"data":"potionbrewer:Collect","floor":7,"key":"SMITH"},{"floor":10,"key":"REST"},{"floor":15,"key":"REST"}],"circlet_count":0,"master_deck":["potionbrewer:PotionbrewerStrike","potionbrewer:PotionbrewerStrike","potionbrewer:PotionbrewerStrike","potionbrewer:PotionbrewerStrike","potionbrewer:PotionbrewerDefend","potionbrewer:PotionbrewerDefend","potionbrewer:PotionbrewerDefend","potionbrewer:PotionbrewerDefend","potionbrewer:Collect+1","potionbrewer:ChemicalSpill","potionbrewer:HazardousMaterials","potionbrewer:Shovel","potionbrewer:Toxicity","potionbrewer:Prototype","potionbrewer:EmptyBottle","Decay","potionbrewer:Shovel","potionbrewer:RefinedProcess"],"relics":["potionbrewer:PotionKit","Sundial","Juzu Bracelet"],"acts_visited":["Exordium"],"potions_floor_usage":[3,4,6,6,6,8,8,13,13,14,16,16,16,16],"damage_taken":[{"damage":5,"enemies":"Jaw Worm","floor":1,"turns":6},{"damage":0,"enemies":"2 Louse","floor":3,"turns":1},{"damage":1,"enemies":"Cultist","floor":4,"turns":4},{"damage":26,"enemies":"HollowMod:MossKnight","floor":6,"turns":17},{"damage":14,"enemies":"2 Fungi Beasts","floor":8,"turns":5},{"damage":21,"enemies":"Large Slime","floor":13,"turns":8},{"damage":8,"enemies":"Exordium Wildlife","floor":14,"turns":5},{"damage":44,"enemies":"Hexaghost","floor":16,"turns":9}],"seed_played":"-1803105108570729183","potions_obtained":[{"floor":4,"key":"PowerPotion"},{"floor":6,"key":"SpeedPotion"},{"floor":13,"key":"GamblersBrew"}],"is_trial":false,"path_per_floor":["M","?","M","M","?","E","R","M","T","R","?","?","M","M","R","B"],"character_chosen":"POTIONBREWER","items_purchased":[],"campfire_rested":2,"item_purchase_floors":[],"current_hp_per_floor":[70,70,70,69,66,40,40,26,26,48,48,48,27,19,41,0,0],"gold":304,"neow_bonus":"HUNDRED_GOLD","is_daily":false,"chose_seed":false,"campfire_upgraded":1,"win_rate":0.0,"timestamp":1607997920,"path_taken":["M","?","M","M","?","E","R","M","T","R","?","?","M","M","R","BOSS"],"items_purchased_type":[],"build_version":"2020-12-13","purchased_purges":0,"victory":false,"max_hp_per_floor":[75,75,75,75,75,75,75,75,75,75,75,75,75,75,75,75,75],"relic_stats":{"counters":[8,55],"Sundial":[8],"Juzu Bracelet":1,"obtain_stats":[{"Sundial":5,"Juzu Bracelet":6,"potionbrewer:PotionKit":0},{"Sundial":3,"Juzu Bracelet":4,"potionbrewer:PotionKit":0},{"Sundial":11,"Juzu Bracelet":28,"potionbrewer:PotionKit":0}]},"card_choices":[{"not_picked":["potionbrewer:Contingency","potionbrewer:LabJournal"],"picked":"potionbrewer:HazardousMaterials","floor":1},{"not_picked":["potionbrewer:EmptyBottle","potionbrewer:Refill"],"picked":"potionbrewer:Shovel","floor":3},{"not_picked":["potionbrewer:TimeBomb","potionbrewer:LabAccident"],"picked":"potionbrewer:Toxicity","floor":4},{"not_picked":["potionbrewer:VolatileSolution","potionbrewer:OneTwoPunch","potionbrewer:Refill"],"picked":"potionbrewer:Prototype","floor":6},{"not_picked":["potionbrewer:TimeBomb","potionbrewer:Biohazard"],"picked":"potionbrewer:EmptyBottle","floor":8},{"not_picked":["potionbrewer:LeftoverSpecimen","potionbrewer:Smokescreen","potionbrewer:Prototype"],"picked":"potionbrewer:Shovel","floor":13},{"not_picked":["potionbrewer:Smack","potionbrewer:BlindingSpray","potionbrewer:Prototype"],"picked":"potionbrewer:RefinedProcess","floor":14}],"player_experience":110118,"relics_obtained":[{"floor":6,"key":"Juzu Bracelet"}],"event_choices":[{"damage_healed":0,"gold_gain":0,"player_choice":"Ignored","damage_taken":0,"max_hp_gain":0,"max_hp_loss":0,"event_name":"Golden Wing","floor":2,"gold_loss":0},{"damage_healed":0,"gold_gain":0,"player_choice":"Success","damage_taken":3,"relics_obtained":["Sundial"],"max_hp_gain":0,"max_hp_loss":0,"event_name":"Scrap Ooze","floor":5,"gold_loss":0},{"damage_healed":0,"gold_gain":0,"player_choice":"Cursed","damage_taken":0,"max_hp_gain":0,"max_hp_loss":0,"event_name":"Wheel of Change","floor":11,"gold_loss":0,"cards_obtained":["Decay"]},{"damage_healed":0,"gold_gain":0,"player_choice":"Ignored","damage_taken":0,"max_hp_gain":0,"max_hp_loss":0,"event_name":"Liars Game","floor":12,"gold_loss":0}],"is_beta":false,"boss_relics":[],"items_purged_floors":[],"is_endless":false,"potions_floor_spawned":[4,6,13],"killed_by":"Hexaghost","ascension_level":0}}