{"host":"y30n8hbqlqxhztg8","time":1607997683,"event":{"mods":["A Magickal Journey","AchievementEnabler","BaseMod","BetterRewards","Block Reminder","Colored Map","Conspire","Downfall","GifTheSpireLib","Glutton Mod","Hubris","Infinite Spire","Koishi","Marisa????????","Minty Spire (QoL Compilation)","Prisma Mod","Replay The Spire","Shop Mod","Somnambulant","StSLib","Stuff the Spire","The Factory","The Jungle","[IsaacMod]????"],"gold_per_floor":[111,111,111,121,131,131,131,131,180,194,225,225,225,248,248,349,349,366,281,281,31,49,49,62,72,72,72,82,115,131,151,151,151,151],"floor_reached":33,"playtime":1003,"items_purged":[],"score":247,"play_id":"5bfdf3e6-ae4b-4db3-a797-8c27705a9fb9","local_time":"20201214180123","is_ascension_mode":false,"campfire_choices":[{"data":"Twin Strike","floor":6.0,"key":"SMITH"},{"data":"Anger","floor":8.0,"key":"SMITH"},{"data":"Strike_R","floor":12.0,"key":"SMITH"},{"data":"Defend_R","floor":15.0,"key":"SMITH"},{"floor":23.0,"key":"REST"},{"floor":27.0,"key":"REST"},{"floor":32.0,"key":"REST"}],"circlet_count":0,"master_deck":["Strike_R+1","Strike_R","Strike_R","Strike_R","Strike_R","Defend_R","Defend_R+1","Defend_R","Defend_R","Bash","Thunderclap","Twin Strike","Anger+1","Twin Strike+1","Twin Strike","Immolate","Heavy Blade+1","Demon Form","Heavy Blade","Hemokinesis+1","StuffTheSpire:Incineration+1","Sword Boomerang","Run Through","Wild Strike"],"relics":["Burning Blood","HushsDoor","DeathBook","hubris:TenFootPole","StuffTheSpire:EmeraldSignet","Odd Mushroom","conspire:SpecialSausage","hubris:SlimyHat","Golden Egg","Toy Ornithopter","Oddly Smooth Stone"],"acts_visited":["Exordium","TheCity"],"potions_floor_usage":[],"damage_taken":[{"damage":5.0,"enemies":"Small Slimes","floor":1.0,"turns":4.0},{"damage":1.0,"enemies":"Cultist","floor":4.0,"turns":3.0},{"damage":5.0,"enemies":"2 Louse","floor":5.0,"turns":2.0},{"damage":5.0,"enemies":"Exordium Wildlife","floor":10.0,"turns":4.0},{"damage":16.0,"enemies":"3 Sentries","floor":11.0,"turns":6.0},{"damage":0.0,"enemies":"The Mushroom Lair","floor":14.0,"turns":1.0},{"damage":56.0,"enemies":"Fading Forest","floor":16.0,"turns":11.0},{"damage":45.0,"enemies":"Shell Parasite","floor":18.0,"turns":5.0},{"damage":10.0,"enemies":"Chosen","floor":22.0,"turns":3.0},{"damage":22.0,"enemies":"Shelled Parasite and Fungi","floor":24.0,"turns":4.0},{"damage":32.0,"enemies":"Snecko","floor":25.0,"turns":5.0},{"damage":4.0,"enemies":"Centurion and Healer","floor":28.0,"turns":2.0},{"damage":32.0,"enemies":"conspire:MimicChest","floor":29.0,"turns":5.0},{"damage":26.0,"enemies":"Shelled Parasite and Fungi","floor":30.0,"turns":4.0},{"damage":24.0,"enemies":"Snecko","floor":31.0,"turns":4.0},{"damage":93,"enemies":"Collector","floor":33,"turns":6}],"seed_played":"2947459494780515523","potions_obtained":[{"floor":0.0,"key":"HeartOfIron"},{"floor":0.0,"key":"BlessingOfTheForge"},{"floor":0.0,"key":"FairyPotion"},{"floor":14.0,"key":"EntropicBrew"},{"floor":25.0,"key":"Block Potion"}],"is_trial":false,"path_per_floor":["M","?","?","M","M","R","$","R","T","M","E","R","?","?","R","B",null,"M","?","?","$","M","R","M","M","T","R","M","?","M","M","R","B"],"character_chosen":"IRONCLAD","items_purchased":["Golden Egg"],"campfire_rested":3,"item_purchase_floors":[21],"current_hp_per_floor":[80,80,80,80,80,80,80,80,80,80,70,70,70,76,76,38,80,41,41,41,41,37,61,45,19,19,43,45,26,70,52,76,0,0],"gold":151,"neow_bonus":"THREE_SMALL_POTIONS","is_daily":false,"chose_seed":false,"campfire_upgraded":4,"win_rate":0.0,"timestamp":1607997683,"path_taken":["M","?","?","M","M","R","?","R","T","?","E","R","?","?","R","BOSS","M","?","?","$","?","R","M","M","T","R","M","?","M","M","R","BOSS"],"items_purchased_type":["Relic"],"build_version":"2020-12-13","purchased_purges":0,"victory":false,"max_hp_per_floor":[80,80,80,80,80,80,80,80,80,80,80,80,80,80,80,80,80,80,80,80,80,80,80,80,80,80,80,80,80,80,80,80,80,80],"card_choices":[{"not_picked":["Berserk","Body Slam"],"picked":"Thunderclap","floor":0.0},{"not_picked":["StuffTheSpire:Slingshot","Warcry"],"picked":"Twin Strike","floor":1.0},{"not_picked":["Defy Death","Body Slam"],"picked":"Anger","floor":4.0},{"not_picked":["Clash","Burning Pact"],"picked":"Twin Strike","floor":5.0},{"not_picked":["Feel No Pain","Clash"],"picked":"Twin Strike","floor":10.0},{"not_picked":["Eclipse","Armaments"],"picked":"Immolate","floor":11.0},{"not_picked":["Run Through","StuffTheSpire:Resist"],"picked":"Heavy Blade","floor":14.0},{"not_picked":["Juggernaut","Immolate"],"picked":"Demon Form","floor":16.0},{"not_picked":["Body Slam","Intimidate"],"picked":"Heavy Blade","floor":18.0},{"not_picked":["ReplayTheSpireMod:Strike From Hell","Clash+1"],"picked":"Hemokinesis+1","floor":22.0},{"not_picked":["ReplayTheSpireMod:Strike From Hell","Reckless Charge"],"picked":"StuffTheSpire:Incineration+1","floor":24.0},{"not_picked":["Clothesline","Thunderclap"],"picked":"Sword Boomerang","floor":25.0},{"not_picked":["Replay:Undeath\u0027s Touch","Thunderclap"],"picked":"Run Through","floor":28.0},{"not_picked":["Shrug It Off","Eclipse","Warcry+1"],"picked":"SKIP","floor":30.0},{"not_picked":["Spot Weakness","Disarm+1"],"picked":"Wild Strike","floor":31.0}],"player_experience":46828,"relics_obtained":[{"floor":9.0,"key":"hubris:TenFootPole"},{"floor":11.0,"key":"StuffTheSpire:EmeraldSignet"},{"floor":14.0,"key":"Odd Mushroom"},{"floor":26.0,"key":"Toy Ornithopter"},{"floor":29.0,"key":"Oddly Smooth Stone"}],"event_choices":[{"damage_healed":0.0,"max_hp_gain":0.0,"max_hp_loss":0.0,"gold_gain":0.0,"event_name":"conspire:LoneGhost","player_choice":"Disagree","floor":13.0,"gold_loss":0.0,"damage_taken":0.0},{"damage_healed":0.0,"max_hp_gain":0.0,"max_hp_loss":0.0,"gold_gain":0.0,"event_name":"Mushrooms","player_choice":"Fought Mushrooms","floor":14.0,"gold_loss":0.0,"damage_taken":0.0},{"damage_healed":0.0,"max_hp_gain":0.0,"max_hp_loss":0.0,"gold_gain":0.0,"event_name":"Addict","player_choice":"Obtained Relic","floor":19.0,"gold_loss":85.0,"damage_taken":0.0,"relics_obtained":["hubris:SlimyHat"]}],"is_beta":false,"boss_relics":[{"not_picked":["Replay:Drink Me","Runic Cube"],"picked":"conspire:SpecialSausage"},{"not_picked":[]}],"items_purged_floors":[],"is_endless":false,"potions_floor_spawned":[4,14,16,25,28],"killed_by":"Collector","ascension_level":0}}