{"host":"hfvpa4llnnjpeawn","time":1607994603,"event":{"mods":["2.2 Compatiblity","Act Like it!","BaseMod","Better Skull","Better Third Choice","BetterRewards","CapriCore","Conspire","Downfall","Elementarium","Hermit","Hubris","Koishi","Lobotomy","Mad Scientist","Minty Spire (QoL Compilation)","Replay The Spire","Shade Mod","Somnambulant","StSLib","The Bladedancer","The Factory","The Jungle","Waifu the Spire"],"gold_per_floor":[99,99,76,76,76,76,102,102,114,114,124,124,138,138,138,138,138],"floor_reached":16,"playtime":570,"items_purged":[],"score":88,"play_id":"64862962-238e-408a-9274-7131883bf3d8","local_time":"20201214201003","is_ascension_mode":false,"campfire_choices":[{"floor":1,"key":"REST"},{"floor":8,"key":"REST"},{"data":"champ:PerfectedStrike","floor":10,"key":"SMITH"}],"circlet_count":0,"master_deck":["champ:Strike","champ:Strike","champ:Strike","champ:Strike+1","champ:Defend","champ:Defend","champ:Defend","champ:Defend","champ:Execute","champ:Taunt","champ:PerfectedStrike+1","champ:PerfectedStrike","champ:FanOfKnives","champ:PerfectedStrike","champ:Backstep","champ:BringItOn","champ:CrookedStrike","champ:RecklessLeap"],"relics":["champ:ChampionCrown","downfall:HeartsMalice"],"acts_visited":["Exordium"],"potions_floor_usage":[16,16,16],"damage_taken":[{"damage":0,"enemies":"Jaw Worm","floor":2,"turns":1},{"damage":0,"enemies":"downfall:FleeingMerchant","floor":3,"turns":1},{"damage":0,"enemies":"2 Louse","floor":5,"turns":1},{"damage":8,"enemies":"Small Slimes","floor":9,"turns":2},{"damage":10,"enemies":"3 Louse","floor":11,"turns":3},{"damage":32,"enemies":"Exordium Thugs","floor":13,"turns":4},{"damage":11,"enemies":"Large Slime","floor":15,"turns":2},{"damage":39,"enemies":"downfall:Silent","floor":16,"turns":4}],"seed_played":"4634271914847607058","potions_obtained":[{"floor":9,"key":"CultistPotion"},{"floor":11,"key":"SkillPotion"},{"floor":13,"key":"EssenceOfSteel"}],"is_trial":false,"path_per_floor":["R","M","$","?","M","?","T","R","M","R","M","?","M","?","M","B"],"character_chosen":"THE_CHAMP","items_purchased":["champ:FanOfKnives"],"campfire_rested":2,"item_purchase_floors":[3],"current_hp_per_floor":[90,90,90,90,90,90,90,90,82,82,72,72,45,45,34,0,0],"gold":138,"neow_bonus":"THREE_ENEMY_KILL","is_daily":false,"chose_seed":false,"campfire_upgraded":1,"win_rate":0.0,"timestamp":1607994603,"path_taken":["R","M","$","?","M","?","T","R","M","R","M","?","M","?","M","BOSS"],"items_purchased_type":["Card"],"build_version":"2020-12-13","purchased_purges":0,"victory":false,"max_hp_per_floor":[90,90,90,90,90,90,90,90,90,90,90,90,90,90,90,90,90],"card_choices":[{"not_picked":["champ:GutPunch","champ:FightOn"],"picked":"champ:PerfectedStrike","floor":2},{"not_picked":["champ:EnGarde","champ:BerserkerStyle"],"picked":"champ:PerfectedStrike","floor":3},{"not_picked":["champ:TornadoPunch","champ:CrookedStrike"],"picked":"champ:PerfectedStrike","floor":5},{"not_picked":["champ:FanOfKnives","champ:GladiatorsShout"],"picked":"champ:Backstep","floor":9},{"not_picked":["champ:FlashCut","champ:GladiatorsShout"],"picked":"champ:BringItOn","floor":11},{"not_picked":["champ:ArenaPreparation","champ:Backstep"],"picked":"champ:CrookedStrike","floor":13},{"not_picked":["champ:GladiatorsShout","champ:LastStand"],"picked":"champ:RecklessLeap","floor":15}],"player_experience":203523,"relics_obtained":[],"event_choices":[],"is_beta":false,"boss_relics":[],"items_purged_floors":[],"is_endless":false,"potions_floor_spawned":[9,11,13],"killed_by":"downfall:Silent","ascension_level":0}}