{"host":"d9tpyi6mde8z2n96","time":1607998904,"event":{"mods":["2.2 Compatiblity","AchievementEnabler","Act Like it!","Aspiration","BaseMod","Better Altar","CapriCore","Challenge The Spire","Colored Powertips","Conspire","Defuse TimeMaze Blight","Downfall","Elementarium","Energized Spire","Friendly Minions","Gensokyo","GifTheSpireLib","Gold Saver","GungeonMod","Halation","HololiveMod","Hubris","Hyrulean Relics","Infinite Spire","Jorbs\u0027s Wanderer Trilogy","Melee Mod","Minty Spire (QoL Compilation)","MostiFishMod","Permanent Neow","Quick Restart","Railgun Mod","Replay The Spire","RumiaBox-????????","Spikes Relics","StSLib","TestMod","The Alterego","The Blue Laboratory","The Factory","The Fake Hero","Trackpad","Wandering Minibosses","WarShipGirlsR/????R mod","Watcher Patcher"],"gold_per_floor":[178,178,211,290,324,336,30,30,70,116,149,149,149,149,194,244,276,315],"floor_reached":19,"playtime":801,"items_purged":[],"score":990,"play_id":"98a39880-16b1-43bd-801d-f459f4c258a1","local_time":"20201214212144","daily_mods":["challengethespire:Platinum Difficulty","challengethespire:Modded Elite Rush","Uncertain Future"],"is_ascension_mode":true,"campfire_choices":[{"data":"Hololive_CallSakuraMiko","floor":2,"key":"SMITH"},{"data":"Hololive_CallYozoraMel","floor":13,"key":"SMITH"},{"data":"Hololive_CallDoris","floor":14,"key":"SMITH"}],"circlet_count":0,"master_deck":["AscendersBane","Hololive_Strike+2","Hololive_Strike","Hololive_Defend","Hololive_Defend","Hololive_Drill+1","Hololive_CallKiryuuCoco","Hololive_CallSakuraMiko+1","Hololive_CallShiranuiFlare","Hololive_CallMurasakiShion","Hololive_CallUsadaPekora","Hololive_CandyCastle","Hololive_CandyCastle","Hololive_CallMomosuzuNene+9","Hololive_CallDoris+1","Hololive_CallUruhaRushia","Hololive_CallManoAloe","Hololive_StrengthChampion","Hololive_CallYozoraMel+1","Hololive_CallAmaneKanata","Hololive_FlyingPonyTail","Hololive_CallShishiroBotan","Hololive_CallAZKi","Hololive_DiamondStrike+1"],"relics":["Hololive_TheStar","Black Star","Sling","PreservedInsect","testmod-TestBox","DaveBox","testmod-IntensifyImprint","HollowDreamFlower","sneckomod:BlankCard","Toy Ornithopter","DemoMod:GnawedKey","Centennial Puzzle","DemoMod:OrangeGuonStone","hubris:MobiusCoin","Darkstone Periapt","DemoMod:GlassGuonStoneRelic","MawBank","conspire:TopHat","energizedSpire:OgreHead","Simple Rune","BrkXgEgg","MealTicket","Chameleon Ring","infinitespire:Bottled Soul","DemoMod:AgedBell","Replay:WaspNest","Guardian:PocketSentry","Transparent","hubris:BottledRain","ReplayTheSpireMod:TigerMarble","testmod-IndustrialRevolution","SynthV:C4","ImportantClient","Pear","testmod-CyclicPeriapt","Whetstone","DemoMod:MonsterBlood"],"acts_visited":["Exordium"],"potions_floor_usage":[],"damage_taken":[{"damage":0,"enemies":"3 Sentries","floor":3,"turns":4},{"damage":0,"enemies":"Gremlin Nob","floor":4,"turns":2},{"damage":0,"enemies":"Replay:BlueRogue","floor":5,"turns":2},{"damage":0,"enemies":"Replay:Snechameleon","floor":9,"turns":4},{"damage":0,"enemies":"conspire:Head Lice","floor":10,"turns":3},{"damage":0,"enemies":"conspire:SneckoGhost","floor":11,"turns":3},{"damage":3,"enemies":"Reptomancer","floor":15,"turns":3},{"damage":3,"enemies":"Giant Head","floor":16,"turns":4},{"damage":3,"enemies":"Nemesis","floor":17,"turns":2},{"damage":4,"enemies":"Shield and Spear","floor":18,"turns":2}],"seed_played":"4312506397926037555","potions_obtained":[{"floor":4,"key":"FearPotion"},{"floor":10,"key":"Explosive Potion"}],"is_trial":true,"path_per_floor":["$","R","E","E","E","T","$","$","E","E","E","T","R","R","E","E","E","E",null],"character_chosen":"Hololive_HololiveCharacter","items_purchased":["Hololive_CandyCastle","Hololive_CallMomosuzuNene","sneckomod:BlankCard","Toy Ornithopter","DemoMod:GnawedKey","Simple Rune","BrkXgEgg"],"campfire_rested":0,"item_purchase_floors":[1,1,1,1,1,7,7],"current_hp_per_floor":[27,27,30,30,30,30,30,30,30,30,30,30,30,30,30,30,40,47],"gold":315,"neow_bonus":"","is_daily":false,"chose_seed":false,"campfire_upgraded":3,"win_rate":0.0,"timestamp":1607998904,"path_taken":["$","R","E","E","E","T","$","$","E","E","E","T","R","R","E","E","E","E"],"items_purchased_type":["Card","Card","Relic","Relic","Relic","Relic","Relic"],"build_version":"2020-12-13","purchased_purges":0,"victory":true,"max_hp_per_floor":[30,30,30,30,30,30,30,30,30,30,30,30,30,30,30,30,40,47],"card_choices":[],"player_experience":1062419,"relics_obtained":[{"floor":3,"key":"Centennial Puzzle"},{"floor":3,"key":"DemoMod:OrangeGuonStone"},{"floor":4,"key":"hubris:MobiusCoin"},{"floor":4,"key":"Darkstone Periapt"},{"floor":5,"key":"MawBank"},{"floor":5,"key":"conspire:TopHat"},{"floor":9,"key":"MealTicket"},{"floor":9,"key":"Chameleon Ring"},{"floor":10,"key":"infinitespire:Bottled Soul"},{"floor":10,"key":"DemoMod:AgedBell"},{"floor":11,"key":"Replay:WaspNest"},{"floor":11,"key":"Guardian:PocketSentry"},{"floor":15,"key":"hubris:BottledRain"},{"floor":15,"key":"ReplayTheSpireMod:TigerMarble"},{"floor":16,"key":"testmod-IndustrialRevolution"},{"floor":16,"key":"SynthV:C4"},{"floor":16,"key":"ImportantClient"},{"floor":17,"key":"Pear"},{"floor":17,"key":"testmod-CyclicPeriapt"},{"floor":18,"key":"Whetstone"},{"floor":18,"key":"DemoMod:MonsterBlood"}],"event_choices":[],"is_beta":false,"boss_relics":[{"not_picked":["hubris:BlackHole","TakeMeEscape"],"picked":"energizedSpire:OgreHead"},{"not_picked":["aspiration:FutureDiary","AddBug"],"picked":"Transparent"}],"items_purged_floors":[],"is_endless":false,"potions_floor_spawned":[4,10,17,18],"ascension_level":20}}