{"host":"p7j7o00jacnw7qzt","time":1607995925,"event":{"mods":["BaseMod","Colored Map","Colored Powertips","DeckTracker","Highlight Path","Minty Spire (QoL Compilation)","Relic Stats"],"gold_per_floor":[361,379,379,17,17,17,42,42,66,100,0,27,27,139,139,213,213,228,278,253,353,403,403,446,446,446,254,313,313,351,368,368,456,510,520,570,109,159,227,269,269,280,351,383,401,444,254,267,267,267,267,267,267,33,66,66],"floor_reached":57,"playtime":3048,"items_purged":["Strike_G","Strike_G","Strike_G","Setup+1","Storm of Steel+1","Survivor"],"score":3247,"play_id":"b3ba1781-1bb6-4552-9e71-981e282dc0df","local_time":"20201214203205","is_ascension_mode":true,"campfire_choices":[{"data":"Blade Dance","floor":6.0,"key":"SMITH"},{"floor":8.0,"key":"REST"},{"floor":15.0,"key":"REST"},{"data":"Phantasmal Killer","floor":23.0,"key":"SMITH"},{"data":"Prepared","floor":25.0,"key":"SMITH"},{"floor":29.0,"key":"RECALL"},{"data":"Adrenaline","floor":32.0,"key":"SMITH"},{"data":"Neutralize","floor":41,"key":"SMITH"},{"data":"Accuracy","floor":49,"key":"SMITH"},{"floor":53,"key":"REST"}],"circlet_count":0,"master_deck":["AscendersBane","Neutralize+1","Prepared+1","Acrobatics+1","Blade Dance+1","Die Die Die","Adrenaline+1","Caltrops","Terror","Phantasmal Killer+1","Backflip","Tactician+1","Concentrate+1","Backflip+1","Adrenaline+1","Heel Hook","Night Terror+1","A Thousand Cuts+1","Escape Plan+1","Escape Plan+1","Burst+1","Madness+1","Madness+1","Escape Plan+1","Accuracy+1","Acrobatics+1","Escape Plan+1"],"relics":["Ring of the Snake","HornCleat","Juzu Bracelet","Anchor","Oddly Smooth Stone","SsserpentHead","Kunai","Runic Dome","CeramicFish","Toxic Egg 2","Shuriken","Pandora\u0027s Box","Orrery","Bag of Marbles","Singing Bowl","Molten Egg 2","Mercury Hourglass","Happy Flower","Eternal Feather"],"acts_visited":["Exordium","TheCity","TheBeyond","TheEnding"],"potions_floor_usage":[50],"damage_taken":[{"damage":0.0,"enemies":"2 Louse","floor":1.0,"turns":3.0},{"damage":0.0,"enemies":"Cultist","floor":2.0,"turns":4.0},{"damage":19.0,"enemies":"Lagavulin","floor":7.0,"turns":6.0},{"damage":18.0,"enemies":"Gremlin Nob","floor":10.0,"turns":4.0},{"damage":4.0,"enemies":"3 Sentries","floor":12.0,"turns":7.0},{"damage":15.0,"enemies":"Lagavulin Event","floor":14.0,"turns":14.0},{"damage":6.0,"enemies":"Hexaghost","floor":16.0,"turns":9.0},{"damage":0.0,"enemies":"Chosen","floor":18.0,"turns":3.0},{"damage":12.0,"enemies":"Slavers","floor":24.0,"turns":8.0},{"damage":0.0,"enemies":"Book of Stabbing","floor":30.0,"turns":3.0},{"damage":0.0,"enemies":"Spheric Guardian","floor":31.0,"turns":2.0},{"damage":0.0,"enemies":"Automaton","floor":33.0,"turns":6.0},{"damage":0,"enemies":"3 Darklings","floor":35,"turns":2},{"damage":0,"enemies":"Nemesis","floor":40,"turns":3},{"damage":0,"enemies":"Orb Walker","floor":42,"turns":2},{"damage":0,"enemies":"Giant Head","floor":44,"turns":2},{"damage":0,"enemies":"4 Shapes","floor":45,"turns":1},{"damage":0,"enemies":"Reptomancer","floor":46,"turns":2},{"damage":0,"enemies":"Writhing Mass","floor":48,"turns":2},{"damage":36,"enemies":"Time Eater","floor":50,"turns":4},{"damage":0,"enemies":"Awakened One","floor":51,"turns":3},{"damage":6,"enemies":"Shield and Spear","floor":55,"turns":2},{"damage":61,"enemies":"The Heart","floor":56,"turns":5}],"seed_played":"5130927592079990938","potions_obtained":[{"floor":2.0,"key":"Ancient Potion"},{"floor":5.0,"key":"DistilledChaos"},{"floor":14.0,"key":"SkillPotion"},{"floor":30.0,"key":"SteroidPotion"},{"floor":33.0,"key":"DistilledChaos"}],"is_trial":false,"path_per_floor":["M","M","?","$","?","R","E","R","T","E","$","E","?","?","R","B",null,"M","?","?","?","?","R","E","R","T","$","?","R","E","M","R","B",null,"M","?","$","T","?","E","R","M","T","E","M","E","$","M","R","B","B",null,"R","$","E","B",null],"character_chosen":"THE_SILENT","items_purchased":["Blade Dance","HornCleat","Tactician+1","Orrery","Bag of Marbles","Acrobatics+1","Escape Plan+1"],"campfire_rested":3,"item_purchase_floors":[4,4,27,37,37,47,54],"current_hp_per_floor":[59,59,41,41,41,41,22,40,40,22,22,18,18,3,21,15,49,49,49,49,49,49,49,37,37,37,37,37,37,37,37,37,37,54,54,54,54,54,43,43,43,45,45,47,49,49,49,51,51,15,15,55,68,68,64,3],"gold":66,"neow_bonus":"TWO_FIFTY_GOLD","is_daily":false,"chose_seed":false,"campfire_upgraded":6,"win_rate":0.0,"timestamp":1607995925,"path_taken":["M","M","?","$","?","R","E","R","T","E","$","E","?","?","R","BOSS","M","?","?","?","?","R","E","R","T","$","?","R","E","M","R","BOSS","M","?","$","?","?","E","R","M","T","E","M","E","$","M","R","BOSS","BOSS","R","$","E","BOSS"],"items_purchased_type":["Card","Relic","Card","Relic","Relic","Card","Card"],"build_version":"2020-12-13","purchased_purges":6,"victory":true,"max_hp_per_floor":[60,60,60,60,60,60,60,60,60,60,60,60,60,60,60,60,60,60,60,60,60,60,60,60,60,60,60,60,60,60,60,60,60,60,60,60,60,60,60,60,60,62,62,64,66,66,66,68,68,68,68,68,68,68,70,70],"relic_stats":{"Singing Bowl":10,"Happy Flower":[5],"counters":[23,97],"CeramicFish":171,"Eternal Feather":0,"Juzu Bracelet":4,"Mercury Hourglass":[90],"SsserpentHead":450,"Shuriken":[53],"Pandora\u0027s Box":["Heel Hook","Night Terror","Setup","A Thousand Cuts","Escape Plan","Storm of Steel"],"Kunai":[81],"obtain_stats":[{"Singing Bowl":40,"Happy Flower":46,"CeramicFish":24,"Oddly Smooth Stone":10,"Eternal Feather":55,"Juzu Bracelet":7,"Mercury Hourglass":44,"SsserpentHead":13,"Runic Dome":17,"Anchor":9,"HornCleat":4,"Shuriken":30,"Orrery":37,"Pandora\u0027s Box":34,"Molten Egg 2":43,"Bag of Marbles":37,"Kunai":14,"Toxic Egg 2":26,"Ring of the Snake":0},{"Singing Bowl":14,"Happy Flower":18,"CeramicFish":9,"Oddly Smooth Stone":4,"Eternal Feather":22,"Juzu Bracelet":3,"Mercury Hourglass":16,"SsserpentHead":5,"Runic Dome":7,"Anchor":3,"HornCleat":2,"Shuriken":10,"Orrery":13,"Pandora\u0027s Box":12,"Molten Egg 2":15,"Bag of Marbles":13,"Kunai":5,"Toxic Egg 2":9,"Ring of the Snake":0},{"Singing Bowl":74,"Happy Flower":81,"CeramicFish":58,"Oddly Smooth Stone":17,"Eternal Feather":92,"Juzu Bracelet":13,"Mercury Hourglass":78,"SsserpentHead":24,"Runic Dome":47,"Anchor":13,"HornCleat":7,"Shuriken":61,"Orrery":71,"Pandora\u0027s Box":69,"Molten Egg 2":76,"Bag of Marbles":71,"Kunai":24,"Toxic Egg 2":58,"Ring of the Snake":0}],"Ring of the Snake":[46]},"card_choices":[{"not_picked":["Slice","Outmaneuver"],"picked":"Prepared","floor":1.0},{"not_picked":["Caltrops","Sucker Punch"],"picked":"Acrobatics","floor":2.0},{"not_picked":["Flying Knee","Expertise"],"picked":"Die Die Die","floor":7.0},{"not_picked":["Bane","Backstab"],"picked":"Adrenaline","floor":10.0},{"not_picked":["Acrobatics","Poisoned Stab"],"picked":"Caltrops","floor":12.0},{"not_picked":["All Out Attack","PiercingWail"],"picked":"Terror","floor":14.0},{"not_picked":["Burst","Corpse Explosion"],"picked":"Phantasmal Killer","floor":16.0},{"not_picked":["Bane","Deadly Poison","Heel Hook"],"picked":"SKIP","floor":18.0},{"not_picked":["Prepared","Crippling Poison+1"],"picked":"Backflip","floor":24.0},{"not_picked":["Distraction+1","Deflect+1"],"picked":"Backflip+1","floor":30.0},{"not_picked":["Distraction+1","Outmaneuver+1","Deflect+1"],"picked":"SKIP","floor":31.0},{"not_picked":["Burst+1","Malaise+1"],"picked":"Adrenaline+1","floor":33.0},{"not_picked":["Slice","Masterful Stab","Prepared+1"],"picked":"SKIP","floor":35},{"not_picked":["Dash+1","Bouncing Flask+1"],"picked":"Escape Plan+1","floor":37},{"not_picked":["Catalyst+1","Riddle With Holes+1"],"picked":"Burst+1","floor":37},{"not_picked":["Deadly Poison+1","Leg Sweep+1"],"picked":"Escape Plan+1","floor":40},{"not_picked":["Blade Dance+1","Crippling Poison+1","Setup+1"],"picked":"Singing Bowl","floor":42},{"not_picked":["Well Laid Plans+1","Deflect+1","Dagger Spray+1"],"picked":"Singing Bowl","floor":44},{"not_picked":["Distraction+1","Dagger Throw+1","Dagger Spray+1"],"picked":"Singing Bowl","floor":45},{"not_picked":["Storm of Steel+1","Setup+1"],"picked":"Accuracy","floor":46},{"not_picked":["Deflect+1","Crippling Poison+1","Endless Agony+1"],"picked":"Singing Bowl","floor":48},{"not_picked":["Endless Agony+1","Well Laid Plans","Dagger Throw+1"],"picked":"Singing Bowl","floor":55}],"player_experience":862927,"relics_obtained":[{"floor":7.0,"key":"Juzu Bracelet"},{"floor":9.0,"key":"Anchor"},{"floor":10.0,"key":"Oddly Smooth Stone"},{"floor":24.0,"key":"CeramicFish"},{"floor":26.0,"key":"Toxic Egg 2"},{"floor":30.0,"key":"Shuriken"},{"floor":40,"key":"Singing Bowl"},{"floor":43,"key":"Molten Egg 2"},{"floor":44,"key":"Mercury Hourglass"},{"floor":46,"key":"Happy Flower"},{"floor":55,"key":"Eternal Feather"}],"event_choices":[{"damage_healed":0.0,"max_hp_gain":0.0,"max_hp_loss":0.0,"gold_gain":0.0,"event_name":"Shining Light","player_choice":"Entered Light","floor":3.0,"gold_loss":0.0,"damage_taken":18.0,"cards_upgraded":["Strike_G","Acrobatics"]},{"damage_healed":0.0,"max_hp_gain":0.0,"max_hp_loss":0.0,"gold_gain":0.0,"event_name":"Lab","player_choice":"Got Potions","floor":5.0,"gold_loss":0.0,"damage_taken":0.0},{"damage_healed":0.0,"max_hp_gain":0.0,"max_hp_loss":0.0,"gold_gain":0.0,"event_name":"FaceTrader","player_choice":"Trade","floor":13.0,"gold_loss":0.0,"damage_taken":0.0,"relics_obtained":["SsserpentHead"]},{"damage_healed":0.0,"max_hp_gain":0.0,"max_hp_loss":0.0,"gold_gain":0.0,"event_name":"Dead Adventurer","player_choice":"Searched \u00272\u0027 times","floor":14.0,"gold_loss":0.0,"damage_taken":0.0,"relics_obtained":["Kunai"]},{"damage_healed":0.0,"max_hp_gain":0.0,"max_hp_loss":0.0,"gold_gain":0.0,"event_name":"Ghosts","player_choice":"Ignored","floor":19.0,"gold_loss":0.0,"damage_taken":0.0},{"cards_removed":["Strike_G"],"damage_healed":0.0,"max_hp_gain":0.0,"max_hp_loss":0.0,"gold_gain":0.0,"event_name":"Beggar","player_choice":"Gave Gold","floor":20.0,"gold_loss":75.0,"damage_taken":0.0},{"damage_healed":0.0,"max_hp_gain":0.0,"max_hp_loss":0.0,"gold_gain":100.0,"event_name":"The Joust","player_choice":"Bet on Murderer","floor":21.0,"gold_loss":50.0,"damage_taken":0.0},{"damage_healed":0.0,"max_hp_gain":0.0,"max_hp_loss":0.0,"gold_gain":0.0,"event_name":"The Mausoleum","player_choice":"Ignored","floor":22.0,"gold_loss":0.0,"damage_taken":0.0},{"damage_healed":0.0,"max_hp_gain":0.0,"max_hp_loss":0.0,"gold_gain":0.0,"event_name":"The Library","player_choice":"Read","floor":28.0,"gold_loss":0.0,"damage_taken":0.0,"cards_obtained":["Concentrate"]},{"damage_healed":0,"gold_gain":0,"player_choice":"Upgraded","damage_taken":0,"max_hp_gain":0,"max_hp_loss":0,"event_name":"Upgrade Shrine","floor":36,"gold_loss":0,"cards_upgraded":["A Thousand Cuts"]},{"damage_healed":0,"gold_gain":0,"player_choice":"Embrace Madness","damage_taken":11,"max_hp_gain":0,"max_hp_loss":0,"event_name":"Winding Halls","floor":39,"gold_loss":0,"cards_obtained":["Madness","Madness"]}],"is_beta":false,"boss_relics":[{"not_picked":["Calling Bell","Sozu"],"picked":"Runic Dome"},{"not_picked":["Runic Pyramid","Fusion Hammer"],"picked":"Pandora\u0027s Box"}],"items_purged_floors":[4,11,27,37,47,54],"is_endless":false,"potions_floor_spawned":[2,14,30,33,42,45,48],"ascension_level":20}}