{"host":"j6locglyv7e0c0tm","time":1607992013,"event":{"mods":["BaseMod","Better Altar","Better Match","Better Note","Better Sensory Stone","Better Skull","Better Third Choice","Better Vampires","BetterRewards","Card Forge","Colored Powertips","Custom Start","DeckTracker","Downfall","Googly Eyes","Hermit","Highlight Path","Jorbs\u0027s Wanderer Trilogy","Marked Mod","Minty Spire (QoL Compilation)","Relic Stats","Replay The Spire","Shade Mod","Shop Mod","StSLib","Swap Starting Deck Mod","The Runesmith","TheFirefly"],"gold_per_floor":[118,37,53,66,78,97,97,97,97],"floor_reached":8,"playtime":379,"items_purged":[],"score":50,"play_id":"ab16971e-e7f0-487c-9469-248f90163546","local_time":"20201215112653","is_ascension_mode":false,"campfire_choices":[{"data":"hermit:HighNoon","floor":7,"key":"SMITH"}],"circlet_count":0,"master_deck":["hermit:Strike_Hermit","hermit:Strike_Hermit","hermit:Strike_Hermit","hermit:Strike_Hermit","hermit:Defend_Hermit","hermit:Defend_Hermit","hermit:Defend_Hermit","hermit:Defend_Hermit","hermit:Snapshot","hermit:Covet","hermit:HighNoon+1","hermit:HighCaliber","expansioncontent:Chronoboost","hermit:Maintenance","hermit:Showdown"],"relics":["hermit:Momento","Hammer of Thor","Seething Fire","Anvil of the Gods"],"acts_visited":["Exordium"],"potions_floor_usage":[],"damage_taken":[{"damage":0,"enemies":"Small Slimes","floor":1,"turns":3},{"damage":11,"enemies":"Jaw Worm","floor":3,"turns":5},{"damage":12,"enemies":"Cultist","floor":4,"turns":6},{"damage":13,"enemies":"Large Slime","floor":5,"turns":4},{"damage":17,"enemies":"3 Louse","floor":6,"turns":4},{"damage":30,"enemies":"Lagavulin","floor":8,"turns":7}],"seed_played":"-2897241709044991012","potions_obtained":[{"floor":5,"key":"Elixir"},{"floor":6,"key":"Cursed Concoction"}],"is_trial":false,"path_per_floor":["M","$","M","M","M","M","R","E"],"character_chosen":"HERMIT","items_purchased":["expansioncontent:Chronoboost"],"campfire_rested":0,"item_purchase_floors":[2],"current_hp_per_floor":[75,75,64,52,39,22,22,0,0],"gold":97,"neow_bonus":"ONE_RANDOM_RARE_CARD","is_daily":false,"chose_seed":false,"campfire_upgraded":1,"win_rate":0.0,"timestamp":1607992013,"path_taken":["M","$","M","M","M","M","R","E"],"items_purchased_type":["Card"],"build_version":"2020-12-13","purchased_purges":0,"victory":false,"max_hp_per_floor":[75,75,75,75,75,75,75,75,75],"relic_stats":{"counters":[6,29],"obtain_stats":[{"Anvil of the Gods":0,"Hammer of Thor":0,"Seething Fire":0,"hermit:Momento":0},{"Anvil of the Gods":0,"Hammer of Thor":0,"Seething Fire":0,"hermit:Momento":0},{"Anvil of the Gods":0,"Hammer of Thor":0,"Seething Fire":0,"hermit:Momento":0}]},"card_choices":[{"not_picked":["hermit:TrackingShot","hermit:Glare"],"picked":"hermit:HighCaliber","floor":1},{"not_picked":["hermit:Enervate","hermit:Desperado"],"picked":"hermit:Maintenance","floor":3},{"not_picked":["hermit:Coalescence","hermit:WideOpen"],"picked":"hermit:Showdown","floor":4},{"not_picked":["hermit:LuckOfTheDraw","hermit:Snipe","hermit:LowProfile"],"picked":"SKIP","floor":5},{"not_picked":["hermit:NoHoldsBarred","hermit:Headshot","hermit:SprayPray"],"picked":"SKIP","floor":6}],"player_experience":785697,"relics_obtained":[],"event_choices":[],"is_beta":false,"boss_relics":[],"items_purged_floors":[],"is_endless":false,"potions_floor_spawned":[5,6],"killed_by":"Lagavulin","ascension_level":0}}