{"host":"y30n8hbqlqxhztg8","time":1607998663,"event":{"mods":["A Magickal Journey","AchievementEnabler","BaseMod","BetterRewards","Block Reminder","Colored Map","Conspire","Downfall","GifTheSpireLib","Glutton Mod","Hubris","Infinite Spire","Koishi","Marisa????????","Minty Spire (QoL Compilation)","Prisma Mod","Replay The Spire","Shop Mod","Somnambulant","StSLib","Stuff the Spire","The Factory","The Jungle","[IsaacMod]????"],"gold_per_floor":[115,125,144,144,163,163,25,25,51,64,83,94,106,124,124,219,219,238,248,248,261,278,278,278],"floor_reached":23,"playtime":961,"items_purged":[],"score":191,"play_id":"362eb26d-04c8-4e87-8390-8578fb0d8ee7","local_time":"20201214181743","is_ascension_mode":false,"campfire_choices":[{"data":"Defend_R","floor":6,"key":"SMITH"},{"data":"Defend_R","floor":8,"key":"SMITH"},{"data":"Seeing Red","floor":15,"key":"SMITH"}],"circlet_count":0,"master_deck":["Strike_R","Strike_R","Strike_R","Strike_R","Strike_R","Defend_R+1","Defend_R","Defend_R+1","Defend_R","Bash","Iron Wave","Cleave","conspire:ExplosiveBarrier","conspire:ExplosiveBarrier","Demon Form","Whirlwind","Wild Strike+1","Seeing Red+1","Metallicize+1","Iron Wave","Uppercut"],"relics":["Burning Blood","HushsDoor","YumHeart","NeowsBlessing","Dream Catcher","Smiling Mask","SlaversCollar"],"acts_visited":["Exordium","TheCity"],"potions_floor_usage":[16,22,22,23,23],"damage_taken":[{"damage":0,"enemies":"infinitespire:Voidling","floor":1,"turns":1},{"damage":0,"enemies":"2 Louse","floor":2,"turns":1},{"damage":0,"enemies":"Small Slimes","floor":3,"turns":1},{"damage":2,"enemies":"Blue Slaver","floor":5,"turns":4},{"damage":0,"enemies":"2 Fungi Beasts","floor":10,"turns":5},{"damage":6,"enemies":"Red Slaver","floor":11,"turns":5},{"damage":0,"enemies":"Looter","floor":12,"turns":3},{"damage":10,"enemies":"Large Slime","floor":13,"turns":5},{"damage":8,"enemies":"Gremlin Gang","floor":14,"turns":4},{"damage":45,"enemies":"Slime Boss","floor":16,"turns":10},{"damage":14,"enemies":"Chosen","floor":18,"turns":4},{"damage":16,"enemies":"3 Byrds","floor":19,"turns":6},{"damage":44,"enemies":"Sentry and Sphere","floor":21,"turns":8},{"damage":22,"enemies":"Centurion and Healer","floor":22,"turns":9},{"damage":28,"enemies":"conspire:Head Lice","floor":23,"turns":5}],"seed_played":"-7845443584855935855","potions_obtained":[{"floor":3,"key":"LifebloodPotion"},{"floor":5,"key":"FearPotion"},{"floor":12,"key":"Energy Potion"},{"floor":16,"key":"Fire Potion"},{"floor":22,"key":"BlessingOfTheForge"}],"is_trial":false,"path_per_floor":["M","M","M","?","M","R","$","R","T","M","M","M","M","M","R","B",null,"M","M","?","M","M","E"],"character_chosen":"IRONCLAD","items_purchased":["Demon Form"],"campfire_rested":0,"item_purchase_floors":[7],"current_hp_per_floor":[80,80,80,80,80,80,80,80,80,80,80,80,76,74,74,35,80,72,80,80,42,26,0,0],"gold":278,"neow_bonus":"THREE_ENEMY_KILL","is_daily":false,"chose_seed":false,"campfire_upgraded":3,"win_rate":0.0,"timestamp":1607998663,"path_taken":["M","M","?","?","M","R","$","R","T","M","M","M","M","M","R","BOSS","M","M","?","M","?","E"],"items_purchased_type":["Card"],"build_version":"2020-12-13","purchased_purges":0,"victory":false,"max_hp_per_floor":[80,80,80,80,80,80,80,80,80,80,80,80,80,80,80,80,80,80,80,80,80,80,80,80],"card_choices":[{"not_picked":[],"picked":"Bomb","floor":0},{"not_picked":["Defy Death","StuffTheSpire:Pyroclast"],"picked":"Iron Wave","floor":1},{"not_picked":["Hemokinesis","Shrug It Off"],"picked":"Cleave","floor":2},{"not_picked":["Dropkick","Replay:Undeath\u0027s Touch"],"picked":"conspire:ExplosiveBarrier","floor":3},{"not_picked":["Spot Weakness","Clash"],"picked":"conspire:ExplosiveBarrier","floor":5},{"not_picked":["Twin Strike","Anger"],"picked":"Whirlwind","floor":10},{"not_picked":["Body Slam","Iron Wave"],"picked":"Wild Strike","floor":11},{"not_picked":["Headbutt","Replay:Undeath\u0027s Touch"],"picked":"Seeing Red","floor":12},{"not_picked":["Battle Trance","Defy Death","Replay:Undeath\u0027s Touch"],"picked":"SKIP","floor":13},{"not_picked":["Pommel Strike","Headbutt","Body Slam"],"picked":"SKIP","floor":14},{"not_picked":["Cleave","Armaments"],"picked":"Metallicize+1","floor":18},{"not_picked":["hubris:ReadiedAction+1","Warcry"],"picked":"Iron Wave","floor":19},{"not_picked":["hubris:ReadiedAction+1","Spot Weakness","Headbutt+1"],"picked":"SKIP","floor":21},{"not_picked":["StuffTheSpire:Resist","Sever Soul+1"],"picked":"Uppercut","floor":22}],"player_experience":47831,"relics_obtained":[{"floor":4,"key":"Dream Catcher"},{"floor":9,"key":"Smiling Mask"}],"event_choices":[],"is_beta":false,"boss_relics":[{"not_picked":["ReplayTheSpireMod:DimensionalGlitch","conspire:RunicOctahedron"],"picked":"SlaversCollar"},{"not_picked":[]}],"items_purged_floors":[],"is_endless":false,"potions_floor_spawned":[3,5,12,16,21,22],"killed_by":"conspire:Head Lice","ascension_level":0}}