{"host":"lctcqud4f9t1q6q5","time":1607997032,"event":{"mods":["BaseMod","Better Vampires","Block Reminder","Colored Map","Colored Powertips","Downfall","Highlight Path","KinomotoSakuraMod(木之本樱)","Lobotomy","LobotomyExtend","Marisa（F雨　魔理沙）","Minty Spire (QoL Compilation)","Reimu（博丽灵梦）","Relic Stats","Replay The Spire","RumiaBox-露米娅的神秘盒子","Shop Mod","Spicy Shops","StSLib","TestMod","The Bug Knight","WarShipGirlsR/战舰少女R mod","【功能Mod】混沌之环修复补丁","篝火指南"],"gold_per_floor":[113,133,133,153,44,65,101,101,152,188,229,229,254,278,278,420,420,448,723,135,171,171,212,212,247,328,378,383,383],"floor_reached":28,"playtime":1778,"items_purged":["Regret"],"score":355,"play_id":"e8bcc409-3f79-4120-bd51-e79bd3cb72d3","local_time":"20201215095032","is_ascension_mode":true,"campfire_choices":[{"floor":12.0,"key":"REST"},{"data":"Pot Of Greed","floor":15.0,"key":"SMITH"},{"data":"champ:Devastate","floor":24.0,"key":"SMITH"}],"circlet_count":0,"master_deck":["Finesse","champ:Duel","champ:CrookedStrike","champ:Encircle+1","champ:Shatter","champ:HeavySlash","champ:HoldFirm","champ:CrownThrow","champ:VampiricStrike","champ:StrikeOfGenius","champ:SteelEdge","champ:Devastate+1","champ:CheapShot","champ:IgnorePain","champ:Improvising","Injury","Pot Of Greed+1","Pot Of Greed","champ:LastStand","champ:FalseCounter+1"],"relics":["champ:ChampionCrown","testmod-TestBox","testmod-Acrobat","FaceOfCleric","Juzu Bracelet","SumBook","Golden Idol","Odd Mushroom","LetterFromLob","Ring of Chaos","MerchantsRug","Singing Bowl","HandDrill","Iron Hammer","Bag of Marbles","HornCleat"],"acts_visited":["Exordium","TheCity"],"potions_floor_usage":[28],"damage_taken":[{"damage":7.0,"enemies":"Small Slimes","floor":1.0,"turns":4.0},{"damage":4.0,"enemies":"Cultist","floor":2.0,"turns":3.0},{"damage":0.0,"enemies":"Jaw Worm","floor":4.0,"turns":3.0},{"damage":16.0,"enemies":"2 Fungi Beasts","floor":6.0,"turns":3.0},{"damage":35.0,"enemies":"3 Sentries","floor":7.0,"turns":7.0},{"damage":42.0,"enemies":"The Mushroom Lair","floor":10.0,"turns":5.0},{"damage":20.0,"enemies":"Lagavulin","floor":11.0,"turns":6.0},{"damage":0.0,"enemies":"Red Slaver","floor":13.0,"turns":4.0},{"damage":0.0,"enemies":"Looter","floor":14.0,"turns":2.0},{"damage":42.0,"enemies":"The Guardian","floor":16.0,"turns":8.0},{"damage":24.0,"enemies":"3 Byrds","floor":18.0,"turns":7.0},{"damage":102.0,"enemies":"Slavers","floor":23.0,"turns":9.0},{"damage":31.0,"enemies":"Book of Stabbing","floor":25.0,"turns":4.0},{"damage":20,"enemies":"Slavers","floor":28,"turns":1}],"seed_played":"4011756708201263047","potions_obtained":[{"floor":2.0,"key":"Death Potion"},{"floor":11.0,"key":"Block Potion"},{"floor":13.0,"key":"Adrenaline Potion"},{"floor":16.0,"key":"testmod-TimePotion"},{"floor":18.0,"key":"Dexterity Potion"},{"floor":25.0,"key":"champ:OpenerPotion"}],"is_trial":false,"path_per_floor":["M","M","?","M","$","M","E","?","T","?","E","R","M","M","R","B",null,"M","?","$","$","M","E","R","E","T","?","E"],"character_chosen":"THE_CHAMP","items_purchased":["Juzu Bracelet","champ:Encircle+1","MerchantsRug","Singing Bowl","HandDrill"],"campfire_rested":1,"item_purchase_floors":[5,5,20,20,20],"current_hp_per_floor":[88,84,84,85,85,77,58,58,58,29,44,72,83,84,84,91,98,98,98,98,98,98,46,46,18,18,18,0,0],"gold":383,"neow_bonus":"RANDOM_COLORLESS","is_daily":false,"chose_seed":false,"campfire_upgraded":2,"win_rate":0.0,"timestamp":1607997032,"path_taken":["M","M","?","?","?","M","E","?","T","?","E","R","M","M","R","BOSS","M","?","?","$","M","E","R","E","T","?","E"],"items_purchased_type":["Relic","Card","Relic","Relic","Relic"],"build_version":"2020-12-13","purchased_purges":1,"victory":false,"max_hp_per_floor":[90,90,90,91,91,92,93,93,93,94,95,95,96,97,97,98,98,99,99,99,99,99,100,100,103,103,103,103,103],"relic_stats":{"FaceOfCleric":11,"Singing Bowl":2,"counters":[14,66],"Golden Idol":62,"Juzu Bracelet":0,"HandDrill":[0],"obtain_stats":[{"MerchantsRug":20,"testmod-TestBox":0,"Singing Bowl":20,"Golden Idol":8,"champ:ChampionCrown":0,"Ring of Chaos":17,"Juzu Bracelet":5,"Odd Mushroom":10,"HornCleat":26,"FaceOfCleric":3,"testmod-Acrobat":0,"Iron Hammer":23,"LetterFromLob":14,"HandDrill":20,"Bag of Marbles":25,"Grinning Jar":11,"SumBook":7},{"MerchantsRug":11,"testmod-TestBox":0,"Singing Bowl":11,"Golden Idol":5,"champ:ChampionCrown":0,"Ring of Chaos":10,"Juzu Bracelet":3,"Odd Mushroom":6,"HornCleat":13,"FaceOfCleric":2,"testmod-Acrobat":0,"Iron Hammer":12,"LetterFromLob":9,"HandDrill":11,"Bag of Marbles":13,"Grinning Jar":7,"SumBook":5},{"MerchantsRug":52,"testmod-TestBox":0,"Singing Bowl":52,"Golden Idol":20,"champ:ChampionCrown":0,"Ring of Chaos":45,"Juzu Bracelet":10,"Odd Mushroom":25,"HornCleat":65,"FaceOfCleric":7,"testmod-Acrobat":0,"Iron Hammer":61,"LetterFromLob":37,"HandDrill":52,"Bag of Marbles":65,"Grinning Jar":31,"SumBook":20}]},"card_choices":[{"not_picked":["Replay:Bootleg Shield Generator","Replay:SS_forest_2"],"picked":"Finesse","floor":0.0},{"not_picked":["champ:BerserkersShout","champ:RecklessLeap"],"picked":"champ:Duel","floor":1.0},{"not_picked":["champ:Encircle","champ:FlashCut","champ:ShieldSigil"],"picked":"SKIP","floor":2.0},{"not_picked":["champ:FocusedGladiator","champ:DefensiveShout"],"picked":"champ:CrookedStrike","floor":4.0},{"not_picked":["champ:SwordSigil","champ:Riposte"],"picked":"champ:Shatter","floor":6.0},{"not_picked":["champ:SwordSigil","champ:BerserkersShout","champ:FanOfKnives"],"picked":"SKIP","floor":7.0},{"not_picked":["champ:Improvising","champ:Devastate","champ:BladeFlurry"],"picked":"SKIP","floor":11.0},{"not_picked":["champ:CrookedStrike","champ:Circumvent","champ:Encircle"],"picked":"SKIP","floor":13.0},{"not_picked":["champ:CrookedStrike","champ:RapidStrikes","champ:ArenaPreparation"],"picked":"SKIP","floor":14.0},{"not_picked":["champ:ShieldThrow","champ:PerfectForm"],"picked":"champ:LastStand","floor":16.0},{"not_picked":["champ:GladiatorStyle","champ:AdrenalArmor","champ:FanOfKnives"],"picked":"SKIP","floor":18.0},{"not_picked":["champ:GladiatorsShout+1","champ:FightOn"],"picked":"champ:FalseCounter+1","floor":23.0},{"not_picked":["champ:DefensiveShout","champ:TornadoPunch","champ:DeathBlow"],"picked":"Singing Bowl","floor":25.0}],"player_experience":315563,"relics_obtained":[{"floor":7.0,"key":"SumBook"},{"floor":10.0,"key":"Odd Mushroom"},{"floor":11.0,"key":"Grinning Jar"},{"floor":14.0,"key":"LetterFromLob"},{"floor":23.0,"key":"Iron Hammer"},{"floor":25.0,"key":"Bag of Marbles"},{"floor":26.0,"key":"HornCleat"}],"event_choices":[{"damage_healed":0.0,"max_hp_gain":0.0,"max_hp_loss":0.0,"gold_gain":0.0,"event_name":"FaceTrader","player_choice":"Trade","floor":3.0,"gold_loss":0.0,"damage_taken":0.0,"relics_obtained":["FaceOfCleric"]},{"damage_healed":0.0,"max_hp_gain":0.0,"max_hp_loss":0.0,"gold_gain":0.0,"event_name":"Golden Idol","player_choice":"Take Wound","floor":8.0,"gold_loss":0.0,"damage_taken":0.0,"relics_obtained":["Golden Idol"],"cards_obtained":["Injury"]},{"damage_healed":0.0,"max_hp_gain":0.0,"max_hp_loss":0.0,"gold_gain":0.0,"event_name":"Mushrooms","player_choice":"Fought Mushrooms","floor":10.0,"gold_loss":0.0,"damage_taken":0.0},{"damage_healed":0.0,"max_hp_gain":0.0,"max_hp_loss":0.0,"gold_gain":275.0,"event_name":"Golden Shrine","player_choice":"Desecrate","floor":19.0,"gold_loss":0.0,"damage_taken":0.0,"cards_obtained":["Regret"]},{"damage_healed":0,"gold_gain":100,"player_choice":"Bet on Murderer","damage_taken":0,"max_hp_gain":0,"max_hp_loss":0,"event_name":"The Joust","floor":27,"gold_loss":50}],"is_beta":false,"boss_relics":[{"not_picked":["testmod-Nine","Replay:Wanted Poster"],"picked":"Ring of Chaos"}],"items_purged_floors":[20],"is_endless":false,"potions_floor_spawned":[2,11,13,16,18,25],"killed_by":"Slavers","ascension_level":1}}