{"host":"f0gpob8hq9vgebej","time":1607992473,"event":{"mods":["AchievementEnabler","BaseMod","Googly Eyes","Minty Spire (QoL Compilation)","Quick Restart","SuperFastMode"],"gold_per_floor":[109,124,137,137,155,155,189,203,279,279,293,308,327,23,23,126,126,139,150,50,50,64,64,64,64],"floor_reached":24,"playtime":659,"items_purged":["Strike_G","Strike_G"],"score":242,"play_id":"3276de70-effc-4807-b48d-488e615f3e66","local_time":"20201215093433","is_ascension_mode":true,"campfire_choices":[{"data":"Noxious Fumes","floor":6,"key":"SMITH"},{"data":"Deadly Poison","floor":10,"key":"SMITH"},{"data":"Burst","floor":15,"key":"SMITH"},{"data":"Phantasmal Killer","floor":23,"key":"SMITH"}],"circlet_count":0,"master_deck":["Strike_G","Defend_G","Defend_G","Survivor","Neutralize","Bane","Backflip","Masterful Stab","Dagger Spray","Calculated Gamble","Noxious Fumes+1","Deadly Poison+1","Poisoned Stab","Burst+1","Footwork","Phantasmal Killer+1","All Out Attack+1","Masterful Stab+1","Catalyst+1","Acrobatics"],"relics":["Ring of the Snake","Ice Cream","Pantograph","Anchor","Astrolabe"],"acts_visited":["Exordium","TheCity"],"potions_floor_usage":[7,11],"damage_taken":[{"damage":0,"enemies":"Jaw Worm","floor":1,"turns":4},{"damage":0,"enemies":"Cultist","floor":2,"turns":3},{"damage":0,"enemies":"2 Louse","floor":3,"turns":1},{"damage":24,"enemies":"Exordium Thugs","floor":5,"turns":6},{"damage":15,"enemies":"Lagavulin","floor":7,"turns":5},{"damage":0,"enemies":"Exordium Wildlife","floor":8,"turns":2},{"damage":10,"enemies":"Lots of Slimes","floor":11,"turns":3},{"damage":1,"enemies":"Looter","floor":12,"turns":3},{"damage":2,"enemies":"2 Fungi Beasts","floor":13,"turns":3},{"damage":27,"enemies":"Hexaghost","floor":16,"turns":8},{"damage":5,"enemies":"Shell Parasite","floor":18,"turns":4},{"damage":15,"enemies":"2 Thieves","floor":19,"turns":3},{"damage":32,"enemies":"Centurion and Healer","floor":22,"turns":4},{"damage":11,"enemies":"Shelled Parasite and Fungi","floor":24,"turns":2}],"seed_played":"2623111217615435551","potions_obtained":[{"floor":1,"key":"SmokeBomb"},{"floor":5,"key":"ColorlessPotion"},{"floor":8,"key":"EssenceOfSteel"},{"floor":11,"key":"Ancient Potion"},{"floor":19,"key":"BlessingOfTheForge"},{"floor":22,"key":"CultistPotion"}],"is_trial":false,"path_per_floor":["M","M","M","?","M","R","E","M","T","R","M","M","M","$","R","B",null,"M","M","$","?","M","R","M"],"character_chosen":"THE_SILENT","items_purchased":["Anchor","Footwork"],"campfire_rested":0,"item_purchase_floors":[14,14],"current_hp_per_floor":[63,63,63,63,39,39,24,24,24,24,14,13,11,11,11,9,63,58,43,43,43,11,11,0,0],"gold":64,"neow_bonus":"TRANSFORM_TWO_CARDS","is_daily":false,"chose_seed":false,"campfire_upgraded":4,"win_rate":0.0,"timestamp":1607992473,"path_taken":["M","M","M","?","M","R","E","?","T","R","M","M","M","$","R","BOSS","M","M","$","?","?","R","M"],"items_purchased_type":["Relic","Card"],"build_version":"2020-12-13","purchased_purges":2,"victory":false,"max_hp_per_floor":[63,63,63,63,63,63,63,63,63,63,63,63,63,63,63,63,63,63,63,63,63,63,63,63,63],"card_choices":[{"not_picked":["Outmaneuver","Underhanded Strike"],"picked":"Masterful Stab","floor":1},{"not_picked":["Finisher","Quick Slash"],"picked":"Dagger Spray","floor":2},{"not_picked":["Outmaneuver","Dodge and Roll","Bane"],"picked":"SKIP","floor":3},{"not_picked":["Dagger Spray","All Out Attack"],"picked":"Noxious Fumes","floor":5},{"not_picked":["Infinite Blades","Flying Knee","Flechettes"],"picked":"SKIP","floor":7},{"not_picked":["Finisher","Poisoned Stab"],"picked":"Deadly Poison","floor":8},{"not_picked":["Predator","Slice","Dagger Throw"],"picked":"SKIP","floor":11},{"not_picked":["Deflect","Predator"],"picked":"Poisoned Stab","floor":12},{"not_picked":["Slice","Choke"],"picked":"Burst","floor":13},{"not_picked":["Night Terror","Storm of Steel"],"picked":"Phantasmal Killer","floor":16},{"not_picked":["Dodge and Roll","Dagger Spray+1","Deflect"],"picked":"SKIP","floor":18},{"not_picked":["Flying Knee","Infinite Blades+1","Terror"],"picked":"SKIP","floor":19},{"not_picked":["Concentrate","Tools of the Trade"],"picked":"Acrobatics","floor":22}],"player_experience":131781,"relics_obtained":[{"floor":7,"key":"Ice Cream"},{"floor":9,"key":"Pantograph"}],"event_choices":[{"damage_healed":0,"gold_gain":0,"player_choice":"1 cards matched","damage_taken":0,"max_hp_gain":0,"max_hp_loss":0,"event_name":"Match and Keep!","floor":4,"gold_loss":0,"cards_obtained":["Calculated Gamble"]},{"damage_healed":0,"gold_gain":0,"player_choice":"Bought 0 Potions","damage_taken":0,"max_hp_gain":0,"max_hp_loss":0,"event_name":"The Woman in Blue","floor":21,"gold_loss":0}],"is_beta":false,"boss_relics":[{"not_picked":["Coffee Dripper","Velvet Choker"],"picked":"Astrolabe"}],"items_purged_floors":[14,20],"is_endless":false,"potions_floor_spawned":[1,5,8,11,19,22],"killed_by":"Shelled Parasite and Fungi","ascension_level":4}}