{"host":"rwzz6mk6bpmb57ql","time":1607997970,"event":{"mods":["BaseMod","BetterRewards","Colored Map","Highlight Path","Hubris","Minty Spire (QoL Compilation)","Replay The Spire","StSLib"],"gold_per_floor":[3112,2983,2020,2036,1792,1792,1804,1836,1836,1851,1300,1300,1325,1392,1392,1494,1494,1511,1529,654,688,701,701,727,779,828,828,856,856,296,307,307,402,402,422,439,8,24,24,56,56,91,91,123,174,58,58,70,70,70],"floor_reached":51,"playtime":2457,"items_purged":["Defend_R","Defend_R","Strike_R","Defend_R"],"score":1148,"play_id":"8898fe46-6058-409d-b2ff-a62eb0bca719","local_time":"20201214200610","is_ascension_mode":true,"campfire_choices":[{"data":"Double Tap","floor":6,"key":"SMITH"},{"data":"Sword Boomerang","floor":15,"key":"SMITH"},{"data":"Replay:Many Hands","floor":23,"key":"SMITH"},{"data":"Uppercut","floor":27,"key":"SMITH"},{"data":"Consecrate","floor":29,"key":"SMITH"},{"data":"Rupture","floor":32,"key":"PURGE"},{"data":"Wallop","floor":41,"key":"SMITH"},{"data":"Bloodletting","floor":49,"key":"SMITH"}],"circlet_count":0,"master_deck":["Strike_R","Strike_R+1","Strike_R+1","Strike_R","Defend_R","Bash+1","Double Tap+1","Pommel Strike","hubris:EnhanceAbility+1","Flash of Steel","Sword Boomerang+1","Swift Strike","Dropkick","ReplayTheSpireMod:LeadingStrike","Uppercut+1","Heavy Blade","Replay:Many Hands+1","Replay:Undeath\u0027s Touch","Consecrate+1","CutThroughFate","Replay:Many Hands+1","Bloodletting","Inflame","Wallop+1","Brutality+1","Bloodletting+1","ReplayTheSpireMod:LeadingStrike+1"],"relics":["Burning Blood","hubris:Metronome","Blue Doll","hubris:DisguiseKit","hubris:EmptyBottle","hubris:ToyBattleship","Toy Ornithopter","Bag of Marbles","hubris:GlazedTorus","Bronze Scales","hubris:ChampionShield","Orichalcum","SacredBark","hubris:Zylophone","Ginger","Lee\u0027s Waffle","Red Mask","Ancient Tea Set","Nunchaku","hubris:TenFootPole","CaptainsWheel","Whetstone","Snack Pack","hubris:Backtick","Chemical X","Guide Book","Ornamental Fan","hubris:CuriousFeather","Centennial Puzzle","Blood Vial","hubris:SlimyHat","Incense Burner"],"acts_visited":["Exordium","TheCity","TheBeyond"],"potions_floor_usage":[13,13,16,16,16,16,16,16,16,16,16,16,16,16,18,21,21,28,33,33,36,40,40,42,45,45,50,50,50,50],"damage_taken":[{"damage":11,"enemies":"Jaw Worm","floor":1,"turns":3},{"damage":0,"enemies":"Cultist","floor":4,"turns":2},{"damage":0,"enemies":"2 Louse","floor":7,"turns":2},{"damage":0,"enemies":"Gremlin Nob","floor":8,"turns":2},{"damage":7,"enemies":"Blue Slaver","floor":10,"turns":2},{"damage":3,"enemies":"3 Sentries","floor":13,"turns":4},{"damage":0,"enemies":"Hexaghost","floor":16,"turns":2},{"damage":0,"enemies":"Chosen","floor":18,"turns":3},{"damage":4,"enemies":"Spheric Guardian","floor":19,"turns":3},{"damage":0,"enemies":"Masked Bandits","floor":21,"turns":2},{"damage":0,"enemies":"Snake Plant","floor":22,"turns":2},{"damage":35,"enemies":"Gremlin Leader","floor":24,"turns":3},{"damage":13,"enemies":"Slavers","floor":28,"turns":3},{"damage":0,"enemies":"Centurion and Healer","floor":31,"turns":2},{"damage":36,"enemies":"Champ","floor":33,"turns":5},{"damage":23,"enemies":"3 Shapes","floor":35,"turns":3},{"damage":9,"enemies":"3 Darklings","floor":36,"turns":3},{"damage":3,"enemies":"Transient","floor":38,"turns":4},{"damage":3,"enemies":"R_Hoarder","floor":40,"turns":2},{"damage":21,"enemies":"Nemesis","floor":42,"turns":3},{"damage":6,"enemies":"R_Hoarder","floor":44,"turns":3},{"damage":12,"enemies":"2 Orb Walkers","floor":45,"turns":2},{"damage":6,"enemies":"4 Shapes","floor":48,"turns":2},{"damage":4,"enemies":"hubris:GrandSnecko","floor":50,"turns":2}],"seed_played":"-4565083723135151150","potions_obtained":[{"floor":7,"key":"EssenceOfSteel"},{"floor":13,"key":"SteroidPotion"},{"floor":14,"key":"BlessingOfTheForge"},{"floor":14,"key":"EntropicBrew"},{"floor":24,"key":"Swift Potion"},{"floor":28,"key":"Dexterity Potion"},{"floor":35,"key":"Energy Potion"},{"floor":38,"key":"BlessingOfTheForge"},{"floor":40,"key":"Strength Potion"},{"floor":44,"key":"Venom Potion"}],"is_trial":false,"path_per_floor":["M","?","$","M","$","R","M","E","T","M","$","?","E","?","R","B",null,"M","M","$","?","M","R","E","T","T","R","E","R","$","M","R_BF","B",null,"M","M","$","M","?","E","R","E","T","E","?","$","?","M","R","B",null],"character_chosen":"IRONCLAD","items_purchased":["Blue Doll","hubris:DisguiseKit","hubris:EmptyBottle","Strength Potion","hubris:EnhanceAbility","Flash of Steel","Sword Boomerang","Swift Strike","hubris:ToyBattleship","hubris:GlazedTorus","Bronze Scales","hubris:Zylophone","Ginger","Lee\u0027s Waffle","Whetstone","Snack Pack","Bloodletting","Guide Book","Ornamental Fan","Bloodletting","ReplayTheSpireMod:LeadingStrike+1"],"campfire_rested":0,"item_purchase_floors":[3,3,3,3,3,3,5,5,5,11,11,20,20,20,30,30,37,37,37,46,46],"current_hp_per_floor":[139,139,139,144,144,144,144,144,144,143,143,143,144,87,87,144,144,144,144,151,151,151,151,122,122,122,122,120,120,120,132,132,122,151,138,148,148,151,151,151,151,136,136,146,151,151,151,151,151,151],"gold":70,"neow_bonus":"THREE_RARE_CARDS","is_daily":false,"chose_seed":false,"campfire_upgraded":7,"win_rate":0.0,"timestamp":1607997970,"path_taken":["M","?","?","M","$","R","?","E","T","?","$","?","E","?","R","BOSS","M","M","$","?","M","R","E","?","T","R","E","R","$","M","R_BF","BOSS","M","M","$","M","?","E","R","E","T","E","?","$","?","M","R","BOSS"],"items_purchased_type":["Relic","Relic","Relic","Potion","Card","Card","Card","Card","Relic","Relic","Relic","Relic","Relic","Relic","Relic","Relic","Card","Relic","Relic","Card","Card"],"build_version":"2020-12-13","purchased_purges":4,"victory":true,"max_hp_per_floor":[144,144,144,144,144,144,144,144,144,144,144,144,144,144,144,144,144,144,144,151,151,151,151,151,151,151,151,151,151,151,151,151,151,151,151,151,151,151,151,151,151,151,151,151,151,151,151,151,151,151],"card_choices":[{"not_picked":["Fiend Fire","Hemogenesis"],"picked":"Double Tap","floor":0},{"not_picked":["Armaments","Twin Strike"],"picked":"Pommel Strike","floor":1},{"not_picked":["ReplayTheSpireMod:Corrosion Curse","Blood for Blood","Evaluate"],"picked":"Rupture","floor":4},{"not_picked":["True Grit","Whirlwind","Rage","Replay:ManipulateFuture"],"picked":"SKIP","floor":7},{"not_picked":["Iron Wave","hubris:ReadiedAction","Protect"],"picked":"Dropkick","floor":8},{"not_picked":["True Grit","Run Through","WreathOfFlame"],"picked":"ReplayTheSpireMod:LeadingStrike","floor":10},{"not_picked":["Defy Death","ReplayTheSpireMod:LeadingStrike","ClearTheMind"],"picked":"Uppercut","floor":13},{"not_picked":["Pummel","Intimidate","Vengeance"],"picked":"Heavy Blade","floor":14},{"not_picked":["Reaper","Feed","Judgement"],"picked":"Replay:Many Hands","floor":16},{"not_picked":["Heavy Blade","Run Through","Ghostly Armor","ThirdEye"],"picked":"SKIP","floor":18},{"not_picked":["ReplayTheSpireMod:Limb From Limb+1","Flex","ClearTheMind"],"picked":"Replay:Undeath\u0027s Touch","floor":19},{"not_picked":["Rage+1","hubris:CleavingFinish","Dropkick","Replay:AtTheReady"],"picked":"SKIP","floor":22},{"not_picked":["Ghostly Armor+1","Demonic Infusion","Body Slam+1"],"picked":"Consecrate","floor":24},{"not_picked":["Clash","ReplayTheSpireMod:LeadingStrike","Body Slam","Worship"],"picked":"SKIP","floor":28},{"not_picked":["Heavy Blade","Armaments+1","Iron Wave"],"picked":"CutThroughFate","floor":31},{"not_picked":["Hemogenesis","Bludgeon","Judgement"],"picked":"Replay:Many Hands","floor":33},{"not_picked":["Searing Blow","Flex+1","Power Through","Pray"],"picked":"SKIP","floor":35},{"not_picked":["ReplayTheSpireMod:Strike From Hell","Rampage","Abandon+1","FollowUp"],"picked":"SKIP","floor":36},{"not_picked":["Twin Strike","Perfected Strike","Evaluate"],"picked":"Inflame","floor":38},{"not_picked":["Uppercut+1","ReplayTheSpireMod:Corrosion Curse","Perfected Strike"],"picked":"Wallop","floor":40},{"not_picked":["Shrug It Off","Headbutt","JustLucky"],"picked":"Brutality","floor":42},{"not_picked":["Warcry+1","Power Through","Flex","WaveOfTheHand"],"picked":"SKIP","floor":44},{"not_picked":["Flex","Barricade","Cleave","Evaluate"],"picked":"SKIP","floor":48}],"player_experience":3541,"relics_obtained":[{"floor":8,"key":"Toy Ornithopter"},{"floor":9,"key":"Bag of Marbles"},{"floor":13,"key":"hubris:ChampionShield"},{"floor":14,"key":"Orichalcum"},{"floor":21,"key":"Red Mask"},{"floor":24,"key":"Ancient Tea Set"},{"floor":25,"key":"Nunchaku"},{"floor":26,"key":"hubris:TenFootPole"},{"floor":28,"key":"CaptainsWheel"},{"floor":40,"key":"hubris:CuriousFeather"},{"floor":42,"key":"Centennial Puzzle"},{"floor":43,"key":"Blood Vial"},{"floor":44,"key":"hubris:SlimyHat"},{"floor":45,"key":"Incense Burner"}],"event_choices":[{"damage_healed":0,"gold_gain":0,"player_choice":"Paid Gold","damage_taken":0,"relics_obtained":["hubris:Metronome"],"max_hp_gain":0,"max_hp_loss":0,"event_name":"WeMeetAgain","floor":2,"gold_loss":129},{"damage_healed":0,"gold_gain":0,"player_choice":"Fought Bandits","damage_taken":0,"max_hp_gain":0,"max_hp_loss":0,"event_name":"Masked Bandits","floor":21,"gold_loss":0},{"damage_healed":0,"gold_gain":0,"player_choice":"Fight","damage_taken":0,"max_hp_gain":0,"max_hp_loss":0,"event_name":"Mysterious Sphere","floor":45,"gold_loss":0}],"is_beta":false,"boss_relics":[{"not_picked":["Snecko Eye","Replay:Ancient Bell"],"picked":"SacredBark"},{"not_picked":["Kintsugi","Replay:Grab Bag"],"picked":"hubris:Backtick"}],"items_purged_floors":[3,11,20,30],"is_endless":false,"potions_floor_spawned":[7,13,24,28,35,38,40,44],"ascension_level":1}}