{"host":"0u21swshytqr30ym","time":1607996946,"event":{"mods":["Act Like it!","BaseMod","Better Third Choice","ChefMod","Colored Map","Hallownest","Hermit","Hubris","Minty Spire (QoL Compilation)","StSLib","The Bug Knight","The Runesmith"],"gold_per_floor":[219,21,21,31,46,46,75,92,115,146,146,160,177,211,211,316,316,330,240,289,301,301,301,75,75,99,124,134,168,168,193,193,295,295,306,161,172,186,203,235,110,110,179,195,224,236,251,411,411,411,411],"floor_reached":50,"playtime":4298,"items_purged":["Hallownest:curseDreamersLament","HollowMod:SoulSplash","HollowMod:SoulSplash"],"score":812,"play_id":"02fb24d0-786d-4136-a3cb-de941db2067f","local_time":"20201214234906","is_ascension_mode":true,"campfire_choices":[{"data":"HollowMod:DashSlash","floor":6,"key":"SMITH"},{"floor":11,"key":"REST"},{"data":"HollowMod:GrimmsGift","floor":15,"key":"SMITH"},{"data":"HollowMod:SlysStrikes","floor":23,"key":"SMITH"},{"data":"HollowMod:DashSlash","floor":30,"key":"SMITH"},{"data":"HollowMod:DesolateDive","floor":32,"key":"SMITH"},{"floor":42,"key":"RECALL"},{"floor":49,"key":"REST"}],"circlet_count":0,"master_deck":["HollowMod:NailStrikeStart","HollowMod:NailStrikeStart","HollowMod:NailStrikeStart","HollowMod:NailStrikeStart+1","HollowMod:QuickDashStart","HollowMod:QuickDashStart","HollowMod:QuickDashStart","HollowMod:FocusHealStart","HollowMod:PogoStrike","HollowMod:SharpenedNail","HollowMod:DashSlash+1","HollowMod:SoulStrike","HollowMod:GrimmsGift+1","HollowMod:QuirrelsAssistance","HollowMod:SlysStrikes+1","HollowMod:DashSlash+1","HollowMod:AwokenDreamNail+1","HollowMod:MantisMark","HollowMod:DesolateDive+1","HollowMod:CornifersMapStart+1","HollowMod:Weaversong","HollowMod:CycloneSlash","HollowMod:DashSlash","HollowMod:LifebloodCocoon+1","HollowMod:CloakDash+1","HollowMod:VengefulSpirit+1"],"relics":["HollowMod:VesselMask","HandDrill","Unceasing Top","Anchor","Sundial","Centennial Puzzle","PreservedInsect","Nunchaku","Sozu","Hallownest:StagBellRelic1","Juzu Bracelet","Hallownest:WatcherSealRelic","Vajra","Omamori","HollowMod:LifeEnderRelic","hubris:PeanutButter","hubris:TerracottaHorce","HollowMod:KingsBrand","Whetstone","Hallownest:GodTamersBeastRelic"],"acts_visited":["Hallownest:Greenpath","Hallownest:CityofTears","Hallownest:KingdomsEdge"],"potions_floor_usage":[14,16,28],"damage_taken":[{"damage":2,"enemies":"Hallownest:2_MossCreeps","floor":1,"turns":5},{"damage":0,"enemies":"Hallownest:monsterHuskWarrior","floor":4,"turns":3},{"damage":5,"enemies":"Hallownest:2_Tiktiks_and_1_Crawlid","floor":5,"turns":3},{"damage":13,"enemies":"Hallownest:eliteMossKnight","floor":7,"turns":8},{"damage":9,"enemies":"Hallownest:Wandering_and_Horned","floor":8,"turns":5},{"damage":25,"enemies":"Hallownest:eliteCrystalGuardian","floor":10,"turns":6},{"damage":0,"enemies":"Hallownest:MossCreep_and_Mosskin","floor":12,"turns":4},{"damage":10,"enemies":"Hallownest:1_Baldur_1_Crawlid_1_Warrior","floor":13,"turns":4},{"damage":0,"enemies":"Hallownest:eliteVengeflyKing","floor":14,"turns":5},{"damage":28,"enemies":"Hallownest:BossFalseKnight","floor":16,"turns":10},{"damage":4,"enemies":"Hallownest:Flukemon_and_Top","floor":18,"turns":5},{"damage":0,"enemies":"Hallownest:2_Mistakes","floor":21,"turns":6},{"damage":12,"enemies":"Hallownest:eliteSoulWarrior","floor":27,"turns":3},{"damage":15,"enemies":"Hallownest:3_Mistakes","floor":28,"turns":4},{"damage":1,"enemies":"Hallownest:eliteWatcherKnight","floor":29,"turns":8},{"damage":0,"enemies":"Hallownest:Nosk","floor":31,"turns":5},{"damage":0,"enemies":"Hallownest:BossSoulMaster","floor":33,"turns":5},{"damage":0,"enemies":"Hallownest:Shield_Heavy","floor":35,"turns":3},{"damage":18,"enemies":"Hallownest:3_Siblings","floor":37,"turns":4},{"damage":0,"enemies":"Hallownest:2_Great","floor":38,"turns":3},{"damage":24,"enemies":"Hallownest:2_Soldiers_and_1_Guardian","floor":39,"turns":3},{"damage":0,"enemies":"Hallownest:StalkingDevout","floor":40,"turns":4},{"damage":0,"enemies":"Hallownest:Shield_Sturdy","floor":44,"turns":3},{"damage":0,"enemies":"Hallownest:eliteCollector","floor":45,"turns":3},{"damage":0,"enemies":"Hallownest:Xero_Hu_Marmu","floor":46,"turns":4},{"damage":0,"enemies":"Hallownest:monsterPrimalAspid","floor":47,"turns":3},{"damage":0,"enemies":"Hallownest:monsterPrimalAspid","floor":48,"turns":2},{"damage":0,"enemies":"Hallownest:monsterPrimalAspid","floor":48,"turns":3},{"damage":28,"enemies":"Hallownest:monsterPrimalAspid","floor":48,"turns":4},{"damage":0,"enemies":"Hallownest:monsterPrimalAspid","floor":48,"turns":2},{"damage":51,"enemies":"Hallownest:BossHollowKnight","floor":50,"turns":4}],"seed_played":"9061252053430331638","potions_obtained":[{"floor":5,"key":"Dexterity Potion"},{"floor":7,"key":"DuplicationPotion"},{"floor":8,"key":"BlessingOfTheForge"},{"floor":16,"key":"SneckoOil"}],"is_trial":false,"path_per_floor":["M","$","?","M","M","R","E","M","T","E","R","M","M","E","R","B",null,"M","?","T","M","?","R","$","?","T","E","M","E","R","E","R","B",null,"M","$","M","M","M","E","$","R","T","M","E","M","M","?","R","B"],"character_chosen":"THE_BUGKNIGHT","items_purchased":["HollowMod:DashSlash","HandDrill","Vajra","HollowMod:DashSlash"],"campfire_rested":2,"item_purchase_floors":[2,2,24,36],"current_hp_per_floor":[75,75,35,41,42,42,35,36,36,17,39,39,35,41,41,19,75,71,71,71,75,75,75,75,71,71,63,48,53,53,59,59,59,71,71,71,59,59,35,35,35,35,35,35,41,41,41,19,41,0,0],"gold":411,"neow_bonus":"HUNDRED_GOLD","is_daily":false,"chose_seed":false,"campfire_upgraded":5,"win_rate":0.0,"timestamp":1607996946,"path_taken":["M","$","?","M","M","R","E","M","T","E","R","M","M","E","R","BOSS","M","?","?","M","?","R","$","?","T","E","M","E","R","E","R","BOSS","M","$","M","M","M","E","?","R","T","M","E","M","M","?","R","BOSS"],"items_purchased_type":["Card","Relic","Relic","Card"],"build_version":"2020-12-13","purchased_purges":3,"victory":false,"max_hp_per_floor":[75,75,75,75,75,75,75,75,75,75,75,75,75,75,75,75,75,75,75,75,75,75,75,75,75,75,75,75,75,75,75,75,75,75,75,75,75,75,75,75,75,75,75,75,75,75,75,75,75,75,75],"card_choices":[{"not_picked":["HollowMod:TaintedHusks","HollowMod:LifebloodCocoon"],"picked":"HollowMod:SharpenedNail","floor":1},{"not_picked":["HollowMod:SoulShaman","HollowMod:InfectionAssault"],"picked":"HollowMod:SoulStrike","floor":4},{"not_picked":["HollowMod:TaintedHusks","HollowMod:CycloneSlash"],"picked":"HollowMod:GrimmsGift","floor":5},{"not_picked":["HollowMod:SharpenedNail","HollowMod:GreatSlash"],"picked":"HollowMod:QuirrelsAssistance","floor":7},{"not_picked":["HollowMod:FallenFury","HollowMod:WraithStrike","HollowMod:CloakDash"],"picked":"SKIP","floor":8},{"not_picked":["HollowMod:InfectedCysts","HollowMod:HowlingWraiths","HollowMod:SharpenedNail"],"picked":"SKIP","floor":10},{"not_picked":["HollowMod:MonarchWings","HollowMod:WraithStrike"],"picked":"HollowMod:SlysStrikes","floor":12},{"not_picked":["HollowMod:GreatSlash","HollowMod:HowlingWraiths","HollowMod:NewJinnsSoul"],"picked":"SKIP","floor":13},{"not_picked":["HollowMod:SoulStrike","HollowMod:ShadowDash"],"picked":"HollowMod:DashSlash","floor":14},{"not_picked":["HollowMod:SlysStrikes","HollowMod:ZotesMagnificence"],"picked":"HollowMod:AwokenDreamNail","floor":16},{"not_picked":["HollowMod:NewJinnsSoul","HollowMod:DescendingDark","HollowMod:InfectedAttack"],"picked":"SKIP","floor":18},{"not_picked":["HollowMod:LuriensSpire","HollowMod:VengefulSpirit"],"picked":"HollowMod:MantisMark","floor":21},{"not_picked":["HollowMod:CornifersMapStart","HollowMod:CrystalDash"],"picked":"HollowMod:DesolateDive","floor":27},{"not_picked":["HollowMod:InfectedCysts","HollowMod:CoiledNail"],"picked":"HollowMod:SoulSplash","floor":28},{"not_picked":["HollowMod:GreatSlash","HollowMod:DescendingDark"],"picked":"HollowMod:SoulSplash","floor":29},{"not_picked":["HollowMod:HeavyBlow","HollowMod:GoodIntentions"],"picked":"HollowMod:CornifersMapStart+1","floor":31},{"not_picked":["HollowMod:SoulMaster","HollowMod:PureVessel"],"picked":"HollowMod:Weaversong","floor":33},{"not_picked":["HollowMod:Grubsong","HollowMod:BlackTendrils+1"],"picked":"HollowMod:CycloneSlash","floor":35},{"not_picked":["HollowMod:DoubleDash","HollowMod:HowlingWraiths"],"picked":"HollowMod:LifebloodCocoon+1","floor":37},{"not_picked":["HollowMod:GoodIntentions","HollowMod:HeavyBlow","HollowMod:FallenFury"],"picked":"SKIP","floor":38},{"not_picked":["HollowMod:Grubsong+1","HollowMod:LifebloodCocoon+1","HollowMod:MawleksShell"],"picked":"SKIP","floor":39},{"not_picked":["HollowMod:Grubsong+1","HollowMod:LifebloodCocoon+1","HollowMod:MawleksShell"],"picked":"SKIP","floor":39},{"not_picked":["HollowMod:ElderbugsWisdom","HollowMod:FastStrike"],"picked":"HollowMod:CloakDash+1","floor":40},{"not_picked":["HollowMod:SiblingsSouls+1","HollowMod:MonarchWings+1"],"picked":"HollowMod:VengefulSpirit+1","floor":44},{"not_picked":["HollowMod:Grubsong","HollowMod:CornifersMapStart+1","HollowMod:theNailsmith"],"picked":"SKIP","floor":45},{"not_picked":["HollowMod:DashSlash","HollowMod:SiblingsShadow","HollowMod:TaintedHusks+1"],"picked":"SKIP","floor":46},{"not_picked":["HollowMod:SoulStrike","HollowMod:ChannelNail+1","HollowMod:SoulSplash"],"picked":"SKIP","floor":47}],"player_experience":339152,"relics_obtained":[{"floor":7,"key":"Sundial"},{"floor":9,"key":"Centennial Puzzle"},{"floor":10,"key":"PreservedInsect"},{"floor":14,"key":"Nunchaku"},{"floor":20,"key":"Juzu Bracelet"},{"floor":26,"key":"Omamori"},{"floor":27,"key":"HollowMod:LifeEnderRelic"},{"floor":31,"key":"hubris:PeanutButter"},{"floor":40,"key":"HollowMod:KingsBrand"},{"floor":45,"key":"Whetstone"}],"event_choices":[],"is_beta":false,"boss_relics":[{"not_picked":["Busted Crown","Ectoplasm"],"picked":"Sozu"},{"not_picked":["Runic Dome","hubris:BlackHole"],"picked":"hubris:TerracottaHorce"}],"items_purged_floors":[24,36,41],"is_endless":false,"potions_floor_spawned":[5,7,8,10,12,16,18,27,28,39,40,44,46,47,48,48],"killed_by":"Hallownest:BossHollowKnight","ascension_level":1}}