{"host":"cijhj3091wf4aho3","time":1607999446,"event":{"mods":["BaseMod","Colored Map","Colored Powertips","Downfall","Friendly Minions","GifTheSpireLib","Highlight Path","Minty Spire (QoL Compilation)","Permanent Neow","Random Character Button","Relic Sorter","Relic Stats","StSLib","everything is the same but u backflip on backflip","slay the spire mod where everything is the same but ironclad has a cowboy hat"],"gold_per_floor":[99,114,132,57,76,176,176,176,205,130,153,63,74,90,106,207,207,207,207,207,207,207,207,207,132,132,132,132,132,17,17,17,17,17,17,17,17,17,17,17,17,17,17,17,17,17,17,17,17,17,17,17,17,17,17,17],"floor_reached":55,"playtime":4880,"items_purged":["champ:FightOn","champ:Defend"],"score":814,"play_id":"173be082-bdc5-402b-a31f-6807a3a601bb","local_time":"20201214183046","is_ascension_mode":false,"campfire_choices":[{"floor":1,"key":"RECALL"},{"data":"champ:StanceDance","floor":4,"key":"SMITH"},{"data":"champ:Taunt","floor":10,"key":"SMITH"},{"data":"champ:Balance","floor":18,"key":"SMITH"},{"data":"champ:Haymaker","floor":25,"key":"SMITH"},{"data":"champ:HoldFirm","floor":27,"key":"SMITH"},{"data":"champ:SkillfulDodge","floor":35,"key":"SMITH"},{"data":"champ:RapidStrikes","floor":39,"key":"SMITH"},{"data":"champ:BladeFlurry","floor":43,"key":"SMITH"},{"data":"expansioncontent:DonusPower","floor":54,"key":"SMITH"}],"circlet_count":0,"master_deck":["champ:Strike","champ:Strike","champ:Strike","champ:Defend+1","champ:Execute","champ:Taunt+1","champ:BladeFlurry+1","champ:StanceDance+1","champ:RapidStrikes+1","champ:PerfectedStrike+1","champ:GladiatorsShout+1","champ:Balance+1","champ:BringItOn","champ:HoldFirm+1","champ:Haymaker+1","champ:RisingSlash+1","champ:SkillfulDodge+1","champ:PerfectedStrike+1","champ:CrookedStrike+1","champ:BringItOn+1","expansioncontent:DonusPower+1","champ:EnGarde+1","champ:ViciousMockery+1"],"relics":["champ:ChampionCrown","downfall:HeartBlessingRed","champ:GladiatorsBookOfMartialProwess","War Paint","downfall:HeartBlessingGreen","Odd Mushroom","Ectoplasm","Guardian:GemstoneGun","Art of War","downfall:HeartBlessingBlue","champ:DefensiveTrainingManual","Runic Dome","Blood Vial","Gambling Chip","Ginger","Membership Card","Lantern"],"acts_visited":["Exordium","TheCity","TheBeyond","TheEnding"],"potions_floor_usage":[20,30,50,50,50,55],"damage_taken":[{"damage":7,"enemies":"Jaw Worm","floor":2,"turns":5},{"damage":5,"enemies":"Small Slimes","floor":3,"turns":2},{"damage":0,"enemies":"Cultist","floor":5,"turns":3},{"damage":26,"enemies":"downfall:Heads","floor":6,"turns":5},{"damage":12,"enemies":"Lagavulin","floor":9,"turns":5},{"damage":5,"enemies":"The Mushroom Lair","floor":11,"turns":3},{"damage":10,"enemies":"downfall:FleeingMerchant","floor":12,"turns":5},{"damage":8,"enemies":"Exordium Thugs","floor":13,"turns":3},{"damage":5,"enemies":"2 Fungi Beasts","floor":14,"turns":3},{"damage":0,"enemies":"Blue Slaver","floor":15,"turns":2},{"damage":30,"enemies":"downfall:Ironclad","floor":16,"turns":7},{"damage":5,"enemies":"3 Byrds","floor":19,"turns":5},{"damage":15,"enemies":"Gremlin Leader","floor":20,"turns":12},{"damage":0,"enemies":"Cultist and Chosen","floor":21,"turns":5},{"damage":5,"enemies":"Book of Stabbing","floor":22,"turns":4},{"damage":6,"enemies":"3 Cultists","floor":23,"turns":4},{"damage":8,"enemies":"Centurion and Healer","floor":28,"turns":4},{"damage":5,"enemies":"Chosen and Byrds","floor":29,"turns":4},{"damage":8,"enemies":"downfall:FleeingMerchant","floor":30,"turns":4},{"damage":10,"enemies":"Sentry and Sphere","floor":32,"turns":4},{"damage":10,"enemies":"downfall:Defect","floor":33,"turns":7},{"damage":0,"enemies":"downfall:FleeingMerchant","floor":36,"turns":1},{"damage":17,"enemies":"3 Darklings","floor":37,"turns":3},{"damage":0,"enemies":"3 Shapes","floor":38,"turns":2},{"damage":12,"enemies":"Nemesis","floor":42,"turns":5},{"damage":0,"enemies":"3 Darklings","floor":45,"turns":3},{"damage":0,"enemies":"Writhing Mass","floor":46,"turns":4},{"damage":10,"enemies":"Mind Bloom Boss Battle","floor":47,"turns":5},{"damage":0,"enemies":"Jaw Worm Horde","floor":49,"turns":4},{"damage":21,"enemies":"downfall:Silent","floor":50,"turns":4},{"damage":10,"enemies":"downfall:CharBossMerchant","floor":52,"turns":7},{"damage":12,"enemies":"downfall:NeowBoss","floor":55,"turns":9}],"seed_played":"-5085328070086239026","potions_obtained":[{"floor":5,"key":"SneckoOil"},{"floor":9,"key":"hexamod:EctoCoolerPotion"},{"floor":11,"key":"BlessingOfTheForge"},{"floor":13,"key":"SteroidPotion"},{"floor":15,"key":"Guardian:BlockOnCardUsePotion"},{"floor":20,"key":"DuplicationPotion"},{"floor":32,"key":"LiquidMemories"},{"floor":45,"key":"Slimebound:ThreeZeroPotion"},{"floor":52,"key":"EssenceOfSteel"}],"is_trial":false,"path_per_floor":["R","M","M","R","M","?","T","?","E","R","?","$","M","M","M","B",null,"R","M","E","M","E","M","T","R","?","R","M","M","$","?","M","B",null,"R","$","M","M","R","$","T","E","R","?","M","M","?","?","M","B",null,"E","$","R","B"],"character_chosen":"THE_CHAMP","items_purchased":[],"campfire_rested":0,"item_purchase_floors":[],"current_hp_per_floor":[90,88,88,88,88,62,62,62,55,55,55,55,52,52,52,37,90,90,90,80,80,80,79,79,89,89,89,89,89,89,89,79,79,100,100,100,83,83,83,83,83,73,73,73,75,77,79,69,71,52,100,100,100,100,88,88],"gold":17,"neow_bonus":"TRANSFORM_CARD","is_daily":false,"chose_seed":false,"campfire_upgraded":9,"win_rate":0.0,"timestamp":1607999446,"path_taken":["R","M","M","R","M","?","T","?","E","R","?","$","M","M","M","BOSS","R","M","E","M","E","M","T","R","?","R","?","M","$","?","M","BOSS","R","$","M","M","R","$","T","E","R","?","M","M","?","?","M","BOSS","E","$","R","BOSS"],"items_purchased_type":[],"build_version":"2020-12-13","purchased_purges":2,"victory":false,"max_hp_per_floor":[90,90,90,90,90,90,90,90,90,90,90,90,90,90,90,90,90,90,90,90,90,90,90,90,100,100,100,100,100,100,100,100,100,100,100,100,100,100,100,100,100,100,100,100,100,100,100,100,100,100,100,100,100,100,100,100],"relic_stats":{"Blood Vial":12,"counters":[32,143],"Gambling Chip":[18],"Ectoplasm":812,"Art of War":[2],"Ginger":[4],"War Paint":["champ:Defend","champ:GladiatorsShout"],"obtain_stats":[{"Lantern":52,"downfall:HeartBlessingRed":4,"Guardian:GemstoneGun":20,"champ:ChampionCrown":0,"downfall:HeartBlessingGreen":10,"Ginger":47,"War Paint":9,"Odd Mushroom":11,"champ:GladiatorsBookOfMartialProwess":7,"Blood Vial":41,"Runic Dome":34,"downfall:HeartBlessingBlue":25,"champ:DefensiveTrainingManual":31,"Gambling Chip":42,"Ectoplasm":17,"Art of War":22,"Membership Card":52},{"Lantern":31,"downfall:HeartBlessingRed":2,"Guardian:GemstoneGun":13,"champ:ChampionCrown":0,"downfall:HeartBlessingGreen":5,"Ginger":28,"War Paint":5,"Odd Mushroom":6,"champ:GladiatorsBookOfMartialProwess":4,"Blood Vial":24,"Runic Dome":21,"downfall:HeartBlessingBlue":16,"champ:DefensiveTrainingManual":19,"Gambling Chip":25,"Ectoplasm":11,"Art of War":15,"Membership Card":31},{"Lantern":134,"downfall:HeartBlessingRed":7,"Guardian:GemstoneGun":60,"champ:ChampionCrown":0,"downfall:HeartBlessingGreen":20,"Ginger":119,"War Paint":20,"Odd Mushroom":23,"champ:GladiatorsBookOfMartialProwess":15,"Blood Vial":102,"Runic Dome":96,"downfall:HeartBlessingBlue":73,"champ:DefensiveTrainingManual":85,"Gambling Chip":107,"Ectoplasm":43,"Art of War":69,"Membership Card":134}]},"card_choices":[{"not_picked":["champ:GladiatorStyle","champ:CrookedStrike"],"picked":"champ:StanceDance","floor":2},{"not_picked":["champ:BerserkersShout","champ:FlashCut"],"picked":"champ:RapidStrikes","floor":3},{"not_picked":["champ:LastStand","champ:Balance"],"picked":"champ:PerfectedStrike","floor":5},{"not_picked":["champ:CalledShot","champ:DefensiveShout"],"picked":"champ:GladiatorsShout","floor":6},{"not_picked":["champ:StrikeOfGenius","champ:PerfectedStrike"],"picked":"champ:Balance","floor":9},{"not_picked":["champ:Backstep","champ:Haymaker"],"picked":"champ:FlashCut","floor":11},{"not_picked":["champ:EnGarde","champ:PerfectedStrike","champ:Backstep"],"picked":"SKIP","floor":12},{"not_picked":["champ:Control","champ:Aggression","champ:LastStand"],"picked":"SKIP","floor":13},{"not_picked":["champ:CrookedStrike","champ:EnragedBash"],"picked":"champ:BringItOn","floor":14},{"not_picked":["champ:BerserkersShout","champ:TornadoPunch","champ:FightOn"],"picked":"SKIP","floor":15},{"not_picked":["champ:SwordThrow","champ:DancingMaster"],"picked":"champ:HoldFirm","floor":16},{"not_picked":["champ:BladeFlurry","champ:GladiatorsShout","champ:Shatter"],"picked":"SKIP","floor":19},{"not_picked":["champ:DefensiveStyle","champ:FanOfKnives"],"picked":"champ:Haymaker","floor":20},{"not_picked":["champ:RapidStrikes","champ:Aggression","champ:BringItOn"],"picked":"SKIP","floor":21},{"not_picked":["champ:SkillfulDodge","champ:GutPunch"],"picked":"champ:RisingSlash+1","floor":22},{"not_picked":["champ:RapidStrikes+1","champ:PerfectedStrike","champ:BringItOn"],"picked":"SKIP","floor":23},{"not_picked":["champ:RapidStrikes+1","champ:PerfectedStrike","champ:BringItOn"],"picked":"SKIP","floor":23},{"not_picked":["champ:Duel","champ:DefensiveShout","champ:TornadoPunch"],"picked":"SKIP","floor":28},{"not_picked":["champ:DefensiveStyle","champ:BringItOn","champ:BerserkerStyle+1"],"picked":"SKIP","floor":29},{"not_picked":["champ:EnragedBash","champ:TornadoPunch"],"picked":"champ:SkillfulDodge","floor":30},{"not_picked":["champ:TornadoPunch","champ:DefensiveShout"],"picked":"champ:PerfectedStrike+1","floor":32},{"not_picked":["champ:Duel","champ:FocusedGladiator"],"picked":"champ:CrookedStrike+1","floor":36},{"not_picked":["champ:FanOfKnives+1","champ:IronFortress","champ:FlashCut"],"picked":"SKIP","floor":37},{"not_picked":["champ:Backstep+1","champ:SkillfulDodge+1","champ:Encircle"],"picked":"SKIP","floor":38},{"not_picked":["champ:GladiatorsShout","champ:BringItOn","champ:AdrenalArmor"],"picked":"SKIP","floor":42},{"not_picked":["champ:StanceDance+1","champ:TornadoPunch+1"],"picked":"champ:BringItOn+1","floor":45},{"not_picked":["champ:GladiatorsShout+1","champ:BerserkerStyle","champ:DancingMaster"],"picked":"SKIP","floor":46},{"not_picked":["expansioncontent:YouAreMine","expansioncontent:DecasProtection"],"picked":"expansioncontent:DonusPower","floor":48},{"not_picked":["champ:EnragedBash+1","champ:FocusedBerserking+1"],"picked":"champ:EnGarde+1","floor":49},{"not_picked":["champ:AdrenalArmor","champ:Riposte+1"],"picked":"champ:ViciousMockery+1","floor":52}],"player_experience":431089,"relics_obtained":[{"floor":7,"key":"champ:GladiatorsBookOfMartialProwess"},{"floor":9,"key":"War Paint"},{"floor":11,"key":"Odd Mushroom"},{"floor":20,"key":"Guardian:GemstoneGun"},{"floor":22,"key":"Art of War"},{"floor":41,"key":"Blood Vial"},{"floor":42,"key":"Gambling Chip"},{"floor":47,"key":"Ginger"},{"floor":52,"key":"Membership Card"},{"floor":52,"key":"Lantern"}],"event_choices":[{"damage_healed":0,"gold_gain":0,"player_choice":"Fought Mushrooms","damage_taken":0,"max_hp_gain":0,"max_hp_loss":0,"event_name":"Mushrooms","floor":11,"gold_loss":0},{"cards_removed":["champ:FlashCut"],"damage_healed":0,"gold_gain":0,"player_choice":"Removed Attack","damage_taken":0,"max_hp_gain":0,"max_hp_loss":0,"event_name":"Falling","floor":44,"gold_loss":0}],"is_beta":false,"boss_relics":[{"not_picked":["Astrolabe","Black Star"],"picked":"Ectoplasm"},{"not_picked":["Snecko Eye","Velvet Choker"],"picked":"Runic Dome"}],"items_purged_floors":[12,30],"is_endless":false,"potions_floor_spawned":[5,9,11,13,15,20,23,32,33,38,42,45,47,52],"killed_by":"downfall:NeowBoss","ascension_level":0}}