{"host":"2yqfi47fogfu1ic4","time":1607992480,"event":{"mods":["AchievementEnabler","BaseMod","Colored Map","Colored Powertips","Highlight Path","Minty Spire (QoL Compilation)","Permanent Neow","Relic Stats","StSLib"],"gold_per_floor":[113,133,150,163,163,163,191,205,258,258,13,24,34,46,46,124,124,140,140,166,166,184,184,214,226,226,237,84,84,118,168,168,247,247,259,259,278,17,37,37,47,81,106,106,132,149,149,24,24,24,24,24,24,24,56,56,56],"floor_reached":56,"playtime":4559,"items_purged":["Well Laid Plans","All Out Attack","Dagger Spray"],"score":1888,"play_id":"f8f3459a-8824-45bc-9c52-6902a8eccd59","local_time":"20201215013440","is_ascension_mode":true,"campfire_choices":[{"data":"Footwork","floor":6.0,"key":"SMITH"},{"data":"Burst","floor":15.0,"key":"SMITH"},{"data":"Noxious Fumes","floor":23.0,"key":"SMITH"},{"data":"Footwork","floor":29.0,"key":"SMITH"},{"data":"Footwork","floor":32.0,"key":"SMITH"},{"floor":40.0,"key":"RECALL"}],"circlet_count":0,"master_deck":["AscendersBane","Strike_G+1","Strike_G+1","Strike_G+1","Strike_G+1","Strike_G+1","Defend_G+1","Defend_G+1","Defend_G+1","Defend_G+1","Defend_G+1","Neutralize","Poisoned Stab","Footwork+1","Dash+1","Dagger Spray","Noxious Fumes+1","Backflip","Burst+1","Corpse Explosion","Skewer+1","PiercingWail","Deadly Poison","Footwork+1","Footwork+1","Deflect","Night Terror","Deflect+1","Dodge and Roll","Bullet Time"],"relics":["Coffee Dripper","StrikeDummy","Omamori","Centennial Puzzle","Runic Pyramid","Eternal Feather","Red Mask","Bag of Marbles","Singing Bowl","Tiny Chest","Fusion Hammer","Art of War","Potion Belt","Happy Flower","Letter Opener"],"acts_visited":["Exordium","TheCity","TheBeyond","TheEnding"],"potions_floor_usage":[56],"damage_taken":[{"damage":3.0,"enemies":"Cultist","floor":1.0,"turns":5.0},{"damage":4.0,"enemies":"2 Louse","floor":2.0,"turns":4.0},{"damage":1.0,"enemies":"Small Slimes","floor":3.0,"turns":3.0},{"damage":1.0,"enemies":"Red Slaver","floor":4.0,"turns":3.0},{"damage":12.0,"enemies":"3 Sentries","floor":7.0,"turns":5.0},{"damage":2.0,"enemies":"Exordium Thugs","floor":8.0,"turns":5.0},{"damage":0.0,"enemies":"Exordium Wildlife","floor":12.0,"turns":2.0},{"damage":0.0,"enemies":"Large Slime","floor":13.0,"turns":3.0},{"damage":1.0,"enemies":"2 Fungi Beasts","floor":14.0,"turns":3.0},{"damage":7.0,"enemies":"Hexaghost","floor":16.0,"turns":9.0},{"damage":0.0,"enemies":"2 Thieves","floor":18.0,"turns":3.0},{"damage":0.0,"enemies":"Masked Bandits","floor":20.0,"turns":2.0},{"damage":3.0,"enemies":"Shell Parasite","floor":22.0,"turns":4.0},{"damage":35.0,"enemies":"Book of Stabbing","floor":24.0,"turns":7.0},{"damage":8.0,"enemies":"Snake Plant","floor":25.0,"turns":3.0},{"damage":18.0,"enemies":"Shelled Parasite and Fungi","floor":27.0,"turns":6.0},{"damage":0.0,"enemies":"Gremlin Leader","floor":30.0,"turns":7.0},{"damage":2.0,"enemies":"Champ","floor":33.0,"turns":15.0},{"damage":6.0,"enemies":"3 Shapes","floor":35.0,"turns":9.0},{"damage":0.0,"enemies":"Orb Walker","floor":37.0,"turns":2.0},{"damage":1.0,"enemies":"3 Darklings","floor":39.0,"turns":3.0},{"damage":0.0,"enemies":"Maw","floor":41.0,"turns":10.0},{"damage":13.0,"enemies":"Giant Head","floor":42.0,"turns":10.0},{"damage":0.0,"enemies":"Jaw Worm Horde","floor":46.0,"turns":4.0},{"damage":2.0,"enemies":"Time Eater","floor":50.0,"turns":14.0},{"damage":5.0,"enemies":"Donu and Deca","floor":51.0,"turns":9.0},{"damage":34.0,"enemies":"Shield and Spear","floor":55.0,"turns":5.0},{"damage":44,"enemies":"The Heart","floor":56,"turns":3}],"seed_played":"-7038554829108639312","potions_obtained":[{"floor":1.0,"key":"DistilledChaos"},{"floor":4.0,"key":"AttackPotion"},{"floor":12.0,"key":"Poison Potion"},{"floor":16.0,"key":"Strength Potion"},{"floor":20.0,"key":"Block Potion"},{"floor":24.0,"key":"PowerPotion"},{"floor":37.0,"key":"CultistPotion"},{"floor":41.0,"key":"DuplicationPotion"},{"floor":46.0,"key":"DistilledChaos"}],"is_trial":false,"path_per_floor":["M","M","M","M","?","R","E","M","T","?","$","M","M","M","R","B",null,"M","?","?","?","M","R","E","M","T","M","$","R","E","?","R","B",null,"M","?","M","$","M","R","M","E","T","?","T","M","R","$","R","B","B",null,"R","$","E","B"],"character_chosen":"THE_SILENT","items_purchased":["Noxious Fumes","Centennial Puzzle","Footwork","Art of War"],"campfire_rested":0,"item_purchase_floors":[11,11,28,38],"current_hp_per_floor":[56,52,51,50,50,50,38,36,36,36,36,36,36,35,35,28,57,57,57,57,57,54,66,31,23,23,7,7,22,22,22,37,35,60,54,54,56,56,55,70,70,59,59,59,59,61,74,74,74,72,67,72,74,74,42,0,0],"gold":56,"neow_bonus":"BOSS_RELIC","is_daily":false,"chose_seed":false,"campfire_upgraded":5,"win_rate":0.0,"timestamp":1607992480,"path_taken":["M","?","M","M","?","R","E","M","T","?","$","M","?","M","R","BOSS","M","?","?","?","M","R","E","M","T","M","$","R","E","?","R","BOSS","M","?","M","$","M","R","M","E","T","?","?","?","R","$","R","BOSS","BOSS","R","$","E","BOSS"],"items_purchased_type":["Card","Relic","Card","Relic"],"build_version":"2020-12-13","purchased_purges":3,"victory":false,"max_hp_per_floor":[66,66,66,66,66,66,66,66,66,66,66,66,66,66,66,66,66,66,66,66,66,66,66,66,66,66,68,68,68,68,68,68,68,68,68,68,70,70,70,70,70,72,72,72,72,74,74,74,74,74,74,74,74,74,76,76,76],"relic_stats":{"Centennial Puzzle":[42],"Singing Bowl":10,"Happy Flower":[11],"counters":[28,158],"Eternal Feather":72,"Tiny Chest":1,"Art of War":[10],"Letter Opener":[10],"obtain_stats":[{"Potion Belt":42,"Singing Bowl":26,"Happy Flower":45,"Eternal Feather":19,"Omamori":9,"Letter Opener":55,"Centennial Puzzle":11,"Tiny Chest":30,"Fusion Hammer":34,"Coffee Dripper":0,"Red Mask":20,"Bag of Marbles":24,"Art of War":38,"StrikeDummy":7,"Ring of the Snake":0,"Runic Pyramid":17},{"Potion Belt":23,"Singing Bowl":15,"Happy Flower":23,"Eternal Feather":11,"Omamori":6,"Letter Opener":27,"Centennial Puzzle":6,"Tiny Chest":17,"Fusion Hammer":18,"Coffee Dripper":0,"Red Mask":12,"Bag of Marbles":14,"Art of War":20,"StrikeDummy":5,"Ring of the Snake":0,"Runic Pyramid":10},{"Potion Belt":123,"Singing Bowl":61,"Happy Flower":123,"Eternal Feather":45,"Omamori":25,"Letter Opener":155,"Centennial Puzzle":25,"Tiny Chest":74,"Fusion Hammer":89,"Coffee Dripper":0,"Red Mask":47,"Bag of Marbles":58,"Art of War":100,"StrikeDummy":20,"Ring of the Snake":0,"Runic Pyramid":42}]},"card_choices":[{"not_picked":["Finisher","Flechettes"],"picked":"Poisoned Stab","floor":1.0},{"not_picked":["Crippling Poison","Deflect"],"picked":"Dagger Spray","floor":2.0},{"not_picked":["Deadly Poison","Underhanded Strike"],"picked":"All Out Attack","floor":3.0},{"not_picked":["PiercingWail","Well Laid Plans"],"picked":"Footwork","floor":4.0},{"not_picked":["Bane","Flechettes"],"picked":"Dash","floor":7.0},{"not_picked":["Sucker Punch","Finisher"],"picked":"Dagger Spray","floor":8.0},{"not_picked":["Acrobatics","PiercingWail"],"picked":"Backflip","floor":12.0},{"not_picked":["Deadly Poison","Noxious Fumes"],"picked":"Burst","floor":13.0},{"not_picked":["Acrobatics","Flying Knee"],"picked":"Well Laid Plans","floor":14.0},{"not_picked":["Die Die Die","Venomology"],"picked":"Corpse Explosion","floor":16.0},{"not_picked":["Underhanded Strike","Reflex","Cloak And Dagger"],"picked":"SKIP","floor":18.0},{"not_picked":["Cloak And Dagger","Prepared"],"picked":"Skewer+1","floor":20.0},{"not_picked":["Underhanded Strike","Concentrate"],"picked":"PiercingWail","floor":22.0},{"not_picked":["Cloak And Dagger","Distraction"],"picked":"Deadly Poison","floor":24.0},{"not_picked":["Deadly Poison","Underhanded Strike"],"picked":"Footwork","floor":25.0},{"not_picked":["Acrobatics","Grand Finale","Flying Knee"],"picked":"Singing Bowl","floor":27.0},{"not_picked":["Well Laid Plans","Dagger Spray"],"picked":"Deflect","floor":30.0},{"not_picked":["Venomology","Corpse Explosion"],"picked":"Night Terror","floor":33.0},{"not_picked":["Dagger Spray","Dagger Throw"],"picked":"Deflect+1","floor":35.0},{"not_picked":["Dagger Throw","Slice+1","Eviscerate+1"],"picked":"Singing Bowl","floor":37.0},{"not_picked":["Quick Slash","Deflect"],"picked":"Dodge and Roll","floor":39.0},{"not_picked":["Outmaneuver","Backflip+1"],"picked":"Bullet Time","floor":41.0},{"not_picked":["Sucker Punch+1","Blade Dance+1","Flying Knee"],"picked":"Singing Bowl","floor":42.0},{"not_picked":["Blade Dance+1","Quick Slash","Poisoned Stab"],"picked":"Singing Bowl","floor":46.0},{"not_picked":["Endless Agony","Finisher","Unload"],"picked":"Singing Bowl","floor":55.0}],"player_experience":1776623,"relics_obtained":[{"floor":7.0,"key":"StrikeDummy"},{"floor":9.0,"key":"Omamori"},{"floor":20.0,"key":"Red Mask"},{"floor":24.0,"key":"Bag of Marbles"},{"floor":26.0,"key":"Singing Bowl"},{"floor":30.0,"key":"Tiny Chest"},{"floor":42.0,"key":"Potion Belt"},{"floor":45.0,"key":"Happy Flower"},{"floor":55.0,"key":"Letter Opener"}],"event_choices":[{"damage_healed":0.0,"max_hp_gain":0.0,"max_hp_loss":0.0,"gold_gain":0.0,"event_name":"Shining Light","player_choice":"Ignored","floor":5.0,"gold_loss":0.0,"damage_taken":0.0},{"damage_healed":0.0,"max_hp_gain":0.0,"max_hp_loss":0.0,"gold_gain":0.0,"event_name":"Upgrade Shrine","player_choice":"Upgraded","floor":10.0,"gold_loss":0.0,"damage_taken":0.0,"cards_upgraded":["Dash"]},{"damage_healed":0.0,"max_hp_gain":0.0,"max_hp_loss":0.0,"gold_gain":0.0,"event_name":"The Mausoleum","player_choice":"Opened","floor":19.0,"gold_loss":0.0,"damage_taken":0.0,"relics_obtained":["Eternal Feather"],"cards_obtained":["Writhe"]},{"damage_healed":0.0,"max_hp_gain":0.0,"max_hp_loss":0.0,"gold_gain":0.0,"event_name":"Masked Bandits","player_choice":"Fought Bandits","floor":20.0,"gold_loss":0.0,"damage_taken":0.0},{"damage_healed":0.0,"max_hp_gain":0.0,"max_hp_loss":0.0,"gold_gain":0.0,"event_name":"Back to Basics","player_choice":"Simplicity","floor":21.0,"gold_loss":0.0,"damage_taken":0.0,"cards_upgraded":["Strike_G","Strike_G","Strike_G","Strike_G","Strike_G","Defend_G","Defend_G","Defend_G","Defend_G","Defend_G"]},{"damage_healed":0.0,"max_hp_gain":0.0,"max_hp_loss":0.0,"gold_gain":50.0,"event_name":"Nest","player_choice":"Stole From Cult","floor":31.0,"gold_loss":0.0,"damage_taken":0.0},{"cards_removed":["Survivor"],"damage_healed":0.0,"max_hp_gain":0.0,"max_hp_loss":0.0,"gold_gain":0.0,"event_name":"Falling","player_choice":"Removed Skill","floor":36.0,"gold_loss":0.0,"damage_taken":0.0},{"damage_healed":0.0,"max_hp_gain":0.0,"max_hp_loss":0.0,"gold_gain":0.0,"event_name":"Mysterious Sphere","player_choice":"Ignored","floor":44.0,"gold_loss":0.0,"damage_taken":0.0}],"is_beta":false,"boss_relics":[{"not_picked":["SacredBark","Busted Crown"],"picked":"Runic Pyramid"},{"not_picked":["SlaversCollar","Runic Dome"],"picked":"Fusion Hammer"}],"items_purged_floors":[28,38,48],"is_endless":false,"potions_floor_spawned":[1,4,12,13,16,20,24,37,41,46],"killed_by":"The Heart","ascension_level":20}}