{"host":"kmq7aw60w430zvtx","time":1607994572,"event":{"mods":["BaseMod","Downfall","GifTheSpireLib","Hermit","Hubris","Minty Spire (QoL Compilation)","Replay The Spire","StSLib","The Construct","The Cursed","The Hierophant","The Jungle","The Necromancer","The Runesmith"],"gold_per_floor":[119,119,139,155,171,171,204,204,228,228,254,254,273,67,67,171,171,181,165,165,23,33,33,133,165,241,251,261,276,276,191,191,289,289,306,206,216,216,18,45,45,77,101,132,132,29,29,45,45,45,45,45,45,83,83,83],"floor_reached":55,"playtime":4110,"items_purged":["Defend_P","Strike_P","SignatureMove"],"score":688,"play_id":"6efa5248-3cef-4d86-864d-cf73be687277","local_time":"20201215020932","is_ascension_mode":true,"campfire_choices":[{"floor":6,"key":"RECALL"},{"data":"Vigilance","floor":8,"key":"SMITH"},{"data":"Perseverance","floor":12,"key":"SMITH"},{"data":"Nirvana","floor":15,"key":"SMITH"},{"floor":23,"key":"REST"},{"floor":30,"key":"REST"},{"data":"MasterReality","floor":32,"key":"SMITH"},{"floor":41,"key":"REST"},{"floor":47,"key":"REST"},{"data":"BattleHymn","floor":49,"key":"SMITH"},{"data":"ThirdEye","floor":52,"key":"SMITH"}],"circlet_count":0,"master_deck":["Strike_P","Strike_P","Strike_P","Defend_P","Defend_P+1","Defend_P","Eruption+1","Vigilance+1","LikeWater+1","ThirdEye+1","FearNoEvil","CutThroughFate","TalkToTheHand","Nirvana+1","ThirdEye+1","MasterReality+1","WindmillStrike","BattleHymn+1","BattleHymn","ThirdEye","Weave","Replay:ManipulateFuture","Swivel","ClearTheMind+1","Wish","SashWhip","ThirdEye+1","Replay:ManipulateFuture+1","TalkToTheHand+1"],"relics":["PureWater","hubris:OldNail","Pet Ghost","Blue Doll","Black Star","Pocketwatch","Runesmith:AutoHammer","ReplayTheSpireMod:Ninjato","Blood Vial","Replay:Fungal Core","Runesmith:Locket","Regal Pillow","Bag of Preparation","Mango","CeramicFish","Boot","War Paint","hubris:PeanutButter","Replay:PocketPolymizer"],"acts_visited":["Exordium","TheCity","TheBeyond","TheEnding"],"potions_floor_usage":[7,16,22,25,28,35,40,40,42,46,50,55],"damage_taken":[{"damage":0,"enemies":"Small Slimes","floor":1,"turns":2},{"damage":2,"enemies":"Cultist","floor":3,"turns":3},{"damage":0,"enemies":"2 Louse","floor":4,"turns":3},{"damage":4,"enemies":"2 Fungi Beasts","floor":5,"turns":8},{"damage":5,"enemies":"Lagavulin","floor":7,"turns":7},{"damage":3,"enemies":"3 Sentries","floor":11,"turns":8},{"damage":2,"enemies":"Exordium Thugs","floor":13,"turns":5},{"damage":45,"enemies":"Slime Boss","floor":16,"turns":14},{"damage":25,"enemies":"3 Byrds","floor":18,"turns":10},{"damage":15,"enemies":"2 Thieves","floor":19,"turns":4},{"damage":5,"enemies":"Snake Plant","floor":22,"turns":5},{"damage":9,"enemies":"Replay:Snechameleon","floor":25,"turns":7},{"damage":5,"enemies":"Cultist and Chosen","floor":27,"turns":7},{"damage":0,"enemies":"Snecko","floor":28,"turns":5},{"damage":12,"enemies":"Snake Plant","floor":29,"turns":4},{"damage":43,"enemies":"hubris:MusketHawk","floor":33,"turns":8},{"damage":0,"enemies":"Orb Walker","floor":35,"turns":5},{"damage":30,"enemies":"3 Darklings","floor":37,"turns":5},{"damage":12,"enemies":"Reptomancer","floor":40,"turns":6},{"damage":9,"enemies":"Giant Head","floor":42,"turns":5},{"damage":31,"enemies":"Reptomancer","floor":44,"turns":5},{"damage":0,"enemies":"Spire Growth","floor":48,"turns":2},{"damage":45,"enemies":"Replay:Hell Engine","floor":50,"turns":8},{"damage":28,"enemies":"Shield and Spear","floor":54,"turns":5},{"damage":66,"enemies":"The Heart","floor":55,"turns":5}],"seed_played":"-3667121904498547468","potions_obtained":[{"floor":4,"key":"Guardian:BlockOnCardUsePotion"},{"floor":5,"key":"Flashbang"},{"floor":13,"key":"Regen Potion"},{"floor":16,"key":"Milkshake"},{"floor":25,"key":"SkillPotion"},{"floor":27,"key":"SkillPotion"},{"floor":33,"key":"Elixir"},{"floor":37,"key":"Venom Potion"},{"floor":40,"key":"champ:CounterPotion"},{"floor":42,"key":"SpeedPotion"},{"floor":54,"key":"SteroidPotion"}],"is_trial":false,"path_per_floor":["M","?","M","M","M","R","E","R","T","?","E","R","M","$","R","B",null,"M","M","?","$","M","R","?","E","T","M","M","M","R","?","R","B",null,"M","NS","M","?","$","E","R","E","T","E","?","$","R","M","R","B",null,"R","$","E","B"],"character_chosen":"WATCHER","items_purchased":["Nirvana","ThirdEye","BattleHymn","Regen Potion","Fruit Juice"],"campfire_rested":4,"item_purchase_floors":[14,14,21,39,46],"current_hp_per_floor":[72,72,70,70,66,66,61,61,61,49,46,46,44,44,44,14,72,47,32,32,32,27,48,48,39,39,34,34,22,43,43,43,2,72,72,72,42,42,42,47,72,77,77,48,48,53,91,91,91,46,91,91,91,63,0,0],"gold":83,"neow_bonus":"UPGRADE_CARD","is_daily":false,"chose_seed":false,"campfire_upgraded":6,"win_rate":0.0,"timestamp":1607994572,"path_taken":["M","?","?","M","M","R","E","R","T","?","E","R","M","$","R","BOSS","M","M","?","$","M","R","?","E","T","M","M","?","R","?","R","BOSS","M","NS","M","?","$","E","R","E","T","E","?","$","R","M","R","BOSS","R","$","E","BOSS"],"items_purchased_type":["Card","Card","Card","Potion","Potion"],"build_version":"2020-12-13","purchased_purges":3,"victory":false,"max_hp_per_floor":[72,72,72,72,72,72,72,72,72,72,72,72,72,72,72,72,72,72,72,72,72,72,72,72,72,72,72,72,72,72,72,72,72,72,72,72,72,72,72,72,72,86,86,86,86,91,91,91,91,91,91,91,91,91,91,91],"card_choices":[{"not_picked":["PathToVictory","ThirdEye"],"picked":"LikeWater","floor":1},{"not_picked":["FlyingSleeves","CarveReality"],"picked":"ThirdEye","floor":3},{"not_picked":["BattleHymn","Replay:AtTheReady"],"picked":"Perseverance","floor":4},{"not_picked":["JustLucky","ThirdEye"],"picked":"FearNoEvil","floor":5},{"not_picked":["WreathOfFlame","BattleHymn"],"picked":"CutThroughFate","floor":7},{"not_picked":["Omniscience","PathToVictory"],"picked":"TalkToTheHand","floor":11},{"not_picked":["Replay:BluntJabs","Fasting2"],"picked":"SignatureMove","floor":13},{"not_picked":["DevaForm","Brilliance"],"picked":"MasterReality","floor":16},{"not_picked":["EmptyBody+1","Replay:AtTheReady"],"picked":"WindmillStrike","floor":18},{"not_picked":["ForeignInfluence","Crescendo"],"picked":"ReachHeaven+1","floor":19},{"not_picked":["Pray+1","Replay:Battleflow+1"],"picked":"ThirdEye","floor":22},{"not_picked":["Devotion","Meditate"],"picked":"Weave","floor":25},{"not_picked":["BattleHymn","FollowUp"],"picked":"Replay:ManipulateFuture","floor":27},{"not_picked":["JustLucky","ThirdEye"],"picked":"Swivel","floor":28},{"not_picked":["Vengeance","Worship+1"],"picked":"ClearTheMind","floor":29},{"not_picked":["Devotion","Replay:AllIn"],"picked":"Wish","floor":33},{"not_picked":["Crescendo+1","Vengeance"],"picked":"SashWhip","floor":35},{"not_picked":["CrushJoints+1","BattleHymn+1"],"picked":"ThirdEye+1","floor":37},{"not_picked":["Collect","Blasphemy"],"picked":"Replay:ManipulateFuture+1","floor":40},{"not_picked":["Wallop+1","BowlingBash","DeceiveReality"],"picked":"SKIP","floor":42},{"not_picked":["BowlingBash+1","Replay:Vibes+1","Conclude"],"picked":"SKIP","floor":44},{"not_picked":["BowlingBash","EmptyBody","Worship"],"picked":"SKIP","floor":48},{"not_picked":["FlyingSleeves+1","Wish"],"picked":"TalkToTheHand+1","floor":54}],"player_experience":224504,"relics_obtained":[{"floor":7,"key":"hubris:OldNail"},{"floor":11,"key":"Blue Doll"},{"floor":25,"key":"Pocketwatch"},{"floor":25,"key":"Runesmith:AutoHammer"},{"floor":26,"key":"ReplayTheSpireMod:Ninjato"},{"floor":40,"key":"Runesmith:Locket"},{"floor":40,"key":"Regal Pillow"},{"floor":42,"key":"Bag of Preparation"},{"floor":42,"key":"Mango"},{"floor":43,"key":"CeramicFish"},{"floor":44,"key":"Boot"},{"floor":44,"key":"War Paint"},{"floor":54,"key":"hubris:PeanutButter"},{"floor":54,"key":"Replay:PocketPolymizer"}],"event_choices":[{"damage_healed":0,"gold_gain":0,"player_choice":"Upgraded","damage_taken":0,"max_hp_gain":0,"max_hp_loss":0,"event_name":"Upgrade Shrine","floor":2,"gold_loss":0,"cards_upgraded":["LikeWater"]},{"damage_healed":0,"gold_gain":0,"player_choice":"Success","damage_taken":12,"relics_obtained":["Pet Ghost"],"max_hp_gain":0,"max_hp_loss":0,"event_name":"Scrap Ooze","floor":10,"gold_loss":0},{"damage_healed":0,"gold_gain":0,"player_choice":"Ignored","damage_taken":0,"max_hp_gain":0,"max_hp_loss":0,"event_name":"Ghosts","floor":20,"gold_loss":0},{"damage_healed":0,"gold_gain":100,"player_choice":"Pray","damage_taken":0,"max_hp_gain":0,"max_hp_loss":0,"event_name":"Golden Shrine","floor":24,"gold_loss":0},{"damage_healed":0,"gold_gain":0,"player_choice":"Obtained Relic","damage_taken":0,"relics_obtained":["Blood Vial"],"max_hp_gain":0,"max_hp_loss":0,"event_name":"Addict","floor":31,"gold_loss":85}],"is_beta":false,"boss_relics":[{"not_picked":["hubris:CrackedHourglass","Replay:Bronze Core"],"picked":"Black Star"},{"not_picked":["Runic Pyramid","hubris:TerracottaHorce"],"picked":"Replay:Fungal Core"}],"items_purged_floors":[14,21,39],"is_endless":false,"potions_floor_spawned":[4,5,13,16,25,27,33,37,40,42,54],"killed_by":"The Heart","ascension_level":1}}