{"host":"jm9833yuloeli2yd","time":1607999370,"event":{"mods":["AchievementEnabler","BaseMod","Better Altar","Better Match","Better Note","Better Sensory Stone","Better Skull","Better Vampires","Colored Map","Colored Powertips","DeckTracker","Minty Spire (QoL Compilation)","Permanent Neow","Quick Restart","Replay The Spire","StSLib","SuperFastMode"],"gold_per_floor":[109,58,73,85,95,130,130,160,160,172,172,202,202,214,214,214,214],"floor_reached":16,"playtime":380,"items_purged":[],"score":195,"play_id":"9962f6d7-fcca-4ff2-8aca-3d1a664a637e","local_time":"20201214212930","is_ascension_mode":true,"campfire_choices":[{"data":"Bash","floor":7.0,"key":"SMITH"},{"floor":11.0,"key":"REST"},{"data":"Limit Break","floor":13.0,"key":"SMITH"}],"circlet_count":0,"master_deck":["AscendersBane","Strike_R","Strike_R","Strike_R","Strike_R","Strike_R","Defend_R","Defend_R","Defend_R","Defend_R","Bash+1","Limit Break+1","Heavy Blade","Perfected Strike","Thunderclap","Sever Soul","Inflame","Feed","Demonic Infusion+1"],"relics":["Burning Blood","Art of War","Replay:Bottled Snecko","Replay:Ringing Soul","Paper Frog"],"acts_visited":["Exordium"],"potions_floor_usage":[14],"damage_taken":[{"damage":10.0,"enemies":"Small Slimes","floor":1.0,"turns":4.0},{"damage":5.0,"enemies":"2 Louse","floor":3.0,"turns":3.0},{"damage":11.0,"enemies":"Cultist","floor":4.0,"turns":4.0},{"damage":7.0,"enemies":"Looter","floor":5.0,"turns":4.0},{"damage":40.0,"enemies":"3 Sentries","floor":6.0,"turns":9.0},{"damage":20.0,"enemies":"Lagavulin","floor":8.0,"turns":4.0},{"damage":4.0,"enemies":"3 Louse","floor":10.0,"turns":3.0},{"damage":32.0,"enemies":"Gremlin Nob","floor":12.0,"turns":4.0},{"damage":20,"enemies":"Large Slime","floor":14,"turns":4},{"damage":37,"enemies":"Hexaghost","floor":16,"turns":7}],"seed_played":"-2591190038940081980","potions_obtained":[{"floor":3.0,"key":"DistilledChaos"},{"floor":4.0,"key":"PowerPotion"},{"floor":8.0,"key":"LifebloodPotion"},{"floor":10.0,"key":"Fire Potion"}],"is_trial":false,"path_per_floor":["M","$","M","M","M","E","R","E","T","M","R","E","R","M","R_BF","B"],"character_chosen":"IRONCLAD","items_purchased":["SteroidPotion"],"campfire_rested":1,"item_purchase_floors":[2],"current_hp_per_floor":[68,68,69,64,63,29,29,15,15,20,44,21,21,10,36,0,0],"gold":214,"neow_bonus":"ONE_RANDOM_RARE_CARD","is_daily":false,"chose_seed":false,"campfire_upgraded":2,"win_rate":0.0,"timestamp":1607999370,"path_taken":["M","$","M","M","M","E","R","E","T","M","R","E","R","M","R_BF","BOSS"],"items_purchased_type":["Potion"],"build_version":"2020-12-13","purchased_purges":0,"victory":false,"max_hp_per_floor":[80,80,80,80,80,80,80,80,80,83,83,86,86,89,89,89,89],"card_choices":[{"not_picked":["Clash","Anger","ReplayTheSpireMod:Strike From Hell"],"picked":"SKIP","floor":1.0},{"not_picked":["Armaments","Replay:Undeath\u0027s Touch"],"picked":"Heavy Blade","floor":3.0},{"not_picked":["Anger","Wild Strike"],"picked":"Perfected Strike","floor":4.0},{"not_picked":["Entrench","Anger"],"picked":"Thunderclap","floor":5.0},{"not_picked":["Cleave","Run Through"],"picked":"Sever Soul","floor":6.0},{"not_picked":["Clothesline","Pummel"],"picked":"Inflame","floor":8.0},{"not_picked":["Defy Death","Pommel Strike"],"picked":"Feed","floor":10.0},{"not_picked":["Infernal Blade","Wild Strike"],"picked":"Demonic Infusion","floor":12.0},{"not_picked":["Massacre","Warcry","Wild Strike"],"picked":"SKIP","floor":14}],"player_experience":1079020,"relics_obtained":[{"floor":6.0,"key":"Art of War"},{"floor":8.0,"key":"Replay:Bottled Snecko"},{"floor":9.0,"key":"Replay:Ringing Soul"},{"floor":12.0,"key":"Paper Frog"}],"event_choices":[],"is_beta":false,"boss_relics":[],"items_purged_floors":[],"is_endless":false,"potions_floor_spawned":[3,4,8,10],"killed_by":"Hexaghost","ascension_level":12}}