{"host":"ds28d883r3sz42zs","time":1607993848,"event":{"mods":["2.2 Compatiblity","AchievementEnabler","Act Like it!","BaseMod","Bestiary","Better Match","Better Sensory Stone","Better Silent Start","Better Third Choice","Better-Laid Plans","BetterRewards","Block Reminder","Challenge The Spire","Colored Map","Colored Powertips","DeckTracker","Defuse TimeMaze Blight","Disable Question Mark Monsters","Displayed Cursed Tome","Emptier Cage","GifTheSpireLib","Gold Saver","Minty Spire (QoL Compilation)","Permanent Neow","Practice Mode","Quick Restart","Random Character Button","Rare Cards Sparkle","Relic Filter","Relic Stats","SacredBarkPlus","StSLib","SuperFastMode","Uncapped","Unknown Chances"],"gold_per_floor":[217,217,217,217,217,266,266,295,295,295,331,35,75,100,100,189,189,219,228,228,21,21,61,61,61,61,84,125,25,25,51,51,135,135,148,182,404,427,445,445,479,504,529,153,153,153,176,211,223,235,247,259,271,320,332],"floor_reached":56,"playtime":2204,"items_purged":["Strike_G","Strike_G+1","Parasite"],"score":2315,"play_id":"7a119206-f476-474a-a000-bdd8e61e7a66","local_time":"20201214195728","is_ascension_mode":true,"campfire_choices":[{"data":"Blade Dance","floor":7.0,"key":"SMITH"},{"floor":10.0,"key":"REST"},{"data":"Strike_G","floor":15.0,"key":"PURGE"},{"data":"Accuracy","floor":25,"key":"SMITH"},{"data":"Dagger Throw","floor":32,"key":"PURGE"},{"data":"Footwork","floor":40,"key":"SMITH"},{"floor":45,"key":"RECALL"},{"data":"Blade Dance","floor":49,"key":"SMITH"},{"data":"Dodge and Roll","floor":52,"key":"SMITH"}],"circlet_count":0,"master_deck":["AscendersBane","Defend_G+1","Defend_G+1","Defend_G+1","Defend_G+1","Survivor","Neutralize+1","Blade Dance+1","Infinite Blades","Infinite Blades","Footwork+1","Dodge and Roll","Accuracy+1","Infinite Blades","Infinite Blades","Malaise","Adrenaline","Blade Dance+1","Dodge and Roll+1","Cloak And Dagger+1","Night Terror"],"relics":["Runic Dome","Bloody Idol","CeramicFish","Meat on the Bone","White Beast Statue","ClockworkSouvenir","Peace Pipe","Calling Bell","PreservedInsect","Ninja Scroll","Tingsha","Enchiridion","War Paint","Blood Vial","GremlinMask","Boot","Gremlin Horn","Red Mask","Black Star","FossilizedHelix","Singing Bowl","Kunai","Shuriken","MawBank","Ice Cream","Vajra","Art of War"],"acts_visited":["Exordium","TheCity","TheBeyond","TheEnding"],"potions_floor_usage":[16],"damage_taken":[{"damage":1.0,"enemies":"Jaw Worm","floor":1.0,"turns":4.0},{"damage":20.0,"enemies":"3 Sentries","floor":6.0,"turns":12.0},{"damage":0.0,"enemies":"Small Slimes","floor":8.0,"turns":3.0},{"damage":5.0,"enemies":"Lagavulin","floor":11.0,"turns":7.0},{"damage":10.0,"enemies":"Gremlin Nob","floor":13.0,"turns":5.0},{"damage":0.0,"enemies":"2 Louse","floor":14.0,"turns":2.0},{"damage":11,"enemies":"Slime Boss","floor":16,"turns":8},{"damage":2,"enemies":"3 Byrds","floor":18,"turns":5},{"damage":19,"enemies":"Slavers","floor":23,"turns":5},{"damage":0,"enemies":"Spheric Guardian","floor":27,"turns":2},{"damage":0,"enemies":"Gremlin Leader","floor":28,"turns":5},{"damage":0,"enemies":"Masked Bandits","floor":31,"turns":2},{"damage":0,"enemies":"Automaton","floor":33,"turns":9},{"damage":5,"enemies":"Orb Walker","floor":35,"turns":3},{"damage":0,"enemies":"Mind Bloom Boss Battle","floor":36,"turns":4},{"damage":24,"enemies":"3 Shapes","floor":38,"turns":6},{"damage":12,"enemies":"Spire Growth","floor":39,"turns":5},{"damage":0,"enemies":"Nemesis","floor":41,"turns":5},{"damage":0,"enemies":"Writhing Mass","floor":42,"turns":8},{"damage":0,"enemies":"3 Darklings","floor":47,"turns":5},{"damage":0,"enemies":"Giant Head","floor":48,"turns":5},{"damage":32,"enemies":"Time Eater","floor":50,"turns":10},{"damage":16,"enemies":"Shield and Spear","floor":54,"turns":6},{"damage":132,"enemies":"The Heart","floor":55,"turns":8}],"seed_played":"-1772401517156304852","potions_obtained":[{"floor":8.0,"key":"Energy Potion"},{"floor":11.0,"key":"PowerPotion"},{"floor":13.0,"key":"AttackPotion"},{"floor":14.0,"key":"Block Potion"},{"floor":16,"key":"ColorlessPotion"},{"floor":18,"key":"LiquidBronze"},{"floor":27,"key":"FairyPotion"},{"floor":33,"key":"FairyPotion"}],"is_trial":false,"path_per_floor":["M","?","?","?","?","E","R","M","T","R","E","$","E","M","R","B",null,"M","?","?","$","?","E","?","R","T","M","E","$","?","?","R","B",null,"M","?","?","M","M","R","E","M","T","$","R","?","M","E","R","B",null,"R","$","E","B",null],"character_chosen":"THE_SILENT","items_purchased":["ClockworkSouvenir","Infinite Blades","War Paint","Infinite Blades","Shuriken"],"campfire_rested":1,"item_purchase_floors":[12,12,21,21,44],"current_hp_per_floor":[58,51,56,56,32,12,12,12,12,33,40,40,42,42,42,43,64,62,62,41,41,41,34,34,34,34,36,38,38,38,45,45,57,68,70,71,71,57,52,52,61,75,75,72,72,68,68,70,70,38,63,68,70,64,33],"gold":344,"neow_bonus":"BOSS_RELIC","is_daily":false,"chose_seed":false,"campfire_upgraded":5,"win_rate":0.0,"timestamp":1607993848,"path_taken":["M","?","?","?","?","E","R","M","T","R","E","$","E","M","R","BOSS","M","?","?","$","?","E","?","R","T","?","E","?","?","?","R","BOSS","M","?","?","M","M","R","E","M","T","$","R","?","M","E","R","BOSS","R","$","E","BOSS"],"items_purchased_type":["Relic","Card","Relic","Card","Relic"],"build_version":"2020-12-13","purchased_purges":3,"victory":true,"max_hp_per_floor":[66,66,71,71,71,71,71,71,71,71,71,71,71,71,71,71,71,71,71,71,71,71,71,71,71,71,71,71,71,71,71,71,71,71,71,71,71,71,71,71,73,75,75,72,72,68,68,70,70,70,70,70,70,70,70],"relic_stats":{"Gremlin Horn":[11,11],"Singing Bowl":6,"counters":[24,134],"CeramicFish":135,"Tingsha":[57],"PreservedInsect":346,"War Paint":["Defend_G","Defend_G"],"Boot":[143],"MawBank":96,"Peace Pipe":2,"Blood Vial":18,"Shuriken":[45],"Bloody Idol":82,"Black Star":3,"Art of War":[1],"Kunai":[55],"obtain_stats":[{"Ice Cream":48,"Gremlin Horn":28,"Singing Bowl":41,"CeramicFish":6,"Enchiridion":20,"Vajra":54,"GremlinMask":24,"Boot":26,"ClockworkSouvenir":12,"Blood Vial":23,"Ninja Scroll":17,"Red Mask":31,"Kunai":41,"Ring of the Snake":0,"Golden Idol":5,"Tingsha":17,"PreservedInsect":17,"War Paint":21,"MawBank":48,"White Beast Statue":11,"Peace Pipe":13,"Calling Bell":17,"Runic Dome":0,"Shuriken":44,"Bloody Idol":30,"Black Star":34,"Art of War":54,"FossilizedHelix":36,"Meat on the Bone":9},{"Ice Cream":21,"Gremlin Horn":11,"Singing Bowl":18,"CeramicFish":2,"Enchiridion":8,"Vajra":23,"GremlinMask":9,"Boot":9,"ClockworkSouvenir":4,"Blood Vial":9,"Ninja Scroll":7,"Red Mask":12,"Kunai":18,"Ring of the Snake":0,"Golden Idol":1,"Tingsha":7,"PreservedInsect":7,"War Paint":8,"MawBank":21,"White Beast Statue":4,"Peace Pipe":5,"Calling Bell":7,"Runic Dome":0,"Shuriken":19,"Bloody Idol":11,"Black Star":13,"Art of War":23,"FossilizedHelix":15,"Meat on the Bone":3},{"Ice Cream":110,"Gremlin Horn":58,"Singing Bowl":92,"CeramicFish":16,"Enchiridion":46,"Vajra":126,"GremlinMask":51,"Boot":51,"ClockworkSouvenir":26,"Blood Vial":51,"Ninja Scroll":41,"Red Mask":60,"Kunai":92,"Ring of the Snake":0,"Golden Idol":4,"Tingsha":41,"PreservedInsect":41,"War Paint":46,"MawBank":110,"White Beast Statue":26,"Peace Pipe":31,"Calling Bell":41,"Runic Dome":0,"Shuriken":100,"Bloody Idol":58,"Black Star":69,"Art of War":126,"FossilizedHelix":76,"Meat on the Bone":19}],"Meat on the Bone":60},"card_choices":[{"not_picked":["Tactician","Deflect"],"picked":"Blade Dance","floor":1.0},{"not_picked":["Flechettes","Concentrate"],"picked":"Dagger Throw","floor":6.0},{"not_picked":["Backflip","Blade Dance"],"picked":"Infinite Blades","floor":8.0},{"not_picked":["Poisoned Stab","Masterful Stab","Quick Slash"],"picked":"SKIP","floor":11.0},{"not_picked":["Cloak And Dagger","Tools of the Trade"],"picked":"Footwork","floor":13.0},{"not_picked":["Dagger Spray","Deadly Poison"],"picked":"Dodge and Roll","floor":14.0},{"not_picked":["Quick Slash","Deflect"],"picked":"Accuracy","floor":18},{"not_picked":["Phantasmal Killer","Backflip"],"picked":"Malaise","floor":23},{"not_picked":["Poisoned Stab","PiercingWail","Crippling Poison"],"picked":"SKIP","floor":27},{"not_picked":["Bane+1","Blur","Finisher"],"picked":"SKIP","floor":28},{"not_picked":["Wraith Form v2","Bullet Time"],"picked":"Adrenaline","floor":33},{"not_picked":["Reflex","Underhanded Strike","Acrobatics"],"picked":"SKIP","floor":35},{"not_picked":["Poisoned Stab","Skewer+1"],"picked":"Blade Dance","floor":36},{"not_picked":["Burst","Reflex"],"picked":"Dodge and Roll","floor":38},{"not_picked":["Deadly Poison+1","Crippling Poison","Riddle With Holes"],"picked":"SKIP","floor":39},{"not_picked":["Flying Knee","Glass Knife","Tactician+1"],"picked":"Singing Bowl","floor":41},{"not_picked":["Calculated Gamble","Bane","Backstab"],"picked":"Singing Bowl","floor":42},{"not_picked":["Blade Dance","Backflip"],"picked":"Cloak And Dagger+1","floor":47},{"not_picked":["Deflect+1","Heel Hook","Prepared"],"picked":"Singing Bowl","floor":48},{"not_picked":["Eviscerate+1","Endless Agony"],"picked":"Night Terror","floor":54}],"player_experience":657099,"relics_obtained":[{"floor":6.0,"key":"CeramicFish"},{"floor":9.0,"key":"Meat on the Bone"},{"floor":11.0,"key":"White Beast Statue"},{"floor":13.0,"key":"Peace Pipe"},{"floor":17,"key":"PreservedInsect"},{"floor":17,"key":"Ninja Scroll"},{"floor":17,"key":"Tingsha"},{"floor":23,"key":"Blood Vial"},{"floor":26,"key":"Boot"},{"floor":28,"key":"Gremlin Horn"},{"floor":31,"key":"Red Mask"},{"floor":36,"key":"FossilizedHelix"},{"floor":41,"key":"Singing Bowl"},{"floor":41,"key":"Kunai"},{"floor":48,"key":"MawBank"},{"floor":48,"key":"Ice Cream"},{"floor":54,"key":"Vajra"},{"floor":54,"key":"Art of War"}],"event_choices":[{"cards_removed":["Strike_G"],"damage_healed":0.0,"max_hp_gain":0.0,"max_hp_loss":0.0,"gold_gain":0.0,"event_name":"Golden Wing","player_choice":"Card Removal","floor":2.0,"gold_loss":0.0,"damage_taken":7.0},{"damage_healed":0.0,"max_hp_gain":5.0,"max_hp_loss":0.0,"gold_gain":0.0,"event_name":"Big Fish","player_choice":"Donut","floor":3.0,"gold_loss":0.0,"damage_taken":0.0},{"damage_healed":0.0,"max_hp_gain":0.0,"max_hp_loss":0.0,"gold_gain":0.0,"event_name":"Living Wall","player_choice":"Grow","floor":4.0,"gold_loss":0.0,"damage_taken":0.0,"cards_upgraded":["Neutralize"]},{"damage_healed":0.0,"max_hp_gain":0.0,"max_hp_loss":0.0,"gold_gain":0.0,"event_name":"Golden Idol","player_choice":"Take Damage","floor":5.0,"gold_loss":0.0,"damage_taken":24.0,"relics_obtained":["Golden Idol"]},{"damage_healed":0,"gold_gain":0,"player_choice":"Read","damage_taken":0,"max_hp_gain":0,"max_hp_loss":0,"event_name":"The Library","floor":19,"gold_loss":0,"cards_obtained":["Infinite Blades"]},{"damage_healed":0,"gold_gain":0,"player_choice":"Obtained Book","damage_taken":21,"max_hp_gain":0,"max_hp_loss":0,"event_name":"Cursed Tome","floor":20,"gold_loss":0},{"damage_healed":0,"gold_gain":0,"player_choice":"Simplicity","damage_taken":0,"max_hp_gain":0,"max_hp_loss":3,"event_name":"betterThird:BetterWriting","floor":22,"gold_loss":0},{"damage_healed":0,"gold_gain":0,"player_choice":"Trade","damage_taken":0,"relics_obtained":["GremlinMask"],"max_hp_gain":0,"max_hp_loss":0,"event_name":"FaceTrader","floor":24,"gold_loss":0},{"damage_healed":0,"gold_gain":0,"player_choice":"Gave Idol","damage_taken":0,"relics_obtained":["Bloody Idol"],"max_hp_gain":0,"max_hp_loss":0,"event_name":"Forgotten Altar","floor":30,"relics_lost":["Golden Idol"],"gold_loss":0},{"damage_healed":0,"gold_gain":0,"player_choice":"Fought Bandits","damage_taken":0,"max_hp_gain":0,"max_hp_loss":0,"event_name":"Masked Bandits","floor":31,"gold_loss":0},{"damage_healed":0,"gold_gain":0,"player_choice":"Fight","damage_taken":0,"max_hp_gain":0,"max_hp_loss":0,"event_name":"MindBloom","floor":36,"gold_loss":0},{"damage_healed":0,"gold_gain":222,"player_choice":"Wore Mask","damage_taken":0,"max_hp_gain":0,"max_hp_loss":0,"event_name":"Tomb of Lord Red Mask","floor":37,"gold_loss":0},{"damage_healed":0,"gold_gain":0,"player_choice":"Max HP","damage_taken":0,"max_hp_gain":0,"max_hp_loss":4,"event_name":"Winding Halls","floor":46,"gold_loss":0}],"is_beta":false,"boss_relics":[{"not_picked":["HoveringKite","Fusion Hammer"],"picked":"Calling Bell"},{"not_picked":["Sozu","Tiny House"],"picked":"Black Star"}],"items_purged_floors":[12,29,44],"is_endless":false,"potions_floor_spawned":[8,11,13,14,16,18,23,27,28,31,33,35,36,38,39,42,47,48,54],"ascension_level":15}}