{"host":"jwbw4f4imxd0v0b0","time":1607994261,"event":{"mods":["BaseMod","Colored Map","Highlight Path","Minty Spire (QoL Compilation)","Relic Stats","StSLib"],"gold_per_floor":[114,189,224,224,224,254,254,269,269,284,284,284,299,307,307,407,407,422,422,422,422,42,92,292,307,307,307,362,397,312,342,342,442,442,457,507,522,522,602,652,667,697,697,697,697,732,732,136,136,136],"floor_reached":51,"playtime":2646,"items_purged":[],"score":968,"play_id":"e2f2875c-86ac-44eb-9290-7cb08872a742","local_time":"20201214190421","daily_mods":["Allstar","Hoarder","Night Terrors"],"is_ascension_mode":false,"campfire_choices":[{"data":"Dramatic Entrance","floor":7.0,"key":"SMITH"},{"data":"Dramatic Entrance","floor":11.0,"key":"SMITH"},{"data":"Aggregate","floor":15.0,"key":"SMITH"},{"data":"Echo Form","floor":27.0,"key":"SMITH"},{"data":"Reboot","floor":32.0,"key":"SMITH"},{"data":"Reboot","floor":44.0,"key":"SMITH"},{"floor":47,"key":"REST"},{"data":"Discovery","floor":49,"key":"SMITH"}],"circlet_count":0,"master_deck":["Strike_B","Strike_B","Strike_B","Strike_B","Defend_B","Defend_B","Defend_B","Defend_B","Zap","Dualcast","Discovery","Discovery","Discovery+1","Dramatic Entrance+1","Dramatic Entrance+1","Dramatic Entrance","Forethought","Jack Of All Trades","Jack Of All Trades","Jack Of All Trades","Forethought+1","Forethought","Cold Snap","Cold Snap","Cold Snap+1","Redo","Redo","Redo+1","Chill","Chill","Chill","Aggregate+1","Aggregate","Aggregate","Bandage Up","Bandage Up","Bandage Up","Echo Form+1","Echo Form","Echo Form","Reboot+1","Reboot+1","Reboot","Barrage+1","Barrage+1","Barrage+1","Blind","Blind+1","Blind","HandOfGreed","HandOfGreed","HandOfGreed","Coolheaded+1","Coolheaded+1","Coolheaded+1","Seek+1","Seek+1","Seek+1","Undo+1","Undo+1","Undo+1","Barrage","Barrage","Barrage"],"relics":["Cracked Core","Shuriken","The Courier","Odd Mushroom","Inserter","Meat on the Bone","Omamori","Singing Bowl","Toxic Egg 2","War Paint","Bottled Flame","SacredBark","StoneCalendar","Ancient Tea Set","Potion Belt","Bottled Tornado","Bag of Preparation","Toolbox","Juzu Bracelet","Symbiotic Virus"],"acts_visited":["Exordium","TheCity","TheBeyond"],"potions_floor_usage":[50,50,50,50,50,50,50,50,50,50,50,50,50],"damage_taken":[{"damage":0.0,"enemies":"Small Slimes","floor":1.0,"turns":1.0},{"damage":0.0,"enemies":"Jaw Worm","floor":3.0,"turns":1.0},{"damage":35.0,"enemies":"Lagavulin","floor":6.0,"turns":7.0},{"damage":0.0,"enemies":"2 Louse","floor":8.0,"turns":1.0},{"damage":3.0,"enemies":"Large Slime","floor":10.0,"turns":7.0},{"damage":0.0,"enemies":"2 Fungi Beasts","floor":13.0,"turns":1.0},{"damage":0.0,"enemies":"The Mushroom Lair","floor":14.0,"turns":1.0},{"damage":19.0,"enemies":"Hexaghost","floor":16.0,"turns":9.0},{"damage":22.0,"enemies":"Shell Parasite","floor":18.0,"turns":8.0},{"damage":15.0,"enemies":"Book of Stabbing","floor":23.0,"turns":6.0},{"damage":0.0,"enemies":"Spheric Guardian","floor":25.0,"turns":1.0},{"damage":5.0,"enemies":"Chosen and Byrds","floor":28.0,"turns":5.0},{"damage":10.0,"enemies":"Snecko","floor":29.0,"turns":4.0},{"damage":0.0,"enemies":"Slavers","floor":31.0,"turns":1.0},{"damage":7.0,"enemies":"Champ","floor":33.0,"turns":9.0},{"damage":10.0,"enemies":"3 Darklings","floor":35.0,"turns":4.0},{"damage":0.0,"enemies":"Mind Bloom Boss Battle","floor":36.0,"turns":5.0},{"damage":12.0,"enemies":"3 Shapes","floor":37.0,"turns":1.0},{"damage":36.0,"enemies":"Jaw Worm Horde","floor":39.0,"turns":4.0},{"damage":6.0,"enemies":"Reptomancer","floor":40.0,"turns":5.0},{"damage":15.0,"enemies":"3 Darklings","floor":41.0,"turns":6.0},{"damage":23.0,"enemies":"Nemesis","floor":42.0,"turns":3.0},{"damage":23,"enemies":"4 Shapes","floor":46,"turns":3},{"damage":0,"enemies":"Awakened One","floor":50,"turns":4}],"seed_played":"8833210206598683822","potions_obtained":[{"floor":3.0,"key":"SpeedPotion"},{"floor":8.0,"key":"Block Potion"},{"floor":10.0,"key":"Dexterity Potion"},{"floor":25.0,"key":"Swift Potion"},{"floor":28.0,"key":"Dexterity Potion"},{"floor":29.0,"key":"DuplicationPotion"},{"floor":31.0,"key":"FocusPotion"},{"floor":33.0,"key":"Strength Potion"},{"floor":42.0,"key":"EntropicBrew"},{"floor":46,"key":"PotionOfCapacity"}],"is_trial":false,"path_per_floor":["M","?","M","?","?","E","R","M","T","M","R","?","M","?","R","B",null,"M","?","?","?","$","E","?","M","T","R","M","M","?","E","R","B",null,"M","?","M","?","M","E","M","E","T","R","?","M","R","$","R","B",null],"character_chosen":"DEFECT","items_purchased":["Meat on the Bone","Omamori","DuplicationPotion","Bag of Preparation","Toolbox","Juzu Bracelet","Symbiotic Virus","Barrage"],"campfire_rested":1,"item_purchase_floors":[22,22,22,48,48,48,48,48],"current_hp_per_floor":[75,64,64,64,49,14,14,14,14,11,11,11,11,11,11,4,75,75,61,61,61,61,56,56,58,58,58,57,49,49,51,51,60,88,80,90,80,80,58,74,61,52,52,52,52,55,99,99,99,99],"gold":136,"neow_bonus":"","is_daily":true,"chose_seed":false,"campfire_upgraded":7,"win_rate":0.0,"timestamp":1607994261,"path_taken":["M","?","M","?","?","E","R","M","T","M","R","?","M","?","R","BOSS","M","?","?","?","$","E","?","?","T","R","M","M","?","E","R","BOSS","M","?","M","?","?","E","M","E","T","R","?","M","R","?","R","BOSS"],"items_purchased_type":["Relic","Relic","Potion","Relic","Relic","Relic","Relic","Card"],"build_version":"2020-12-13","purchased_purges":0,"victory":true,"max_hp_per_floor":[75,75,75,75,75,75,75,75,75,75,75,75,75,75,75,75,75,75,80,80,80,80,82,82,84,84,84,84,86,86,88,88,88,88,90,92,94,94,96,98,100,102,102,102,102,104,99,99,99,99],"relic_stats":{"Inserter":[33],"Singing Bowl":24,"counters":[24,97],"Shuriken":[28],"StoneCalendar":[0],"Bag of Preparation":[2],"Juzu Bracelet":0,"War Paint":["Blind","Redo"],"obtain_stats":[{"Potion Belt":42,"Inserter":17,"Singing Bowl":23,"SacredBark":34,"StoneCalendar":36,"The Courier":9,"Omamori":22,"Bag of Preparation":48,"Juzu Bracelet":48,"Odd Mushroom":14,"War Paint":30,"Bottled Tornado":43,"Ancient Tea Set":40,"Bottled Flame":31,"Shuriken":6,"Toolbox":48,"Toxic Egg 2":26,"Cracked Core":0,"Symbiotic Virus":48,"Meat on the Bone":22},{"Potion Belt":22,"Inserter":8,"Singing Bowl":10,"SacredBark":15,"StoneCalendar":17,"The Courier":4,"Omamori":9,"Bag of Preparation":23,"Juzu Bracelet":23,"Odd Mushroom":7,"War Paint":13,"Bottled Tornado":22,"Ancient Tea Set":20,"Bottled Flame":14,"Shuriken":3,"Toolbox":23,"Toxic Egg 2":11,"Cracked Core":0,"Symbiotic Virus":23,"Meat on the Bone":9},{"Potion Belt":90,"Inserter":28,"Singing Bowl":42,"SacredBark":62,"StoneCalendar":71,"The Courier":10,"Omamori":36,"Bag of Preparation":93,"Juzu Bracelet":93,"Odd Mushroom":19,"War Paint":52,"Bottled Tornado":90,"Ancient Tea Set":81,"Bottled Flame":53,"Shuriken":9,"Toolbox":93,"Toxic Egg 2":43,"Cracked Core":0,"Symbiotic Virus":93,"Meat on the Bone":36}],"Meat on the Bone":24},"card_choices":[{"not_picked":["Stack","Reinforced Body"],"picked":"Cold Snap","floor":1.0},{"not_picked":["Leap","Consume"],"picked":"Redo","floor":3.0},{"not_picked":["Rebound","Gash"],"picked":"Chill","floor":6.0},{"not_picked":["Gash","Redo","Rebound"],"picked":"SKIP","floor":8.0},{"not_picked":["Conserve Battery","Coolheaded"],"picked":"Aggregate","floor":10.0},{"not_picked":["Sunder","Barrage"],"picked":"Echo Form","floor":13.0},{"not_picked":["Thunder Strike","Echo Form"],"picked":"Reboot","floor":16.0},{"not_picked":["Chaos","Capacitor+1"],"picked":"Barrage+1","floor":18.0},{"not_picked":["Chill","Rebound","Go for the Eyes"],"picked":"Singing Bowl","floor":23.0},{"not_picked":["Rebound","Leap","Melter+1"],"picked":"Singing Bowl","floor":25.0},{"not_picked":["Beam Cell","BootSequence+1"],"picked":"Coolheaded+1","floor":28.0},{"not_picked":["White Noise+1","Conserve Battery+1","Stack+1"],"picked":"Singing Bowl","floor":29.0},{"not_picked":["Turbo+1","Go for the Eyes","Streamline"],"picked":"Singing Bowl","floor":31.0},{"not_picked":["Rainbow+1","Echo Form"],"picked":"Seek+1","floor":33.0},{"not_picked":["Streamline+1","Force Field+1","Go for the Eyes"],"picked":"Singing Bowl","floor":35.0},{"not_picked":["Redo+1","Beam Cell","FTL"],"picked":"Singing Bowl","floor":36.0},{"not_picked":["Cold Snap+1","Stack+1","Hello World"],"picked":"Singing Bowl","floor":37.0},{"not_picked":["Heatsinks","Stack+1","Compile Driver+1"],"picked":"Singing Bowl","floor":39.0},{"not_picked":["Capacitor","Beam Cell+1","Coolheaded+1"],"picked":"Singing Bowl","floor":40.0},{"not_picked":["Steam+1","Glacier+1","Cold Snap+1"],"picked":"Singing Bowl","floor":41.0},{"not_picked":["Go for the Eyes+1","Lockon+1","Scrape+1"],"picked":"Singing Bowl","floor":42.0},{"not_picked":["Cold Snap","Lockon+1","Darkness+1"],"picked":"Singing Bowl","floor":46}],"player_experience":923637,"relics_obtained":[{"floor":6.0,"key":"Shuriken"},{"floor":9.0,"key":"The Courier"},{"floor":14.0,"key":"Odd Mushroom"},{"floor":23.0,"key":"Singing Bowl"},{"floor":26.0,"key":"Toxic Egg 2"},{"floor":31.0,"key":"Bottled Flame"},{"floor":36.0,"key":"StoneCalendar"},{"floor":40.0,"key":"Ancient Tea Set"},{"floor":42.0,"key":"Potion Belt"},{"floor":43.0,"key":"Bottled Tornado"}],"event_choices":[{"damage_healed":0.0,"max_hp_gain":0.0,"max_hp_loss":0.0,"gold_gain":75.0,"event_name":"World of Goop","player_choice":"Gather Gold","floor":2.0,"gold_loss":0.0,"damage_taken":11.0},{"damage_healed":0.0,"max_hp_gain":0.0,"max_hp_loss":0.0,"gold_gain":0.0,"event_name":"Liars Game","player_choice":"Ignored","floor":4.0,"gold_loss":0.0,"damage_taken":0.0},{"damage_healed":0.0,"max_hp_gain":0.0,"max_hp_loss":0.0,"gold_gain":0.0,"event_name":"Shining Light","player_choice":"Entered Light","floor":5.0,"gold_loss":0.0,"damage_taken":15.0,"cards_upgraded":["Forethought","Cold Snap"]},{"damage_healed":0.0,"max_hp_gain":0.0,"max_hp_loss":0.0,"gold_gain":0.0,"cards_transformed":["Forethought"],"event_name":"Living Wall","player_choice":"Change","floor":12.0,"gold_loss":0.0,"damage_taken":0.0,"cards_obtained":["Bandage Up"]},{"damage_healed":0.0,"max_hp_gain":0.0,"max_hp_loss":0.0,"gold_gain":0.0,"event_name":"Mushrooms","player_choice":"Fought Mushrooms","floor":14.0,"gold_loss":0.0,"damage_taken":0.0},{"damage_healed":0.0,"max_hp_gain":5.0,"max_hp_loss":0.0,"gold_gain":0.0,"event_name":"Forgotten Altar","player_choice":"Shed Blood","floor":19.0,"gold_loss":0.0,"damage_taken":19.0},{"damage_healed":0.0,"max_hp_gain":0.0,"max_hp_loss":0.0,"gold_gain":0.0,"event_name":"The Mausoleum","player_choice":"Ignored","floor":20.0,"gold_loss":0.0,"damage_taken":0.0},{"damage_healed":0.0,"max_hp_gain":0.0,"max_hp_loss":0.0,"gold_gain":0.0,"cards_transformed":["Forethought","Forethought"],"event_name":"Drug Dealer","player_choice":"Became Test Subject","floor":21.0,"gold_loss":0.0,"damage_taken":0.0,"cards_obtained":["Blind","HandOfGreed"]},{"damage_healed":0.0,"max_hp_gain":0.0,"max_hp_loss":0.0,"gold_gain":200.0,"event_name":"Wheel of Change","player_choice":"Gold","floor":24.0,"gold_loss":0.0,"damage_taken":0.0},{"damage_healed":0.0,"max_hp_gain":0.0,"max_hp_loss":0.0,"gold_gain":0.0,"event_name":"Addict","player_choice":"Obtained Relic","floor":30.0,"gold_loss":85.0,"damage_taken":0.0,"relics_obtained":["War Paint"]},{"damage_healed":0.0,"max_hp_gain":0.0,"max_hp_loss":0.0,"gold_gain":0.0,"event_name":"MindBloom","player_choice":"Fight","floor":36.0,"gold_loss":0.0,"damage_taken":0.0},{"damage_healed":0.0,"max_hp_gain":0.0,"max_hp_loss":0.0,"gold_gain":0.0,"event_name":"Match and Keep!","player_choice":"1 cards matched","floor":38.0,"gold_loss":0.0,"damage_taken":0.0,"cards_obtained":["Undo"]},{"damage_healed":0,"gold_gain":0,"player_choice":"Ignored","damage_taken":0,"max_hp_gain":0,"max_hp_loss":0,"event_name":"Mysterious Sphere","floor":45,"gold_loss":0}],"is_beta":false,"boss_relics":[{"not_picked":["Runic Dome","SlaversCollar"],"picked":"Inserter"},{"not_picked":["Busted Crown","Philosopher\u0027s Stone"],"picked":"SacredBark"}],"items_purged_floors":[],"is_endless":false,"potions_floor_spawned":[3,8,10,25,28,29,31,33,37,41,42,46],"ascension_level":0}}