{"host":"j6locglyv7e0c0tm","time":1607991605,"event":{"mods":["BaseMod","Better Altar","Better Match","Better Note","Better Sensory Stone","Better Skull","Better Third Choice","Better Vampires","BetterRewards","Card Forge","Colored Powertips","Custom Start","DeckTracker","Downfall","Googly Eyes","Hermit","Highlight Path","Jorbs\u0027s Wanderer Trilogy","Marked Mod","Minty Spire (QoL Compilation)","Relic Stats","Replay The Spire","Shade Mod","Shop Mod","StSLib","Swap Starting Deck Mod","The Runesmith","TheFirefly"],"gold_per_floor":[117,131,86,86,106,106,106,125,125,125,141,168,168,181,181,181,181],"floor_reached":16,"playtime":604,"items_purged":[],"score":152,"play_id":"6c00b539-8345-4b30-a9fb-1906207112ed","local_time":"20201215112005","is_ascension_mode":false,"campfire_choices":[{"floor":6,"key":"RECALL"},{"data":"hermit:Showdown","floor":10,"key":"SMITH"},{"data":"hermit:LoneWolf","floor":13,"key":"SMITH"},{"floor":15,"key":"REST"}],"circlet_count":0,"master_deck":["hermit:Strike_Hermit","hermit:Strike_Hermit","hermit:Strike_Hermit","hermit:Strike_Hermit","hermit:Defend_Hermit","hermit:Defend_Hermit","hermit:Defend_Hermit","hermit:Defend_Hermit","hermit:Snapshot","hermit:Covet","hermit:Maintenance","hermit:Showdown+1","hermit:HighCaliber","hermit:BodyArmor","Regret","hermit:LoneWolf+1","hermit:HighCaliber","hermit:FullyLoaded"],"relics":["hermit:Momento","Hammer of Thor","Seething Fire","Anvil of the Gods","Blood Vial","Durian","Letter Opener"],"acts_visited":["Exordium"],"potions_floor_usage":[8,12,12],"damage_taken":[{"damage":11,"enemies":"2 Louse","floor":1,"turns":3},{"damage":0,"enemies":"Cultist","floor":2,"turns":3},{"damage":0,"enemies":"Small Slimes","floor":5,"turns":3},{"damage":2,"enemies":"Looter","floor":8,"turns":4},{"damage":0,"enemies":"Large Slime","floor":11,"turns":5},{"damage":21,"enemies":"Lagavulin","floor":12,"turns":4},{"damage":8,"enemies":"Red Slaver","floor":14,"turns":3},{"damage":78,"enemies":"Hexaghost","floor":16,"turns":11}],"seed_played":"-4180159117182956003","potions_obtained":[{"floor":1,"key":"hexamod:EctoCoolerPotion"},{"floor":2,"key":"ColorlessPotion"},{"floor":12,"key":"BlessingOfTheForge"}],"is_trial":false,"path_per_floor":["M","M","$","?","M","R","?","M","T","R","M","E","R","M","R","B"],"character_chosen":"HERMIT","items_purchased":["hermit:Maintenance","hermit:Showdown","Blood Vial","Adrenaline Potion","hermit:BodyArmor"],"campfire_rested":1,"item_purchase_floors":[0,0,0,0,3],"current_hp_per_floor":[56,58,58,63,65,65,69,69,69,69,71,52,52,46,70,0,0],"gold":181,"neow_bonus":"","is_daily":false,"chose_seed":false,"campfire_upgraded":2,"win_rate":0.0,"timestamp":1607991605,"path_taken":["M","M","$","?","M","R","?","M","T","R","M","E","R","M","R","BOSS"],"items_purchased_type":["Card","Card","Relic","Potion","Card"],"build_version":"2020-12-13","purchased_purges":0,"victory":false,"max_hp_per_floor":[75,75,75,80,80,80,80,80,80,80,80,80,80,80,80,80,80],"relic_stats":{"Blood Vial":38,"counters":[120,718],"Letter Opener":[15],"obtain_stats":[{"Divine Protection":24,"Golden Egg":0,"hermit:ClaspedLocket":17,"Calipers":14,"Gremlin Horn":52,"CeramicFish":28,"Vajra":26,"Hammer of Thor":0,"Whetstone":24,"Bottled Tornado":7,"Blood Vial":0,"hermit:RyeStalk":7,"Lizard Tail":9,"DollysMirror":28,"Kunai":22,"Replay:Wax Seal":40,"hermit:Spyglass":45,"Replay:Bottled Steam":49,"Ring of Hypnosis":4,"Oddly Smooth Stone":19,"Pen Nib":36,"Letter Opener":12,"WarpedTongs":21,"SlaversCollar":36,"Replay:Baseball":40,"hermit:PetGhost":14,"Anvil of the Gods":0,"Bronze Scales":30,"Molten Egg 2":11,"ReplayTheSpireMod:TigerMarble":26,"hermit:Momento":0,"Lantern":48,"Regal Pillow":0,"Singing Bowl":20,"SacredBark":17,"Blue Doll":24,"Pet Ghost":8,"Frozen Eye":0,"Dream Catcher":11,"Chameleon Ring":0,"Shovel":43,"Mummified Hand":54,"Red Mask":44,"Replay:Bottled Snecko":6,"Runic Pyramid":34,"Lee\u0027s Waffle":0,"BargainBundle":36,"Runesmith:Nanobots":56,"ReplayTheSpireMod:Ninjato":0,"Seething Fire":0,"Frozen Egg 2":9,"Orichalcum":54,"MawBank":8,"Replay:Arrowhead":0,"sneckomod:BabySnecko":30,"Anchor":40,"Pondfish Scales":6,"Ornamental Fan":28,"betterThird:SlimedRelic":13,"Snack Pack":9,"Garlic":26,"Durian":4,"Membership Card":27,"Toy Ornithopter":0,"ReplayTheSpireMod:ShopPack":0},{"Divine Protection":11,"Golden Egg":64,"hermit:ClaspedLocket":107,"Calipers":23,"Gremlin Horn":62,"CeramicFish":74,"Vajra":52,"Hammer of Thor":0,"Whetstone":29,"Bottled Tornado":47,"Blood Vial":112,"hermit:RyeStalk":68,"Lizard Tail":22,"DollysMirror":12,"Kunai":52,"Replay:Wax Seal":79,"hermit:Spyglass":81,"Replay:Bottled Steam":61,"Ring of Hypnosis":21,"Oddly Smooth Stone":108,"Pen Nib":15,"Letter Opener":118,"WarpedTongs":10,"SlaversCollar":77,"Replay:Baseball":37,"hermit:PetGhost":49,"Anvil of the Gods":0,"Bronze Scales":74,"Molten Egg 2":6,"ReplayTheSpireMod:TigerMarble":30,"hermit:Momento":0,"Lantern":40,"Regal Pillow":64,"Singing Bowl":95,"SacredBark":8,"Blue Doll":97,"Pet Ghost":47,"Frozen Eye":86,"Dream Catcher":48,"Chameleon Ring":43,"Shovel":60,"Mummified Hand":63,"Red Mask":38,"Replay:Bottled Snecko":4,"Runic Pyramid":56,"Lee\u0027s Waffle":18,"BargainBundle":34,"Runesmith:Nanobots":85,"ReplayTheSpireMod:Ninjato":86,"Seething Fire":0,"Frozen Egg 2":5,"Orichalcum":42,"MawBank":89,"Replay:Arrowhead":86,"sneckomod:BabySnecko":12,"Anchor":79,"Pondfish Scales":102,"Ornamental Fan":98,"betterThird:SlimedRelic":23,"Snack Pack":47,"Garlic":98,"Durian":114,"Membership Card":98,"Toy Ornithopter":18,"ReplayTheSpireMod:ShopPack":43},{"Divine Protection":65,"Golden Egg":425,"hermit:ClaspedLocket":651,"Calipers":134,"Gremlin Horn":412,"CeramicFish":471,"Vajra":357,"Hammer of Thor":0,"Whetstone":208,"Bottled Tornado":333,"Blood Vial":682,"hermit:RyeStalk":440,"Lizard Tail":128,"DollysMirror":73,"Kunai":357,"Replay:Wax Seal":500,"hermit:Spyglass":513,"Replay:Bottled Steam":402,"Ring of Hypnosis":122,"Oddly Smooth Stone":661,"Pen Nib":97,"Letter Opener":704,"WarpedTongs":52,"SlaversCollar":489,"Replay:Baseball":262,"hermit:PetGhost":339,"Anvil of the Gods":0,"Bronze Scales":471,"Molten Egg 2":24,"ReplayTheSpireMod:TigerMarble":214,"hermit:Momento":0,"Lantern":287,"Regal Pillow":425,"Singing Bowl":588,"SacredBark":42,"Blue Doll":596,"Pet Ghost":333,"Frozen Eye":542,"Dream Catcher":337,"Chameleon Ring":320,"Shovel":396,"Mummified Hand":418,"Red Mask":269,"Replay:Bottled Snecko":16,"Runic Pyramid":379,"Lee\u0027s Waffle":113,"BargainBundle":244,"Runesmith:Nanobots":540,"ReplayTheSpireMod:Ninjato":542,"Seething Fire":0,"Frozen Egg 2":21,"Orichalcum":315,"MawBank":556,"Replay:Arrowhead":542,"sneckomod:BabySnecko":73,"Anchor":500,"Pondfish Scales":618,"Ornamental Fan":601,"betterThird:SlimedRelic":134,"Snack Pack":333,"Garlic":601,"Durian":688,"Membership Card":601,"Toy Ornithopter":113,"ReplayTheSpireMod:ShopPack":320}]},"card_choices":[{"not_picked":["hermit:Malice","hermit:Headshot"],"picked":"hermit:HighCaliber","floor":1},{"not_picked":["hermit:ShadowCloak","hermit:Desperado","hermit:ItchyTrigger"],"picked":"SKIP","floor":2},{"not_picked":["hermit:Enervate","hermit:Roulette"],"picked":"hermit:LoneWolf","floor":5},{"not_picked":["hermit:Spite","hermit:ItchyTrigger","hermit:Desperado"],"picked":"SKIP","floor":8},{"not_picked":["hermit:LowProfile","hermit:Grudge","hermit:SprayPray"],"picked":"SKIP","floor":11},{"not_picked":["hermit:EyeOfTheStorm","hermit:Brawl"],"picked":"hermit:HighCaliber","floor":12},{"not_picked":["hermit:HighNoon","hermit:HighCaliber"],"picked":"hermit:FullyLoaded","floor":14}],"player_experience":785093,"relics_obtained":[{"floor":12,"key":"Letter Opener"}],"event_choices":[{"damage_healed":0,"gold_gain":0,"player_choice":"Box","damage_taken":0,"relics_obtained":["Durian"],"max_hp_gain":0,"max_hp_loss":0,"event_name":"Big Fish","floor":4,"gold_loss":0,"cards_obtained":["Regret"]},{"damage_healed":4,"gold_gain":0,"player_choice":"LEAVE ","damage_taken":0,"relics_obtained":[],"max_hp_gain":0,"max_hp_loss":0,"event_name":"betterSkull:BetterSkull","floor":7,"gold_loss":0,"cards_upgraded":[]}],"is_beta":false,"boss_relics":[],"items_purged_floors":[],"is_endless":false,"potions_floor_spawned":[1,2,12],"killed_by":"Hexaghost","ascension_level":0}}