{"host":"njruw0b0uprlitpx","time":1607993191,"event":{"mods":["2.2 Compatiblity","BaseMod","Better Altar","Better Match","Better Note","Better Sensory Stone","Better Skull","Better Third Choice","Block Reminder","Colored Map","Colored Powertips","Downfall","Energized Spire","Keyboard Shortcuts","Minty Spire (QoL Compilation)","Quick Restart","Relic Stats","Replay The Spire","SacredBarkPlus","Spicy Shops","StSLib","SuperFastMode"],"gold_per_floor":[99,117,143,223,248,185,497,92,117,42,42,27,46,8,26,121,121,121,121,121,221,241,251,274,294,311,345,345,33,82,123,83,206,206,206,206,264,54,104,104,131,131,131,131,131,172,9,69,134,64],"floor_reached":51,"playtime":2542,"items_purged":["Delirium","Pain","Decay"],"score":950,"play_id":"97d4a0b5-c912-4977-a308-1fed79c4942b","local_time":"20201214184631","is_ascension_mode":false,"campfire_choices":[{"floor":1.0,"key":"RECALL"},{"floor":6.0,"key":"REST"},{"data":"hexamod:Toasty","floor":10.0,"key":"SMITH"},{"data":"expansioncontent:Chronoboost","floor":18,"key":"SMITH"},{"data":"hexamod:FastForward","floor":20,"key":"SMITH"},{"data":"hexamod:TimeOfNeed","floor":35,"key":"SMITH"},{"data":"expansioncontent:Corrupt","floor":42,"key":"SMITH"},{"floor":44,"key":"REST"}],"circlet_count":0,"master_deck":["hexamod:Strike","hexamod:Strike","hexamod:Strike+1","hexamod:Strike","hexamod:Defend","hexamod:Defend","hexamod:Defend","hexamod:Defend","hexamod:Sear","hexamod:Float+1","hexamod:SuperheatedStrike","hexamod:SwordOfDarkness+1","hexamod:FastForward+1","hexamod:Toasty+1","hexamod:Hexaguard","hexamod:DynamicBlow","Clumsy","hexamod:SpectersWail","expansioncontent:Chronoboost+1","hexamod:Incineration","hexamod:RainOfEmbers","hexamod:ShieldOfDarkness","hexamod:InspiringFlames","hexamod:ThermalTransfer","hexamod:ApocalypticArmor+1","hexamod:HauntingEcho","hexamod:GhostflameBarrier","hexamod:PhantomFireball+1","hexamod:ExtraCrispy+1","hexamod:EmpoweringStance+1","hexamod:SoulSteal","hexamod:SpectralSpark","expansioncontent:Corrupt+1","hexamod:ChargedBarrage","hexamod:ChargedBarrage+1","hexamod:TimeOfNeed+1","hexamod:RetreatToShadows+1","hexamod:GhostflameBarrier","expansioncontent:LastStand","expansioncontent:PrepareCrush","expansioncontent:TimeRipple","Delirium","ReplayTheSpireMod:IOU","hexamod:FirstSeal","hexamod:GhostLash+1"],"relics":["hexamod:SpiritBrand","InkBottle","MawBank","downfall:HeartBlessingRed","Old Coin","BargainBundle","Art of War","Gremlin Horn","Pen Nib","Toolbox","Thread and Needle","downfall:HeartBlessingGreen","Velvet Choker","downfall:KnowingSkull","Toy Ornithopter","Whetstone","FossilizedHelix","Replay:Wax Seal","hexamod:MatchstickCase","Guide Book","Replay:Bandana","Cursed Key","Chameleon Ring","ReplayTheSpireMod:Lightbulb","ReplayTheSpireMod:CursedCoin"],"acts_visited":["Exordium","TheCity","TheBeyond"],"potions_floor_usage":[21,25,29,29,31,31,31,33,37,39,49,50,50,50,50,50,50,50],"damage_taken":[{"damage":0.0,"enemies":"2 Louse","floor":2.0,"turns":3.0},{"damage":14.0,"enemies":"Gremlin Nob","floor":3.0,"turns":4.0},{"damage":0.0,"enemies":"downfall:FleeingMerchant","floor":8.0,"turns":4.0},{"damage":0.0,"enemies":"Replay:BlueRogue","floor":9.0,"turns":3.0},{"damage":0.0,"enemies":"downfall:FleeingMerchant","floor":12.0,"turns":4.0},{"damage":7.0,"enemies":"Jaw Worm","floor":13.0,"turns":2.0},{"damage":2.0,"enemies":"downfall:FleeingMerchant","floor":14.0,"turns":4.0},{"damage":0.0,"enemies":"Small Slimes","floor":15.0,"turns":1.0},{"damage":1.0,"enemies":"downfall:Watcher","floor":16.0,"turns":5.0},{"damage":4,"enemies":"downfall:LadyInBlue","floor":21,"turns":4},{"damage":1,"enemies":"Shell Parasite","floor":22,"turns":5},{"damage":1,"enemies":"Spheric Guardian","floor":23,"turns":4},{"damage":1,"enemies":"Snake Plant","floor":25,"turns":3},{"damage":3,"enemies":"Cultist and Chosen","floor":26,"turns":5},{"damage":1,"enemies":"Book of Stabbing","floor":27,"turns":3},{"damage":0,"enemies":"downfall:FleeingMerchant","floor":29,"turns":2},{"damage":0,"enemies":"Snecko","floor":30,"turns":3},{"damage":0,"enemies":"Sentry and Sphere","floor":31,"turns":3},{"damage":0,"enemies":"Chosen and Byrds","floor":32,"turns":3},{"damage":32,"enemies":"downfall:Ironclad","floor":33,"turns":7},{"damage":0,"enemies":"3 Darklings","floor":37,"turns":5},{"damage":2,"enemies":"3 Shapes","floor":39,"turns":3},{"damage":0,"enemies":"Spire Growth","floor":46,"turns":3},{"damage":1,"enemies":"4 Shapes","floor":48,"turns":4},{"damage":7,"enemies":"Jaw Worm Horde","floor":49,"turns":4},{"damage":22,"enemies":"downfall:Silent","floor":50,"turns":5}],"seed_played":"-2505449440706292438","potions_obtained":[{"floor":9.0,"key":"champ:CounterPotion"},{"floor":13.0,"key":"Guardian:BlockOnCardUsePotion"},{"floor":16.0,"key":"SkillPotion"},{"floor":21,"key":"Adrenaline Potion"},{"floor":21,"key":"hexamod:DoubleChargePotion"},{"floor":27,"key":"sneckomod:MuddlingPotion"},{"floor":30,"key":"Explosive Potion"},{"floor":33,"key":"ColorlessPotion"},{"floor":46,"key":"AttackPotion"},{"floor":49,"key":"Reflective Coating"}],"is_trial":false,"path_per_floor":["R","M","E","?","T","R","T","$","E","R","?","$","M","$","M","B",null,"R","?","R","?","M","M","T","M","M","E","?","$","M","M","M","B",null,"R","?","M","$","M","?","T","R","?","R","?","M","$","M","M","B",null],"character_chosen":"THE_SPIRIT","items_purchased":["BargainBundle","hexamod:Toasty","hexamod:Hexaguard","hexamod:DynamicBlow","Art of War","Gremlin Horn","Pen Nib","Toolbox","FearPotion","Strength Potion","sneckomod:MuddlingPotion","hexamod:InspiringFlames","hexamod:MatchstickCase","Guide Book","Replay:Bandana","hexamod:SpectralSpark","expansioncontent:Corrupt","LifebloodPotion","Chameleon Ring","ReplayTheSpireMod:CursedCoin","CultistPotion","hexamod:FirstSeal"],"campfire_rested":2,"item_purchase_floors":[8,8,8,8,8,8,8,8,8,8,8,14,29,29,29,29,29,38,38,47,47,47],"current_hp_per_floor":[70,70,56,56,56,70,70,70,70,70,70,70,63,61,61,60,70,70,63,63,59,58,57,57,61,58,57,57,67,67,70,70,38,70,70,70,70,70,68,68,68,68,58,70,70,70,70,70,63,63],"gold":64,"neow_bonus":"UPGRADE_CARD","is_daily":false,"chose_seed":false,"campfire_upgraded":5,"win_rate":0.0,"timestamp":1607993191,"path_taken":["R","M","E","?","?","R","T","?","E","R","?","$","M","?","M","BOSS","R","?","R","?","M","M","T","?","M","E","?","$","M","M","M","BOSS","R","?","?","?","M","?","T","R","?","R","?","M","$","M","M","BOSS"],"items_purchased_type":["Relic","Card","Card","Card","Relic","Relic","Relic","Relic","Potion","Potion","Potion","Card","Relic","Relic","Relic","Card","Card","Potion","Relic","Relic","Potion","Card"],"build_version":"2020-12-13","purchased_purges":3,"victory":true,"max_hp_per_floor":[70,70,70,70,70,70,70,70,70,70,70,70,70,70,70,70,70,70,70,70,70,70,70,70,70,70,70,70,70,70,70,70,70,70,70,70,70,70,70,70,70,70,70,70,70,70,70,70,70,70],"relic_stats":{"Gremlin Horn":[12,12],"counters":[26,96],"Pen Nib":[15],"Art of War":[7],"Whetstone":["hexamod:SwordOfDarkness","hexamod:Strike"],"MawBank":36,"Cursed Key":1,"obtain_stats":[{"Gremlin Horn":8,"downfall:HeartBlessingGreen":10,"Whetstone":24,"Cursed Key":34,"Old Coin":7,"Replay:Bandana":29,"Chameleon Ring":38,"Toolbox":8,"downfall:KnowingSkull":19,"Replay:Wax Seal":28,"hexamod:SpiritBrand":0,"InkBottle":3,"BargainBundle":8,"downfall:HeartBlessingRed":6,"ReplayTheSpireMod:CursedCoin":47,"Guide Book":29,"Velvet Choker":17,"Thread and Needle":9,"Pen Nib":8,"MawBank":5,"hexamod:MatchstickCase":29,"Art of War":8,"ReplayTheSpireMod:Lightbulb":41,"Toy Ornithopter":21,"FossilizedHelix":27},{"Gremlin Horn":3,"downfall:HeartBlessingGreen":4,"Whetstone":12,"Cursed Key":20,"Old Coin":2,"Replay:Bandana":16,"Chameleon Ring":21,"Toolbox":3,"downfall:KnowingSkull":9,"Replay:Wax Seal":15,"hexamod:SpiritBrand":0,"InkBottle":2,"BargainBundle":3,"downfall:HeartBlessingRed":2,"ReplayTheSpireMod:CursedCoin":23,"Guide Book":16,"Velvet Choker":9,"Thread and Needle":4,"Pen Nib":3,"MawBank":2,"hexamod:MatchstickCase":16,"Art of War":3,"ReplayTheSpireMod:Lightbulb":22,"Toy Ornithopter":10,"FossilizedHelix":15},{"Gremlin Horn":11,"downfall:HeartBlessingGreen":14,"Whetstone":43,"Cursed Key":72,"Old Coin":7,"Replay:Bandana":56,"Chameleon Ring":77,"Toolbox":11,"downfall:KnowingSkull":30,"Replay:Wax Seal":54,"hexamod:SpiritBrand":0,"InkBottle":7,"BargainBundle":11,"downfall:HeartBlessingRed":7,"ReplayTheSpireMod:CursedCoin":83,"Guide Book":56,"Velvet Choker":30,"Thread and Needle":14,"Pen Nib":11,"MawBank":7,"hexamod:MatchstickCase":56,"Art of War":11,"ReplayTheSpireMod:Lightbulb":80,"Toy Ornithopter":34,"FossilizedHelix":54}],"InkBottle":[34],"Toy Ornithopter":40},"card_choices":[{"not_picked":["hexamod:GhostLash","hexamod:GhostShield"],"picked":"hexamod:SuperheatedStrike","floor":2.0},{"not_picked":["hexamod:NightmareStrike","hexamod:GhostOfSpireFuture"],"picked":"hexamod:SwordOfDarkness","floor":3.0},{"not_picked":["hexamod:GhostLash","hexamod:Haunt"],"picked":"hexamod:FastForward","floor":8.0},{"not_picked":["hexamod:ThirdSeal","hexamod:SpectralAdrenaline"],"picked":"hexamod:SpectersWail","floor":9.0},{"not_picked":["Trip","expansioncontent:DarkVoid"],"picked":"expansioncontent:Chronoboost","floor":11.0},{"not_picked":["hexamod:Haunt","hexamod:BurningTouch"],"picked":"hexamod:Incineration","floor":12.0},{"not_picked":["hexamod:SpectersWail","hexamod:GhostLash"],"picked":"hexamod:RainOfEmbers","floor":13.0},{"not_picked":["hexamod:NightmareGuise","hexamod:ParanormalForm"],"picked":"hexamod:ShieldOfDarkness","floor":14.0},{"not_picked":["hexamod:NightmareStrike","hexamod:SwordOfDarkness"],"picked":"hexamod:ThermalTransfer","floor":15.0},{"not_picked":["hexamod:UnleashSpirits","hexamod:SixthSeal"],"picked":"hexamod:ApocalypticArmor","floor":16.0},{"not_picked":["hexamod:SpectersWail+1","hexamod:NightmareStrike+1"],"picked":"hexamod:HauntingEcho","floor":21},{"not_picked":["hexamod:RainOfEmbers","hexamod:ThirdSeal"],"picked":"hexamod:GhostflameBarrier","floor":22},{"not_picked":["hexamod:GhostShield","hexamod:RainOfEmbers","hexamod:InspiringFlames"],"picked":"SKIP","floor":23},{"not_picked":["hexamod:InspiringFlames","hexamod:NightmareGuise"],"picked":"hexamod:PhantomFireball+1","floor":25},{"not_picked":["hexamod:SuperheatedStrike","hexamod:GhostOfSpirePast+1"],"picked":"hexamod:ExtraCrispy","floor":26},{"not_picked":["hexamod:NightmareStrike","hexamod:InspiringFlames+1"],"picked":"hexamod:EmpoweringStance","floor":27},{"not_picked":["hexamod:RecurringNightmare","hexamod:CatchUp"],"picked":"hexamod:SoulSteal","floor":29},{"not_picked":["hexamod:GhostShield+1","hexamod:EmpoweredFlame"],"picked":"hexamod:ChargedBarrage","floor":30},{"not_picked":["hexamod:RainOfEmbers","hexamod:GhostShield","hexamod:AdvancingGuard+1"],"picked":"SKIP","floor":31},{"not_picked":["hexamod:SwordOfDarkness","hexamod:ThermalTransfer"],"picked":"hexamod:ChargedBarrage+1","floor":32},{"not_picked":["hexamod:CrushingStance","hexamod:GiftsFromTheDead"],"picked":"hexamod:TimeOfNeed","floor":33},{"not_picked":["hexamod:AdvancingGuard+1","hexamod:SpectersWail"],"picked":"hexamod:RetreatToShadows+1","floor":37},{"not_picked":["hexamod:RainOfEmbers+1","hexamod:AdvancingGuard+1"],"picked":"hexamod:GhostflameBarrier","floor":39},{"not_picked":["Replay:SS_fish_3","expansioncontent:ChargeUp"],"picked":"expansioncontent:LastStand","floor":43},{"not_picked":["expansioncontent:Chronoboost","Replay:SS_hec_1"],"picked":"expansioncontent:PrepareCrush","floor":43},{"not_picked":["expansioncontent:BronzeBeam","Replay:SS_hec_1"],"picked":"expansioncontent:TimeRipple","floor":43},{"not_picked":["hexamod:NightmareGuise+1","hexamod:RainOfEmbers","hexamod:ShieldOfDarkness"],"picked":"SKIP","floor":46},{"not_picked":["hexamod:HeatMetal","hexamod:GhostShield+1"],"picked":"hexamod:GhostLash+1","floor":48},{"not_picked":["hexamod:SpectersWail+1","hexamod:SwordOfDarkness","hexamod:SecondSeal"],"picked":"SKIP","floor":49}],"player_experience":1316693,"relics_obtained":[{"floor":3.0,"key":"InkBottle"},{"floor":5.0,"key":"MawBank"},{"floor":7.0,"key":"Old Coin"},{"floor":9.0,"key":"Thread and Needle"},{"floor":21,"key":"Toy Ornithopter"},{"floor":24,"key":"Whetstone"},{"floor":27,"key":"FossilizedHelix"},{"floor":41,"key":"ReplayTheSpireMod:Lightbulb"}],"event_choices":[{"damage_healed":0.0,"max_hp_gain":0.0,"max_hp_loss":0.0,"gold_gain":1.0,"event_name":"betterStone:BetterStone","player_choice":"1","floor":11.0,"gold_loss":0.0,"damage_taken":0.0},{"damage_healed":0,"gold_gain":0,"player_choice":"Forge","damage_taken":0,"max_hp_gain":0,"max_hp_loss":0,"event_name":"Accursed Blacksmith","floor":36,"gold_loss":0,"cards_upgraded":["hexamod:ExtraCrispy"]},{"damage_healed":0,"gold_gain":0,"player_choice":"Ignored","damage_taken":0,"max_hp_gain":0,"max_hp_loss":0,"event_name":"Mysterious Sphere","floor":40,"gold_loss":0}],"is_beta":false,"boss_relics":[{"not_picked":["Replay:Ancient Bell","hexamod:IceCube"],"picked":"Velvet Choker"},{"not_picked":["Replay:Drink Me","Sozu"],"picked":"Cursed Key"}],"items_purged_floors":[8,29,47],"is_endless":false,"potions_floor_spawned":[9,13,15,16,22,23,27,30,33,46,49],"ascension_level":0}}