{"host":"5ezk7t18wcb10u1o","time":1607990736,"event":{"mods":["BaseMod","Bestiary","Colored Powertips","Minty Spire (QoL Compilation)","Relic Sorter"],"gold_per_floor":[115,133,58,58,70,70,99,99,125,145,145,171,171,200,200,271,271,282,282,282,293,313,313,313],"floor_reached":23,"playtime":1217,"items_purged":[],"score":376,"play_id":"d498e72d-f162-4f79-a38a-6dc96adb680f","local_time":"20201215000536","is_ascension_mode":true,"campfire_choices":[{"data":"Streamline","floor":6,"key":"SMITH"},{"data":"Conserve Battery","floor":8,"key":"SMITH"},{"floor":11,"key":"REST"},{"floor":13,"key":"REST"},{"data":"Beam Cell","floor":15,"key":"SMITH"}],"circlet_count":0,"master_deck":["AscendersBane","Strike_B","Strike_B","Strike_B","Defend_B","Defend_B","Zap","Dualcast","Conserve Battery+1","Streamline+1","Doom and Gloom","Static Discharge","Beam Cell+1","Hologram","Scrape","Gash"],"relics":["Cracked Core","Oddly Smooth Stone","Happy Flower","Omamori","Strawberry","Sozu","Meat on the Bone"],"acts_visited":["Exordium","TheCity"],"potions_floor_usage":[7,10,18],"damage_taken":[{"damage":1,"enemies":"Cultist","floor":1,"turns":3},{"damage":0,"enemies":"Small Slimes","floor":2,"turns":3},{"damage":5,"enemies":"Jaw Worm","floor":5,"turns":2},{"damage":16,"enemies":"3 Sentries","floor":7,"turns":7},{"damage":7,"enemies":"2 Fungi Beasts","floor":10,"turns":2},{"damage":19,"enemies":"Lagavulin","floor":12,"turns":4},{"damage":19,"enemies":"Gremlin Nob","floor":14,"turns":4},{"damage":22,"enemies":"Slime Boss","floor":16,"turns":8},{"damage":12,"enemies":"3 Byrds","floor":18,"turns":2},{"damage":22,"enemies":"2 Thieves","floor":21,"turns":3},{"damage":27,"enemies":"Snake Plant","floor":22,"turns":3},{"damage":32,"enemies":"Slavers","floor":23,"turns":2}],"seed_played":"6893830752876895118","potions_obtained":[{"floor":5,"key":"LiquidMemories"},{"floor":7,"key":"ColorlessPotion"},{"floor":16,"key":"PowerPotion"}],"is_trial":false,"path_per_floor":["M","M","?","?","M","R","E","R","T","M","R","E","R","E","R","B",null,"M","?","?","M","M","E"],"character_chosen":"DEFECT","items_purchased":[],"campfire_rested":2,"item_purchase_floors":[],"current_hp_per_floor":[63,63,63,63,58,58,42,42,42,35,56,37,58,46,46,24,65,53,53,53,43,28,0,0],"gold":313,"neow_bonus":"REMOVE_CARD","is_daily":false,"chose_seed":false,"campfire_upgraded":3,"win_rate":0.0,"timestamp":1607990736,"path_taken":["M","M","?","?","M","R","E","R","T","?","R","E","R","E","R","BOSS","M","?","?","M","?","E"],"items_purchased_type":[],"build_version":"2020-12-13","purchased_purges":0,"victory":false,"max_hp_per_floor":[71,71,71,71,71,71,71,71,71,71,71,71,71,78,78,78,78,78,78,78,78,78,78,78],"card_choices":[{"not_picked":["Hologram","Ball Lightning"],"picked":"Conserve Battery","floor":1},{"not_picked":["Stack","White Noise"],"picked":"Streamline","floor":2},{"not_picked":["Darkness","Beam Cell"],"picked":"Cold Snap","floor":5},{"not_picked":["Storm","Reprogram"],"picked":"Doom and Gloom","floor":7},{"not_picked":["Barrage","Leap"],"picked":"Static Discharge","floor":10},{"not_picked":["Ball Lightning","Meteor Strike"],"picked":"Beam Cell","floor":12},{"not_picked":["Gash","Fusion","Capacitor"],"picked":"SKIP","floor":14},{"not_picked":["Streamline","Reprogram"],"picked":"Hologram","floor":18},{"not_picked":["Doom and Gloom","Cold Snap"],"picked":"Scrape","floor":21},{"not_picked":["Streamline","Barrage"],"picked":"Gash","floor":22}],"player_experience":1028985,"relics_obtained":[{"floor":7,"key":"Oddly Smooth Stone"},{"floor":9,"key":"Happy Flower"},{"floor":12,"key":"Omamori"},{"floor":14,"key":"Strawberry"}],"event_choices":[{"cards_removed":["Strike_B"],"damage_healed":0,"gold_gain":0,"player_choice":"Card Removal","damage_taken":0,"max_hp_gain":0,"max_hp_loss":0,"event_name":"The Cleric","floor":3,"gold_loss":75},{"cards_removed":["Defend_B"],"damage_healed":0,"gold_gain":0,"player_choice":"Offered Basic","damage_taken":0,"max_hp_gain":0,"max_hp_loss":0,"event_name":"Bonfire Elementals","floor":4,"gold_loss":0},{"damage_healed":0,"gold_gain":0,"player_choice":"Ignored","damage_taken":0,"max_hp_gain":0,"max_hp_loss":0,"event_name":"Ghosts","floor":19,"gold_loss":0},{"cards_removed":["Cold Snap"],"damage_healed":0,"gold_gain":0,"player_choice":"Gave Card","damage_taken":0,"relics_obtained":["Meat on the Bone"],"max_hp_gain":0,"max_hp_loss":0,"event_name":"WeMeetAgain","floor":20,"gold_loss":0}],"is_beta":false,"boss_relics":[{"not_picked":["Philosopher\u0027s Stone","Astrolabe"],"picked":"Sozu"}],"items_purged_floors":[],"is_endless":false,"potions_floor_spawned":[5,7,16,18,22],"killed_by":"Slavers","ascension_level":16}}