{"host":"og6lam4kt3nibbw0","time":1607991605,"event":{"mods":["AchievementEnabler","BaseMod","Colored Map","DeckTracker","Highlight Path","Keyboard Shortcuts","Minty Spire (QoL Compilation)","Permanent Neow","Quick Restart","StSLib","SuperFastMode"],"gold_per_floor":[119,119,134,59,24,51,75,100,100,100,113,113,113,113,113,113,113,113,113,129,29,29,63,63,93,93,121,135,160,160,160,215,215,287,287,287,287,162,172,172,206,217,242,265,294,144,144,156,156,156,156,156],"floor_reached":53,"playtime":308,"items_purged":["Strike_R","Juggernaut","Bloodletting","Inflame"],"score":3161,"play_id":"7e5a6d49-6bbe-4d0d-909d-9abb84bd109b","local_time":"20201215092005","is_ascension_mode":true,"campfire_choices":[{"floor":15.0,"key":"REST"},{"floor":24.0,"key":"REST"},{"floor":33.0,"key":"REST"},{"floor":50,"key":"REST"}],"circlet_count":0,"master_deck":["AscendersBane","Strike_R","Strike_R+1","Strike_R","Defend_R","Defend_R+1","Defend_R","Defend_R+1","Bash+1"],"relics":["Burning Blood","Regal Pillow","Orichalcum","Strawberry","Matryoshka","StrikeDummy","PreservedInsect","Pantograph","MutagenicStrength","Omamori","Whetstone","Lantern","CeramicFish","Molten Egg 2","HornCleat","Anchor","Velvet Choker","Toxic Egg 2","War Paint","Boot","Centennial Puzzle","Oddly Smooth Stone"],"acts_visited":["Exordium","TheCity","TheBeyond"],"potions_floor_usage":[],"damage_taken":[{"damage":0.0,"enemies":"2 Louse","floor":1.0,"turns":1.0},{"damage":0.0,"enemies":"Jaw Worm","floor":3.0,"turns":1.0},{"damage":0.0,"enemies":"Lagavulin","floor":6.0,"turns":1.0},{"damage":0.0,"enemies":"3 Sentries","floor":8.0,"turns":1.0},{"damage":0.0,"enemies":"Small Slimes","floor":11.0,"turns":1.0},{"damage":0.0,"enemies":"Looter","floor":12.0,"turns":1.0},{"damage":0.0,"enemies":"Gremlin Nob","floor":13.0,"turns":1.0},{"damage":0.0,"enemies":"Hexaghost","floor":16.0,"turns":1.0},{"damage":0.0,"enemies":"Chosen","floor":18.0,"turns":1.0},{"damage":0.0,"enemies":"Shell Parasite","floor":19.0,"turns":1.0},{"damage":0.0,"enemies":"Centurion and Healer","floor":20.0,"turns":1.0},{"damage":0.0,"enemies":"Slavers","floor":23.0,"turns":1.0},{"damage":0.0,"enemies":"Gremlin Leader","floor":25.0,"turns":1.0},{"damage":0.0,"enemies":"Slavers","floor":27.0,"turns":1.0},{"damage":0.0,"enemies":"Cultist and Chosen","floor":28.0,"turns":1.0},{"damage":0.0,"enemies":"Book of Stabbing","floor":29.0,"turns":1.0},{"damage":0.0,"enemies":"Collector","floor":34.0,"turns":1.0},{"damage":0.0,"enemies":"Orb Walker","floor":36.0,"turns":1.0},{"damage":0.0,"enemies":"3 Darklings","floor":37.0,"turns":1.0},{"damage":0.0,"enemies":"Writhing Mass","floor":39.0,"turns":1.0},{"damage":0.0,"enemies":"Nemesis","floor":41.0,"turns":1.0},{"damage":0.0,"enemies":"Transient","floor":42.0,"turns":1.0},{"damage":0.0,"enemies":"Reptomancer","floor":43.0,"turns":1.0},{"damage":0.0,"enemies":"Giant Head","floor":45.0,"turns":1.0},{"damage":0,"enemies":"Maw","floor":48,"turns":1},{"damage":0,"enemies":"Jaw Worm Horde","floor":49,"turns":1},{"damage":0,"enemies":"Awakened One","floor":51,"turns":2},{"damage":0,"enemies":"Time Eater","floor":52,"turns":1}],"seed_played":"-879431484305152569","potions_obtained":[{"floor":6.0,"key":"BlessingOfTheForge"},{"floor":11.0,"key":"Dexterity Potion"}],"is_trial":false,"path_per_floor":["M","?","M","$","?","E","T","E","T","?","M","M","E","$","R","B",null,"M","M","M","$","?","E","R","E","T","E","M","E","?","?","T","R","B",null,"M","M","$","M","T","E","M","E","T","E","$","?","M","M","R","B","B",null],"character_chosen":"IRONCLAD","items_purchased":[],"campfire_rested":4,"item_purchase_floors":[],"current_hp_per_floor":[74,74,75,75,75,75,82,82,82,56,62,68,74,74,82,82,82,82,82,82,82,82,82,82,82,82,82,82,82,82,82,82,82,82,82,82,82,82,82,82,82,82,82,82,82,82,82,82,82,82,82,82],"gold":156,"neow_bonus":"RANDOM_COMMON_RELIC","is_daily":false,"chose_seed":false,"campfire_upgraded":0,"win_rate":0.0,"timestamp":1607991605,"path_taken":["M","?","M","?","?","E","?","E","T","?","?","M","E","$","R","BOSS","M","?","M","$","?","E","R","E","T","E","M","E","?","?","?","R","BOSS","M","M","?","M","?","E","?","E","T","E","$","?","M","M","R","BOSS","BOSS"],"items_purchased_type":[],"build_version":"2020-12-13","purchased_purges":4,"victory":true,"max_hp_per_floor":[75,75,75,75,75,75,82,82,82,82,82,82,82,82,82,82,82,82,82,82,82,82,82,82,82,82,82,82,82,82,82,82,82,82,82,82,82,82,82,82,82,82,82,82,82,82,82,82,82,82,82,82],"card_choices":[{"not_picked":["Twin Strike","Warcry","True Grit"],"picked":"SKIP","floor":1.0},{"not_picked":["Carnage","Wild Strike"],"picked":"Inflame","floor":3.0},{"not_picked":["Power Through","Carnage","Whirlwind"],"picked":"SKIP","floor":6.0},{"not_picked":["Cleave","Havoc"],"picked":"Juggernaut","floor":8.0},{"not_picked":["Flex","Metallicize"],"picked":"Bloodletting","floor":11.0},{"not_picked":["Second Wind","Feel No Pain","Sever Soul"],"picked":"SKIP","floor":12.0},{"not_picked":["Cleave","Clash","Body Slam"],"picked":"SKIP","floor":13.0},{"not_picked":["True Grit","Headbutt","Blood for Blood"],"picked":"SKIP","floor":18.0},{"not_picked":["Sword Boomerang","Heavy Blade","Searing Blow"],"picked":"SKIP","floor":19.0},{"not_picked":["Anger","Intimidate","Clash"],"picked":"SKIP","floor":20.0},{"not_picked":["Fiend Fire","True Grit","Pummel"],"picked":"SKIP","floor":23.0},{"not_picked":["Cleave","Perfected Strike","Iron Wave"],"picked":"SKIP","floor":25.0},{"not_picked":["Sword Boomerang+1","Wild Strike+1","True Grit"],"picked":"SKIP","floor":27.0},{"not_picked":["Havoc","Fiend Fire+1","Hemokinesis+1"],"picked":"SKIP","floor":28.0},{"not_picked":["Flex","Clash+1","Armaments+1"],"picked":"SKIP","floor":29.0},{"not_picked":["Headbutt+1","Sword Boomerang+1","Rampage+1"],"picked":"SKIP","floor":36.0},{"not_picked":["Perfected Strike+1","Body Slam+1","Heavy Blade+1"],"picked":"SKIP","floor":37.0},{"not_picked":["Twin Strike+1","Juggernaut","Cleave+1"],"picked":"SKIP","floor":39.0},{"not_picked":["Combust","Iron Wave+1","Pummel+1"],"picked":"SKIP","floor":41.0},{"not_picked":["Rage+1","Shrug It Off+1","Spot Weakness+1"],"picked":"SKIP","floor":42.0},{"not_picked":["Fire Breathing","Cleave+1","Dark Embrace+1"],"picked":"SKIP","floor":43.0},{"not_picked":["Dark Embrace","Pommel Strike+1","Iron Wave+1"],"picked":"SKIP","floor":45.0},{"not_picked":["Dropkick+1","Havoc+1","Shrug It Off+1"],"picked":"SKIP","floor":48},{"not_picked":["Armaments+1","Body Slam+1","Headbutt+1"],"picked":"SKIP","floor":49}],"player_experience":750302,"relics_obtained":[{"floor":6.0,"key":"Orichalcum"},{"floor":7.0,"key":"Strawberry"},{"floor":8.0,"key":"Matryoshka"},{"floor":9.0,"key":"StrikeDummy"},{"floor":9.0,"key":"PreservedInsect"},{"floor":23.0,"key":"Omamori"},{"floor":25.0,"key":"Whetstone"},{"floor":26.0,"key":"Lantern"},{"floor":26.0,"key":"CeramicFish"},{"floor":27.0,"key":"Molten Egg 2"},{"floor":29.0,"key":"HornCleat"},{"floor":32.0,"key":"Anchor"},{"floor":40.0,"key":"Toxic Egg 2"},{"floor":41.0,"key":"War Paint"},{"floor":43.0,"key":"Boot"},{"floor":44.0,"key":"Centennial Puzzle"},{"floor":45.0,"key":"Oddly Smooth Stone"}],"event_choices":[{"damage_healed":0.0,"max_hp_gain":0.0,"max_hp_loss":0.0,"gold_gain":0.0,"event_name":"Shining Light","player_choice":"Ignored","floor":2.0,"gold_loss":0.0,"damage_taken":0.0},{"damage_healed":18.0,"max_hp_gain":0.0,"max_hp_loss":0.0,"gold_gain":0.0,"event_name":"The Cleric","player_choice":"Healed","floor":5.0,"gold_loss":35.0,"damage_taken":0.0},{"damage_healed":0.0,"max_hp_gain":0.0,"max_hp_loss":0.0,"gold_gain":0.0,"event_name":"Scrap Ooze","player_choice":"Success","floor":10.0,"gold_loss":0.0,"damage_taken":26.0,"relics_obtained":["Pantograph"]},{"damage_healed":0.0,"max_hp_gain":0.0,"max_hp_loss":0.0,"gold_gain":0.0,"event_name":"Drug Dealer","player_choice":"Inject Mutagens","floor":22.0,"gold_loss":0.0,"damage_taken":0.0,"relics_obtained":["MutagenicStrength"]},{"damage_healed":0.0,"max_hp_gain":0.0,"max_hp_loss":0.0,"gold_gain":0.0,"event_name":"Ghosts","player_choice":"Ignored","floor":30.0,"gold_loss":0.0,"damage_taken":0.0},{"damage_healed":0.0,"max_hp_gain":0.0,"max_hp_loss":0.0,"gold_gain":0.0,"event_name":"Vampires","player_choice":"Ignored","floor":31.0,"gold_loss":0.0,"damage_taken":0.0},{"cards_removed":["Strike_R"],"damage_healed":0,"gold_gain":0,"player_choice":"Removed Attack","damage_taken":0,"max_hp_gain":0,"max_hp_loss":0,"event_name":"Falling","floor":47,"gold_loss":0}],"is_beta":false,"boss_relics":[{"not_picked":[]},{"not_picked":["Tiny House","Calling Bell"],"picked":"Velvet Choker"}],"items_purged_floors":[4,21,38,46],"is_endless":false,"potions_floor_spawned":[6,11,13,16,19,23,25,28,29,36,41,45,49],"ascension_level":20}}