{"host":"aukiz5jlacd3g5yc","time":1607997731,"event":{"mods":["2.2 Compatiblity","BaseMod","Bestiary","Colored Map","Colored Powertips","Downfall","GifTheSpireLib","Highlight Path","Hubris","Infinite Spire","Marisa????????","Minty Spire (QoL Compilation)","Permanent Neow","Quick Restart","Random Character Button","Rare Cards Sparkle","Relic Sorter","Relic Stats","Replay The Spire","StSLib","Unknown Chances","everything is the same but u backflip on backflip","slay the spire mod where everything is the same but ironclad has a cowboy hat"],"gold_per_floor":[99,99,115,131,131,131,131,159,159,189,189,199,199,67,80,80,80],"floor_reached":16,"playtime":633,"items_purged":[],"score":133,"play_id":"5fd43bc9-8722-49ee-92b1-e35b327dcab3","local_time":"20201214200211","is_ascension_mode":false,"campfire_choices":[{"data":"hexamod:SkipABeat","floor":1,"key":"SMITH"},{"data":"hexamod:Float","floor":6,"key":"SMITH"},{"floor":9,"key":"DIG"}],"circlet_count":0,"master_deck":["ReplayTheSpireMod:??????????????????????+1","hexamod:Strike","hexamod:Strike+1","hexamod:Strike+1","hexamod:Defend","hexamod:Defend","hexamod:Defend","hexamod:Defend","hexamod:Sear","hexamod:Float+1","hexamod:SkipABeat+1","hexamod:SkipABeat","hexamod:CatchUp+1","Regret","hexamod:PhantomCloak","hexamod:CatchUp","Judgement","hexamod:Again","hexamod:EmpoweredFlame","hexamod:Hexaguard","hexamod:AdvancingGuard"],"relics":["hexamod:SpiritBrand","Akabeko","Replay:Multitool","Ornamental Fan","hubris:DisguiseKit","Question Card"],"acts_visited":["Exordium"],"potions_floor_usage":[16,16],"damage_taken":[{"damage":0,"enemies":"2 Louse","floor":3,"turns":2},{"damage":0,"enemies":"Cultist","floor":4,"turns":3},{"damage":17,"enemies":"Lagavulin","floor":8,"turns":6},{"damage":1,"enemies":"Replay:BlueRogue","floor":10,"turns":4},{"damage":5,"enemies":"Jaw Worm","floor":12,"turns":2},{"damage":2,"enemies":"downfall:FleeingMerchant","floor":14,"turns":4},{"damage":7,"enemies":"2 Fungi Beasts","floor":15,"turns":3},{"damage":40,"enemies":"downfall:Ironclad","floor":16,"turns":9}],"seed_played":"2570798943811073637","potions_obtained":[{"floor":4,"key":"Block Potion"},{"floor":15,"key":"Explosive Potion"}],"is_trial":false,"path_per_floor":["R","?","M","M","?","R","T","E","R","E","?","M","T","$","M","B"],"character_chosen":"THE_SPIRIT","items_purchased":["hexamod:EmpoweredFlame","hexamod:Hexaguard"],"campfire_rested":0,"item_purchase_floors":[14,14],"current_hp_per_floor":[70,70,70,70,70,70,70,53,53,52,52,47,47,45,38,0,0],"gold":80,"neow_bonus":"TRANSFORM_CARD","is_daily":false,"chose_seed":false,"campfire_upgraded":2,"win_rate":0.0,"timestamp":1607997731,"path_taken":["R","?","?","M","?","R","T","E","R","E","?","M","?","$","M","BOSS"],"items_purchased_type":["Card","Card"],"build_version":"2020-12-13","purchased_purges":0,"victory":false,"max_hp_per_floor":[70,70,70,70,70,70,70,70,70,70,70,70,70,70,70,70,70],"relic_stats":{"counters":[8,33],"Ornamental Fan":[12],"Question Card":2,"obtain_stats":[{"hubris:DisguiseKit":10,"Ornamental Fan":9,"Replay:Multitool":8,"Question Card":13,"hexamod:SpiritBrand":0,"Akabeko":7},{"hubris:DisguiseKit":4,"Ornamental Fan":3,"Replay:Multitool":3,"Question Card":5,"hexamod:SpiritBrand":0,"Akabeko":2},{"hubris:DisguiseKit":15,"Ornamental Fan":11,"Replay:Multitool":11,"Question Card":17,"hexamod:SpiritBrand":0,"Akabeko":5}]},"card_choices":[{"not_picked":["hexamod:NightmareStrike","hexamod:SpectralAdrenaline"],"picked":"hexamod:SkipABeat","floor":3},{"not_picked":["hexamod:BacktrackSmack","hexamod:SpectralSpark"],"picked":"hexamod:CatchUp","floor":4},{"not_picked":["hexamod:ShieldOfDarkness","hexamod:SwordOfDarkness"],"picked":"hexamod:PhantomCloak","floor":8},{"not_picked":["hexamod:ShieldOfDarkness","hexamod:FirstSeal"],"picked":"hexamod:CatchUp","floor":10},{"not_picked":["hexamod:GhostflameBarrier","hexamod:Rewind","hexamod:SecondSeal"],"picked":"Judgement","floor":12},{"not_picked":["hexamod:VolcanoVisage","hexamod:ShieldOfDarkness","hexamod:SwordOfDarkness","Alpha"],"picked":"hexamod:Again","floor":14},{"not_picked":["hexamod:ShieldOfDarkness","hexamod:GiftsFromTheDead","hexamod:Haunt","Worship"],"picked":"hexamod:AdvancingGuard","floor":15}],"player_experience":359002,"relics_obtained":[{"floor":7,"key":"Akabeko"},{"floor":8,"key":"Replay:Multitool"},{"floor":9,"key":"Ornamental Fan"},{"floor":10,"key":"hubris:DisguiseKit"},{"floor":13,"key":"Question Card"}],"event_choices":[{"damage_healed":0,"gold_gain":0,"player_choice":"Ignored","damage_taken":0,"max_hp_gain":0,"max_hp_loss":0,"event_name":"NoteForYourself","floor":2,"gold_loss":0}],"is_beta":false,"boss_relics":[],"items_purged_floors":[],"is_endless":false,"potions_floor_spawned":[4,15],"killed_by":"downfall:Ironclad","ascension_level":0}}