{"host":"keq0h3zgiuz4rmh9","time":1607997262,"event":{"mods":["AchievementEnabler","BaseMod","BetterRewards","Downfall","Duelist Mod","GifTheSpireLib","Hermit","Minty Spire (QoL Compilation)","Replay The Spire","StSLib","The Cursed","The Necromancer"],"gold_per_floor":[141,61,61,81,106,149,164,182,205,205,241,262,278,298,423,547,547,567,581,166,166,182,182,213,229,306,306,326,370,385,410,410,410,410],"floor_reached":33,"playtime":2621,"items_purged":["theDuelist:CastleWalls"],"score":330,"play_id":"7c12aa3e-4cbe-4c83-b1a5-fda3192c86ac","local_time":"20201214205422","is_ascension_mode":false,"campfire_choices":[{"floor":10,"key":"REST"},{"data":"theDuelist:Scapegoat","floor":23,"key":"SMITH"},{"data":"theDuelist:CastleWalls","floor":32,"key":"PURGE"}],"circlet_count":0,"master_deck":["theDuelist:BabyDragon","theDuelist:CaveDragon","theDuelist:CaveDragon","theDuelist:LesserDragon","theDuelist:LesserDragon","theDuelist:Sparks","theDuelist:StormSparks","theDuelist:YamataDragon","theDuelist:Raigeki","theDuelist:CastleDragonSouls","theDuelist:DarkHorus","theDuelist:SilverWing","theDuelist:LightningDarts","theDuelist:Kabazauls","theDuelist:TyrantWing","theDuelist:Scapegoat+1","theDuelist:EyeTimaeus","theDuelist:BlizzardDragon+1","theDuelist:CurseArmaments","theDuelist:Raigeki","theDuelist:FrostflameDragon","theDuelist:PsiCurse","theDuelist:CyberDragon","theDuelist:ViceDragon","theDuelist:GenesisDragon"],"relics":["theDuelist:MillenniumPuzzle","theDuelist:CardPoolRelic","theDuelist:CardPoolBasicRelic","theDuelist:BoosterPackPoolRelic","theDuelist:CardPoolAddRelic","theDuelist:CardPoolMinusRelic","theDuelist:CardPoolSaveRelic","theDuelist:CardPoolOptionsRelic","Golden Idol","Eternal Feather","Blue Doll","Ancient Tea Set","theDuelist:HauntedRelic","Gremlin Food","PreservedInsect","theDuelist:MillenniumArmor","Anchor","Bottled Lightning","theDuelist:MillenniumPrayerbook","InkBottle"],"acts_visited":["TheCity"],"potions_floor_usage":[14,22,22,33,33,33],"damage_taken":[{"damage":0,"enemies":"2 Louse","floor":1,"turns":2},{"damage":1,"enemies":"Jaw Worm","floor":4,"turns":3},{"damage":0,"enemies":"Small Slimes","floor":5,"turns":2},{"damage":20,"enemies":"Gremlin Nob","floor":6,"turns":4},{"damage":7,"enemies":"Red Slaver","floor":7,"turns":2},{"damage":0,"enemies":"3 Louse","floor":8,"turns":2},{"damage":11,"enemies":"Lagavulin","floor":11,"turns":5},{"damage":3,"enemies":"Gremlin Gang","floor":12,"turns":2},{"damage":13,"enemies":"2 Fungi Beasts","floor":13,"turns":3},{"damage":8,"enemies":"Large Slime","floor":14,"turns":4},{"damage":39,"enemies":"Slime Boss","floor":16,"turns":8},{"damage":10,"enemies":"Chosen","floor":18,"turns":5},{"damage":9,"enemies":"Shell Parasite","floor":19,"turns":2},{"damage":5,"enemies":"3 Cultists","floor":22,"turns":4},{"damage":0,"enemies":"Slavers","floor":24,"turns":3},{"damage":9,"enemies":"Snecko","floor":25,"turns":5},{"damage":0,"enemies":"Cultist and Chosen","floor":28,"turns":5},{"damage":3,"enemies":"Book of Stabbing","floor":29,"turns":4},{"damage":0,"enemies":"Centurion and Healer","floor":30,"turns":3},{"damage":24,"enemies":"Shelled Parasite and Fungi","floor":31,"turns":3},{"damage":49,"enemies":"Pondfish","floor":33,"turns":6}],"seed_played":"2647020872620252540","potions_obtained":[{"floor":1,"key":"theDuelist:FireBottle"},{"floor":4,"key":"theDuelist:VoidBottle"},{"floor":6,"key":"theDuelist:TokenPotionB"},{"floor":14,"key":"DistilledChaos"},{"floor":16,"key":"Energy Potion"},{"floor":22,"key":"Dexterity Potion"},{"floor":28,"key":"theDuelist:SummonFuryPotion"}],"is_trial":false,"path_per_floor":["M","$","?","M","M","E","M","M","T","R","E","M","M","M","R","B",null,"M","M","$","?","M","R","E","M","T","?","M","E","M","M","R","B"],"character_chosen":"THE_DUELIST","items_purchased":["theDuelist:CastleDragonSouls","Gremlin Food","PreservedInsect","theDuelist:BlizzardDragon+1"],"campfire_rested":1,"item_purchase_floors":[2,20,20,20],"current_hp_per_floor":[88,88,81,80,80,60,53,53,53,81,70,67,54,46,55,16,81,71,62,62,62,57,69,69,60,60,60,60,57,57,33,48,0,0],"gold":410,"neow_bonus":"TEN_PERCENT_HP_BONUS","is_daily":false,"chose_seed":false,"campfire_upgraded":1,"win_rate":0.0,"timestamp":1607997262,"path_taken":["M","$","?","M","M","E","M","M","T","R","E","M","M","M","R","BOSS","M","M","$","?","M","R","E","M","T","?","M","E","M","?","R","BOSS"],"items_purchased_type":["Card","Relic","Relic","Card"],"build_version":"2020-12-13","purchased_purges":1,"victory":false,"max_hp_per_floor":[88,88,81,81,81,81,81,81,81,81,81,81,81,81,81,81,81,81,81,81,81,81,81,81,81,81,81,81,81,81,81,81,81,81],"card_choices":[{"not_picked":["theDuelist:BattleguardKing","theDuelist:BigFire","theDuelist:Hinotama","theDuelist:LightningDarts"],"picked":"theDuelist:Raigeki","floor":1},{"not_picked":["theDuelist:DefenseZone","theDuelist:LesserDragon","theDuelist:MoltenDestruction","theDuelist:Earthquake"],"picked":"theDuelist:DarkHorus","floor":4},{"not_picked":["theDuelist:Vandalgyon","theDuelist:TotemDragon","theDuelist:DragonRavine"],"picked":"theDuelist:SilverWing","floor":5},{"not_picked":["theDuelist:SpiralSpearStrike","theDuelist:MoltenDestruction","theDuelist:Mountain","theDuelist:DragonRavine","theDuelist:ClawHermos"],"picked":"SKIP","floor":6},{"not_picked":["theDuelist:BattleguardKing","theDuelist:BigFire","theDuelist:RainbowOverdragon","theDuelist:SmashingGround"],"picked":"theDuelist:LightningDarts","floor":7},{"not_picked":["theDuelist:BlackBrutdrago","theDuelist:Freezadon","theDuelist:AncientPixieDragon","theDuelist:GuardragonJusticia"],"picked":"theDuelist:Kabazauls","floor":8},{"not_picked":["theDuelist:TailSwipe","theDuelist:SurvivalFittest","theDuelist:SeismicShockwave"],"picked":"SKIP","floor":11},{"not_picked":["theDuelist:TwinBarrelDragon","theDuelist:Pyrorex","theDuelist:Hydrogeddon","theDuelist:BlackStego","theDuelist:Kabazauls"],"picked":"SKIP","floor":12},{"not_picked":["theDuelist:SoulCharge","theDuelist:RedRisingDragon","theDuelist:RedHeadedOni","theDuelist:Anthrosaurus","theDuelist:SafeZone"],"picked":"SKIP","floor":13},{"not_picked":["theDuelist:MadSwordBeast","theDuelist:RedDragonArchfiend","theDuelist:Hydrogeddon","theDuelist:CyberEndDragon"],"picked":"theDuelist:TyrantWing","floor":14},{"not_picked":["theDuelist:WaterDragon","theDuelist:SeismicShockwave","theDuelist:CyberDragonInfinity","theDuelist:BSkullDragon"],"picked":"theDuelist:Scapegoat","floor":16},{"not_picked":["theDuelist:SoulCharge","theDuelist:FluteSummoning+1","theDuelist:Anthrosaurus+1","theDuelist:AquaDolphin"],"picked":"theDuelist:EyeTimaeus","floor":18},{"not_picked":["theDuelist:BlacklandFireDragon","theDuelist:Beatraptor","theDuelist:DragonCaptureJar","theDuelist:CyberEmergency","theDuelist:CyberDragonSieger"],"picked":"SKIP","floor":19},{"not_picked":["theDuelist:TyrantWing","theDuelist:SpiralSpearStrike+1","theDuelist:DragonShield+1","theDuelist:DragonCaptureJar","theDuelist:DefenseDraw"],"picked":"SKIP","floor":22},{"not_picked":["theDuelist:BattleguardKing","theDuelist:BigFire","theDuelist:LightningDarts","theDuelist:RainbowOverdragon"],"picked":"theDuelist:Raigeki","floor":24},{"not_picked":["theDuelist:TwinHeadedFire","theDuelist:MaskedDragon","theDuelist:Anthrosaurus+1","theDuelist:AncientPixieDragon+1"],"picked":"theDuelist:FrostflameDragon","floor":25},{"not_picked":["theDuelist:CyberDinosaur+1","theDuelist:CyberDragonNachster","theDuelist:CyberDragonCore","theDuelist:SnowDragon","theDuelist:GuardragonJusticia"],"picked":"SKIP","floor":28},{"not_picked":["theDuelist:TrihornedDragon","theDuelist:SnowdustDragon","theDuelist:MadFlameKaiju","theDuelist:BusterBladerDDS"],"picked":"theDuelist:CyberDragon","floor":29},{"not_picked":["theDuelist:Pyrorex","theDuelist:Duoterion","theDuelist:DragonPiper","theDuelist:DragonTreasure"],"picked":"theDuelist:ViceDragon","floor":30},{"not_picked":["theDuelist:DragonPiper","theDuelist:CyberDragonSieger","theDuelist:ArmedDragon3","theDuelist:DreadnoughtDreadnoid"],"picked":"theDuelist:GenesisDragon","floor":31}],"player_experience":145220,"relics_obtained":[{"floor":6,"key":"Eternal Feather"},{"floor":9,"key":"Blue Doll"},{"floor":11,"key":"Ancient Tea Set"},{"floor":24,"key":"Anchor"},{"floor":26,"key":"Bottled Lightning"},{"floor":29,"key":"InkBottle"}],"event_choices":[{"damage_healed":0,"gold_gain":0,"player_choice":"Lose Max HP","damage_taken":0,"relics_obtained":["Golden Idol"],"max_hp_gain":0,"max_hp_loss":7,"event_name":"Golden Idol","floor":3,"gold_loss":0},{"damage_healed":0,"gold_gain":0,"player_choice":"Took item - Received: Millennium Armor","duelist":true,"damage_taken":0,"max_hp_gain":0,"max_hp_loss":0,"event_name":"Millennium Items","floor":21,"gold_loss":0},{"damage_healed":0,"gold_gain":0,"player_choice":"Took item - Received: Millennium Prayerbook","duelist":true,"damage_taken":0,"max_hp_gain":0,"max_hp_loss":0,"event_name":"Millennium Items","floor":27,"gold_loss":0}],"is_beta":false,"boss_relics":[{"not_picked":["Inserter","Fusion Hammer"],"picked":"theDuelist:HauntedRelic"}],"items_purged_floors":[20],"is_endless":false,"potions_floor_spawned":[1,4,6,8,14,16,22,28,30],"killed_by":"Pondfish","ascension_level":0}}