{"host":"5uvzo7moqy5vd63g","time":1607992300,"event":{"mods":["Aspiration","BaseMod","Conspire","Dio Mod","Downfall","Hermit","Hubris","Jedi Mod","Jorbs\u0027s Wanderer Trilogy","Mimic Mod","Minty Spire (QoL Compilation)","Replay The Spire","StSLib","The Animator","Wandering Minibosses"],"gold_per_floor":[111,111,62,77,77,105,105,132,132,179,191,230,223,39,39,148,148,160,170,120,130,144,144,183,203,253,253,19,65,65,65,65,85,85,85,85],"floor_reached":35,"playtime":3052,"items_purged":[],"score":475,"play_id":"c46570c8-27a3-4582-881b-e5f64790b121","local_time":"20201214193140","is_ascension_mode":true,"campfire_choices":[{"data":"animator:Hitei","floor":7.0,"key":"SMITH"},{"data":"animator:ElricEdward","floor":11.0,"key":"SMITH"},{"floor":15.0,"key":"REST"},{"floor":23.0,"key":"REST"},{"floor":27.0,"key":"REST"},{"floor":32,"key":"REST"},{"data":"animator:Fredrika","floor":34,"key":"SMITH"}],"circlet_count":0,"master_deck":["conspire:GhostlyStrike","conspire:GhostlyDefend","conspire:GhostlyStrike","conspire:GhostlyStrike","conspire:GhostlyStrike","conspire:GhostlyDefend","conspire:GhostlyDefend+1","conspire:GhostlyDefend+1","animator:ElricEdward+1","animator:ElricAlphonse","animator:Viivi","animator:ElricEdward","animator:Hitei+1","animator:YachiyoNanami","animator:MaesHughes","animator:MaesHughes","animator:YuiTsuruno","animator:Aisha","animator:YuiTsuruno","animator:WinryRockbell","animator:FeridBathory","animator:RoyMustang","animator:FeridBathory","animator:Mikaela+1","animator:ChaikaTrabant","animator:YuiTsuruno+1","animator:Sebas","animator:SuzuneAmano","animator:Fredrika+1","animator:Gluttony","animator:Envy","animator:RoyMustang"],"relics":["animator:LivingPicture","animator:TheMissingPiece","animator:PurgingStone","NeowsBlessing","Prayer Wheel","MawBank","Smiling Mask","Art of War","Membership Card","hubris:ScarierMask","Question Card","Vajra","Medical Kit","Shuriken","Bag of Preparation"],"acts_visited":["Exordium","TheCity"],"potions_floor_usage":[29,29,35,35],"damage_taken":[{"damage":0.0,"enemies":"2 Louse","floor":1.0,"turns":1.0},{"damage":0.0,"enemies":"Jaw Worm","floor":4.0,"turns":1.0},{"damage":0.0,"enemies":"Gremlin Nob","floor":6.0,"turns":1.0},{"damage":0.0,"enemies":"conspire:RoseBush","floor":8.0,"turns":3.0},{"damage":25.0,"enemies":"3 Sentries","floor":10.0,"turns":7.0},{"damage":19.0,"enemies":"Lagavulin","floor":12.0,"turns":5.0},{"damage":4.0,"enemies":"Exordium Thugs","floor":13.0,"turns":4.0},{"damage":4.0,"enemies":"The Guardian","floor":16.0,"turns":9.0},{"damage":15.0,"enemies":"Spheric Guardian","floor":18.0,"turns":4.0},{"damage":0.0,"enemies":"conspire:FuzzyDice","floor":19.0,"turns":4.0},{"damage":0.0,"enemies":"conspire:HollyBat","floor":21.0,"turns":7.0},{"damage":9.0,"enemies":"3 Cultists","floor":22.0,"turns":5.0},{"damage":37.0,"enemies":"conspire:Head Lice","floor":24.0,"turns":10.0},{"damage":6.0,"enemies":"Cultist and Chosen","floor":25.0,"turns":4.0},{"damage":9,"enemies":"Replay:Snechameleon","floor":29,"turns":4},{"damage":18,"enemies":"Shelled Parasite and Fungi","floor":33,"turns":3},{"damage":60,"enemies":"Automaton","floor":35,"turns":6}],"seed_played":"6636862120966790046","potions_obtained":[{"floor":6.0,"key":"Milkshake"},{"floor":8.0,"key":"PowerPotion"},{"floor":12.0,"key":"LifebloodPotion"},{"floor":16.0,"key":"Elixir"},{"floor":22.0,"key":"jedi:wingpotion"},{"floor":24.0,"key":"Block Potion"},{"floor":25.0,"key":"Energy Potion"},{"floor":33,"key":"Fire Potion"}],"is_trial":false,"path_per_floor":["M","?","$","M","?","E","R","M","T","E","R","E","M","$","R","B",null,"M","M","?","M","M","R","E","M","T","R","$","E","PTL","PTL","R","M","R","B"],"character_chosen":"THE_ANIMATOR","items_purchased":["animator:ElricEdward","Membership Card","animator:WinryRockbell","Medical Kit","Shuriken","animator:Gluttony"],"campfire_rested":4,"item_purchase_floors":[3,14,14,28,28,28],"current_hp_per_floor":[66,66,66,66,53,53,53,53,53,28,28,9,5,5,24,20,55,41,41,41,42,33,53,16,10,10,30,30,25,25,25,45,31,31,0,0],"gold":85,"neow_bonus":"THREE_ENEMY_KILL","is_daily":false,"chose_seed":false,"campfire_upgraded":3,"win_rate":0.0,"timestamp":1607992300,"path_taken":["M","?","$","M","?","E","R","?","T","E","R","E","M","$","R","BOSS","M","M","?","?","M","R","E","M","T","R","$","E","PTL","PTL","R","M","R","BOSS"],"items_purchased_type":["Card","Relic","Card","Relic","Relic","Card"],"build_version":"2020-12-13","purchased_purges":0,"victory":false,"max_hp_per_floor":[66,66,66,66,66,66,66,66,66,66,66,66,66,66,66,66,66,67,67,67,68,68,68,68,68,68,68,68,68,68,68,68,68,68,68,68],"card_choices":[{"not_picked":["animator:YuiTsuruno","animator:Entoma"],"picked":"animator:Viivi","floor":1.0},{"not_picked":["animator:Kuribayashi","animator:MamiTomoe"],"picked":"animator:Hitei","floor":4.0},{"not_picked":["animator:ElricAlphonse","animator:AcuraAkari"],"picked":"animator:YachiyoNanami","floor":6.0},{"not_picked":["animator:ElricAlphonse","animator:Gluttony"],"picked":"animator:MaesHughes","floor":8.0},{"not_picked":["animator:Gillette","animator:KrulTepes"],"picked":"animator:MaesHughes","floor":8.0},{"not_picked":["animator:Layla","animator:Demiurge"],"picked":"animator:YuiTsuruno","floor":10.0},{"not_picked":["animator:Gluttony","animator:Shinoa"],"picked":"animator:Aisha","floor":12.0},{"not_picked":["animator:Shalltear","animator:Ara"],"picked":"animator:YuiTsuruno","floor":13.0},{"not_picked":["animator:Priestess","animator:HiiragiShinya","animator:Mikaela"],"picked":"SKIP","floor":13.0},{"not_picked":["animator:Father","animator:Ainz"],"picked":"animator:FeridBathory","floor":16.0},{"not_picked":["animator:Sloth","animator:Pride"],"picked":"animator:RoyMustang","floor":18.0},{"not_picked":["animator:Priestess","animator:Add","animator:OrikoMikuni"],"picked":"SKIP","floor":18.0},{"not_picked":["animator:Emonzaemon","animator:ElricAlphonse+1"],"picked":"animator:FeridBathory","floor":19.0},{"not_picked":["animator:Viivi","animator:Gillette","animator:YaoHaDucy+1"],"picked":"SKIP","floor":19.0},{"not_picked":["animator:YaoHaDucy","animator:UneriGinkaku"],"picked":"animator:Mikaela+1","floor":21.0},{"not_picked":["animator:ElricEdward","animator:Arpeggio"],"picked":"animator:ChaikaTrabant","floor":21.0},{"not_picked":["animator:Raven","animator:Shinoa+1"],"picked":"animator:YuiTsuruno+1","floor":22.0},{"not_picked":["animator:Shinoa","animator:KrulTepes+1","animator:KyokoSakura"],"picked":"SKIP","floor":22.0},{"not_picked":["animator:PandorasActor","animator:Evileye"],"picked":"animator:Sebas","floor":24.0},{"not_picked":["animator:RoryMercury","animator:Sloth","animator:Shigure+1"],"picked":"animator:SuzuneAmano","floor":25.0},{"not_picked":["animator:Aisha","animator:Azekura+1","animator:Gillette"],"picked":"animator:Fredrika","floor":25.0},{"not_picked":["animator:ElricAlphonse","animator:Rena","animator:Mikaela"],"picked":"animator:Envy","floor":29},{"not_picked":["animator:UneriGinkaku","animator:SuzuneAmano","animator:Bozes"],"picked":"animator:RoyMustang","floor":33},{"not_picked":["animator:AcuraTooru","animator:Guy","animator:KyokoSakura+1","animator:Azekura"],"picked":"SKIP","floor":33}],"player_experience":1306331,"relics_obtained":[{"floor":6.0,"key":"Prayer Wheel"},{"floor":9.0,"key":"MawBank"},{"floor":10.0,"key":"Smiling Mask"},{"floor":12.0,"key":"Art of War"},{"floor":24.0,"key":"Question Card"},{"floor":26.0,"key":"Vajra"},{"floor":29,"key":"Bag of Preparation"}],"event_choices":[{"damage_healed":0.0,"max_hp_gain":0.0,"max_hp_loss":0.0,"gold_gain":0.0,"event_name":"conspire:LoneGhost","player_choice":"Agree","floor":2.0,"gold_loss":0.0,"damage_taken":0.0},{"damage_healed":0.0,"max_hp_gain":0.0,"max_hp_loss":0.0,"gold_gain":0.0,"event_name":"Shining Light","player_choice":"Entered Light","floor":5.0,"gold_loss":0.0,"damage_taken":13.0,"cards_upgraded":["conspire:GhostlyDefend","conspire:GhostlyDefend"]},{"damage_healed":0.0,"max_hp_gain":0.0,"max_hp_loss":0.0,"gold_gain":0.0,"event_name":"The Joust","player_choice":"Bet on Owner","floor":20.0,"gold_loss":50.0,"damage_taken":0.0}],"is_beta":false,"boss_relics":[{"not_picked":["Astrolabe","hubris:BlackHole"],"picked":"hubris:ScarierMask"}],"items_purged_floors":[],"is_endless":false,"potions_floor_spawned":[6,8,12,16,22,24,25,33],"killed_by":"Automaton","ascension_level":5}}