{"host":"99ad87xtd5ypi7ii","time":1607990710,"event":{"mods":["BaseMod","Hermit","Highlight Path","Marisa????????","Minty Spire (QoL Compilation)","Robot Space Explorer","StSLib","The Bladedancer","The Construct","The Cursed","The Disciple","The Elementalist","The Gatherer","The Hierophant","The Runesmith","The Servant 0.9.4","TheVacant"],"gold_per_floor":[110,12,87,97,97,97,125,136,136,136,151,151,151],"floor_reached":12,"playtime":628,"items_purged":["blademaster:Strike"],"score":129,"play_id":"97c23b53-cdeb-4ac7-995a-1a98c2b4167d","local_time":"20201215010510","is_ascension_mode":true,"campfire_choices":[{"data":"blademaster:RagingBlow","floor":6,"key":"SMITH"},{"data":"blademaster:EyeOfTheTornado","floor":10,"key":"SMITH"}],"circlet_count":0,"master_deck":["blademaster:Strike","blademaster:Strike","blademaster:Strike","blademaster:Defend","blademaster:Defend","blademaster:Defend","blademaster:Defend","blademaster:RagingBlow+1","blademaster:HighVoltage","blademaster:Momentum","blademaster:AspectOfLightning","blademaster:Stability","blademaster:EyeOfTheTornado+1","blademaster:Discharge"],"relics":["blademaster:DancersAmulet","NeowsBlessing","Sundial","construct:RocketBooster","Singing Bowl"],"acts_visited":["Exordium"],"potions_floor_usage":[8],"damage_taken":[{"damage":0,"enemies":"Cultist","floor":1,"turns":1},{"damage":0,"enemies":"Small Slimes","floor":4,"turns":2},{"damage":0,"enemies":"Gremlin Nob","floor":7,"turns":1},{"damage":0,"enemies":"Jaw Worm","floor":8,"turns":6},{"damage":5,"enemies":"Looter","floor":11,"turns":4},{"damage":18,"enemies":"3 Sentries","floor":12,"turns":4}],"seed_played":"4231131398652816374","potions_obtained":[{"floor":7,"key":"DuplicationPotion"},{"floor":11,"key":"DistilledChaos"}],"is_trial":false,"path_per_floor":["M","$","?","M","?","R","E","M","T","R","M","E"],"character_chosen":"THE_BLADEMASTER","items_purchased":["blademaster:AspectOfLightning"],"campfire_rested":0,"item_purchase_floors":[2],"current_hp_per_floor":[75,75,64,64,52,52,52,52,52,52,49,31,31],"gold":151,"neow_bonus":"THREE_ENEMY_KILL","is_daily":false,"chose_seed":false,"campfire_upgraded":2,"win_rate":0.0,"timestamp":1607990710,"path_taken":["M","$","?","M","?","R","E","M","T","R","M","E"],"items_purchased_type":["Card"],"build_version":"2020-12-13","purchased_purges":1,"victory":false,"max_hp_per_floor":[75,75,75,75,75,75,75,75,75,75,77,77,77],"card_choices":[{"not_picked":["blademaster:ThunderSlash","blademaster:ParryingStrike"],"picked":"blademaster:Momentum","floor":1},{"not_picked":["blademaster:Flurry","blademaster:Flash"],"picked":"blademaster:Stability","floor":4},{"not_picked":["blademaster:OneTrickPony","blademaster:Sharpen"],"picked":"blademaster:EyeOfTheTornado","floor":7},{"not_picked":["blademaster:ThunderSlash","blademaster:AwakeningDefend"],"picked":"blademaster:Discharge","floor":8},{"not_picked":["blademaster:DaggerAndCloak","blademaster:DancingEdge","blademaster:DeadlyDance"],"picked":"Singing Bowl","floor":11}],"player_experience":736437,"relics_obtained":[{"floor":7,"key":"construct:RocketBooster"},{"floor":7,"key":"blademaster:DextrousPerk"},{"floor":9,"key":"Singing Bowl"}],"event_choices":[{"damage_healed":0,"gold_gain":75,"player_choice":"Gather Gold","damage_taken":11,"max_hp_gain":0,"max_hp_loss":0,"event_name":"World of Goop","floor":3,"gold_loss":0},{"damage_healed":0,"gold_gain":0,"player_choice":"Success","damage_taken":12,"relics_obtained":["Sundial"],"max_hp_gain":0,"max_hp_loss":0,"event_name":"Scrap Ooze","floor":5,"gold_loss":0}],"is_beta":false,"boss_relics":[],"items_purged_floors":[2],"is_endless":false,"potions_floor_spawned":[7,11],"killed_by":"3 Sentries","ascension_level":5}}