{"host":"x6tlfgqpy55vgxdn","time":1607995468,"event":{"mods":["AchievementEnabler","BaseMod","DeckTracker","Minty Spire (QoL Compilation)","Permanent Neow","StSLib","SuperFastMode"],"gold_per_floor":[114,39,56,56,72,72,107,107,107,27,38,38,51,83,83,161,161,173,42,42,42,55,55,69,95,119,149,166,192,207,207,207,281,281,301,301,321,321,56,70,70,90,143,143,177,202,221,221,221,221],"floor_reached":51,"playtime":2942,"items_purged":["Strike_P","Strike_P","ThirdEye"],"score":1459,"play_id":"7198eb12-4272-4da4-a64e-c0ebe57ad0d3","local_time":"20201215102428","is_ascension_mode":true,"campfire_choices":[{"data":"Eruption","floor":6.0,"key":"SMITH"},{"data":"Worship","floor":15.0,"key":"SMITH"},{"floor":23.0,"key":"REST"},{"floor":32.0,"key":"REST"},{"data":"Eruption+1","floor":41.0,"key":"PURGE"},{"data":"SignatureMove+1","floor":44.0,"key":"PURGE"},{"data":"Swivel+1","floor":49,"key":"PURGE"}],"circlet_count":0,"master_deck":["AscendersBane","Vigilance+1","LessonLearned+1","Worship+1","FlurryOfBlows+1","Brilliance+1","TalkToTheHand+1","FlurryOfBlows+1","Prostrate+1","Worship+1","Study+1","EmptyMind+1","CrushJoints+1","MasterReality+1","TalkToTheHand+1","Dark Shackles+1","Master of Strategy+1","Dark Shackles","Study+1"],"relics":["PureWater","Prayer Wheel","Boot","The Courier","Kunai","Lantern","Fusion Hammer","Membership Card","Eternal Feather","Bag of Marbles","Question Card","Red Mask","Pandora\u0027s Box","Peace Pipe","HandDrill","Oddly Smooth Stone","Damaru","StoneCalendar"],"acts_visited":["Exordium","TheCity","TheBeyond"],"potions_floor_usage":[45,47,50,50],"damage_taken":[{"damage":0.0,"enemies":"2 Louse","floor":1.0,"turns":2.0},{"damage":0.0,"enemies":"Cultist","floor":3.0,"turns":2.0},{"damage":0.0,"enemies":"Jaw Worm","floor":5.0,"turns":2.0},{"damage":12.0,"enemies":"Lagavulin","floor":7.0,"turns":3.0},{"damage":0.0,"enemies":"Large Slime","floor":11.0,"turns":2.0},{"damage":0.0,"enemies":"3 Louse","floor":13.0,"turns":2.0},{"damage":14.0,"enemies":"3 Sentries","floor":14.0,"turns":5.0},{"damage":9.0,"enemies":"The Guardian","floor":16.0,"turns":11.0},{"damage":12.0,"enemies":"Chosen","floor":18.0,"turns":3.0},{"damage":12.0,"enemies":"3 Byrds","floor":22.0,"turns":3.0},{"damage":0.0,"enemies":"3 Cultists","floor":24.0,"turns":4.0},{"damage":0.0,"enemies":"Slavers","floor":25.0,"turns":3.0},{"damage":30.0,"enemies":"Gremlin Leader","floor":27.0,"turns":6.0},{"damage":19.0,"enemies":"Shelled Parasite and Fungi","floor":28.0,"turns":3.0},{"damage":7.0,"enemies":"Masked Bandits","floor":29.0,"turns":3.0},{"damage":6.0,"enemies":"Centurion and Healer","floor":30.0,"turns":5.0},{"damage":24.0,"enemies":"Automaton","floor":33.0,"turns":9.0},{"damage":0.0,"enemies":"Orb Walker","floor":35.0,"turns":3.0},{"damage":5.0,"enemies":"3 Shapes","floor":37.0,"turns":2.0},{"damage":0.0,"enemies":"Writhing Mass","floor":40.0,"turns":4.0},{"damage":9.0,"enemies":"Sphere and 2 Shapes","floor":42.0,"turns":6.0},{"damage":39,"enemies":"Reptomancer","floor":45,"turns":6},{"damage":0,"enemies":"Mind Bloom Boss Battle","floor":46,"turns":3},{"damage":0,"enemies":"Transient","floor":47,"turns":6},{"damage":0,"enemies":"Donu and Deca","floor":50,"turns":6}],"seed_played":"-7297542090992845551","potions_obtained":[{"floor":1.0,"key":"EntropicBrew"},{"floor":3.0,"key":"PowerPotion"},{"floor":18.0,"key":"DistilledChaos"},{"floor":22.0,"key":"Swift Potion"},{"floor":27.0,"key":"Energy Potion"},{"floor":29.0,"key":"FearPotion"},{"floor":37.0,"key":"LiquidBronze"},{"floor":45,"key":"Fire Potion"},{"floor":47,"key":"Block Potion"}],"is_trial":false,"path_per_floor":["M","$","M","?","M","R","E","?","T","$","M","T","M","E","R","B",null,"M","$","?","?","M","R","M","E","T","E","M","?","M","?","R","B",null,"M","?","M","?","$","M","R","M","T","R","E","?","M","?","R","B",null],"character_chosen":"WATCHER","items_purchased":["Membership Card","Peace Pipe","HandDrill"],"campfire_rested":2,"item_purchase_floors":[19,39,39],"current_hp_per_floor":[43,43,43,39,39,39,27,27,27,27,27,27,27,13,13,4,52,40,40,21,36,24,45,45,45,45,15,17,10,4,4,34,10,57,57,57,52,42,42,42,54,45,45,57,18,18,18,57,57,57],"gold":221,"neow_bonus":"TRANSFORM_TWO_CARDS","is_daily":false,"chose_seed":false,"campfire_upgraded":2,"win_rate":0.0,"timestamp":1607995468,"path_taken":["M","$","M","?","?","R","E","?","T","?","?","?","M","E","R","BOSS","M","$","?","?","M","R","M","E","T","E","M","?","M","?","R","BOSS","M","?","M","?","$","M","R","M","T","R","E","?","M","?","R","BOSS"],"items_purchased_type":["Relic","Relic","Relic"],"build_version":"2020-12-13","purchased_purges":3,"victory":true,"max_hp_per_floor":[68,68,68,68,68,68,68,68,68,68,68,68,68,68,68,68,68,68,68,73,73,73,73,73,73,73,73,73,73,73,73,73,73,73,73,69,69,69,69,69,69,69,69,69,69,69,69,57,57,57],"card_choices":[{"not_picked":["WheelKick","BowlingBash","ClearTheMind"],"picked":"SKIP","floor":1.0},{"not_picked":["Evaluate","Vengeance","Consecrate"],"picked":"SKIP","floor":3.0},{"not_picked":["EmptyFist","Evaluate","EmptyBody"],"picked":"SKIP","floor":5.0},{"not_picked":["Weave","PathToVictory"],"picked":"LessonLearned","floor":7.0},{"not_picked":["Evaluate","CutThroughFate","PathToVictory"],"picked":"SKIP","floor":11.0},{"not_picked":["Crescendo","BowlingBash","Vengeance"],"picked":"SKIP","floor":11.0},{"not_picked":["SandsOfTime","Consecrate"],"picked":"Worship","floor":13.0},{"not_picked":["EmptyBody","EmptyFist","LikeWater"],"picked":"SKIP","floor":13.0},{"not_picked":["EmptyBody","FlurryOfBlows","SashWhip"],"picked":"SKIP","floor":14.0},{"not_picked":["EmptyBody","SashWhip"],"picked":"FlurryOfBlows","floor":14.0},{"not_picked":["Scrawl","Devotion"],"picked":"Brilliance","floor":16.0},{"not_picked":["PathToVictory","FlyingSleeves"],"picked":"TalkToTheHand","floor":18.0},{"not_picked":["SashWhip","FlurryOfBlows","ThirdEye"],"picked":"SKIP","floor":18.0},{"not_picked":["SashWhip","FlurryOfBlows","ThirdEye"],"picked":"SKIP","floor":18.0},{"not_picked":["Perseverance","PathToVictory"],"picked":"FlurryOfBlows+1","floor":22.0},{"not_picked":["SashWhip","EmptyFist","Collect+1"],"picked":"SKIP","floor":22.0},{"not_picked":["ThirdEye","FearNoEvil"],"picked":"Prostrate+1","floor":24.0},{"not_picked":["EmptyFist","Tantrum+1","ClearTheMind+1"],"picked":"SKIP","floor":24.0},{"not_picked":["FollowUp","EmptyBody","WheelKick"],"picked":"SKIP","floor":25.0},{"not_picked":["Tantrum","FlyingSleeves"],"picked":"Worship","floor":27.0},{"not_picked":["Judgement","Prostrate","CutThroughFate","Protect"],"picked":"SKIP","floor":28.0},{"not_picked":["Tantrum","WaveOfTheHand","Study","SashWhip+1"],"picked":"SKIP","floor":28.0},{"not_picked":["Tantrum","WaveOfTheHand","SashWhip+1"],"picked":"Study","floor":28.0},{"not_picked":["Judgement","Prostrate","CutThroughFate","Protect"],"picked":"SKIP","floor":28.0},{"not_picked":["Study","PathToVictory","CrushJoints"],"picked":"EmptyMind+1","floor":29.0},{"not_picked":["Consecrate+1","FollowUp","Collect","BowlingBash"],"picked":"SKIP","floor":30.0},{"not_picked":["Tantrum","Sanctity","EmptyBody+1","ThirdEye"],"picked":"SKIP","floor":30.0},{"not_picked":["Consecrate+1","FollowUp","Collect","BowlingBash"],"picked":"SKIP","floor":30.0},{"not_picked":["Tantrum","Sanctity","EmptyBody+1","ThirdEye"],"picked":"SKIP","floor":30.0},{"not_picked":["InnerPeace","Halt","Vengeance+1","ThirdEye"],"picked":"SKIP","floor":35.0},{"not_picked":["Crescendo","FlyingSleeves","Evaluate","ClearTheMind+1"],"picked":"SKIP","floor":35.0},{"not_picked":["ClearTheMind","WaveOfTheHand","Protect"],"picked":"TalkToTheHand","floor":37.0},{"not_picked":["Prostrate","Halt","Collect","BowlingBash"],"picked":"SKIP","floor":37.0},{"not_picked":["Panache","Good Instincts","PanicButton"],"picked":"Dark Shackles","floor":38.0},{"not_picked":["Mind Blast","Deep Breath","Apotheosis"],"picked":"Master of Strategy","floor":38.0},{"not_picked":["Panacea","Thinking Ahead","Purity"],"picked":"Dark Shackles","floor":38.0},{"not_picked":["CrushJoints","Tantrum+1","WaveOfTheHand","Fasting2"],"picked":"SKIP","floor":40.0},{"not_picked":["Crescendo+1","WindmillStrike","BowlingBash","Halt+1"],"picked":"SKIP","floor":40.0},{"not_picked":["ReachHeaven","PathToVictory","Adaptation","CutThroughFate+1"],"picked":"SKIP","floor":42.0},{"not_picked":["Halt","SashWhip+1","BattleHymn","Perseverance"],"picked":"SKIP","floor":42.0},{"not_picked":["Wish","Crescendo","ClearTheMind","EmptyBody"],"picked":"SKIP","floor":45},{"not_picked":["Evaluate+1","EmptyBody+1","EmptyFist+1"],"picked":"Study","floor":47},{"not_picked":["ClearTheMind","Evaluate","Collect","Adaptation"],"picked":"SKIP","floor":47}],"player_experience":164458,"relics_obtained":[{"floor":7.0,"key":"Prayer Wheel"},{"floor":9.0,"key":"The Courier"},{"floor":12.0,"key":"Kunai"},{"floor":14.0,"key":"Lantern"},{"floor":25.0,"key":"Eternal Feather"},{"floor":26.0,"key":"Bag of Marbles"},{"floor":27.0,"key":"Question Card"},{"floor":29.0,"key":"Red Mask"},{"floor":43.0,"key":"Oddly Smooth Stone"},{"floor":45,"key":"Damaru"},{"floor":46,"key":"StoneCalendar"}],"event_choices":[{"damage_healed":0.0,"max_hp_gain":0.0,"max_hp_loss":0.0,"gold_gain":0.0,"event_name":"The Woman in Blue","player_choice":"Bought 0 Potions","floor":4.0,"gold_loss":0.0,"damage_taken":0.0},{"cards_removed":["Meditate"],"damage_healed":0.0,"max_hp_gain":0.0,"max_hp_loss":0.0,"gold_gain":0.0,"event_name":"WeMeetAgain","player_choice":"Gave Card","floor":8.0,"gold_loss":0.0,"damage_taken":0.0,"relics_obtained":["Boot"]},{"damage_healed":0.0,"max_hp_gain":5.0,"max_hp_loss":0.0,"gold_gain":0.0,"event_name":"Forgotten Altar","player_choice":"Shed Blood","floor":20.0,"gold_loss":0.0,"damage_taken":24.0},{"damage_healed":15.0,"max_hp_gain":0.0,"max_hp_loss":0.0,"gold_gain":0.0,"event_name":"The Library","player_choice":"Heal","floor":21.0,"gold_loss":0.0,"damage_taken":0.0},{"damage_healed":0.0,"max_hp_gain":0.0,"max_hp_loss":0.0,"gold_gain":0.0,"event_name":"Masked Bandits","player_choice":"Fought Bandits","floor":29.0,"gold_loss":0.0,"damage_taken":0.0},{"damage_healed":0.0,"max_hp_gain":0.0,"max_hp_loss":0.0,"gold_gain":0.0,"event_name":"Vampires","player_choice":"Ignored","floor":31.0,"gold_loss":0.0,"damage_taken":0.0},{"damage_healed":0.0,"max_hp_gain":0.0,"max_hp_loss":4.0,"gold_gain":0.0,"event_name":"Winding Halls","player_choice":"Max HP","floor":36.0,"gold_loss":0.0,"damage_taken":0.0},{"damage_healed":0.0,"max_hp_gain":0.0,"max_hp_loss":0.0,"gold_gain":0.0,"event_name":"SensoryStone","player_choice":"Memory 3","floor":38.0,"gold_loss":0.0,"damage_taken":10.0},{"damage_healed":0,"gold_gain":0,"player_choice":"Fight","damage_taken":0,"max_hp_gain":0,"max_hp_loss":0,"event_name":"MindBloom","floor":46,"gold_loss":0},{"damage_healed":57,"gold_gain":0,"player_choice":"Heal","damage_taken":0,"max_hp_gain":0,"max_hp_loss":12,"event_name":"The Moai Head","floor":48,"gold_loss":0}],"is_beta":false,"boss_relics":[{"not_picked":["VioletLotus","SlaversCollar"],"picked":"Fusion Hammer"},{"not_picked":["Runic Pyramid","Velvet Choker"],"picked":"Pandora\u0027s Box"}],"items_purged_floors":[2,10,39],"is_endless":false,"potions_floor_spawned":[1,3,5,13,18,22,27,29,37,45,47],"ascension_level":17}}