{"host":"y89x8uui45kcjy42","time":1607991116,"event":{"mods":["2.2 Compatiblity","BaseMod","Colored Map","Colored Powertips","Friendly Minions","Highlight Path","Keyboard Shortcuts","Minty Spire (QoL Compilation)","StSLib","SuperFastMode","The Runesmith","Waifu the Spire"],"gold_per_floor":[112,112,38,54,54,54,65,65,146,146,177,102,118,129,129,129,129],"floor_reached":16,"playtime":446,"items_purged":["Pain"],"score":100,"play_id":"240cdea6-0674-42cc-91f5-3bc067e416aa","local_time":"20201215091156","is_ascension_mode":false,"campfire_choices":[{"data":"Runesmith:GrandSlam","floor":6,"key":"SMITH"},{"data":"Runesmith:Firestorm","floor":10,"key":"SMITH"},{"data":"Runesmith:CraftFirestone","floor":15,"key":"SMITH"}],"circlet_count":0,"master_deck":["Runesmith:Strike_RS","Runesmith:Strike_RS","Runesmith:Strike_RS","Runesmith:Strike_RS","Runesmith:Defend_RS","Runesmith:Defend_RS","Runesmith:Defend_RS","Runesmith:Defend_RS","Runesmith:CraftFirestone+1","Runesmith:Fortify","Runesmith:HammerTime","Runesmith:Firestorm+1","Runesmith:GrandSlam+1","Runesmith:BackupBattery"],"relics":["Runesmith:BrokenRuby","NeowsBlessing","WarpedTongs","Pear","Nunchaku"],"acts_visited":["Exordium"],"potions_floor_usage":[14,16],"damage_taken":[{"damage":0,"enemies":"Jaw Worm","floor":1,"turns":1},{"damage":0,"enemies":"Cultist","floor":4,"turns":1},{"damage":0,"enemies":"2 Louse","floor":7,"turns":1},{"damage":59,"enemies":"Gremlin Nob","floor":11,"turns":5},{"damage":19,"enemies":"Exordium Thugs","floor":13,"turns":5},{"damage":0,"enemies":"Blue Slaver","floor":14,"turns":2},{"damage":17,"enemies":"The Guardian","floor":16,"turns":2}],"seed_played":"-5790659655456666817","potions_obtained":[{"floor":11,"key":"Energy Potion"},{"floor":13,"key":"EssenceOfSteel"}],"is_trial":false,"path_per_floor":["M","?","$","M","?","R","M","$","T","R","E","$","M","M","R","B"],"character_chosen":"RUNESMITH_CLASS","items_purchased":["Runesmith:Firestorm"],"campfire_rested":0,"item_purchase_floors":[3],"current_hp_per_floor":[70,70,70,70,70,70,70,70,80,80,21,21,2,2,2,0,0],"gold":129,"neow_bonus":"THREE_ENEMY_KILL","is_daily":false,"chose_seed":false,"campfire_upgraded":3,"win_rate":0.0,"timestamp":1607991116,"path_taken":["M","?","?","M","?","R","?","$","T","R","E","$","M","M","R","BOSS"],"items_purchased_type":["Card"],"build_version":"2020-12-13","purchased_purges":1,"victory":false,"max_hp_per_floor":[70,70,70,70,70,70,70,70,80,80,80,80,80,80,80,80,80],"card_choices":[{"not_picked":["Runesmith:HeatExchange","Runesmith:Overpower"],"picked":"Runesmith:HammerTime","floor":1},{"not_picked":["Runesmith:CraftProtectio","Runesmith:StaticCage"],"picked":"Runesmith:GrandSlam","floor":4},{"not_picked":["Runesmith:CraftMagma","Runesmith:ShiftingStrike","Runesmith:Superposition"],"picked":"SKIP","floor":7},{"not_picked":["Runesmith:Overpower","Runesmith:Accelerate"],"picked":"Runesmith:BackupBattery","floor":11},{"not_picked":["Runesmith:Grindstone","Runesmith:Accelerate","Runesmith:RuneHurl"],"picked":"SKIP","floor":13},{"not_picked":["Runesmith:Grindstone","Runesmith:Overpower","Runesmith:FrozenChisel"],"picked":"SKIP","floor":14}],"player_experience":488012,"relics_obtained":[{"floor":9,"key":"Pear"},{"floor":11,"key":"Nunchaku"}],"event_choices":[{"damage_healed":0,"gold_gain":0,"player_choice":"0 cards matched","damage_taken":0,"max_hp_gain":0,"max_hp_loss":0,"event_name":"Match and Keep!","floor":2,"gold_loss":0,"cards_obtained":[]},{"damage_healed":0,"gold_gain":0,"player_choice":"Rummage","damage_taken":0,"relics_obtained":["WarpedTongs"],"max_hp_gain":0,"max_hp_loss":0,"event_name":"Accursed Blacksmith","floor":5,"gold_loss":0,"cards_obtained":["Pain"]}],"is_beta":false,"boss_relics":[],"items_purged_floors":[12],"is_endless":false,"potions_floor_spawned":[11,13],"killed_by":"The Guardian","ascension_level":0}}