{"host":"aeidq2c3auzxo1yh","time":1607995831,"event":{"mods":["AchievementEnabler","BaseMod","Colored Map","Colored Powertips","Downfall","Minty Spire (QoL Compilation)","Relic Stats","StSLib"],"gold_per_floor":[99,113,113,125,125,165,165,165,201,201,38,138,138,161,171,171,171],"floor_reached":16,"playtime":1164,"items_purged":["hexamod:Strike"],"score":113,"play_id":"feebed66-b463-443f-9196-1e3025b8f92a","local_time":"20201215063031","is_ascension_mode":true,"campfire_choices":[{"data":"hexamod:Sear","floor":1.0,"key":"SMITH"},{"data":"hexamod:SuperheatedStrike","floor":8.0,"key":"SMITH"},{"floor":10.0,"key":"REST"}],"circlet_count":0,"master_deck":["hexamod:Strike","hexamod:Strike","hexamod:Defend","hexamod:Defend","hexamod:Defend","hexamod:Sear+1","hexamod:Float+1","hexamod:SuperheatedStrike+1","hexamod:SecondSeal","hexamod:BurningTouch","hexamod:EmpoweredFlame+1","hexamod:GhostOfSpirePast+1","hexamod:FourthSeal","hexamod:HauntingEcho","hexamod:ThermalTransfer+1","hexamod:UnlimitedPower","hexamod:ApocalypseNow","hexamod:FastForward","hexamod:AdvancingGuard"],"relics":["hexamod:SpiritBrand","Pear","Pen Nib","Frozen Egg 2","Blue Candle"],"acts_visited":["Exordium"],"potions_floor_usage":[16],"damage_taken":[{"damage":0.0,"enemies":"Small Slimes","floor":2.0,"turns":3.0},{"damage":0.0,"enemies":"Jaw Worm","floor":4.0,"turns":3.0},{"damage":21.0,"enemies":"Gremlin Nob","floor":6.0,"turns":4.0},{"damage":20.0,"enemies":"Lagavulin","floor":9.0,"turns":5.0},{"damage":0.0,"enemies":"downfall:FleeingMerchant","floor":11.0,"turns":4.0},{"damage":25,"enemies":"downfall:Heads","floor":12,"turns":5},{"damage":0,"enemies":"Cultist","floor":13,"turns":1},{"damage":12,"enemies":"Blue Slaver","floor":14,"turns":3},{"damage":6,"enemies":"2 Fungi Beasts","floor":15,"turns":3},{"damage":10,"enemies":"downfall:Silent","floor":16,"turns":2}],"seed_played":"-7376752709676026682","potions_obtained":[{"floor":4.0,"key":"Strength Potion"},{"floor":9.0,"key":"Fire Potion"},{"floor":12,"key":"Fire Potion"},{"floor":14,"key":"BlessingOfTheForge"},{"floor":15,"key":"Swift Potion"}],"is_trial":false,"path_per_floor":["R","M","?","M","?","E","T","R","E","R","$","?","M","M","M","B"],"character_chosen":"THE_SPIRIT","items_purchased":["hexamod:FourthSeal","hexamod:HauntingEcho"],"campfire_rested":1,"item_purchase_floors":[11,11],"current_hp_per_floor":[70,70,70,70,68,47,47,47,27,51,51,26,26,14,8,0,0],"gold":171,"neow_bonus":"UPGRADE_CARD","is_daily":false,"chose_seed":false,"campfire_upgraded":2,"win_rate":0.0,"timestamp":1607995831,"path_taken":["R","M","?","M","?","E","T","R","E","R","$","?","?","M","M","BOSS"],"items_purchased_type":["Card","Card"],"build_version":"2020-12-13","purchased_purges":1,"victory":false,"max_hp_per_floor":[70,70,70,70,80,80,80,80,80,80,80,80,80,80,80,80,80],"relic_stats":{"counters":[10,33],"Blue Candle":[0],"Pen Nib":[2],"obtain_stats":[{"downfall:BrokenWingStatue":3,"Pear":5,"Blue Candle":9,"Pen Nib":6,"Frozen Egg 2":7,"hexamod:SpiritBrand":0},{"downfall:BrokenWingStatue":1,"Pear":2,"Blue Candle":4,"Pen Nib":3,"Frozen Egg 2":3,"hexamod:SpiritBrand":0},{"downfall:BrokenWingStatue":3,"Pear":6,"Blue Candle":15,"Pen Nib":10,"Frozen Egg 2":10,"hexamod:SpiritBrand":0}]},"card_choices":[{"not_picked":["hexamod:AdvancingGuard","hexamod:InspiringFlames"],"picked":"hexamod:SuperheatedStrike","floor":2.0},{"not_picked":["hexamod:Rewind","hexamod:SpectralSpark"],"picked":"hexamod:SecondSeal","floor":4.0},{"not_picked":["hexamod:RecurringNightmare","hexamod:SpectersWail"],"picked":"hexamod:BurningTouch","floor":6.0},{"not_picked":["hexamod:FastForward","hexamod:InspiringFlames"],"picked":"hexamod:EmpoweredFlame+1","floor":9.0},{"not_picked":["hexamod:PowerFromBeyond","hexamod:GhostLash"],"picked":"hexamod:GhostOfSpirePast+1","floor":11.0},{"not_picked":["hexamod:HeatShield","hexamod:NecessarySacrifice"],"picked":"hexamod:ThermalTransfer","floor":12},{"not_picked":["hexamod:Firestarter","hexamod:EtherealExpedition"],"picked":"hexamod:ApocalypseNow","floor":13},{"not_picked":["hexamod:NightmareStrike","hexamod:ThermalTransfer"],"picked":"hexamod:FastForward","floor":14},{"not_picked":["hexamod:HauntingEcho","hexamod:Firestarter"],"picked":"hexamod:AdvancingGuard","floor":15}],"player_experience":901886,"relics_obtained":[{"floor":6.0,"key":"Pen Nib"},{"floor":7.0,"key":"Frozen Egg 2"},{"floor":9.0,"key":"Blue Candle"}],"event_choices":[{"damage_healed":0.0,"max_hp_gain":0.0,"max_hp_loss":0.0,"gold_gain":0.0,"event_name":"Scrap Ooze","player_choice":"Success","floor":5.0,"gold_loss":0.0,"damage_taken":12.0,"relics_obtained":["Pear"]}],"is_beta":false,"boss_relics":[],"items_purged_floors":[11],"is_endless":false,"potions_floor_spawned":[4,9,15],"killed_by":"downfall:Silent","ascension_level":1}}