{"host":"soyfmymeou4emntr","time":1607990475,"event":{"mods":["BaseMod","Minty Spire (QoL Compilation)","Relic Sorter","Relic Stats","StSLib"],"gold_per_floor":[215,215,234,28,41,59,91,108,131,131,131,158,158,189,189,262,262,274,274,199,85,95,95,95,95],"floor_reached":24,"playtime":1852,"items_purged":[],"score":428,"play_id":"1b1e1e9c-c1bc-406f-93ac-e17c0604acb7","local_time":"20201214170115","is_ascension_mode":true,"campfire_choices":[{"floor":11,"key":"REST"},{"data":"Inflame","floor":15,"key":"SMITH"},{"floor":23,"key":"REST"}],"circlet_count":0,"master_deck":["AscendersBane","Survivor","Neutralize","Flying Knee","Noxious Fumes+1","Steam","Inflame+1","After Image","Flame Barrier","Malaise","After Image","Dagger Spray","Slice","Skewer","Glass Knife","Heel Hook","Caltrops","Deadly Poison","Flechettes","Warcry+1","RitualDagger","Well Laid Plans","Catalyst","Uppercut"],"relics":["Ring of the Snake","PrismaticShard","Pantograph","Nunchaku","Bronze Scales","Ancient Tea Set","Pandora\u0027s Box"],"acts_visited":["Exordium","TheCity"],"potions_floor_usage":[12,12,16],"damage_taken":[{"damage":0.0,"enemies":"2 Louse","floor":1.0,"turns":2.0},{"damage":0.0,"enemies":"Cultist","floor":3.0,"turns":3.0},{"damage":8,"enemies":"Small Slimes","floor":5,"turns":4},{"damage":9,"enemies":"Blue Slaver","floor":6,"turns":5},{"damage":16,"enemies":"3 Sentries","floor":7,"turns":9},{"damage":2,"enemies":"2 Fungi Beasts","floor":8,"turns":4},{"damage":20,"enemies":"Gremlin Nob","floor":12,"turns":5},{"damage":12,"enemies":"3 Sentries","floor":14,"turns":6},{"damage":27,"enemies":"Hexaghost","floor":16,"turns":9},{"damage":2,"enemies":"Chosen","floor":18,"turns":6},{"damage":29,"enemies":"Shell Parasite","floor":22,"turns":5},{"damage":43,"enemies":"Slavers","floor":24,"turns":3}],"seed_played":"1179274619645586652","potions_obtained":[{"floor":3.0,"key":"BlessingOfTheForge"},{"floor":8,"key":"Ancient Potion"},{"floor":14,"key":"LiquidMemories"}],"is_trial":false,"path_per_floor":["M","?","M","$","M","M","E","M","T","?","R","E","?","E","R","B",null,"M","?","?","$","M","R","E"],"character_chosen":"THE_SILENT","items_purchased":["PrismaticShard","Noxious Fumes","Well Laid Plans","Catalyst"],"campfire_rested":2,"item_purchase_floors":[4,4,21,21],"current_hp_per_floor":[59,66,66,66,58,49,33,31,31,31,50,30,52,40,40,38,59,57,51,51,51,22,41,0,0],"gold":95,"neow_bonus":"HUNDRED_GOLD","is_daily":false,"chose_seed":false,"campfire_upgraded":1,"win_rate":0.0,"timestamp":1607990475,"path_taken":["M","?","?","$","M","M","E","M","T","?","R","E","?","E","R","BOSS","M","?","?","$","M","R","E"],"items_purchased_type":["Relic","Card","Card","Card"],"build_version":"2020-12-13","purchased_purges":0,"victory":false,"max_hp_per_floor":[66,66,66,66,66,66,66,66,66,66,66,66,66,66,66,66,66,66,66,66,66,66,66,66,66],"relic_stats":{"Nunchaku":[4],"counters":[12,61],"Pantograph":25,"Bronze Scales":[113],"Pandora\u0027s Box":["After Image","Dagger Spray","Slice","Skewer","Glass Knife","Heel Hook","Caltrops","Underhanded Strike","Deadly Poison","Flechettes"],"obtain_stats":[{"Nunchaku":9,"Pantograph":7,"Bronze Scales":12,"Pandora\u0027s Box":17,"PrismaticShard":4,"Ancient Tea Set":14,"Ring of the Snake":0},{"Nunchaku":6,"Pantograph":5,"Bronze Scales":7,"Pandora\u0027s Box":9,"PrismaticShard":2,"Ancient Tea Set":8,"Ring of the Snake":0},{"Nunchaku":27,"Pantograph":23,"Bronze Scales":32,"Pandora\u0027s Box":47,"PrismaticShard":5,"Ancient Tea Set":38,"Ring of the Snake":0}],"Ring of the Snake":[24]},"card_choices":[{"not_picked":["Dodge and Roll","Blade Dance"],"picked":"Flying Knee","floor":1.0},{"not_picked":["Prostrate","Redo"],"picked":"Steam","floor":5},{"not_picked":["Spot Weakness","Slice"],"picked":"Inflame","floor":6},{"not_picked":["Redo","WreathOfFlame"],"picked":"After Image","floor":7},{"not_picked":["Slice","Thunderclap","Underhanded Strike"],"picked":"SKIP","floor":8},{"not_picked":["Armaments","Whirlwind"],"picked":"Flame Barrier","floor":12},{"not_picked":["PanicButton","Redo","Dark Embrace"],"picked":"SKIP","floor":14},{"not_picked":["Reboot","Panache"],"picked":"Malaise","floor":16},{"not_picked":["Rage","EmptyFist"],"picked":"Warcry+1","floor":18},{"not_picked":["Steam","Defragment"],"picked":"Uppercut","floor":22}],"player_experience":2531642,"relics_obtained":[{"floor":7,"key":"Pantograph"},{"floor":9,"key":"Nunchaku"},{"floor":12,"key":"Bronze Scales"},{"floor":14,"key":"Ancient Tea Set"}],"event_choices":[{"damage_healed":7.0,"max_hp_gain":0.0,"max_hp_loss":0.0,"gold_gain":0.0,"event_name":"Wheel of Change","player_choice":"Full Heal","floor":2.0,"gold_loss":0.0,"damage_taken":0.0},{"damage_healed":0,"gold_gain":0,"player_choice":"Grow","damage_taken":0,"max_hp_gain":0,"max_hp_loss":0,"event_name":"Living Wall","floor":10,"gold_loss":0,"cards_upgraded":["Noxious Fumes"]},{"damage_healed":22,"gold_gain":0,"player_choice":"Banana","damage_taken":0,"max_hp_gain":0,"max_hp_loss":0,"event_name":"Big Fish","floor":13,"gold_loss":0},{"damage_healed":0,"gold_gain":0,"player_choice":"Joined the Cult","damage_taken":6,"max_hp_gain":0,"max_hp_loss":0,"event_name":"Nest","floor":19,"gold_loss":0,"cards_obtained":["RitualDagger"]},{"cards_removed":["Underhanded Strike"],"damage_healed":0,"gold_gain":0,"player_choice":"Gave Gold","damage_taken":0,"max_hp_gain":0,"max_hp_loss":0,"event_name":"Beggar","floor":20,"gold_loss":75}],"is_beta":false,"boss_relics":[{"not_picked":["Runic Pyramid","Ectoplasm"],"picked":"Pandora\u0027s Box"}],"items_purged_floors":[],"is_endless":false,"potions_floor_spawned":[3,8,14],"killed_by":"Slavers","ascension_level":20}}