{"host":"qzvr69t6v3frb6bz","time":1607994684,"event":{"mods":["Aspiration","BaseMod","Better Altar","Better Match","Better Note","Better Sensory Stone","Better Skull","Better Third Choice","BetterRewards","Colored Map","Colored Powertips","Downfall","Highlight Path","Hubris","Infinite Spire","Minty Spire (QoL Compilation)","Replay The Spire","Shop Mod","StSLib","The Bug Knight","The Cursed","The Jungle","The Servant 0.9.4"],"gold_per_floor":[117,192,207,221,301,329,329,344,344,355,384,384,384,417,417,516,516,528,528,543,543,562,587,587,587,610,640,640,658,658,685,685,787,787,852,448,496,546,546,616,676,638,661,661,733,784,338,373,373,373,373,373,93,129,129],"floor_reached":56,"playtime":6191,"items_purged":["Delirium","Pot Of Greed"],"score":2142,"play_id":"6eb26273-12f5-4591-a9cd-2ac7bfcebce2","local_time":"20201215011124","is_ascension_mode":true,"campfire_choices":[{"floor":7.0,"key":"REST"},{"floor":15.0,"key":"RECALL"},{"data":"TheCursedMod:CircleOfAbyss","floor":25.0,"key":"SMITH"},{"floor":32.0,"key":"REST"},{"data":"Pot Of Greed","floor":32.0,"key":"SMITH"},{"floor":44.0,"key":"REST"},{"data":"Pot Of Greed","floor":44.0,"key":"SMITH"},{"data":"Apotheosis","floor":49,"key":"SMITH"},{"data":"infinitespire:Collect","floor":52,"key":"SMITH"}],"circlet_count":0,"master_deck":["TheCursedMod:CursedWand","TheCursedMod:CleanUpWorkshop","TheCursedMod:CursedShiv","TheCursedMod:Wield","TheCursedMod:ManaBullet+1","TheCursedMod:CircleOfFlame","TheCursedMod:CircleOfWindfury+1","TheCursedMod:CircleOfCorruption","TheCursedMod:CircleOfAbyss+1","Finesse","TheCursedMod:RapidMovement","TheCursedMod:ReleasedKnowledge","TheCursedMod:LuckyCharm","TheCursedMod:VoidForm","AbeCurse","TheCursedMod:SurpriseAttack","TheCursedMod:StingEye+1","TheCursedMod:SurpriseAttack","Pot Of Greed+1","Pot Of Greed+1","TheCursedMod:DemonicPact","infinitespire:Collect+1","TheCursedMod:ManaCirculation","TheCursedMod:SurpriseAttack+1","Apotheosis+1","expansioncontent:DashGenerateEvil"],"relics":["TheCursedMod:MagicCandle","hubris:ToyBattleship","Gremlin Food","InkBottle","Bottled Lightning","Happy Flower","Abe\u0027s Treasure","MutagenicStrength","hubris:DisguiseKit","CultistMask","infinitespire:Magic Flask","infinitespire:EvilPickle","hubris:ScarierMask","MerchantsRug","Lantern","Calipers","Ancient Tea Set","Replay:Rubber Ducky","infinitespire:Beetle Shell","hubris:GlazedTorus","Torii","Letter Opener","BargainBundle","HollowMod:PaleOreRelic"],"acts_visited":["Exordium","TheCity","TheBeyond","TheEnding"],"potions_floor_usage":[55,55,55],"damage_taken":[{"damage":0.0,"enemies":"2 Louse","floor":1.0,"turns":1.0},{"damage":0.0,"enemies":"Small Slimes","floor":3.0,"turns":2.0},{"damage":0.0,"enemies":"Jaw Worm","floor":4.0,"turns":1.0},{"damage":0.0,"enemies":"Gremlin Nob","floor":6.0,"turns":2.0},{"damage":6.0,"enemies":"2 Fungi Beasts","floor":8.0,"turns":4.0},{"damage":0.0,"enemies":"Looter","floor":10.0,"turns":2.0},{"damage":0.0,"enemies":"3 Sentries","floor":11.0,"turns":1.0},{"damage":0.0,"enemies":"Gremlin Nob","floor":14.0,"turns":1.0},{"damage":0.0,"enemies":"Slime Boss","floor":16.0,"turns":4.0},{"damage":7.0,"enemies":"3 Byrds","floor":18.0,"turns":3.0},{"damage":0.0,"enemies":"Chosen","floor":20.0,"turns":1.0},{"damage":23.0,"enemies":"Snake Plant","floor":22.0,"turns":4.0},{"damage":0.0,"enemies":"HollowMod:Nosk","floor":23.0,"turns":2.0},{"damage":0.0,"enemies":"Book of Stabbing","floor":27.0,"turns":4.0},{"damage":9.0,"enemies":"Shelled Parasite and Fungi","floor":29.0,"turns":2.0},{"damage":15.0,"enemies":"Replay:Snechameleon","floor":31.0,"turns":2.0},{"damage":0.0,"enemies":"Pondfish","floor":33.0,"turns":2.0},{"damage":0.0,"enemies":"Orb Walker","floor":35.0,"turns":1.0},{"damage":1.0,"enemies":"3 Shapes","floor":37.0,"turns":2.0},{"damage":0.0,"enemies":"Mind Bloom Boss Battle","floor":38.0,"turns":3.0},{"damage":2.0,"enemies":"Nemesis","floor":40.0,"turns":7.0},{"damage":0.0,"enemies":"Jaw Worm Horde","floor":41.0,"turns":1.0},{"damage":0.0,"enemies":"Reptomancer","floor":42.0,"turns":2.0},{"damage":0.0,"enemies":"Nemesis","floor":45.0,"turns":1.0},{"damage":0.0,"enemies":"2 Orb Walkers","floor":46.0,"turns":1.0},{"damage":0.0,"enemies":"infinitespire:Three Voidlings","floor":47.0,"turns":2.0},{"damage":0.0,"enemies":"Nightmare_Alpha","floor":47.0,"turns":7.0},{"damage":0,"enemies":"3 Darklings","floor":48,"turns":2},{"damage":0,"enemies":"hubris:GrandSnecko","floor":50,"turns":2},{"damage":0,"enemies":"Shield and Spear","floor":54,"turns":2},{"damage":61,"enemies":"The Heart","floor":55,"turns":6}],"seed_played":"-6795040077653712167","potions_obtained":[{"floor":1.0,"key":"EssenceOfSteel"},{"floor":4.0,"key":"Milkshake"},{"floor":6.0,"key":"Block Potion"},{"floor":11.0,"key":"ColorlessPotion"},{"floor":20.0,"key":"AttackPotion"},{"floor":27.0,"key":"FearPotion"},{"floor":31.0,"key":"PowerPotion"},{"floor":41.0,"key":"Block Potion"}],"is_trial":false,"path_per_floor":["M","?","M","M","?","E","R","M","T","M","E","?","?","E","R","B",null,"M","?","M","?","M","E","?","R","T","E","AVR","M","?","E","R","B",null,"M","$","M","?","?","E","M","E","T","R","E","?","?","M","R","B",null,"R","$","E","B",null],"character_chosen":"THE_CURSED","items_purchased":["MerchantsRug","Lantern","Flashbang","Apotheosis","Letter Opener","BargainBundle","LifebloodPotion","BlessingOfTheForge","Energy Potion","expansioncontent:DashGenerateEvil"],"campfire_rested":3,"item_purchase_floors":[36,36,36,47,47,53,53,53,53,53],"current_hp_per_floor":[68,57,57,57,57,57,75,69,69,69,69,69,69,69,69,69,74,67,67,67,67,44,44,44,44,44,44,44,35,43,28,50,50,69,69,69,68,68,68,66,66,66,66,75,75,75,75,75,75,75,75,75,75,75,14],"gold":129,"neow_bonus":"RANDOM_COMMON_RELIC","is_daily":false,"chose_seed":false,"campfire_upgraded":5,"win_rate":0.0,"timestamp":1607994684,"path_taken":["M","?","M","M","?","E","R","M","T","M","E","?","?","E","R","BOSS","M","?","M","?","M","E","?","R","T","E","AVR","?","?","E","R","BOSS","M","$","M","?","?","E","M","E","T","R","E","?","?","M","R","BOSS","R","$","E","BOSS"],"items_purchased_type":["Relic","Relic","Potion","Card","Relic","Relic","Potion","Potion","Potion","Card"],"build_version":"2020-12-13","purchased_purges":2,"victory":true,"max_hp_per_floor":[75,75,75,75,75,75,75,75,75,75,75,75,75,75,75,75,75,75,75,75,75,75,75,75,75,75,75,75,75,75,75,75,75,75,75,75,75,75,75,75,75,75,75,75,75,75,75,75,75,75,75,75,75,75,75],"card_choices":[{"not_picked":["TheCursedMod:FleshFromBone","TheCursedMod:Wield","TheCursedMod:TroublousMinions"],"picked":"SKIP","floor":1.0},{"not_picked":["TheCursedMod:FleshFromBone","TheCursedMod:SmokeScreen"],"picked":"TheCursedMod:RapidMovement","floor":3.0},{"not_picked":["TheCursedMod:CursedStaff","TheCursedMod:RapidMovement"],"picked":"TheCursedMod:ReleasedKnowledge","floor":4.0},{"not_picked":["TheCursedMod:EmpowerCircles","TheCursedMod:PrepareRite"],"picked":"TheCursedMod:LuckyCharm","floor":6.0},{"not_picked":["TheCursedMod:Wield","TheCursedMod:SoulReap","TheCursedMod:CursedShiv"],"picked":"SKIP","floor":8.0},{"not_picked":["TheCursedMod:Evocation","TheCursedMod:VitalStrike","TheCursedMod:CursedSpellbook"],"picked":"SKIP","floor":10.0},{"not_picked":["TheCursedMod:SurpriseAttack","TheCursedMod:ParallelWorld","TheCursedMod:Torture"],"picked":"SKIP","floor":11.0},{"not_picked":["TheCursedMod:ManaBullet","TheCursedMod:Stretching","TheCursedMod:Obscuration"],"picked":"SKIP","floor":14.0},{"not_picked":["TheCursedMod:UltimatePain","TheCursedMod:ParallelWorld"],"picked":"TheCursedMod:VoidForm","floor":16.0},{"not_picked":["TheCursedMod:CursedBlade","TheCursedMod:CircleOfCorruption","TheCursedMod:Torture"],"picked":"SKIP","floor":18.0},{"not_picked":["TheCursedMod:CursedMace","TheCursedMod:LuckyCharm"],"picked":"TheCursedMod:StingEye+1","floor":20.0},{"not_picked":["TheCursedMod:CircleOfCorruption","TheCursedMod:ManaBullet"],"picked":"TheCursedMod:SurpriseAttack","floor":22.0},{"not_picked":["TheCursedMod:CursedAmulet","TheCursedMod:RapidMovement","TheCursedMod:ReleasedStrength"],"picked":"SKIP","floor":23.0},{"not_picked":["TheCursedMod:CircleOfCorruption","TheCursedMod:DoubleShield+1","Foresight"],"picked":"TheCursedMod:DemonicPact","floor":27.0},{"not_picked":["TheCursedMod:CursedMace","TheCursedMod:Obscuration","TheCursedMod:SpreadPlague+1","Defy"],"picked":"SKIP","floor":29.0},{"not_picked":["TheCursedMod:CursedShiv","TheCursedMod:CircleOfFlame","ShatteredReality"],"picked":"TheCursedMod:WearCloak","floor":31.0},{"not_picked":["TheCursedMod:DemonicPact","TheCursedMod:AntiAging","FlawlessForm"],"picked":"TheCursedMod:ManaCirculation","floor":33.0},{"not_picked":["TheCursedMod:SpitefulPlan","TheCursedMod:Stigma","ReturningBlade"],"picked":"TheCursedMod:SurpriseAttack+1","floor":35.0},{"not_picked":["TheCursedMod:Stretching","TheCursedMod:Hemoplague","TheCursedMod:CircleOfFlame","PendulumOfEternity"],"picked":"SKIP","floor":37.0},{"not_picked":["TheCursedMod:RavingStaff","TheCursedMod:WearCloak+1","TheCursedMod:Wield","Orbit"],"picked":"SKIP","floor":40.0},{"not_picked":["TheCursedMod:RavingStaff","TheCursedMod:WearCloak+1","TheCursedMod:Wield","Orbit"],"picked":"SKIP","floor":40.0},{"not_picked":["TheCursedMod:ReleasedKnowledge+1","TheCursedMod:CursedAmulet+1","TheCursedMod:Obscuration+1","ShatteredReality"],"picked":"SKIP","floor":41.0},{"not_picked":["TheCursedMod:CircleOfAmplification","TheCursedMod:CircleOfWindfury","TheCursedMod:SpitefulPlan","ShatteredReality"],"picked":"SKIP","floor":42.0},{"not_picked":["TheCursedMod:Torture+1","TheCursedMod:CircleOfFlame+1","TheCursedMod:BlessingInDisguise+1","Manipulate"],"picked":"SKIP","floor":45.0},{"not_picked":["TheCursedMod:CursedArmor+1","TheCursedMod:SmokeScreen+1","TheCursedMod:CursedMace+1","ForgedInTime"],"picked":"SKIP","floor":48},{"not_picked":["TheCursedMod:Mangle+1","TheCursedMod:CursedBlade","TheCursedMod:CursedStaff","Luminosity"],"picked":"SKIP","floor":54}],"player_experience":516451,"relics_obtained":[{"floor":6.0,"key":"Gremlin Food"},{"floor":9.0,"key":"InkBottle"},{"floor":11.0,"key":"Bottled Lightning"},{"floor":14.0,"key":"Happy Flower"},{"floor":23.0,"key":"hubris:DisguiseKit"},{"floor":27.0,"key":"Grinning Jar"},{"floor":31.0,"key":"infinitespire:Magic Flask"},{"floor":38.0,"key":"Calipers"},{"floor":40.0,"key":"Ancient Tea Set"},{"floor":42.0,"key":"Replay:Rubber Ducky"},{"floor":43.0,"key":"infinitespire:Beetle Shell"},{"floor":45.0,"key":"hubris:GlazedTorus"},{"floor":46.0,"key":"Torii"},{"floor":54,"key":"HollowMod:PaleOreRelic"}],"event_choices":[{"damage_healed":0.0,"max_hp_gain":0.0,"max_hp_loss":0.0,"gold_gain":75.0,"event_name":"betterThird:BetterGoop","player_choice":"Gold","floor":2.0,"gold_loss":0.0,"damage_taken":11.0},{"damage_healed":0.0,"max_hp_gain":0.0,"max_hp_loss":0.0,"gold_gain":0.0,"event_name":"The Library","player_choice":"Read","floor":19.0,"gold_loss":0.0,"damage_taken":0.0,"cards_obtained":["TheCursedMod:SurpriseAttack"]},{"damage_healed":0.0,"max_hp_gain":0.0,"max_hp_loss":0.0,"gold_gain":0.0,"event_name":"Drug Dealer","player_choice":"Inject Mutagens","floor":21.0,"gold_loss":0.0,"damage_taken":0.0,"relics_obtained":["MutagenicStrength"]},{"damage_healed":0.0,"max_hp_gain":0.0,"max_hp_loss":0.0,"gold_gain":0.0,"event_name":"FaceTrader","player_choice":"Trade","floor":24.0,"gold_loss":0.0,"damage_taken":0.0,"relics_obtained":["CultistMask"]},{"damage_healed":0.0,"max_hp_gain":0.0,"max_hp_loss":0.0,"gold_gain":0.0,"event_name":"MindBloom","player_choice":"Fight","floor":38.0,"gold_loss":0.0,"damage_taken":0.0},{"cards_removed":["TheCursedMod:WearCloak"],"damage_healed":0.0,"max_hp_gain":0.0,"max_hp_loss":0.0,"gold_gain":0.0,"event_name":"Falling","player_choice":"Removed Skill","floor":39.0,"gold_loss":0.0,"damage_taken":0.0},{"damage_healed":0.0,"max_hp_gain":0.0,"max_hp_loss":0.0,"gold_gain":0.0,"event_name":"Mysterious Sphere","player_choice":"Fight","floor":46.0,"gold_loss":0.0,"damage_taken":0.0}],"is_beta":false,"boss_relics":[{"not_picked":["Velvet Choker","Honey Jar"],"picked":"Abe\u0027s Treasure"},{"not_picked":["Fusion Hammer","Replay:Bronze Core"],"picked":"hubris:ScarierMask"}],"items_purged_floors":[28,36],"is_endless":false,"potions_floor_spawned":[1,4,6,11,20,27,31,33,37,41,47,47],"ascension_level":6}}