{"host":"qw1m3zcvi888b4j7","time":1607990419,"event":{"mods":["BaseMod","Block Reminder","Colored Map","Colored Powertips","DeckTracker","Downfall","Highlight Path","Minty Spire (QoL Compilation)","Quick Restart","Rare Cards Sparkle","Relic Sorter","Relic Stats","StSLib"],"gold_per_floor":[99,130,130,130,55,1,1,31,31,61,23,23,8,8,20,20,20],"floor_reached":16,"playtime":979,"items_purged":[],"score":137,"play_id":"295cac34-0ca9-4869-9070-84c39a63fdfd","local_time":"20201215010019","is_ascension_mode":false,"campfire_choices":[{"floor":1,"key":"RECALL"},{"data":"Guardian:WalkerClaw","floor":5,"key":"SMITH"},{"floor":9,"key":"REST"}],"circlet_count":0,"master_deck":["Guardian:Strike_Guardian","Guardian:Strike_Guardian","Guardian:Strike_Guardian","Guardian:Strike_Guardian","Guardian:Defend_Guardian","Guardian:Defend_Guardian","Guardian:Defend_Guardian","Guardian:Defend_Guardian","Guardian:CurlUp","Guardian:TwinSlam","Guardian:Recover","Guardian:WalkerClaw+1","Guardian:ShieldCharger","Guardian:ChargeUp","Guardian:GuardianWhirl","Guardian:VentSteam","Guardian:Reroute","Guardian:Incinerate","Guardian:Gem_Red","Guardian:Gem_Blue","Guardian:ShieldSpikes","Guardian:BronzeOrb"],"relics":["Guardian:ModeShifter","downfall:HeartsMalice","downfall:HeartBlessingRed","Art of War","Tiny Chest","Guardian:PickAxe","Ginger"],"acts_visited":["Exordium"],"potions_floor_usage":[10,16],"damage_taken":[{"damage":0,"enemies":"3 Sentries","floor":2,"turns":1},{"damage":0,"enemies":"2 Louse","floor":3,"turns":1},{"damage":0,"enemies":"Cultist","floor":4,"turns":1},{"damage":10,"enemies":"downfall:FleeingMerchant","floor":6,"turns":4},{"damage":53,"enemies":"Gremlin Nob","floor":8,"turns":6},{"damage":10,"enemies":"3 Sentries","floor":10,"turns":6},{"damage":11,"enemies":"downfall:FleeingMerchant","floor":11,"turns":4},{"damage":18,"enemies":"downfall:FleeingMerchant","floor":13,"turns":4},{"damage":1,"enemies":"Small Slimes","floor":15,"turns":3},{"damage":2,"enemies":"downfall:Watcher","floor":16,"turns":4}],"seed_played":"-1700697216142336643","potions_obtained":[{"floor":8,"key":"Strength Potion"},{"floor":15,"key":"AttackPotion"}],"is_trial":false,"path_per_floor":["R","E","M","M","R","$","T","E","R","E","$","?","$","?","M","B"],"character_chosen":"GUARDIAN","items_purchased":["Guardian:ChargeUp","Guardian:Incinerate"],"campfire_rested":1,"item_purchase_floors":[6,11],"current_hp_per_floor":[80,80,80,80,80,70,70,17,41,31,20,20,2,2,1,0,0],"gold":20,"neow_bonus":"THREE_ENEMY_KILL","is_daily":false,"chose_seed":false,"campfire_upgraded":1,"win_rate":0.0,"timestamp":1607990419,"path_taken":["R","E","M","M","R","$","T","E","R","E","$","?","?","?","M","BOSS"],"items_purchased_type":["Card","Card"],"build_version":"2020-12-13","purchased_purges":0,"victory":false,"max_hp_per_floor":[80,80,80,80,80,80,80,80,80,80,80,80,80,80,80,80,80],"relic_stats":{"counters":[10,31],"Tiny Chest":0,"Art of War":[1],"Ginger":[1],"obtain_stats":[{"Guardian:PickAxe":10,"downfall:HeartBlessingRed":5,"Guardian:ModeShifter":0,"downfall:HeartsMalice":0,"Tiny Chest":8,"Art of War":2,"Ginger":14},{"Guardian:PickAxe":6,"downfall:HeartBlessingRed":3,"Guardian:ModeShifter":0,"downfall:HeartsMalice":0,"Tiny Chest":5,"Art of War":1,"Ginger":8},{"Guardian:PickAxe":16,"downfall:HeartBlessingRed":0,"Guardian:ModeShifter":0,"downfall:HeartsMalice":0,"Tiny Chest":10,"Art of War":0,"Ginger":24}]},"card_choices":[{"not_picked":["Guardian:Gem_Cyan","Guardian:Gem_Red"],"picked":"Guardian:Recover","floor":2},{"not_picked":["Guardian:Reroute","Guardian:Recover"],"picked":"Guardian:WalkerClaw","floor":3},{"not_picked":["Guardian:PrismaticBeam","Guardian:Planning"],"picked":"Guardian:Gem_Blue","floor":4},{"not_picked":["Guardian:ExploitGems","Guardian:PiercingHide"],"picked":"Guardian:ShieldCharger","floor":6},{"not_picked":["Guardian:PrismaticBarrier","Guardian:Gem_Blue"],"picked":"Guardian:GuardianWhirl","floor":8},{"not_picked":["Guardian:HyperBeam_Guardian","Guardian:Recover"],"picked":"Guardian:VentSteam","floor":10},{"not_picked":["Guardian:Gem_Blue","Guardian:ShieldCharger"],"picked":"Guardian:Reroute","floor":11},{"not_picked":["Guardian:BronzeArmor","Guardian:Gem_Blue"],"picked":"Guardian:ShieldSpikes","floor":13},{"not_picked":["Guardian:Emergency","Guardian:WalkerClaw"],"picked":"Guardian:BronzeOrb","floor":15}],"player_experience":86689,"relics_obtained":[{"floor":2,"key":"Art of War"},{"floor":8,"key":"Tiny Chest"},{"floor":10,"key":"Guardian:PickAxe"},{"floor":14,"key":"Ginger"}],"event_choices":[{"damage_healed":0,"gold_gain":0,"player_choice":"Relic","damage_taken":0,"max_hp_gain":0,"max_hp_loss":0,"event_name":"Wheel of Change","floor":14,"gold_loss":0}],"is_beta":false,"boss_relics":[],"items_purged_floors":[],"is_endless":false,"potions_floor_spawned":[8,15],"killed_by":"downfall:Watcher","ascension_level":0}}