{"host":"detovitglhtzaqdj","time":1607991597,"event":{"mods":["AchievementEnabler","Aspiration","BaseMod","Better Altar","Better Match","Better Note","Better Sensory Stone","Better Skull","Better Third Choice","Colored Map","Colored Powertips","Current Relic Mod","Curses Come First","Custom Start","Downfall","Emptier Cage","Friendly Minions","Highlight Path","Minty Spire (QoL Compilation)","Quick Restart","Relic Stats","Remove Card Discount Mod","Replay The Spire","Shop Mod","Somnambulant","StSLib","The Exordian Avenger","The Jungle","TheHeartMod","Thieving Mod","Transform Curses","Virulent Crown"],"gold_per_floor":[111,111,121,141,156,156,156,156,156,156,156,156,8,23,67,43,43,174,174,197,137,137,137,152,152,152],"floor_reached":25,"playtime":1046,"items_purged":["Injury"],"score":199,"play_id":"e8154904-f372-4366-97d1-7d6c0cc1b40e","local_time":"20201215111957","is_ascension_mode":false,"campfire_choices":[{"floor":12.0,"key":"REST"},{"floor":17.0,"key":"REST"}],"circlet_count":0,"master_deck":["Strike_G","Strike_G","Strike_G","Strike_G","Defend_G","Defend_G+1","Defend_G","Defend_G+1","Caltrops","Outmaneuver","Endless Agony","Deflect","Leap","Beam Cell","Outmaneuver","Outmaneuver","Poisoned Stab","Terror","After Image","Expertise","Sucker Punch","ReplayTheSpireMod:Scrap Shanks","Blade Dance"],"relics":["Ring of the Snake","NeowsBlessing","Snake Skull","Toy Ornithopter","Golden Idol","Mercury Hourglass","MerchantsRug","Sundial","Philosopher\u0027s Stone"],"acts_visited":["Exordium","TheCity"],"potions_floor_usage":[],"damage_taken":[{"damage":0.0,"enemies":"Cultist","floor":1.0,"turns":1.0},{"damage":0.0,"enemies":"Jaw Worm","floor":3.0,"turns":1.0},{"damage":0.0,"enemies":"Small Slimes","floor":4.0,"turns":1.0},{"damage":6.0,"enemies":"3 Louse","floor":5.0,"turns":5.0},{"damage":12.0,"enemies":"Blue Slaver","floor":14.0,"turns":3.0},{"damage":14.0,"enemies":"3 Sentries","floor":15.0,"turns":8.0},{"damage":18.0,"enemies":"The Guardian","floor":18.0,"turns":16.0},{"damage":32.0,"enemies":"Shell Parasite","floor":20.0,"turns":7.0},{"damage":23.0,"enemies":"Chosen","floor":24.0,"turns":6.0},{"damage":15,"enemies":"Gremlin Leader","floor":25,"turns":1}],"seed_played":"6815848286075041431","potions_obtained":[{"floor":1.0,"key":"Elixir"},{"floor":14.0,"key":"Adrenaline Potion"},{"floor":15.0,"key":"SmokeBomb"},{"floor":20.0,"key":"sneckomod:MuddlingPotion"}],"is_trial":false,"path_per_floor":["M","?","M","M","M","?","?","?","PTL","PTL","T","R","$","M","E","?","R","B",null,"M","?","?","?","M","E"],"character_chosen":"THE_SILENT","items_purchased":["MerchantsRug","Outmaneuver"],"campfire_rested":2,"item_purchase_floors":[13,13],"current_hp_per_floor":[70,5,5,5,4,4,4,4,4,4,4,25,25,13,4,4,25,7,70,38,38,38,38,15,0,0],"gold":152,"neow_bonus":"THREE_ENEMY_KILL","is_daily":false,"chose_seed":false,"campfire_upgraded":0,"win_rate":0.0,"timestamp":1607991597,"path_taken":["M","?","M","M","?","?","?","?","PTL","PTL","T","R","?","M","E","?","R","BOSS","M","?","?","?","?","E"],"items_purchased_type":["Relic","Card"],"build_version":"2020-12-13","purchased_purges":1,"victory":false,"max_hp_per_floor":[70,70,70,70,70,70,70,70,70,70,70,70,70,70,70,70,70,70,70,70,70,70,70,70,70,70],"relic_stats":{"counters":[10,49],"Golden Idol":46,"Sundial":[4],"Snake Skull":[6],"obtain_stats":[{"MerchantsRug":13,"NeowsBlessing":0,"Golden Idol":7,"Sundial":15,"Philosopher\u0027s Stone":19,"Snake Skull":2,"War Paint":2,"Toy Ornithopter":2,"Pet Ghost":2,"Ring of the Snake":0,"Mercury Hourglass":11},{"MerchantsRug":4,"NeowsBlessing":0,"Golden Idol":4,"Sundial":6,"Philosopher\u0027s Stone":7,"Snake Skull":1,"War Paint":1,"Toy Ornithopter":1,"Pet Ghost":1,"Ring of the Snake":0,"Mercury Hourglass":4},{"MerchantsRug":8,"NeowsBlessing":0,"Golden Idol":8,"Sundial":19,"Philosopher\u0027s Stone":35,"Snake Skull":1,"War Paint":1,"Toy Ornithopter":1,"Pet Ghost":1,"Ring of the Snake":0,"Mercury Hourglass":8}],"Toy Ornithopter":10,"Ring of the Snake":[21],"Mercury Hourglass":[129]},"card_choices":[{"not_picked":["ReplayTheSpireMod:The Works","Blade Dance"],"picked":"Caltrops","floor":1.0},{"not_picked":["Hidden Blade","Footwork"],"picked":"Outmaneuver","floor":3.0},{"not_picked":["Predator","Deflect"],"picked":"Endless Agony","floor":4.0},{"not_picked":["Hidden Blade","Predator"],"picked":"Deflect","floor":5.0},{"not_picked":["Outmaneuver","ReplayTheSpireMod:Scrap Shanks"],"picked":"Poisoned Stab","floor":14.0},{"not_picked":["Caltrops","Envenom"],"picked":"Terror","floor":15.0},{"not_picked":["ReplayTheSpireMod:From All Sides","ReplayTheSpireMod:Necrosis"],"picked":"After Image","floor":18.0},{"not_picked":["Heel Hook+1","Footwork"],"picked":"Expertise","floor":20.0},{"not_picked":["Outmaneuver","Hidden Blade+1"],"picked":"Blade Dance","floor":24.0}],"player_experience":31286,"relics_obtained":[{"floor":11.0,"key":"Mercury Hourglass"},{"floor":15.0,"key":"Sundial"}],"event_choices":[{"damage_healed":0.0,"max_hp_gain":0.0,"max_hp_loss":0.0,"gold_gain":0.0,"event_name":"betterSkull:BetterSkull","player_choice":"RE RE RE RE ","floor":2.0,"gold_loss":0.0,"damage_taken":73.0,"cards_upgraded":[],"relics_obtained":["War Paint","Snake Skull","Toy Ornithopter","Pet Ghost"]},{"damage_healed":0.0,"max_hp_gain":0.0,"max_hp_loss":0.0,"gold_gain":0.0,"event_name":"Golden Wing","player_choice":"Ignored","floor":6.0,"gold_loss":0.0,"damage_taken":0.0},{"damage_healed":0.0,"max_hp_gain":0.0,"max_hp_loss":0.0,"gold_gain":0.0,"event_name":"Golden Idol","player_choice":"Take Wound","floor":7.0,"gold_loss":0.0,"damage_taken":0.0,"relics_obtained":["Golden Idol"],"cards_obtained":["Injury"]},{"damage_healed":0.0,"max_hp_gain":0.0,"max_hp_loss":0.0,"gold_gain":0.0,"event_name":"betterThird:BetterGoop","player_choice":"Left","floor":16.0,"gold_loss":24.0,"damage_taken":0.0},{"damage_healed":0.0,"max_hp_gain":0.0,"max_hp_loss":0.0,"gold_gain":0.0,"cards_transformed":["Strike_G","Defend_G"],"event_name":"Designer","player_choice":"Transformed Cards","floor":21.0,"gold_loss":60.0,"damage_taken":0.0,"cards_obtained":["Sucker Punch","ReplayTheSpireMod:Scrap Shanks"]},{"cards_removed":["Strike_G"],"damage_healed":0.0,"max_hp_gain":0.0,"max_hp_loss":0.0,"gold_gain":0.0,"event_name":"betterNote:BetterNote","player_choice":"Give","floor":22.0,"gold_loss":0.0,"damage_taken":0.0,"cards_obtained":["None"]}],"is_beta":false,"boss_relics":[{"not_picked":["Coffee Dripper","Replay:Drink Me"],"picked":"Philosopher\u0027s Stone"}],"items_purged_floors":[13],"is_endless":false,"potions_floor_spawned":[1,14,15,20],"killed_by":"Gremlin Leader","ascension_level":0}}