{"host":"nvwxkcurnqq848ao","time":1607994534,"event":{"mods":["BaseMod","Block Reminder","Downfall","Infinite Spire","Minty Spire (QoL Compilation)","Relic Sorter","Replay The Spire","StSLib"],"gold_per_floor":[10,85,99,117,137,171,189,189,189,199,226,238,238,257,257,257,257],"floor_reached":16,"playtime":799,"items_purged":[],"score":145,"play_id":"ee3bd71c-f512-4db4-8175-488cca6efac7","local_time":"20201214190854","is_ascension_mode":true,"campfire_choices":[{"data":"Corruption","floor":8,"key":"SMITH"},{"data":"Rampage","floor":13,"key":"SMITH"},{"floor":15,"key":"REST"}],"circlet_count":0,"master_deck":["Strike_R","Strike_R","Strike_R","Strike_R","Strike_R","Defend_R","Defend_R","Defend_R","Defend_R","Bash","Corruption+1","Cleave","Metallicize","Carnage","Feel No Pain","Feel No Pain","Rampage+1","Fire Breathing","Fire Breathing","Whirlwind"],"relics":["Burning Blood","infinitespire:Lucky Rock","ReplayTheSpireMod:Shallot","Centennial Puzzle"],"acts_visited":["Exordium"],"potions_floor_usage":[4,12,16],"damage_taken":[{"damage":9,"enemies":"Jaw Worm","floor":1,"turns":5},{"damage":1,"enemies":"Cultist","floor":3,"turns":3},{"damage":0,"enemies":"Small Slimes","floor":4,"turns":3},{"damage":2,"enemies":"Exordium Wildlife","floor":5,"turns":3},{"damage":23,"enemies":"Gremlin Nob","floor":6,"turns":5},{"damage":14,"enemies":"3 Louse","floor":7,"turns":3},{"damage":13,"enemies":"Lots of Slimes","floor":10,"turns":5},{"damage":21,"enemies":"3 Sentries","floor":11,"turns":9},{"damage":9,"enemies":"Red Slaver","floor":12,"turns":4},{"damage":9,"enemies":"Looter","floor":14,"turns":3},{"damage":55,"enemies":"The Guardian","floor":16,"turns":10}],"seed_played":"-5049422781182598622","potions_obtained":[{"floor":3,"key":"DistilledChaos"},{"floor":11,"key":"Energy Potion"},{"floor":12,"key":"Elixir"},{"floor":14,"key":"Block Potion"}],"is_trial":false,"path_per_floor":["M","?","M","M","M","E","M","R","T","M","E","M","R","M","R","B"],"character_chosen":"IRONCLAD","items_purchased":[],"campfire_rested":1,"item_purchase_floors":[],"current_hp_per_floor":[77,69,74,80,80,63,55,55,55,48,33,30,30,27,51,0,0],"gold":257,"neow_bonus":"THREE_RARE_CARDS","is_daily":false,"chose_seed":false,"campfire_upgraded":2,"win_rate":0.0,"timestamp":1607994534,"path_taken":["M","?","M","?","M","E","M","R","T","M","E","M","R","?","R","BOSS"],"items_purchased_type":[],"build_version":"2020-12-13","purchased_purges":0,"victory":false,"max_hp_per_floor":[80,80,80,80,80,80,80,80,80,80,80,80,80,80,80,80,80],"card_choices":[{"not_picked":["Exhume","Demonic Infusion"],"picked":"Corruption","floor":0},{"not_picked":["ReplayTheSpireMod:Strike From Hell","Pommel Strike"],"picked":"Cleave","floor":1},{"not_picked":["Inflame","Shrug It Off"],"picked":"Metallicize","floor":3},{"not_picked":["Armaments","Rupture"],"picked":"Carnage","floor":4},{"not_picked":["Cleave","Anger"],"picked":"Feel No Pain","floor":5},{"not_picked":["Brutality","Hemokinesis"],"picked":"Feel No Pain","floor":6},{"not_picked":["Perfected Strike","Havoc"],"picked":"Rampage","floor":7},{"not_picked":["Defy Death","Evolve","Searing Blow"],"picked":"SKIP","floor":10},{"not_picked":["Uppercut","Perfected Strike"],"picked":"Fire Breathing","floor":11},{"not_picked":["Havoc","Run Through"],"picked":"Fire Breathing","floor":12},{"not_picked":["Cleave","Twin Strike"],"picked":"Whirlwind","floor":14}],"player_experience":525400,"relics_obtained":[{"floor":6,"key":"infinitespire:Lucky Rock"},{"floor":9,"key":"ReplayTheSpireMod:Shallot"},{"floor":11,"key":"Centennial Puzzle"}],"event_choices":[{"damage_healed":0,"gold_gain":75,"player_choice":"Touch","damage_taken":8,"max_hp_gain":0,"max_hp_loss":0,"event_name":"FaceTrader","floor":2,"gold_loss":0}],"is_beta":false,"boss_relics":[],"items_purged_floors":[],"is_endless":false,"potions_floor_spawned":[3,11,12,14],"killed_by":"The Guardian","ascension_level":5}}