{"host":"5raohst9sk3kvp5v","time":1607992240,"event":{"mods":["BaseMod","Colored Powertips","Highlight Path","Minty Spire (QoL Compilation)","Quick Restart","Relic Stats","StSLib"],"gold_per_floor":[109,121,121,46,46,46,59,59,83,83,83],"floor_reached":10,"playtime":775,"items_purged":["Strike_R"],"score":112,"play_id":"8a2c0da4-d3d1-4deb-b8b7-0cf339fc63af","local_time":"20201214183040","is_ascension_mode":true,"campfire_choices":[{"data":"Feed","floor":6.0,"key":"SMITH"}],"circlet_count":0,"master_deck":["AscendersBane","Strike_R","Strike_R","Strike_R","Strike_R","Defend_R","Defend_R","Defend_R","Defend_R","Bash","Feed+1","Spot Weakness","Exhume","True Grit"],"relics":["Burning Blood","Nunchaku"],"acts_visited":["Exordium"],"potions_floor_usage":[10],"damage_taken":[{"damage":15.0,"enemies":"2 Louse","floor":1.0,"turns":3.0},{"damage":1.0,"enemies":"Cultist","floor":2.0,"turns":3.0},{"damage":28.0,"enemies":"Jaw Worm","floor":7.0,"turns":6.0},{"damage":39,"enemies":"Lagavulin","floor":10,"turns":9}],"seed_played":"2729726114257915805","potions_obtained":[{"floor":7.0,"key":"HeartOfIron"}],"is_trial":false,"path_per_floor":["M","M","?","$","T","R","M","?","T","E"],"character_chosen":"IRONCLAD","items_purchased":[],"campfire_rested":0,"item_purchase_floors":[],"current_hp_per_floor":[62,70,70,70,70,70,52,52,52,13,13],"gold":83,"neow_bonus":"THREE_RARE_CARDS","is_daily":false,"chose_seed":false,"campfire_upgraded":1,"win_rate":0.0,"timestamp":1607992240,"path_taken":["M","M","?","?","?","R","?","?","T","E"],"items_purchased_type":[],"build_version":"2020-12-13","purchased_purges":1,"victory":false,"max_hp_per_floor":[71,74,74,74,74,74,78,78,78,78,78],"relic_stats":{"Nunchaku":[1],"counters":[4,21],"obtain_stats":[{"Nunchaku":9,"Burning Blood":0},{"Nunchaku":3,"Burning Blood":0},{"Nunchaku":12,"Burning Blood":0}],"Burning Blood":18},"card_choices":[{"not_picked":["Double Tap","Bludgeon"],"picked":"Feed","floor":0.0},{"not_picked":["Havoc","Twin Strike","Clash"],"picked":"SKIP","floor":1.0},{"not_picked":["Pommel Strike","Headbutt"],"picked":"Spot Weakness","floor":2.0},{"not_picked":["Anger","Dual Wield"],"picked":"True Grit","floor":7.0}],"player_experience":1687845,"relics_obtained":[{"floor":9.0,"key":"Nunchaku"}],"event_choices":[{"damage_healed":0.0,"max_hp_gain":0.0,"max_hp_loss":0.0,"gold_gain":0.0,"event_name":"Match and Keep!","player_choice":"1 cards matched","floor":3.0,"gold_loss":0.0,"damage_taken":0.0,"cards_obtained":["Exhume"]},{"damage_healed":0.0,"max_hp_gain":0.0,"max_hp_loss":0.0,"gold_gain":0.0,"event_name":"Shining Light","player_choice":"Ignored","floor":8.0,"gold_loss":0.0,"damage_taken":0.0}],"is_beta":false,"boss_relics":[],"items_purged_floors":[4],"is_endless":false,"potions_floor_spawned":[7],"killed_by":"Lagavulin","ascension_level":20}}