{"host":"detovitglhtzaqdj","time":1607998307,"event":{"mods":["2.2 Compatiblity","AchievementEnabler","Aspiration","BaseMod","Better Altar","Better Match","Better Note","Better Sensory Stone","Better Skull","Better Third Choice","Card Filter","Colored Map","Colored Powertips","Current Relic Mod","Curses Come First","Custom Start","Downfall","Emptier Cage","Friendly Minions","Highlight Path","Minty Spire (QoL Compilation)","Quick Restart","Red Circlet Mod","Relic Filter","Relic Stats","Remove Card Discount Mod","Replay The Spire","Shop Mod","Somnambulant","StSLib","The Exordian Avenger","The Jungle","TheHeartMod","Thieving Mod","Transform Curses","Virulent Crown"],"gold_per_floor":[111,111,111,111,130,155,178,178,247,278,228,242,1,22,22,150,150,150],"floor_reached":17,"playtime":930,"items_purged":["Amnesia","Injury","Injury"],"score":380,"play_id":"6765d3e3-a3c1-4051-a932-70d08c30bba3","local_time":"20201215131147","is_ascension_mode":false,"campfire_choices":[{"floor":8,"key":"REST"},{"floor":15,"key":"REST"}],"circlet_count":0,"master_deck":["Apotheosis","Mayhem","Mayhem","Mayhem","Mayhem","Mayhem","Anger+1","Anger+1","Anger+1","Anger+1","Anger+1","Echo Form","Echo Form","Echo Form","Echo Form","Echo Form","Double Energy+1","Double Energy","Double Energy","Double Energy","Double Energy","Flex+1","Nirvana","Beam Cell","theHeart:TranquilRhythm+1","Reprogram+1","theHeart:PulmonaryCirculation","Adrenaline+1","Apotheosis+1","Apotheosis+1","ReplayTheSpireMod:Private Reserves+1","Limit Break+1"],"relics":["Cursed Key","Blue Doll","Black Star","Bronze Scales","Darkstone Periapt","Juzu Bracelet","m_SlimeRing","Ring of the Serpent","Unceasing Top","Lizard Tail","PrismaticShard","Replay:Towering Pillar of Hats","Tiny Chest","sneckomod:SneckoSoul","Golden Idol","Toxic Egg 2","Blood Vial","Membership Card","MerchantsRug","Strange Spoon","Happy Flower","aspiration:HiddenCompartment","Philosopher\u0027s Stone"],"acts_visited":["Exordium","TheCity"],"potions_floor_usage":[],"damage_taken":[{"damage":11,"enemies":"Jaw Worm","floor":1,"turns":2},{"damage":14,"enemies":"2 Louse","floor":5,"turns":3},{"damage":6,"enemies":"Cultist","floor":7,"turns":3},{"damage":36,"enemies":"Lagavulin","floor":10,"turns":5},{"damage":6,"enemies":"Exordium Thugs","floor":12,"turns":4},{"damage":13,"enemies":"Lots of Slimes","floor":14,"turns":2},{"damage":0,"enemies":"The Guardian","floor":16,"turns":1}],"seed_played":"8677769212090257269","potions_obtained":[{"floor":1,"key":"Poison Potion"},{"floor":7,"key":"Elixir"},{"floor":14,"key":"ThievingMod:ThievingPotion"}],"is_trial":true,"path_per_floor":["M","?","?","?","M","T","M","R","T","E","?","M","$","M","R","B",null],"character_chosen":"THE_SILENT","items_purchased":["MerchantsRug","Adrenaline+1","Apotheosis+1","Strange Spoon","Happy Flower","aspiration:HiddenCompartment"],"campfire_rested":2,"item_purchase_floors":[13,13,13,13,13,13],"current_hp_per_floor":[59,21,27,33,19,25,21,47,63,29,29,25,25,14,45,47,104,104],"gold":150,"neow_bonus":"","is_daily":false,"chose_seed":false,"campfire_upgraded":0,"win_rate":0.0,"timestamp":1607998307,"path_taken":["M","?","?","?","M","?","M","R","T","E","?","M","$","M","R","BOSS"],"items_purchased_type":["Relic","Card","Card","Relic","Relic","Relic"],"build_version":"2020-12-13","purchased_purges":3,"victory":false,"max_hp_per_floor":[70,70,76,82,82,88,88,88,104,104,104,104,104,104,104,104,104,104],"relic_stats":{"Darkstone Periapt":24,"Happy Flower":[1],"counters":[7,20],"Golden Idol":48,"Juzu Bracelet":1,"Cursed Key":2,"Blood Vial":10,"Strange Spoon":[7],"Lizard Tail":0,"Bronze Scales":[33],"Tiny Chest":1,"Black Star":1,"obtain_stats":[{"Darkstone Periapt":0,"Blue Doll":0,"Juzu Bracelet":0,"Cursed Key":0,"PrismaticShard":0,"sneckomod:SneckoSoul":0,"Blood Vial":6,"m_SlimeRing":0,"Lizard Tail":0,"Tiny Chest":0,"Philosopher\u0027s Stone":17,"Toxic Egg 2":4,"Ring of the Snake":0,"MerchantsRug":13,"Pear":9,"Replay:Towering Pillar of Hats":0,"Happy Flower":13,"Golden Idol":3,"War Paint":2,"aspiration:HiddenCompartment":13,"Akabeko":10,"Strange Spoon":13,"Bronze Scales":0,"Black Star":0,"Membership Card":10,"Ring of the Serpent":0,"Unceasing Top":0},{"Darkstone Periapt":0,"Blue Doll":0,"Juzu Bracelet":0,"Cursed Key":0,"PrismaticShard":0,"sneckomod:SneckoSoul":0,"Blood Vial":2,"m_SlimeRing":0,"Lizard Tail":0,"Tiny Chest":0,"Philosopher\u0027s Stone":7,"Toxic Egg 2":1,"Ring of the Snake":0,"MerchantsRug":5,"Pear":3,"Replay:Towering Pillar of Hats":0,"Happy Flower":5,"Golden Idol":1,"War Paint":1,"aspiration:HiddenCompartment":5,"Akabeko":4,"Strange Spoon":5,"Bronze Scales":0,"Black Star":0,"Membership Card":4,"Ring of the Serpent":0,"Unceasing Top":0},{"Darkstone Periapt":0,"Blue Doll":0,"Juzu Bracelet":0,"Cursed Key":0,"PrismaticShard":0,"sneckomod:SneckoSoul":0,"Blood Vial":5,"m_SlimeRing":0,"Lizard Tail":0,"Tiny Chest":0,"Philosopher\u0027s Stone":20,"Toxic Egg 2":2,"Ring of the Snake":0,"MerchantsRug":17,"Pear":8,"Replay:Towering Pillar of Hats":0,"Happy Flower":17,"Golden Idol":2,"War Paint":2,"aspiration:HiddenCompartment":17,"Akabeko":13,"Strange Spoon":17,"Bronze Scales":0,"Black Star":0,"Membership Card":13,"Ring of the Serpent":0,"Unceasing Top":0}],"Unceasing Top":[44]},"card_choices":[{"not_picked":["champ:ShieldWall","hexamod:FastForward"],"picked":"Flex","floor":1},{"not_picked":["expansioncontent:Collect","Cloak And Dagger+1"],"picked":"Beam Cell","floor":5},{"not_picked":["Slimebound:LeechEnergy","somnambulantmod: MindWave"],"picked":"theHeart:TranquilRhythm+1","floor":7},{"not_picked":["Halt+1","Reinforced Body+1"],"picked":"Reprogram+1","floor":10},{"not_picked":["champ:PerfectForm","Coolheaded+1"],"picked":"theHeart:PulmonaryCirculation","floor":12},{"not_picked":["somnambulantmod: BadIdea","Guardian:FloatingOrbs"],"picked":"ReplayTheSpireMod:Private Reserves+1","floor":14},{"not_picked":["champ:MurderStrike","ConjureBlade+1"],"picked":"Limit Break+1","floor":16}],"player_experience":35472,"relics_obtained":[{"floor":6,"key":"Blood Vial"},{"floor":9,"key":"Pear"},{"floor":10,"key":"Membership Card"},{"floor":10,"key":"Akabeko"}],"event_choices":[{"damage_healed":0,"gold_gain":0,"player_choice":"Take Wound","damage_taken":0,"relics_obtained":["Golden Idol"],"max_hp_gain":0,"max_hp_loss":0,"event_name":"Golden Idol","floor":3,"gold_loss":0,"cards_obtained":["Injury"]},{"cards_removed":["hexamod:Haunted"],"damage_healed":0,"gold_gain":0,"player_choice":"Card Removal","damage_taken":0,"max_hp_gain":0,"max_hp_loss":0,"event_name":"The Cleric","floor":11,"gold_loss":50}],"is_beta":false,"boss_relics":[{"not_picked":["ReplayTheSpireMod:DimensionalGlitch","Cursed Key"],"picked":"Philosopher\u0027s Stone"}],"items_purged_floors":[13,13,13],"is_endless":false,"potions_floor_spawned":[1,7,14],"ascension_level":0}}