{"host":"j4g6ia6asvpyu2b0","time":1607994796,"event":{"mods":["BaseMod","Colored Map","Minty Spire (QoL Compilation)","Permanent Neow","Quick Restart","Relic Stats","StSLib","Unceasing Turn Reminder"],"gold_per_floor":[118,129,129,147,112,138,138,150,150,150,179,179,210,223,223,327,327,340,356,356,372,372,403,403,434,457,457,407,440,440,474,474,570,570,580,580,595,613,378,378,408,458,530,142,142,167,139,167,179,191,203,215,1,30,30],"floor_reached":56,"playtime":2213,"items_purged":["Strike_G","Strike_G","Writhe"],"score":1618,"play_id":"ecc8b2e7-8015-4b45-96e2-7ea73416ada3","local_time":"20201214181316","is_ascension_mode":true,"campfire_choices":[{"data":"Outmaneuver","floor":7.0,"key":"SMITH"},{"data":"Crippling Poison","floor":10.0,"key":"SMITH"},{"data":"Dagger Spray","floor":12.0,"key":"SMITH"},{"data":"Tactician","floor":15.0,"key":"SMITH"},{"data":"After Image","floor":24.0,"key":"SMITH"},{"data":"Neutralize","floor":27.0,"key":"SMITH"},{"floor":32.0,"key":"RECALL"},{"data":"Envenom","floor":40.0,"key":"SMITH"},{"data":"Catalyst","floor":45.0,"key":"SMITH"},{"data":"J.A.X.","floor":49.0,"key":"SMITH"},{"data":"Wraith Form v2","floor":52.0,"key":"SMITH"}],"circlet_count":0,"master_deck":["Strike_G","Strike_G","Strike_G+1","Defend_G","Defend_G","Defend_G","Defend_G","Survivor","Neutralize+1","Outmaneuver+1","Dagger Spray+1","Venomology+1","Blade Dance","Dash+1","Crippling Poison+1","Dash","Dagger Throw","Tactician+1","PiercingWail","After Image+1","Leg Sweep+1","All Out Attack+1","Dash+1","Dagger Throw","Sucker Punch+1","J.A.X.+1","Flechettes+1","Envenom+1","Bouncing Flask","Dagger Throw+1","Outmaneuver+1","Caltrops","Crippling Poison","Choke+1","Decay","Caltrops","Catalyst+1","PiercingWail","Outmaneuver+1","Dodge and Roll+1","Wraith Form v2+1","Noxious Fumes","After Image+1","Cloak And Dagger"],"relics":["Runic Pyramid","Du-Vu Doll","Matryoshka","Gremlin Horn","Blood Vial","Coffee Dripper","Enchiridion","Incense Burner","Whetstone","Bottled Flame","Smiling Mask","Bag of Preparation","Molten Egg 2","Sundial","Cursed Key","Anchor","Prayer Wheel","Lizard Tail","Regal Pillow","Happy Flower","MawBank","DollysMirror","Art of War"],"acts_visited":["Exordium","TheCity","TheBeyond","TheEnding"],"potions_floor_usage":[55,55],"damage_taken":[{"damage":0.0,"enemies":"Cultist","floor":1.0,"turns":4.0},{"damage":0.0,"enemies":"Jaw Worm","floor":2.0,"turns":6.0},{"damage":0.0,"enemies":"Small Slimes","floor":4.0,"turns":3.0},{"damage":4.0,"enemies":"Lagavulin","floor":6.0,"turns":7.0},{"damage":7.0,"enemies":"2 Fungi Beasts","floor":8.0,"turns":3.0},{"damage":2.0,"enemies":"3 Sentries","floor":11.0,"turns":7.0},{"damage":0.0,"enemies":"Lagavulin","floor":13.0,"turns":6.0},{"damage":0.0,"enemies":"3 Louse","floor":14.0,"turns":1.0},{"damage":2.0,"enemies":"Hexaghost","floor":16.0,"turns":10.0},{"damage":0.0,"enemies":"Shell Parasite","floor":18.0,"turns":5.0},{"damage":0.0,"enemies":"3 Byrds","floor":19.0,"turns":3.0},{"damage":2.0,"enemies":"Centurion and Healer","floor":21.0,"turns":4.0},{"damage":0.0,"enemies":"Gremlin Leader","floor":23.0,"turns":7.0},{"damage":2.0,"enemies":"Book of Stabbing","floor":25.0,"turns":5.0},{"damage":0.0,"enemies":"Gremlin Leader","floor":29.0,"turns":5.0},{"damage":0.0,"enemies":"Book of Stabbing","floor":31.0,"turns":5.0},{"damage":12.0,"enemies":"Champ","floor":33.0,"turns":8.0},{"damage":0.0,"enemies":"3 Darklings","floor":35.0,"turns":3.0},{"damage":0.0,"enemies":"Orb Walker","floor":37.0,"turns":2.0},{"damage":3.0,"enemies":"Maw","floor":38.0,"turns":6.0},{"damage":12.0,"enemies":"Giant Head","floor":41.0,"turns":9.0},{"damage":0.0,"enemies":"Mind Bloom Boss Battle","floor":42.0,"turns":4.0},{"damage":4.0,"enemies":"Reptomancer","floor":46.0,"turns":5.0},{"damage":0.0,"enemies":"4 Shapes","floor":48.0,"turns":4.0},{"damage":33.0,"enemies":"Awakened One","floor":50.0,"turns":13.0},{"damage":3.0,"enemies":"Shield and Spear","floor":54.0,"turns":6.0},{"damage":24,"enemies":"The Heart","floor":55,"turns":11}],"seed_played":"274863026938365439","potions_obtained":[{"floor":1.0,"key":"EssenceOfSteel"},{"floor":2.0,"key":"SmokeBomb"},{"floor":11.0,"key":"Block Potion"},{"floor":14.0,"key":"SkillPotion"},{"floor":29.0,"key":"BlessingOfTheForge"},{"floor":47.0,"key":"DistilledChaos"},{"floor":47.0,"key":"FairyPotion"}],"is_trial":false,"path_per_floor":["M","M","?","M","$","E","R","M","T","R","E","R","E","M","R","B",null,"M","M","?","M","?","E","R","E","T","R","$","E","?","E","R","B",null,"M","?","M","M","$","R","E","?","T","$","R","E","?","M","R","B",null,"R","$","E","B",null],"character_chosen":"THE_SILENT","items_purchased":["Dash","Caltrops","Anchor","Happy Flower","Caltrops","Catalyst","PiercingWail","Noxious Fumes","DollysMirror"],"campfire_rested":0,"item_purchase_floors":[5,39,39,44,44,44,44,53,53],"current_hp_per_floor":[70,70,70,70,70,66,66,59,59,59,57,57,57,59,59,59,70,70,70,54,54,54,56,56,56,56,56,56,58,58,60,60,50,70,70,70,70,67,67,67,57,59,59,59,59,57,57,59,59,28,70,70,70,67,45],"gold":30,"neow_bonus":"BOSS_RELIC","is_daily":false,"chose_seed":false,"campfire_upgraded":10,"win_rate":0.0,"timestamp":1607994796,"path_taken":["M","M","?","M","$","E","R","?","T","R","E","R","E","?","R","BOSS","M","M","?","M","?","E","R","E","T","R","$","E","?","E","R","BOSS","M","?","M","M","$","R","E","?","T","$","R","E","?","M","R","BOSS","R","$","E","BOSS"],"items_purchased_type":["Card","Card","Relic","Relic","Card","Card","Card","Card","Relic"],"build_version":"2020-12-13","purchased_purges":3,"victory":true,"max_hp_per_floor":[70,70,70,70,70,70,70,70,70,70,70,70,70,70,70,70,70,70,70,70,70,70,70,70,70,70,70,70,70,70,70,70,70,70,70,70,70,70,70,70,70,70,70,70,70,70,70,70,70,70,70,70,70,70,70],"relic_stats":{"Regal Pillow":0,"Gremlin Horn":[31,31],"Happy Flower":[13],"counters":[27,152],"Bag of Preparation":[26],"Whetstone":["Dash","Strike_G"],"Smiling Mask":150,"Cursed Key":1,"MawBank":84,"Blood Vial":28,"Lizard Tail":0,"Sundial":[4],"Prayer Wheel":1,"Art of War":[1],"obtain_stats":[{"Regal Pillow":43,"Gremlin Horn":11,"Happy Flower":44,"Enchiridion":20,"Incense Burner":22,"Bag of Preparation":26,"Whetstone":23,"Smiling Mask":26,"Cursed Key":34,"MawBank":46,"Du-Vu Doll":6,"Blood Vial":13,"Bottled Flame":25,"Anchor":39,"Lizard Tail":42,"Matryoshka":9,"Sundial":31,"DollysMirror":53,"Molten Egg 2":29,"Prayer Wheel":41,"Coffee Dripper":17,"Art of War":54,"Ring of the Snake":0,"Runic Pyramid":0},{"Regal Pillow":22,"Gremlin Horn":6,"Happy Flower":22,"Enchiridion":11,"Incense Burner":12,"Bag of Preparation":14,"Whetstone":13,"Smiling Mask":14,"Cursed Key":17,"MawBank":23,"Du-Vu Doll":4,"Blood Vial":7,"Bottled Flame":14,"Anchor":20,"Lizard Tail":22,"Matryoshka":5,"Sundial":16,"DollysMirror":25,"Molten Egg 2":15,"Prayer Wheel":21,"Coffee Dripper":9,"Art of War":26,"Ring of the Snake":0,"Runic Pyramid":0},{"Regal Pillow":113,"Gremlin Horn":30,"Happy Flower":113,"Enchiridion":55,"Incense Burner":59,"Bag of Preparation":71,"Whetstone":66,"Smiling Mask":71,"Cursed Key":89,"MawBank":118,"Du-Vu Doll":20,"Blood Vial":36,"Bottled Flame":71,"Anchor":100,"Lizard Tail":113,"Matryoshka":23,"Sundial":81,"DollysMirror":135,"Molten Egg 2":76,"Prayer Wheel":109,"Coffee Dripper":47,"Art of War":141,"Ring of the Snake":0,"Runic Pyramid":0}]},"card_choices":[{"not_picked":["PiercingWail","Well Laid Plans"],"picked":"Outmaneuver","floor":1.0},{"not_picked":["Dodge and Roll","Bane"],"picked":"Dagger Spray","floor":2.0},{"not_picked":["Flying Knee","Prepared"],"picked":"Blade Dance","floor":4.0},{"not_picked":["Deflect","Sucker Punch"],"picked":"Crippling Poison","floor":6.0},{"not_picked":["Dagger Spray","Cloak And Dagger"],"picked":"Dash","floor":8.0},{"not_picked":["Grand Finale","Concentrate"],"picked":"Dagger Throw","floor":11.0},{"not_picked":["Endless Agony","Bane"],"picked":"Tactician","floor":13.0},{"not_picked":["Underhanded Strike","Heel Hook"],"picked":"PiercingWail","floor":14.0},{"not_picked":["A Thousand Cuts","Envenom"],"picked":"After Image","floor":16.0},{"not_picked":["Crippling Poison","Poisoned Stab"],"picked":"Leg Sweep+1","floor":18.0},{"not_picked":["Prepared","Acrobatics"],"picked":"All Out Attack+1","floor":19.0},{"not_picked":["Poisoned Stab","Bane"],"picked":"Dash+1","floor":21.0},{"not_picked":["Blade Dance+1","Masterful Stab"],"picked":"All Out Attack+1","floor":23.0},{"not_picked":["Distraction","Heel Hook"],"picked":"Dagger Throw","floor":25.0},{"not_picked":["Calculated Gamble","Cloak And Dagger+1"],"picked":"Sucker Punch+1","floor":29.0},{"not_picked":["Backstab+1","Acrobatics"],"picked":"Flechettes+1","floor":31.0},{"not_picked":["Grand Finale+1","Venomology"],"picked":"Envenom","floor":33.0},{"not_picked":["Dagger Throw+1","Masterful Stab+1"],"picked":"Bouncing Flask","floor":35.0},{"not_picked":["Backflip","Bane+1"],"picked":"Dagger Throw+1","floor":37.0},{"not_picked":["Setup","Dagger Throw+1"],"picked":"Outmaneuver+1","floor":38.0},{"not_picked":["Poisoned Stab+1","Underhanded Strike+1"],"picked":"Crippling Poison","floor":41.0},{"not_picked":["Endless Agony+1","PiercingWail"],"picked":"Choke+1","floor":42.0},{"not_picked":["Eviscerate+1","Blade Dance+1"],"picked":"Outmaneuver+1","floor":46.0},{"not_picked":["Blade Dance+1","Slice+1"],"picked":"Dodge and Roll+1","floor":48.0},{"not_picked":["Acrobatics","Backstab+1"],"picked":"Wraith Form v2","floor":48.0},{"not_picked":["Bane+1","Endless Agony+1"],"picked":"Cloak And Dagger","floor":54.0}],"player_experience":659542,"relics_obtained":[{"floor":6.0,"key":"Du-Vu Doll"},{"floor":9.0,"key":"Matryoshka"},{"floor":11.0,"key":"Gremlin Horn"},{"floor":13.0,"key":"Blood Vial"},{"floor":20.0,"key":"Enchiridion"},{"floor":23.0,"key":"Whetstone"},{"floor":25.0,"key":"Bottled Flame"},{"floor":26.0,"key":"Smiling Mask"},{"floor":26.0,"key":"Bag of Preparation"},{"floor":29.0,"key":"Molten Egg 2"},{"floor":31.0,"key":"Sundial"},{"floor":41.0,"key":"Prayer Wheel"},{"floor":42.0,"key":"Lizard Tail"},{"floor":43.0,"key":"Regal Pillow"},{"floor":46.0,"key":"MawBank"},{"floor":54.0,"key":"Art of War"}],"event_choices":[{"cards_removed":["Defend_G"],"damage_healed":0.0,"max_hp_gain":0.0,"max_hp_loss":0.0,"gold_gain":0.0,"event_name":"NoteForYourself","player_choice":"Took Card","floor":3.0,"gold_loss":0.0,"damage_taken":0.0,"cards_obtained":["Venomology"]},{"damage_healed":0.0,"max_hp_gain":0.0,"max_hp_loss":0.0,"gold_gain":0.0,"event_name":"Cursed Tome","player_choice":"Obtained Book","floor":20.0,"gold_loss":0.0,"damage_taken":16.0},{"damage_healed":0.0,"max_hp_gain":0.0,"max_hp_loss":0.0,"gold_gain":0.0,"event_name":"The Mausoleum","player_choice":"Opened","floor":22.0,"gold_loss":0.0,"damage_taken":0.0,"relics_obtained":["Incense Burner"],"cards_obtained":["Writhe"]},{"damage_healed":0.0,"max_hp_gain":0.0,"max_hp_loss":0.0,"gold_gain":0.0,"event_name":"Drug Dealer","player_choice":"Obtain J.A.X.","floor":30.0,"gold_loss":0.0,"damage_taken":0.0,"cards_obtained":["J.A.X."]},{"cards_removed":["All Out Attack"],"damage_healed":0.0,"max_hp_gain":0.0,"max_hp_loss":0.0,"gold_gain":0.0,"event_name":"Falling","player_choice":"Removed Attack","floor":36.0,"gold_loss":0.0,"damage_taken":0.0},{"damage_healed":0.0,"max_hp_gain":0.0,"max_hp_loss":0.0,"gold_gain":0.0,"event_name":"MindBloom","player_choice":"Fight","floor":42.0,"gold_loss":0.0,"damage_taken":0.0},{"damage_healed":0.0,"max_hp_gain":0.0,"max_hp_loss":0.0,"gold_gain":0.0,"event_name":"The Woman in Blue","player_choice":"Bought 3 Potions","floor":47.0,"gold_loss":0.0,"damage_taken":0.0}],"is_beta":false,"boss_relics":[{"not_picked":["Ectoplasm","Runic Dome"],"picked":"Coffee Dripper"},{"not_picked":["Black Star","HoveringKite"],"picked":"Cursed Key"}],"items_purged_floors":[28,39,44],"is_endless":false,"potions_floor_spawned":[1,2,11,14,25,29,41,48],"ascension_level":3}}