{"host":"kh6fvhxn285ncg0o","time":1607998279,"event":{"mods":["Act Like it!","BaseMod","Colored Map","Friendly Minions","Keyboard Shortcuts","Minty Spire (QoL Compilation)","Quick Restart","Relic Stats","StSLib","SuperFastMode"],"gold_per_floor":[111,111,186,336,336,336,365,377,424,439,471,76,76,76,76,149,149,166,166,177,227,127,127,127],"floor_reached":23,"playtime":560,"items_purged":["Doubt","Strike_R"],"score":440,"play_id":"d88d6db8-1126-4ce4-9272-2c56be1a1d5c","local_time":"20201215111119","is_ascension_mode":true,"campfire_choices":[{"data":"Body Slam","floor":6.0,"key":"SMITH"},{"data":"Bash","floor":13.0,"key":"SMITH"},{"data":"Shrug It Off","floor":15.0,"key":"SMITH"}],"circlet_count":0,"master_deck":["AscendersBane","Strike_R","Strike_R","Strike_R","Defend_R","Defend_R","Defend_R","Defend_R","Bash+1","Body Slam+1","Dark Embrace","Shrug It Off+1","Evolve+1","Feed+1","Shockwave","Flame Barrier+1"],"relics":["Burning Blood","NeowsBlessing","Pear","Molten Egg 2","Ancient Tea Set","Regal Pillow","Dead Branch","Mark of Pain"],"acts_visited":["Exordium","TheCity"],"potions_floor_usage":[20],"damage_taken":[{"damage":0.0,"enemies":"2 Louse","floor":1.0,"turns":1.0},{"damage":0.0,"enemies":"Gremlin Nob","floor":7.0,"turns":1.0},{"damage":0.0,"enemies":"Small Slimes","floor":8.0,"turns":1.0},{"damage":12.0,"enemies":"Jaw Worm","floor":10.0,"turns":3.0},{"damage":37.0,"enemies":"3 Sentries","floor":11.0,"turns":10.0},{"damage":44.0,"enemies":"The Guardian","floor":16.0,"turns":19.0},{"damage":33.0,"enemies":"Spheric Guardian","floor":18.0,"turns":7.0},{"damage":7,"enemies":"3 Byrds","floor":20,"turns":8},{"damage":44,"enemies":"Book of Stabbing","floor":23,"turns":5}],"seed_played":"-4591985729282331039","potions_obtained":[{"floor":8.0,"key":"SneckoOil"},{"floor":10.0,"key":"SteroidPotion"},{"floor":11.0,"key":"SkillPotion"},{"floor":18.0,"key":"SteroidPotion"}],"is_trial":false,"path_per_floor":["M","?","?","?","T","R","E","M","T","M","E","$","R","?","R","B",null,"M","?","M","?","$","E"],"character_chosen":"IRONCLAD","items_purchased":["Dead Branch"],"campfire_rested":0,"item_purchase_floors":[12],"current_hp_per_floor":[74,79,68,68,78,78,84,90,90,84,53,53,53,53,53,15,71,44,44,43,43,43,0,0],"gold":127,"neow_bonus":"THREE_ENEMY_KILL","is_daily":false,"chose_seed":false,"campfire_upgraded":3,"win_rate":0.0,"timestamp":1607998279,"path_taken":["M","?","?","?","?","R","E","M","T","?","E","$","R","?","R","BOSS","M","?","?","?","?","E"],"items_purchased_type":["Relic"],"build_version":"2020-12-13","purchased_purges":2,"victory":false,"max_hp_per_floor":[75,80,80,80,90,90,90,90,90,90,90,90,90,90,90,90,90,90,90,90,90,90,90,90],"relic_stats":{"Regal Pillow":0,"counters":[9,55],"Dead Branch":[14],"obtain_stats":[{"Regal Pillow":11,"Pear":5,"NeowsBlessing":0,"Dead Branch":12,"Molten Egg 2":7,"Mark of Pain":17,"Ancient Tea Set":9,"Burning Blood":0},{"Regal Pillow":5,"Pear":1,"NeowsBlessing":0,"Dead Branch":5,"Molten Egg 2":2,"Mark of Pain":6,"Ancient Tea Set":3,"Burning Blood":0},{"Regal Pillow":16,"Pear":1,"NeowsBlessing":0,"Dead Branch":16,"Molten Egg 2":2,"Mark of Pain":35,"Ancient Tea Set":3,"Burning Blood":0}],"Burning Blood":48},"card_choices":[{"not_picked":["Sword Boomerang","Heavy Blade"],"picked":"Body Slam","floor":1.0},{"not_picked":["Seeing Red","Perfected Strike+1","Rupture"],"picked":"SKIP","floor":7.0},{"not_picked":["Thunderclap+1","Anger+1"],"picked":"Dark Embrace","floor":8.0},{"not_picked":["Warcry","Armaments"],"picked":"Shrug It Off","floor":10.0},{"not_picked":["Clash+1","Sword Boomerang+1"],"picked":"Evolve","floor":11.0},{"not_picked":["Limit Break","Demon Form"],"picked":"Feed+1","floor":16.0},{"not_picked":["Clothesline+1","Cleave+1"],"picked":"Shockwave","floor":18.0},{"not_picked":["Metallicize","Uppercut+1"],"picked":"Flame Barrier+1","floor":20}],"player_experience":3165071,"relics_obtained":[{"floor":5.0,"key":"Pear"},{"floor":7.0,"key":"Molten Egg 2"},{"floor":9.0,"key":"Ancient Tea Set"},{"floor":11.0,"key":"Regal Pillow"}],"event_choices":[{"damage_healed":0.0,"max_hp_gain":5.0,"max_hp_loss":0.0,"gold_gain":0.0,"event_name":"Big Fish","player_choice":"Donut","floor":2.0,"gold_loss":0.0,"damage_taken":0.0},{"damage_healed":0.0,"max_hp_gain":0.0,"max_hp_loss":0.0,"gold_gain":75.0,"event_name":"World of Goop","player_choice":"Gather Gold","floor":3.0,"gold_loss":0.0,"damage_taken":11.0},{"damage_healed":0.0,"max_hp_gain":0.0,"max_hp_loss":0.0,"gold_gain":150.0,"event_name":"Liars Game","player_choice":"AGREE","floor":4.0,"gold_loss":0.0,"damage_taken":0.0,"cards_obtained":["Doubt"]},{"cards_removed":["Strike_R"],"damage_healed":0.0,"max_hp_gain":0.0,"max_hp_loss":0.0,"gold_gain":0.0,"event_name":"Living Wall","player_choice":"Forget","floor":14.0,"gold_loss":0.0,"damage_taken":0.0},{"damage_healed":0.0,"max_hp_gain":0.0,"max_hp_loss":0.0,"gold_gain":0.0,"event_name":"Upgrade Shrine","player_choice":"Upgraded","floor":19.0,"gold_loss":0.0,"damage_taken":0.0,"cards_upgraded":["Evolve"]},{"damage_healed":0,"gold_gain":50,"player_choice":"Pray","damage_taken":0,"max_hp_gain":0,"max_hp_loss":0,"event_name":"Golden Shrine","floor":21,"gold_loss":0}],"is_beta":false,"boss_relics":[{"not_picked":["Philosopher\u0027s Stone","Snecko Eye"],"picked":"Mark of Pain"}],"items_purged_floors":[12,22],"is_endless":false,"potions_floor_spawned":[8,10,11,18],"killed_by":"Book of Stabbing","ascension_level":20}}