{"host":"jm9833yuloeli2yd","time":1607996018,"event":{"mods":["AchievementEnabler","BaseMod","Better Altar","Better Match","Better Note","Better Sensory Stone","Better Skull","Better Vampires","Colored Map","Colored Powertips","DeckTracker","Minty Spire (QoL Compilation)","Permanent Neow","Quick Restart","Replay The Spire","StSLib","SuperFastMode"],"gold_per_floor":[116,128,203,203,47,81,96,96,96],"floor_reached":8,"playtime":148,"items_purged":[],"score":87,"play_id":"6de987db-b760-4c8e-8d08-a57480919235","local_time":"20201214203338","is_ascension_mode":true,"campfire_choices":[],"circlet_count":0,"master_deck":["AscendersBane","Strike_R","Strike_R","Strike_R","Strike_R","Strike_R","Defend_R","Defend_R","Defend_R","Defend_R","Vigilance","Strike_R","Immolate","True Grit","Pommel Strike","Eruption","FollowUp"],"relics":["Replay:M_SmolderingBlood","Medical Kit","Lantern"],"acts_visited":["Exordium"],"potions_floor_usage":[8],"damage_taken":[{"damage":4,"enemies":"Jaw Worm","floor":1,"turns":3},{"damage":12,"enemies":"Small Slimes","floor":2,"turns":3},{"damage":40,"enemies":"Lagavulin","floor":6,"turns":5},{"damage":0,"enemies":"Cultist","floor":7,"turns":2},{"damage":24,"enemies":"Gremlin Nob","floor":8,"turns":3}],"seed_played":"-679981768034763172","potions_obtained":[{"floor":2,"key":"Explosive Potion"},{"floor":7,"key":"ElixirPotion"}],"is_trial":false,"path_per_floor":["M","M","?","?","$","E","M","E"],"character_chosen":"IRONCLAD","items_purchased":["Medical Kit"],"campfire_rested":0,"item_purchase_floors":[5],"current_hp_per_floor":[74,68,57,57,57,17,17,0,0],"gold":96,"neow_bonus":"THREE_RARE_CARDS","is_daily":false,"chose_seed":false,"campfire_upgraded":0,"win_rate":0.0,"timestamp":1607996018,"path_taken":["M","M","?","?","$","E","?","E"],"items_purchased_type":["Relic"],"build_version":"2020-12-13","purchased_purges":0,"victory":false,"max_hp_per_floor":[80,80,80,80,80,80,80,80,80],"card_choices":[{"not_picked":["Offering","Fiend Fire"],"picked":"Immolate","floor":0},{"not_picked":["Power Through","Thunderclap"],"picked":"True Grit","floor":1},{"not_picked":["Clash","Cleave"],"picked":"Pommel Strike","floor":2},{"not_picked":["Entrench","ReplayTheSpireMod:Corrosion Curse","Sentinel"],"picked":"SKIP","floor":6},{"not_picked":["Bloodletting","FlyingSleeves"],"picked":"FollowUp","floor":7}],"player_experience":1068503,"relics_obtained":[{"floor":6,"key":"Lantern"}],"event_choices":[{"damage_healed":0,"gold_gain":75,"player_choice":"Gather Gold","damage_taken":11,"max_hp_gain":0,"max_hp_loss":0,"event_name":"World of Goop","floor":3,"gold_loss":0}],"is_beta":false,"boss_relics":[],"items_purged_floors":[],"is_endless":false,"potions_floor_spawned":[2,7],"killed_by":"Gremlin Nob","ascension_level":11}}