{"host":"fdq5pmhluajjrf8d","time":1607993970,"event":{"mods":["BaseMod","Minty Spire (QoL Compilation)"],"gold_per_floor":[12,12,22,22,32,32,46,46,46,59,116,128,142,159,159,233,233,244,244,262,276,294,294,294,323,378,378,378,378,388,408,408,408,408],"floor_reached":33,"playtime":1700,"items_purged":[],"score":513,"play_id":"b7cfb0cf-1c28-4782-8b5f-9c2e797abe20","local_time":"20201214195930","is_ascension_mode":true,"campfire_choices":[{"data":"Apotheosis","floor":6.0,"key":"SMITH"},{"data":"Defragment","floor":8.0,"key":"SMITH"},{"floor":15.0,"key":"REST"},{"floor":23.0,"key":"REST"},{"floor":27.0,"key":"REST"},{"floor":32,"key":"REST"}],"circlet_count":0,"master_deck":["AscendersBane","Strike_B","Strike_B","Strike_B","Strike_B","Defend_B","Defend_B","Defend_B","Defend_B","Zap","Dualcast","Apotheosis+1","Defragment+1","Rebound","Tempest","Self Repair","Beam Cell+1","Streamline+1","Ball Lightning+1","Rip and Tear+1","Seek","Gash+1","Gash+1","Reinforced Body","Seek","Gash+1"],"relics":["Cracked Core","CaptainsWheel","Molten Egg 2","Ancient Tea Set","Philosopher\u0027s Stone","Question Card","Toy Ornithopter"],"acts_visited":["Exordium","TheCity"],"potions_floor_usage":[31,33,33],"damage_taken":[{"damage":0.0,"enemies":"Cultist","floor":1.0,"turns":3.0},{"damage":8.0,"enemies":"Small Slimes","floor":3.0,"turns":4.0},{"damage":8.0,"enemies":"2 Louse","floor":5.0,"turns":2.0},{"damage":11.0,"enemies":"Blue Slaver","floor":7.0,"turns":3.0},{"damage":7.0,"enemies":"Red Slaver","floor":10.0,"turns":3.0},{"damage":8.0,"enemies":"Gremlin Nob","floor":11.0,"turns":3.0},{"damage":18.0,"enemies":"3 Louse","floor":12.0,"turns":4.0},{"damage":11.0,"enemies":"2 Fungi Beasts","floor":13.0,"turns":3.0},{"damage":7.0,"enemies":"Large Slime","floor":14.0,"turns":4.0},{"damage":20.0,"enemies":"The Guardian","floor":16.0,"turns":6.0},{"damage":20.0,"enemies":"2 Thieves","floor":18.0,"turns":3.0},{"damage":27.0,"enemies":"Shell Parasite","floor":20.0,"turns":4.0},{"damage":0.0,"enemies":"Cultist and Chosen","floor":21.0,"turns":5.0},{"damage":13.0,"enemies":"Snecko","floor":22.0,"turns":4.0},{"damage":43.0,"enemies":"Slavers","floor":25.0,"turns":5.0},{"damage":36.0,"enemies":"Snake Plant","floor":30.0,"turns":5.0},{"damage":0,"enemies":"Cultist and Chosen","floor":31,"turns":5},{"damage":62,"enemies":"Champ","floor":33,"turns":7}],"seed_played":"-6648169126405696712","potions_obtained":[{"floor":7.0,"key":"SteroidPotion"},{"floor":10.0,"key":"ColorlessPotion"},{"floor":11.0,"key":"Regen Potion"},{"floor":14.0,"key":"FocusPotion"},{"floor":20.0,"key":"Block Potion"},{"floor":22.0,"key":"PotionOfCapacity"},{"floor":25.0,"key":"Ancient Potion"},{"floor":31,"key":"EssenceOfSteel"}],"is_trial":false,"path_per_floor":["M","T","M","?","M","R","M","R","T","M","?","M","M","M","R","B",null,"M","?","M","M","M","R","?","E","T","R","?","?","M","M","R","B"],"character_chosen":"DEFECT","items_purchased":[],"campfire_rested":4,"item_purchase_floors":[],"current_hp_per_floor":[64,64,56,61,53,53,42,42,42,45,44,36,32,32,54,59,72,62,62,35,45,42,64,64,28,28,50,50,44,15,30,52,0,0],"gold":408,"neow_bonus":"RANDOM_COLORLESS_2","is_daily":false,"chose_seed":false,"campfire_upgraded":2,"win_rate":0.0,"timestamp":1607993970,"path_taken":["M","?","M","?","M","R","M","R","T","M","?","M","M","M","R","BOSS","M","?","M","?","M","R","?","E","T","R","?","?","?","M","R","BOSS"],"items_purchased_type":[],"build_version":"2020-12-13","purchased_purges":0,"victory":false,"max_hp_per_floor":[71,71,71,76,76,76,76,76,76,76,76,76,76,76,76,76,76,76,76,76,76,76,76,76,76,76,76,76,76,76,76,76,76,76],"card_choices":[{"not_picked":["Master of Strategy","Thinking Ahead"],"picked":"Apotheosis","floor":0.0},{"not_picked":["Scrape","Hologram"],"picked":"Defragment","floor":1.0},{"not_picked":["Conserve Battery","Turbo"],"picked":"Rebound","floor":3.0},{"not_picked":["Stack","Coolheaded"],"picked":"Tempest","floor":5.0},{"not_picked":["Coolheaded","Steam"],"picked":"Self Repair","floor":7.0},{"not_picked":["Genetic Algorithm","Stack"],"picked":"Beam Cell+1","floor":10.0},{"not_picked":["Go for the Eyes+1","Aggregate"],"picked":"Streamline+1","floor":11.0},{"not_picked":["Recycle","Gash+1"],"picked":"Ball Lightning+1","floor":12.0},{"not_picked":["Coolheaded","Hyperbeam+1"],"picked":"Rip and Tear+1","floor":13.0},{"not_picked":["Sweeping Beam+1","Chill","Leap"],"picked":"SKIP","floor":14.0},{"not_picked":["Creative AI","Hyperbeam+1"],"picked":"Seek","floor":16.0},{"not_picked":["Steam","Sweeping Beam+1"],"picked":"Gash+1","floor":18.0},{"not_picked":["Coolheaded","Streamline+1","Machine Learning"],"picked":"SKIP","floor":20.0},{"not_picked":["Glacier","Streamline+1","Force Field"],"picked":"SKIP","floor":21.0},{"not_picked":["Sweeping Beam+1","Skim+1","Go for the Eyes+1"],"picked":"SKIP","floor":22.0},{"not_picked":["Barrage+1","Double Energy"],"picked":"Seek","floor":25.0},{"not_picked":["Steam","Blizzard+1","Static Discharge","Go for the Eyes+1"],"picked":"SKIP","floor":30.0},{"not_picked":["Defragment","Recycle","Redo"],"picked":"Gash+1","floor":31}],"player_experience":1855822,"relics_obtained":[{"floor":2.0,"key":"CaptainsWheel"},{"floor":9.0,"key":"Molten Egg 2"},{"floor":11.0,"key":"Ancient Tea Set"},{"floor":25.0,"key":"Question Card"},{"floor":26.0,"key":"Toy Ornithopter"}],"event_choices":[{"damage_healed":0.0,"max_hp_gain":5.0,"max_hp_loss":0.0,"gold_gain":0.0,"event_name":"Big Fish","player_choice":"Donut","floor":4.0,"gold_loss":0.0,"damage_taken":0.0},{"damage_healed":0.0,"max_hp_gain":0.0,"max_hp_loss":0.0,"gold_gain":0.0,"event_name":"Dead Adventurer","player_choice":"Searched \u00271\u0027 times","floor":11.0,"gold_loss":0.0,"damage_taken":0.0},{"damage_healed":0.0,"max_hp_gain":0.0,"max_hp_loss":0.0,"gold_gain":0.0,"event_name":"Duplicator","player_choice":"Copied","floor":19.0,"gold_loss":0.0,"damage_taken":0.0,"cards_obtained":["Gash"]},{"damage_healed":0.0,"max_hp_gain":0.0,"max_hp_loss":0.0,"gold_gain":0.0,"event_name":"The Library","player_choice":"Read","floor":24.0,"gold_loss":0.0,"damage_taken":0.0,"cards_obtained":["Reinforced Body"]},{"damage_healed":0.0,"max_hp_gain":0.0,"max_hp_loss":0.0,"gold_gain":0.0,"event_name":"Ghosts","player_choice":"Ignored","floor":28.0,"gold_loss":0.0,"damage_taken":0.0},{"damage_healed":0.0,"max_hp_gain":0.0,"max_hp_loss":0.0,"gold_gain":0.0,"event_name":"Knowing Skull","player_choice":"","floor":29.0,"potions_obtained":[],"gold_loss":0.0,"damage_taken":6.0,"cards_obtained":[]}],"is_beta":false,"boss_relics":[{"not_picked":["Coffee Dripper","Snecko Eye"],"picked":"Philosopher\u0027s Stone"}],"items_purged_floors":[],"is_endless":false,"potions_floor_spawned":[7,10,11,14,20,22,25,31],"killed_by":"Champ","ascension_level":19}}