{"host":"121m0oxswv9tg9hk","time":1607998289,"event":{"mods":["AchievementEnabler","BaseMod","Better Third Choice","Downfall","Hermit","Hubris","Infinite Spire","MarisaÅiñ∂âJÅ@ñÇóùçπÅj","Minty Spire (QoL Compilation)","Replay The Spire","Shade Mod","StSLib","The Construct","The Cursed","The Gatherer","The Hierophant","The Mystic"],"gold_per_floor":[99,199,228,228,228,260,309,337,356,384,400,400,400,82,99,119,134,230,230,5,5,5,20,20,5,5,5,5,32,29,41,53,77,102,213,225,237,370,370,370,370,370,370,400,400,431,441,441,224,77,97,97,97,128,128,128,128],"floor_reached":58,"playtime":6239,"items_purged":["champ:Strike","champ:Strike","champ:Defend","champ:Defend"],"score":1855,"play_id":"3bdd6d28-3449-44fa-86ec-414c898c2ec1","local_time":"20201215031129","is_ascension_mode":true,"campfire_choices":[{"data":"champ:Execute","floor":1,"key":"SMITH"},{"floor":5,"key":"RECALL"},{"data":"champ:StanceDance","floor":20,"key":"SMITH"},{"data":"champ:StanceDance","floor":22,"key":"SMITH"},{"data":"champ:Balance","floor":27,"key":"SMITH"},{"data":"champ:HoldFirm","floor":37,"key":"SMITH"},{"data":"champ:StrikeOfGenius","floor":39,"key":"SMITH"},{"data":"champ:PerfectedStrike","floor":41,"key":"SMITH"},{"data":"champ:EndlessRage","floor":45,"key":"SMITH"},{"data":"champ:AdrenalArmor","floor":56,"key":"SMITH"}],"circlet_count":0,"master_deck":["champ:Defend","champ:Execute+1","champ:Taunt","champ:DeathBlow","champ:IronFortress","champ:ArenaPreparation","champ:ViciousMockery","champ:FlashCut","champ:StanceDance+1","champ:RisingSlash","champ:EndlessRage+1","champ:HoldFirm+1","champ:StanceDance+1","champ:Balance+1","champ:StrikeOfGenius+1","champ:VampiricStrike","champ:PreciseThrust+1","champ:BerserkersShout+1","champ:BerserkerStyle+1","champ:Improvising","champ:ShieldThrow","champ:GladiatorStyle+1","champ:IronFortress","champ:PerfectedStrike+1","champ:BringItOn","champ:EndlessRage","champ:IronFortress+1","Finesse","champ:StanceDance+1","champ:AdrenalArmor+1"],"relics":["champ:ChampionCrown","downfall:HeartsMalice","Replay:Rubber Ducky","Vajra","hubris:DeckOfHolding","Torii","Replay:Drink Me","downfall:HeartBlessingRed","downfall:HeartBlessingBlue","downfall:HeartBlessingGreen","Cursed Key","Question Card","hubris:Towel","MawBank","SlaversCollar","Juzu Bracelet","Snack Pack","Bronze Scales","Chemical X","infinitespire:ShieldingShard"],"acts_visited":["Exordium","TheCity","TheBeyond","TheEnding"],"potions_floor_usage":[10,17,18,18,35,57],"damage_taken":[{"damage":0,"enemies":"Replay:BlueRogue","floor":3,"turns":1},{"damage":0,"enemies":"Small Slimes","floor":4,"turns":1},{"damage":0,"enemies":"Lagavulin","floor":6,"turns":1},{"damage":22,"enemies":"3 Sentries","floor":8,"turns":9},{"damage":10,"enemies":"Cultist","floor":9,"turns":3},{"damage":15,"enemies":"Replay:BlueRogue","floor":10,"turns":5},{"damage":26,"enemies":"2 Louse","floor":11,"turns":3},{"damage":25,"enemies":"downfall:FleeingMerchant","floor":14,"turns":4},{"damage":15,"enemies":"Exordium Wildlife","floor":15,"turns":2},{"damage":30,"enemies":"3 Louse","floor":16,"turns":4},{"damage":14,"enemies":"Exordium Thugs","floor":17,"turns":3},{"damage":61,"enemies":"downfall:Silent","floor":18,"turns":7},{"damage":25,"enemies":"3 Byrds","floor":23,"turns":9},{"damage":46,"enemies":"downfall:FleeingMerchant","floor":25,"turns":4},{"damage":41,"enemies":"Slavers","floor":29,"turns":7},{"damage":22,"enemies":"downfall:FleeingMerchant","floor":30,"turns":4},{"damage":60,"enemies":"Centurion and Healer","floor":33,"turns":4},{"damage":70,"enemies":"Cultist and Chosen","floor":34,"turns":5},{"damage":23,"enemies":"downfall:Defect","floor":35,"turns":7},{"damage":34,"enemies":"downfall:FleeingMerchant","floor":38,"turns":4},{"damage":85,"enemies":"Reptomancer","floor":44,"turns":6},{"damage":24,"enemies":"Giant Head","floor":46,"turns":6},{"damage":37,"enemies":"3 Darklings","floor":47,"turns":5},{"damage":31,"enemies":"3 Shapes","floor":51,"turns":6},{"damage":55,"enemies":"downfall:Ironclad","floor":52,"turns":6},{"damage":15,"enemies":"downfall:CharBossMerchant","floor":54,"turns":6},{"damage":129,"enemies":"downfall:NeowBoss","floor":57,"turns":20}],"seed_played":"1824144456299754551","potions_obtained":[{"floor":8,"key":"Regen Potion"},{"floor":9,"key":"DistilledChaos"},{"floor":11,"key":"LifebloodPotion"},{"floor":15,"key":"Toxic Potion"},{"floor":17,"key":"GamblersBrew"},{"floor":18,"key":"SpeedPotion"},{"floor":21,"key":"CultistPotion"},{"floor":23,"key":"champ:OpenerPotion"},{"floor":35,"key":"FearPotion"},{"floor":54,"key":"ColorlessPotion"}],"is_trial":false,"path_per_floor":["R","?","E","M","R","E","T","E","M","E","M","PTL","PTL","$","M","M","M","B",null,"R","?","R","M","AVR","$","T","R","?","E","$","?","?","M","M","B",null,"R","$","R","T","R","?","T","E","R","E","M","?","$","$","M","B",null,"E","$","R","B",null],"character_chosen":"THE_CHAMP","items_purchased":["champ:EndlessRage","champ:HoldFirm","champ:IronFortress","champ:PerfectedStrike","Finesse","Bronze Scales"],"campfire_rested":0,"item_purchase_floors":[14,14,38,38,49,50],"current_hp_per_floor":[90,90,90,90,90,90,90,89,89,79,78,78,78,78,78,80,82,75,68,78,78,78,78,78,78,78,78,78,78,78,63,63,83,83,83,83,83,83,83,83,83,83,83,83,83,83,83,83,83,83,83,83,83,83,83,83,83],"gold":128,"neow_bonus":"THREE_ENEMY_KILL","is_daily":false,"chose_seed":false,"campfire_upgraded":9,"win_rate":0.0,"timestamp":1607998289,"path_taken":["R","?","E","M","R","E","T","E","M","E","M","PTL","PTL","$","?","M","M","BOSS","R","?","R","M","AVR","$","T","R","?","E","?","?","?","?","M","BOSS","R","$","R","?","R","?","T","E","R","E","M","?","?","$","M","BOSS","E","$","R","BOSS"],"items_purchased_type":["Card","Card","Card","Card","Card","Relic"],"build_version":"2020-12-13","purchased_purges":4,"victory":true,"max_hp_per_floor":[90,90,90,90,90,90,90,90,90,90,90,90,90,90,90,90,90,90,68,78,78,78,78,78,78,78,78,78,78,78,83,83,83,83,83,83,83,83,83,83,83,83,83,83,83,83,83,83,83,83,83,83,83,83,83,83,83],"card_choices":[{"not_picked":["champ:FocusedBerserking","champ:AdrenalArmor"],"picked":"champ:DeathBlow","floor":3},{"not_picked":["champ:BladeFlurry","champ:ShieldWall"],"picked":"champ:IronFortress","floor":4},{"not_picked":["champ:CrookedStrike","champ:RapidStrikes"],"picked":"champ:ArenaPreparation","floor":6},{"not_picked":["champ:ShieldThrow","champ:RisingSlash"],"picked":"champ:ViciousMockery","floor":8},{"not_picked":["champ:AdrenalArmor","champ:BladeFlurry"],"picked":"champ:FlashCut","floor":9},{"not_picked":["champ:HeavySlash","champ:BerserkersShout"],"picked":"champ:StanceDance","floor":10},{"not_picked":["champ:BerserkersShout","champ:TornadoPunch"],"picked":"champ:RisingSlash","floor":11},{"not_picked":["champ:Haymaker","champ:FocusedDefense","champ:Encircle"],"picked":"SKIP","floor":14},{"not_picked":["champ:HeartStrike","champ:Duel"],"picked":"champ:StanceDance","floor":15},{"not_picked":["champ:BerserkersShout","champ:StanceDance"],"picked":"champ:Balance","floor":16},{"not_picked":["champ:GladiatorStyle","champ:BerserkersShout"],"picked":"champ:StrikeOfGenius","floor":17},{"not_picked":["champ:Devastate","champ:PerfectForm"],"picked":"champ:VampiricStrike","floor":18},{"not_picked":["champ:Encircle","champ:Haymaker","champ:GutPunch"],"picked":"SKIP","floor":23},{"not_picked":["champ:Aggression+1","champ:StanceDance+1","champ:GladiatorsShout"],"picked":"champ:PreciseThrust+1","floor":25},{"not_picked":["champ:FocusedGladiator","champ:Backstep","champ:FocusedBerserking"],"picked":"champ:BerserkersShout+1","floor":29},{"not_picked":["champ:DeathBlow","champ:Encircle","champ:BerserkersShout"],"picked":"champ:BerserkerStyle+1","floor":30},{"not_picked":["champ:BerserkerStyle","champ:CrookedStrike","champ:FlashCut","champ:BerserkersShout"],"picked":"SKIP","floor":33},{"not_picked":["champ:FanOfKnives","champ:AdrenalArmor+1","champ:DefensiveShout"],"picked":"champ:Improvising","floor":34},{"not_picked":["champ:MurderStrike","champ:Improvising","champ:Devastate"],"picked":"champ:ShieldThrow","floor":35},{"not_picked":["champ:Devastate","champ:Aggression+1","champ:CrookedStrike"],"picked":"champ:GladiatorStyle+1","floor":38},{"not_picked":["champ:BerserkersShout","champ:FanOfKnives+1","champ:CrownThrow"],"picked":"champ:BringItOn","floor":44},{"not_picked":["champ:FocusedDefense+1","champ:CrownThrow","champ:Backstep"],"picked":"champ:EndlessRage","floor":46},{"not_picked":["champ:Duel+1","champ:FocusedBerserking+1","champ:Circumvent"],"picked":"champ:IronFortress+1","floor":47},{"not_picked":["champ:CrookedStrike","champ:BerserkerStyle+1","champ:FaceSlap"],"picked":"champ:StanceDance+1","floor":51},{"not_picked":["champ:CrookedStrike+1","champ:PreciseThrust","champ:RecklessLeap"],"picked":"champ:AdrenalArmor","floor":54}],"player_experience":2835622,"relics_obtained":[{"floor":3,"key":"Replay:Rubber Ducky"},{"floor":6,"key":"Vajra"},{"floor":8,"key":"hubris:DeckOfHolding"},{"floor":10,"key":"Torii"},{"floor":29,"key":"MawBank"},{"floor":44,"key":"Juzu Bracelet"},{"floor":46,"key":"Snack Pack"},{"floor":54,"key":"Chemical X"},{"floor":54,"key":"infinitespire:ShieldingShard"}],"event_choices":[{"damage_healed":0,"gold_gain":0,"player_choice":"Ignored","damage_taken":0,"max_hp_gain":0,"max_hp_loss":0,"event_name":"Ghosts","floor":32,"gold_loss":0},{"damage_healed":0,"gold_gain":0,"player_choice":"Ignored","damage_taken":0,"max_hp_gain":0,"max_hp_loss":0,"event_name":"Mysterious Sphere","floor":48,"gold_loss":0}],"is_beta":false,"boss_relics":[{"not_picked":["Pandora\u0027s Box","Busted Crown"],"picked":"Replay:Drink Me"},{"not_picked":["ReplayTheSpireMod:DimensionalGlitch","hubris:RunicObelisk"],"picked":"SlaversCollar"}],"items_purged_floors":[14,24,38,49],"is_endless":false,"potions_floor_spawned":[8,9,11,15,16,17,18,23,34,35,46,51,54],"ascension_level":1}}