{"host":"dvpvhz1t6etneyb3","time":1607997378,"event":{"mods":["AchievementEnabler","BaseMod","Colored Map","Highlight Path","Minty Spire (QoL Compilation)","Permanent Neow","Quick Restart"],"gold_per_floor":[116,127,127,127,145,145,145],"floor_reached":6,"playtime":177,"items_purged":[],"score":72,"play_id":"24cac784-ef23-4e3e-9d8c-259970ed1bf0","local_time":"20201214205618","is_ascension_mode":true,"campfire_choices":[],"circlet_count":0,"master_deck":["AscendersBane","Strike_B","Strike_B","Strike_B","Defend_B","Defend_B","Defend_B","Defend_B+1","Zap","Dualcast","Gash","Sweeping Beam+1","Rebound","Conserve Battery"],"relics":["Cracked Core"],"acts_visited":["Exordium"],"potions_floor_usage":[],"damage_taken":[{"damage":2.0,"enemies":"Jaw Worm","floor":1.0,"turns":3.0},{"damage":7.0,"enemies":"Small Slimes","floor":2.0,"turns":2.0},{"damage":2.0,"enemies":"2 Louse","floor":5.0,"turns":2.0},{"damage":42,"enemies":"Lagavulin","floor":6,"turns":7}],"seed_played":"1893661320608336864","potions_obtained":[{"floor":2.0,"key":"PowerPotion"}],"is_trial":false,"path_per_floor":["M","M","?","?","M","E"],"character_chosen":"DEFECT","items_purchased":[],"campfire_rested":0,"item_purchase_floors":[],"current_hp_per_floor":[62,55,48,27,25,0,0],"gold":145,"neow_bonus":"THREE_CARDS","is_daily":false,"chose_seed":false,"campfire_upgraded":0,"win_rate":0.0,"timestamp":1607997378,"path_taken":["M","M","?","?","M","E"],"items_purchased_type":[],"build_version":"2020-12-13","purchased_purges":0,"victory":false,"max_hp_per_floor":[71,71,71,71,71,71,71],"card_choices":[{"not_picked":["Redo","Stack"],"picked":"Gash","floor":0.0},{"not_picked":["Cold Snap","Hologram"],"picked":"Sweeping Beam","floor":1.0},{"not_picked":["Aggregate","Streamline"],"picked":"Rebound","floor":2.0},{"not_picked":["Beam Cell","Fusion"],"picked":"Conserve Battery","floor":5.0}],"player_experience":1847564,"relics_obtained":[],"event_choices":[{"cards_removed":["Strike_B"],"damage_healed":0.0,"max_hp_gain":0.0,"max_hp_loss":0.0,"gold_gain":0.0,"event_name":"Golden Wing","player_choice":"Card Removal","floor":3.0,"gold_loss":0.0,"damage_taken":7.0},{"damage_healed":0.0,"max_hp_gain":0.0,"max_hp_loss":0.0,"gold_gain":0.0,"event_name":"Shining Light","player_choice":"Entered Light","floor":4.0,"gold_loss":0.0,"damage_taken":21.0,"cards_upgraded":["Sweeping Beam","Defend_B"]}],"is_beta":false,"boss_relics":[],"items_purged_floors":[],"is_endless":false,"potions_floor_spawned":[2],"killed_by":"Lagavulin","ascension_level":20}}