{"host":"bux1pdxjwq4dkad9","time":1607995363,"event":{"mods":["BaseMod","Colored Map","Minty Spire (QoL Compilation)","Quick Restart","Robot Space Explorer","Shop Mod","Spicy Shops","StSLib","SuperFastMode","The Alterego","Thieving Mod","Uncapped","【人物mod】游戏王New YuGiOh mod","【遗物Mod】简单游戏"],"gold_per_floor":[112,112,187,12,23,23,52,52,101,101,127,138,170,180,180,283,283,293,310,230,243,243,243,272,272,295,327,287,320,340,366,366,462,462,476,185,205,221,231,231,257,257,309,320,354,366,399,416,416,416,416,416,69,96,96],"floor_reached":56,"playtime":1655,"items_purged":["Regret","RobotSpaceExplorer:PlasmaMissile","RobotSpaceExplorer:Probe+1"],"score":2238,"play_id":"8c89c9c6-a5f7-488c-b14a-91faed7d9c2b","local_time":"20201215092243","is_ascension_mode":true,"campfire_choices":[{"data":"RobotSpaceExplorer:MiniBoosters","floor":6,"key":"SMITH"},{"data":"RobotSpaceExplorer:Strike","floor":8,"key":"PURGE"},{"data":"RobotSpaceExplorer:Strike","floor":10,"key":"PURGE"},{"data":"RobotSpaceExplorer:PowerCollector","floor":15,"key":"SMITH"},{"data":"RobotSpaceExplorer:Fix","floor":23,"key":"SMITH"},{"data":"RobotSpaceExplorer:Accelerator","floor":25,"key":"SMITH"},{"data":"RobotSpaceExplorer:HighVoltage","floor":32,"key":"SMITH"},{"floor":40,"key":"RECALL"},{"data":"RobotSpaceExplorer:MakeshiftVolley","floor":49,"key":"PURGE"},{"data":"RobotSpaceExplorer:Multitool","floor":52,"key":"SMITH"}],"circlet_count":0,"master_deck":["RobotSpaceExplorer:Scan+1","RobotSpaceExplorer:MiniLasers","RobotSpaceExplorer:TurboDodge","RobotSpaceExplorer:ChargingLaser","RobotSpaceExplorer:Ammunition","Clumsy","RobotSpaceExplorer:MiniBoosters+1","RobotSpaceExplorer:Accelerator+1","RobotSpaceExplorer:JunkDive+1","RobotSpaceExplorer:PowerCollector+1","RobotSpaceExplorer:TrailblazerForm","RobotSpaceExplorer:StarLightning","RobotSpaceExplorer:TurboDodge","RobotSpaceExplorer:ShockMissile","RobotSpaceExplorer:Fix+1","RobotSpaceExplorer:GearShield","RobotSpaceExplorer:Reload+1","RobotSpaceExplorer:FrostMissile","RobotSpaceExplorer:HighVoltage+1","RobotSpaceExplorer:Multitool+1","RobotSpaceExplorer:StunGrenade","RobotSpaceExplorer:PowerCollector","RobotSpaceExplorer:FreezeRay+1","RobotSpaceExplorer:MiniBoosters+1","RobotSpaceExplorer:PowerCollector+1","RobotSpaceExplorer:Electroshield+1","RobotSpaceExplorer:StarDust"],"relics":["RobotSpaceExplorer:TurboCore","EasyRelic","Pantograph","HandDrill","Anchor","TheAbacus","Bag of Marbles","Oddly Smooth Stone","InkBottle","RobotSpaceExplorer:ToughPlating","Nunchaku","Sundial","The Courier","Pandora\u0027s Box","Boot","Strawberry","Potion Belt","Orichalcum","Art of War","RobotSpaceExplorer:ClockworkSextant","Bag of Preparation","War Paint","Happy Flower","Frozen Eye","Chemical X","Centennial Puzzle","Regal Pillow","Pen Nib","Incense Burner","Bottled Tornado","Omamori","Juzu Bracelet","Vajra","RobotSpaceExplorer:SlideRule","Mummified Hand","Bronze Scales"],"acts_visited":["Exordium","TheCity","TheBeyond","TheEnding"],"potions_floor_usage":[4,36,55,55,55,55],"damage_taken":[{"damage":0.0,"enemies":"Jaw Worm","floor":1.0,"turns":2.0},{"damage":0,"enemies":"2 Louse","floor":5,"turns":1},{"damage":0,"enemies":"3 Sentries","floor":7,"turns":2},{"damage":0,"enemies":"Lagavulin","floor":11,"turns":2},{"damage":0,"enemies":"Cultist","floor":12,"turns":1},{"damage":0,"enemies":"3 Sentries","floor":13,"turns":2},{"damage":0,"enemies":"Blue Slaver","floor":14,"turns":1},{"damage":0,"enemies":"Slime Boss","floor":16,"turns":3},{"damage":0,"enemies":"2 Thieves","floor":18,"turns":3},{"damage":0,"enemies":"Shell Parasite","floor":19,"turns":2},{"damage":0,"enemies":"Cultist and Chosen","floor":21,"turns":3},{"damage":0,"enemies":"Gremlin Leader","floor":24,"turns":3},{"damage":0,"enemies":"Book of Stabbing","floor":27,"turns":3},{"damage":0,"enemies":"Gremlin Leader","floor":29,"turns":2},{"damage":0,"enemies":"Shelled Parasite and Fungi","floor":30,"turns":3},{"damage":0,"enemies":"Slavers","floor":31,"turns":3},{"damage":0,"enemies":"Champ","floor":33,"turns":4},{"damage":0,"enemies":"3 Shapes","floor":35,"turns":1},{"damage":0,"enemies":"Orb Walker","floor":37,"turns":2},{"damage":0,"enemies":"Jaw Worm Horde","floor":38,"turns":1},{"damage":0,"enemies":"4 Shapes","floor":39,"turns":1},{"damage":0,"enemies":"Reptomancer","floor":41,"turns":3},{"damage":0,"enemies":"3 Darklings","floor":44,"turns":1},{"damage":0,"enemies":"Giant Head","floor":45,"turns":4},{"damage":0,"enemies":"Maw","floor":46,"turns":4},{"damage":0,"enemies":"Nemesis","floor":47,"turns":3},{"damage":0,"enemies":"Jaw Worm Horde","floor":48,"turns":1},{"damage":0,"enemies":"Awakened One","floor":50,"turns":4},{"damage":0,"enemies":"Shield and Spear","floor":54,"turns":1},{"damage":0,"enemies":"The Heart","floor":55,"turns":4}],"seed_played":"-3814454023048536976","potions_obtained":[{"floor":21,"key":"RobotSpaceExplorer:LiquidFusion"},{"floor":28,"key":"ThievingMod:ThievingPotion"},{"floor":28,"key":"Swift Potion"},{"floor":29,"key":"Energy Potion"},{"floor":30,"key":"EssenceOfSteel"},{"floor":39,"key":"DuplicationPotion"},{"floor":54,"key":"DuplicationPotion"}],"is_trial":false,"path_per_floor":["M","?","?","$","M","R","E","R","T","R","E","M","E","M","R","B",null,"M","M","$","M","?","R","E","R","T","E","?","E","M","E","R","B",null,"M","$","M","M","M","R","E","?","T","M","E","M","E","M","R","B",null,"R","$","E","B",null],"character_chosen":"RobotSpaceExplorer","items_purchased":["ThievingMod:ThievingPotion","Incense Burner","RobotSpaceExplorer:SlideRule","Mummified Hand","RobotSpaceExplorer:StarDust"],"campfire_rested":0,"item_purchase_floors":[4,36,53,53,53],"current_hp_per_floor":[75,75,64,64,65,65,66,66,66,66,68,70,72,74,74,75,75,75,75,75,75,75,75,75,75,75,82,82,82,82,82,82,82,82,82,82,82,82,82,82,82,82,82,82,82,82,82,82,82,82,82,82,82,82,82],"gold":96,"neow_bonus":"TRANSFORM_CARD","is_daily":false,"chose_seed":false,"campfire_upgraded":6,"win_rate":0.0,"timestamp":1607995363,"path_taken":["M","?","?","$","M","R","E","R","T","R","E","M","E","M","R","BOSS","M","M","$","M","?","R","E","R","T","E","?","E","?","E","R","BOSS","M","$","M","M","M","R","E","?","T","?","E","M","E","M","R","BOSS","R","$","E","BOSS"],"items_purchased_type":["Potion","Relic","Relic","Relic","Card"],"build_version":"2020-12-13","purchased_purges":3,"victory":true,"max_hp_per_floor":[75,75,75,75,75,75,75,75,75,75,75,75,75,75,75,75,75,75,75,75,75,75,75,75,75,75,82,82,82,82,82,82,82,82,82,82,82,82,82,82,82,82,82,82,82,82,82,82,82,82,82,82,82,82,82],"card_choices":[{"not_picked":["RobotSpaceExplorer:SurgingStrike","RobotSpaceExplorer:ScrapShield","RobotSpaceExplorer:IronShell"],"picked":"SKIP","floor":1.0},{"not_picked":["RobotSpaceExplorer:ScrapMissile","RobotSpaceExplorer:Blitz","RobotSpaceExplorer:Probe"],"picked":"SKIP","floor":5},{"not_picked":["RobotSpaceExplorer:SwiftStep","RobotSpaceExplorer:ShovelStrike"],"picked":"RobotSpaceExplorer:Accelerator","floor":7},{"not_picked":["RobotSpaceExplorer:ScrapMissile","RobotSpaceExplorer:SwiftStep","RobotSpaceExplorer:SlimeMissile"],"picked":"SKIP","floor":11},{"not_picked":["RobotSpaceExplorer:SelfCleaning","RobotSpaceExplorer:MetalStrike","RobotSpaceExplorer:Calculate"],"picked":"SKIP","floor":12},{"not_picked":["RobotSpaceExplorer:Ammunition","RobotSpaceExplorer:ShovelStrike"],"picked":"RobotSpaceExplorer:JunkDive","floor":13},{"not_picked":["RobotSpaceExplorer:Counterblock","RobotSpaceExplorer:FranticSearch"],"picked":"RobotSpaceExplorer:PowerCollector","floor":14},{"not_picked":["RobotSpaceExplorer:Explosion","RobotSpaceExplorer:Scanner"],"picked":"RobotSpaceExplorer:TrailblazerForm","floor":16},{"not_picked":["RobotSpaceExplorer:Blitz","RobotSpaceExplorer:StarLightning"],"picked":"RobotSpaceExplorer:Probe+1","floor":18},{"not_picked":["RobotSpaceExplorer:FrostMissile","RobotSpaceExplorer:ScrapToss"],"picked":"RobotSpaceExplorer:Fix","floor":19},{"not_picked":["RobotSpaceExplorer:MetalStrike","RobotSpaceExplorer:Electropulse"],"picked":"RobotSpaceExplorer:GearShield","floor":21},{"not_picked":["RobotSpaceExplorer:GlueSpray","RobotSpaceExplorer:Reload+1","RobotSpaceExplorer:GlueShot"],"picked":"SKIP","floor":24},{"not_picked":["RobotSpaceExplorer:GlueSpray","RobotSpaceExplorer:GlueShot"],"picked":"RobotSpaceExplorer:Reload+1","floor":24},{"not_picked":["RobotSpaceExplorer:ScrapMissile","RobotSpaceExplorer:SlimeMissile","RobotSpaceExplorer:StarDust"],"picked":"SKIP","floor":27},{"not_picked":["RobotSpaceExplorer:FrostMissile","RobotSpaceExplorer:StunGrenade","RobotSpaceExplorer:ShovelStrike"],"picked":"SKIP","floor":29},{"not_picked":["RobotSpaceExplorer:StunGrenade","RobotSpaceExplorer:ShovelStrike"],"picked":"RobotSpaceExplorer:FrostMissile","floor":29},{"not_picked":["RobotSpaceExplorer:Ammunition","RobotSpaceExplorer:ScrapToss+1","RobotSpaceExplorer:Reload+1"],"picked":"SKIP","floor":30},{"not_picked":["RobotSpaceExplorer:Ammunition","RobotSpaceExplorer:Reload+1"],"picked":"RobotSpaceExplorer:ScrapToss+1","floor":30},{"not_picked":["RobotSpaceExplorer:SurgingShield","RobotSpaceExplorer:ScrapMissile"],"picked":"RobotSpaceExplorer:HighVoltage","floor":31},{"not_picked":["RobotSpaceExplorer:Blaster","RobotSpaceExplorer:ChargingLaser"],"picked":"RobotSpaceExplorer:Multitool","floor":33},{"not_picked":["RobotSpaceExplorer:FranticSearch","RobotSpaceExplorer:MiniDrones","RobotSpaceExplorer:MetalStrike+1"],"picked":"SKIP","floor":35},{"not_picked":["RobotSpaceExplorer:TurboDodge+1","RobotSpaceExplorer:Probe","RobotSpaceExplorer:MetalStrike+1"],"picked":"SKIP","floor":37},{"not_picked":["RobotSpaceExplorer:Electropulse","RobotSpaceExplorer:SlimeMissile","RobotSpaceExplorer:FrostMissile+1"],"picked":"SKIP","floor":38},{"not_picked":["RobotSpaceExplorer:MiniDrones+1","RobotSpaceExplorer:Jetpack+1"],"picked":"RobotSpaceExplorer:PowerCollector","floor":39},{"not_picked":["RobotSpaceExplorer:FranticSearch","RobotSpaceExplorer:GearShield"],"picked":"RobotSpaceExplorer:FreezeRay+1","floor":41},{"not_picked":["RobotSpaceExplorer:Discharger+1","RobotSpaceExplorer:FranticSearch"],"picked":"RobotSpaceExplorer:MiniBoosters+1","floor":44},{"not_picked":["RobotSpaceExplorer:FrostMissile+1","RobotSpaceExplorer:SlimeMissile"],"picked":"RobotSpaceExplorer:PowerCollector+1","floor":45},{"not_picked":["RobotSpaceExplorer:ShovelStrike+1","RobotSpaceExplorer:RigExplosive","RobotSpaceExplorer:Ammunition+1"],"picked":"SKIP","floor":46},{"not_picked":["RobotSpaceExplorer:SurgingStrike","RobotSpaceExplorer:SelfCleaning","RobotSpaceExplorer:StarLightning+1"],"picked":"SKIP","floor":47},{"not_picked":["RobotSpaceExplorer:ImprovisedAttack+1","RobotSpaceExplorer:TurboDodge"],"picked":"RobotSpaceExplorer:Electroshield+1","floor":48},{"not_picked":["RobotSpaceExplorer:GearShield","RobotSpaceExplorer:GlueSpray"],"picked":"RobotSpaceExplorer:Exploration","floor":54}],"player_experience":2368939,"relics_obtained":[{"floor":7,"key":"RobotSpaceExplorer:ToughPlating"},{"floor":9,"key":"Nunchaku"},{"floor":11,"key":"Sundial"},{"floor":13,"key":"The Courier"},{"floor":24,"key":"Boot"},{"floor":27,"key":"Strawberry"},{"floor":29,"key":"Potion Belt"},{"floor":31,"key":"Orichalcum"},{"floor":41,"key":"Bottled Tornado"},{"floor":43,"key":"Omamori"},{"floor":45,"key":"Juzu Bracelet"},{"floor":47,"key":"Vajra"},{"floor":54,"key":"Bronze Scales"}],"event_choices":[{"damage_healed":0.0,"max_hp_gain":0.0,"max_hp_loss":0.0,"gold_gain":0.0,"event_name":"Big Fish","player_choice":"Box","floor":2.0,"gold_loss":0.0,"damage_taken":0.0,"relics_obtained":["Pantograph"],"cards_obtained":["Regret"]},{"damage_healed":0.0,"max_hp_gain":0.0,"max_hp_loss":0.0,"gold_gain":75.0,"event_name":"World of Goop","player_choice":"Gather Gold","floor":3.0,"gold_loss":0.0,"damage_taken":11.0},{"cards_removed":["RobotSpaceExplorer:SurgingStrike"],"damage_healed":0,"gold_gain":0,"player_choice":"Elegance","damage_taken":0,"max_hp_gain":0,"max_hp_loss":0,"event_name":"Back to Basics","floor":22,"gold_loss":0},{"damage_healed":0,"gold_gain":0,"player_choice":"Bought 3 Potions","damage_taken":0,"max_hp_gain":0,"max_hp_loss":0,"event_name":"The Woman in Blue","floor":28,"gold_loss":0},{"damage_healed":0,"gold_gain":0,"cards_transformed":["RobotSpaceExplorer:ScrapToss"],"player_choice":"Transformed","damage_taken":0,"max_hp_gain":0,"max_hp_loss":0,"event_name":"Transmorgrifier","floor":42,"gold_loss":0,"cards_obtained":["RobotSpaceExplorer:MakeshiftVolley"]}],"is_beta":false,"boss_relics":[{"not_picked":["Cursed Key","Sozu"],"picked":"Pandora\u0027s Box"},{"not_picked":["Empty Cage","Astrolabe"],"picked":"RobotSpaceExplorer:TurboCore"}],"items_purged_floors":[4,20,36],"is_endless":false,"potions_floor_spawned":[5,7,12,13,19,21,29,30,35,38,39,44,45,54],"ascension_level":5}}