{"host":"2hea6pl5vmah38iy","time":1607994086,"event":{"mods":["AchievementEnabler","BaseMod","Colored Map","DeckTracker","Keyboard Shortcuts","Minty Spire (QoL Compilation)","Rare Cards Sparkle","StSLib","SuperFastMode","everything is the same but u backflip on backflip"],"gold_per_floor":[115,4,23,23,36,36,36,36,82,113,113,140,140,156,156,246,246,261,261,281,281,9,45,45,78,133,161,194,250,280,306,318,426,438,472,500,512,207,225,265,265,283,283,336,336,369,20,38,38,38,38,38,38,77,77,77],"floor_reached":55,"playtime":3255,"items_purged":["Normality","Hello World","Strike_B"],"score":1449,"play_id":"854ffc43-eb1b-46e8-96d9-26c4c089c38b","local_time":"20201215100126","is_ascension_mode":true,"campfire_choices":[{"data":"Darkness","floor":6.0,"key":"SMITH"},{"data":"Dualcast","floor":8.0,"key":"SMITH"},{"data":"Coolheaded","floor":11.0,"key":"SMITH"},{"data":"Coolheaded","floor":13.0,"key":"SMITH"},{"data":"Zap","floor":15.0,"key":"SMITH"},{"data":"Hologram","floor":24.0,"key":"SMITH"},{"data":"Defragment","floor":32.0,"key":"SMITH"},{"data":"Darkness","floor":41,"key":"SMITH"},{"floor":49,"key":"RECALL"},{"data":"Capacitor","floor":52,"key":"SMITH"}],"circlet_count":0,"master_deck":["AscendersBane","Defend_B","Defend_B","Defend_B","Zap+1","Dualcast+1","Compile Driver","Darkness+1","Coolheaded+1","Coolheaded+1","BootSequence","Lockon","Seek+1","Chill","FTL+1","Hologram+1","Defragment+1","Go for the Eyes+1","Capacitor+1","Madness","Madness","Darkness+1","Machine Learning"],"relics":["Cracked Core","Golden Idol","Akabeko","Unceasing Top","Busted Crown","Cables","Omamori","PreservedInsect","MawBank","CeramicFish","Black Star","Art of War","FossilizedHelix","Eternal Feather","Gambling Chip","Pen Nib","Pocketwatch","Regal Pillow","Whetstone","TheAbacus","Mercury Hourglass","Centennial Puzzle"],"acts_visited":["Exordium","TheCity","TheBeyond","TheEnding"],"potions_floor_usage":[55,55],"damage_taken":[{"damage":0.0,"enemies":"Small Slimes","floor":1.0,"turns":2.0},{"damage":11.0,"enemies":"Cultist","floor":3.0,"turns":4.0},{"damage":7.0,"enemies":"Jaw Worm","floor":5.0,"turns":4.0},{"damage":12.0,"enemies":"Lagavulin","floor":10.0,"turns":6.0},{"damage":11.0,"enemies":"Exordium Wildlife","floor":14.0,"turns":4.0},{"damage":0.0,"enemies":"Slime Boss","floor":16.0,"turns":4.0},{"damage":0.0,"enemies":"Spheric Guardian","floor":18.0,"turns":3.0},{"damage":0.0,"enemies":"Chosen","floor":20.0,"turns":3.0},{"damage":1.0,"enemies":"Slavers","floor":23.0,"turns":5.0},{"damage":0.0,"enemies":"Book of Stabbing","floor":25.0,"turns":4.0},{"damage":0.0,"enemies":"Centurion and Healer","floor":27.0,"turns":5.0},{"damage":0.0,"enemies":"Chosen and Byrds","floor":28.0,"turns":3.0},{"damage":7.0,"enemies":"Gremlin Leader","floor":29.0,"turns":5.0},{"damage":9.0,"enemies":"Snake Plant","floor":30.0,"turns":3.0},{"damage":3.0,"enemies":"Shelled Parasite and Fungi","floor":31.0,"turns":3.0},{"damage":47.0,"enemies":"Champ","floor":33.0,"turns":9.0},{"damage":11.0,"enemies":"3 Darklings","floor":35.0,"turns":7.0},{"damage":1.0,"enemies":"Orb Walker","floor":36.0,"turns":3.0},{"damage":33,"enemies":"Nemesis","floor":40,"turns":5},{"damage":11,"enemies":"4 Shapes","floor":42,"turns":5},{"damage":0,"enemies":"Giant Head","floor":44,"turns":7},{"damage":47,"enemies":"Reptomancer","floor":46,"turns":6},{"damage":0,"enemies":"Spire Growth","floor":48,"turns":4},{"damage":33,"enemies":"Donu and Deca","floor":50,"turns":8},{"damage":70,"enemies":"Shield and Spear","floor":54,"turns":6},{"damage":13,"enemies":"The Heart","floor":55,"turns":2}],"seed_played":"-2391493270555112500","potions_obtained":[{"floor":1.0,"key":"DistilledChaos"},{"floor":10.0,"key":"FairyPotion"},{"floor":16.0,"key":"LiquidMemories"},{"floor":23.0,"key":"Weak Potion"},{"floor":28.0,"key":"Fruit Juice"},{"floor":29.0,"key":"Energy Potion"},{"floor":31.0,"key":"Swift Potion"},{"floor":33.0,"key":"ColorlessPotion"},{"floor":36.0,"key":"FairyPotion"},{"floor":54,"key":"FocusPotion"}],"is_trial":false,"path_per_floor":["M","$","M","?","M","R","?","R","T","E","R","T","R","M","R","B",null,"M","?","M","?","$","E","R","E","T","M","M","E","M","M","R","B",null,"M","M","?","$","?","E","R","M","T","E","?","E","$","M","R","B",null,"R","$","E","B"],"character_chosen":"DEFECT","items_purchased":["Darkness","Cables","Hologram","Capacitor","Art of War","TheAbacus","LiquidBronze"],"campfire_rested":0,"item_purchase_floors":[2,22,22,38,38,47,47],"current_hp_per_floor":[82,82,71,71,64,64,64,64,64,52,52,52,52,41,41,41,72,72,72,72,72,72,71,71,71,71,71,76,69,60,57,57,10,68,57,56,56,56,45,12,24,13,13,13,13,13,13,13,25,20,70,82,82,12,0,0],"gold":77,"neow_bonus":"TWENTY_PERCENT_HP_BONUS","is_daily":false,"chose_seed":false,"campfire_upgraded":9,"win_rate":0.0,"timestamp":1607994086,"path_taken":["M","$","M","?","?","R","?","R","T","E","R","?","R","M","R","BOSS","M","?","?","?","$","E","R","E","T","M","M","E","M","M","R","BOSS","M","M","?","$","?","E","R","M","T","E","?","E","?","?","R","BOSS","R","$","E","BOSS"],"items_purchased_type":["Card","Relic","Card","Card","Relic","Relic","Potion"],"build_version":"2020-12-13","purchased_purges":3,"victory":false,"max_hp_per_floor":[89,89,89,89,89,89,82,82,82,82,82,82,82,82,82,82,82,82,82,82,82,82,82,82,82,82,82,87,87,87,87,87,87,87,87,87,87,87,87,87,87,87,87,87,87,87,87,87,87,87,87,87,87,87,87,87],"card_choices":[{"not_picked":["Steam","Sweeping Beam"],"picked":"Compile Driver","floor":1.0},{"not_picked":["Leap","Steam"],"picked":"Coolheaded","floor":3.0},{"not_picked":["Cold Snap","Streamline"],"picked":"Coolheaded","floor":5.0},{"not_picked":["Streamline","Stack"],"picked":"BootSequence","floor":10.0},{"not_picked":["Sweeping Beam","Stack"],"picked":"Lockon","floor":14.0},{"not_picked":["Fission","Machine Learning"],"picked":"Seek","floor":16.0},{"not_picked":["Scrape"],"picked":"SKIP","floor":18.0},{"not_picked":[],"picked":"Chill","floor":20.0},{"not_picked":[],"picked":"Defragment","floor":23.0},{"not_picked":["Streamline"],"picked":"SKIP","floor":25.0},{"not_picked":["Sunder"],"picked":"SKIP","floor":27.0},{"not_picked":["Cold Snap"],"picked":"SKIP","floor":28.0},{"not_picked":["Conserve Battery"],"picked":"SKIP","floor":29.0},{"not_picked":["Heatsinks"],"picked":"SKIP","floor":30.0},{"not_picked":["White Noise"],"picked":"SKIP","floor":31.0},{"not_picked":[],"picked":"Go for the Eyes","floor":35.0},{"not_picked":["Consume"],"picked":"SKIP","floor":36.0},{"not_picked":[],"picked":"Darkness","floor":40},{"not_picked":["Beam Cell"],"picked":"SKIP","floor":42},{"not_picked":[],"picked":"Machine Learning","floor":44},{"not_picked":["Compile Driver"],"picked":"SKIP","floor":46},{"not_picked":["FTL"],"picked":"SKIP","floor":48},{"not_picked":["Sweeping Beam"],"picked":"SKIP","floor":54}],"player_experience":410225,"relics_obtained":[{"floor":9.0,"key":"Akabeko"},{"floor":10.0,"key":"Unceasing Top"},{"floor":23.0,"key":"Omamori"},{"floor":25.0,"key":"PreservedInsect"},{"floor":26.0,"key":"MawBank"},{"floor":29.0,"key":"CeramicFish"},{"floor":40,"key":"FossilizedHelix"},{"floor":40,"key":"Eternal Feather"},{"floor":43,"key":"Gambling Chip"},{"floor":44,"key":"Pen Nib"},{"floor":44,"key":"Pocketwatch"},{"floor":46,"key":"Regal Pillow"},{"floor":46,"key":"Whetstone"},{"floor":54,"key":"Mercury Hourglass"},{"floor":54,"key":"Centennial Puzzle"}],"event_choices":[{"cards_removed":["Defend_B"],"damage_healed":0.0,"max_hp_gain":0.0,"max_hp_loss":0.0,"gold_gain":0.0,"event_name":"Purifier","player_choice":"Purged","floor":4.0,"gold_loss":0.0,"damage_taken":0.0},{"damage_healed":0.0,"max_hp_gain":0.0,"max_hp_loss":7.0,"gold_gain":0.0,"event_name":"Golden Idol","player_choice":"Lose Max HP","floor":7.0,"gold_loss":0.0,"damage_taken":0.0,"relics_obtained":["Golden Idol"]},{"damage_healed":0.0,"max_hp_gain":0.0,"max_hp_loss":0.0,"gold_gain":0.0,"event_name":"Upgrade Shrine","player_choice":"Upgraded","floor":19.0,"gold_loss":0.0,"damage_taken":0.0,"cards_upgraded":["Seek"]},{"damage_healed":0.0,"max_hp_gain":0.0,"max_hp_loss":0.0,"gold_gain":0.0,"cards_transformed":["Strike_B","Strike_B"],"event_name":"Drug Dealer","player_choice":"Became Test Subject","floor":21.0,"gold_loss":0.0,"damage_taken":0.0,"cards_obtained":["Hello World","FTL"]},{"damage_healed":0,"gold_gain":0,"player_choice":"Memory 1","damage_taken":0,"max_hp_gain":0,"max_hp_loss":0,"event_name":"SensoryStone","floor":37,"gold_loss":0},{"damage_healed":0,"gold_gain":0,"player_choice":"Embrace Madness","damage_taken":11,"max_hp_gain":0,"max_hp_loss":0,"event_name":"Winding Halls","floor":39,"gold_loss":0,"cards_obtained":["Madness","Madness"]},{"cards_removed":["Strike_B"],"damage_healed":0,"gold_gain":0,"player_choice":"Removed Attack","damage_taken":0,"max_hp_gain":0,"max_hp_loss":0,"event_name":"Falling","floor":45,"gold_loss":0}],"is_beta":false,"boss_relics":[{"not_picked":["Runic Dome","Philosopher\u0027s Stone"],"picked":"Busted Crown"},{"not_picked":["Coffee Dripper","Snecko Eye"],"picked":"Black Star"}],"items_purged_floors":[2,38,47],"is_endless":false,"potions_floor_spawned":[1,10,16,23,28,29,31,33,36,48,54],"killed_by":"The Heart","ascension_level":13}}