{"host":"99ad87xtd5ypi7ii","time":1607994857,"event":{"mods":["BaseMod","Hermit","Highlight Path","Marisa????????","Minty Spire (QoL Compilation)","Robot Space Explorer","StSLib","The Bladedancer","The Construct","The Cursed","The Disciple","The Elementalist","The Gatherer","The Hierophant","The Runesmith","The Servant 0.9.4","TheVacant"],"gold_per_floor":[114,64,64,74,149,175,175,201,251,271,287,297,297,315,315,418,418,434,446,456,456,47,80,80,98,98,198,226,244,244,276,276,373,373,389,69,84,84,94,129,149,165,165,241,258,258,273,308,308,308,308,308,54,88,88],"floor_reached":56,"playtime":3953,"items_purged":["blademaster:Strike","blademaster:Strike"],"score":1876,"play_id":"421a38a9-9c96-4ae8-8a20-220a42c3b54e","local_time":"20201215021417","is_ascension_mode":true,"campfire_choices":[{"data":"blademaster:Sharpen","floor":7,"key":"SMITH"},{"floor":13,"key":"REST"},{"data":"blademaster:Empower","floor":15,"key":"SMITH"},{"floor":24,"key":"RECALL"},{"floor":30,"key":"REST"},{"floor":32,"key":"REST"},{"floor":46,"key":"DIG"},{"floor":49,"key":"DIG"},{"floor":52,"key":"DIG"}],"circlet_count":0,"master_deck":["elementalist:Fire_Emblem","blademaster:Strike","blademaster:Defend","blademaster:Defend","blademaster:Defend","blademaster:Defend","blademaster:RagingBlow+1","blademaster:HighVoltage+1","blademaster:Sharpen+1","blademaster:DaggerAndCloak","blademaster:Empower+1","blademaster:DaggerAndCloak","blademaster:AspectOfWind","blademaster:Flurry","blademaster:ThreePointStrike","blademaster:Flurry","blademaster:UnrelentingWind","blademaster:Sharpen+1","blademaster:Reversal+1","Panache","blademaster:Flash","blademaster:Momentum+1","blademaster:Slice","blademaster:LightningDraw","blademaster:Empower","blademaster:Stability+1","Panache","blademaster:KiBarrier+1","blademaster:Stability+1","blademaster:Havoc"],"relics":["blademaster:DancersAmulet","NeowsBlessing","Potion Belt","StrikeDummy","Ancient Tea Set","Fusion Hammer","elementalistmod:GreenCirclet","Sling","Strawberry","Pen Nib","Happy Flower","Calipers","Philosopher\u0027s Stone","Shuriken","Shovel","Mercury Hourglass","construct:RocketBooster","construct:BoolHorns","Orichalcum","construct:FoamFinger","HandDrill","Bottled Tornado"],"acts_visited":["Exordium","TheCity","TheBeyond","TheEnding"],"potions_floor_usage":[8,23,41,55,55,55],"damage_taken":[{"damage":0,"enemies":"Small Slimes","floor":1,"turns":2},{"damage":0,"enemies":"2 Louse","floor":4,"turns":2},{"damage":0,"enemies":"3 Sentries","floor":6,"turns":1},{"damage":12,"enemies":"Gremlin Nob","floor":8,"turns":3},{"damage":0,"enemies":"Jaw Worm","floor":10,"turns":2},{"damage":0,"enemies":"Exordium Wildlife","floor":11,"turns":3},{"damage":1,"enemies":"Exordium Thugs","floor":12,"turns":2},{"damage":0,"enemies":"Looter","floor":14,"turns":1},{"damage":0,"enemies":"The Guardian","floor":16,"turns":5},{"damage":0,"enemies":"2 Thieves","floor":18,"turns":2},{"damage":0,"enemies":"Shell Parasite","floor":19,"turns":2},{"damage":0,"enemies":"Snake Plant","floor":20,"turns":2},{"damage":0,"enemies":"Book of Stabbing","floor":23,"turns":3},{"damage":0,"enemies":"3 Cultists","floor":25,"turns":3},{"damage":0,"enemies":"Slavers","floor":28,"turns":1},{"damage":0,"enemies":"Sentry and Sphere","floor":29,"turns":2},{"damage":0,"enemies":"Gremlin Leader","floor":31,"turns":1},{"damage":0,"enemies":"Collector","floor":33,"turns":6},{"damage":0,"enemies":"3 Shapes","floor":35,"turns":2},{"damage":0,"enemies":"3 Darklings","floor":37,"turns":1},{"damage":22,"enemies":"4 Shapes","floor":39,"turns":2},{"damage":0,"enemies":"Giant Head","floor":40,"turns":3},{"damage":0,"enemies":"Spire Growth","floor":41,"turns":3},{"damage":0,"enemies":"Maw","floor":42,"turns":3},{"damage":0,"enemies":"Sphere and 2 Shapes","floor":45,"turns":2},{"damage":0,"enemies":"3 Darklings","floor":47,"turns":2},{"damage":0,"enemies":"Reptomancer","floor":48,"turns":2},{"damage":10,"enemies":"Donu and Deca","floor":50,"turns":3},{"damage":0,"enemies":"Shield and Spear","floor":54,"turns":2},{"damage":58,"enemies":"The Heart","floor":55,"turns":4}],"seed_played":"-3958469932858366568","potions_obtained":[{"floor":6,"key":"DistilledChaos"},{"floor":10,"key":"Block Potion"},{"floor":11,"key":"BlessingOfTheForge"},{"floor":12,"key":"BlessingOfTheForge"},{"floor":25,"key":"FearPotion"},{"floor":31,"key":"Dexterity Potion"},{"floor":33,"key":"SteroidPotion"},{"floor":39,"key":"Strength Potion"},{"floor":45,"key":"DistilledChaos"},{"floor":48,"key":"FairyPotion"}],"is_trial":false,"path_per_floor":["M","?","?","M","?","E","R","E","T","M","M","M","R","M","R","B",null,"M","M","M","?","$","E","R","M","T","?","E","M","R","E","R","B",null,"M","$","M","?","M","E","M","M","T","T","M","R","M","E","R","B",null,"R","$","E","B",null],"character_chosen":"THE_BLADEMASTER","items_purchased":["Panache","blademaster:Flash","Sling","Shuriken","HandDrill"],"campfire_rested":3,"item_purchase_floors":[22,22,22,36,53],"current_hp_per_floor":[75,75,60,60,49,49,49,37,37,37,37,36,58,58,58,58,71,71,71,71,71,71,78,78,78,78,78,78,78,82,82,82,82,82,82,82,82,82,60,60,60,60,60,60,60,60,60,60,60,56,76,76,76,82,30],"gold":88,"neow_bonus":"THREE_ENEMY_KILL","is_daily":false,"chose_seed":false,"campfire_upgraded":2,"win_rate":0.0,"timestamp":1607994857,"path_taken":["M","?","?","M","?","E","R","E","T","M","M","M","R","M","R","BOSS","M","M","M","?","$","E","R","M","T","?","E","?","R","E","R","BOSS","M","$","M","?","M","E","?","M","T","?","M","R","M","E","R","BOSS","R","$","E","BOSS"],"items_purchased_type":["Card","Card","Relic","Relic","Relic"],"build_version":"2020-12-13","purchased_purges":2,"victory":true,"max_hp_per_floor":[75,75,75,75,75,75,75,75,75,75,75,75,75,75,75,75,75,75,75,75,75,75,82,82,82,82,82,82,82,82,82,82,82,82,82,82,82,82,82,82,82,82,82,82,82,82,82,82,82,82,82,82,82,82,82],"card_choices":[{"not_picked":["blademaster:Quickstep","blademaster:Blockade"],"picked":"blademaster:Sharpen","floor":1},{"not_picked":["blademaster:Stability","blademaster:Quickstep"],"picked":"blademaster:DaggerAndCloak","floor":4},{"not_picked":["blademaster:Flurry","blademaster:AirSlash"],"picked":"blademaster:Empower","floor":6},{"not_picked":["blademaster:Bloodbath","blademaster:Rupture"],"picked":"blademaster:DaggerAndCloak","floor":8},{"not_picked":["blademaster:Frontflip","blademaster:Meditate"],"picked":"blademaster:AspectOfWind","floor":10},{"not_picked":["blademaster:ThunderSlash","blademaster:Slice"],"picked":"blademaster:Flurry","floor":11},{"not_picked":["blademaster:Flurry","blademaster:Thrust"],"picked":"blademaster:ThreePointStrike","floor":12},{"not_picked":["blademaster:Thrust","blademaster:ChargingUp"],"picked":"blademaster:Flurry","floor":14},{"not_picked":["blademaster:HighVoltage","blademaster:RagingBlow"],"picked":"blademaster:UnrelentingWind","floor":16},{"not_picked":["blademaster:Overcharge","blademaster:Flurry"],"picked":"blademaster:Sharpen","floor":18},{"not_picked":["blademaster:BladeCross+1","blademaster:Hailwind","blademaster:BloodyBlow"],"picked":"SKIP","floor":19},{"not_picked":["blademaster:Meditate+1","blademaster:Flurry"],"picked":"blademaster:Reversal","floor":20},{"not_picked":["blademaster:Hailwind","blademaster:Frontflip"],"picked":"blademaster:Momentum+1","floor":23},{"not_picked":["blademaster:OneTrickPony","blademaster:CullingStrike+1","blademaster:AwakeningStrike"],"picked":"SKIP","floor":25},{"not_picked":["blademaster:BrainBloom+1","blademaster:Hailwind","blademaster:ThunderSlash"],"picked":"SKIP","floor":28},{"not_picked":["blademaster:DragonStrike","blademaster:ThunderSlash","blademaster:Frenzy"],"picked":"SKIP","floor":29},{"not_picked":["blademaster:DragonStrike","blademaster:ThunderSlash","blademaster:Frenzy"],"picked":"SKIP","floor":29},{"not_picked":["blademaster:Flurry","blademaster:ThunderingOpener"],"picked":"blademaster:LightningDraw","floor":31},{"not_picked":["blademaster:CloudOfSteel","blademaster:RollingTyphoon"],"picked":"blademaster:Empower","floor":33},{"not_picked":["blademaster:AwakeningStrike","blademaster:Slice","blademaster:ParryingStrike+1"],"picked":"SKIP","floor":35},{"not_picked":["blademaster:Slice","blademaster:AwakeningDefend+1"],"picked":"blademaster:Stability+1","floor":37},{"not_picked":["blademaster:Slice","blademaster:Hailwind"],"picked":"blademaster:KiBarrier+1","floor":39},{"not_picked":["blademaster:AspectOfLightning","blademaster:Bloodbath","blademaster:ParryingStrike+1"],"picked":"SKIP","floor":40},{"not_picked":["blademaster:LeechingStrike+1","blademaster:AwakeningStrike+1","blademaster:Stability"],"picked":"SKIP","floor":41},{"not_picked":["blademaster:Slice+1","blademaster:Gust","blademaster:EyeOfTheTornado+1"],"picked":"SKIP","floor":42},{"not_picked":["blademaster:Safeguard","blademaster:Meditate+1","blademaster:WindSlash"],"picked":"SKIP","floor":45},{"not_picked":["blademaster:Frontflip","blademaster:Cut+1","blademaster:Flurry+1"],"picked":"SKIP","floor":47},{"not_picked":["blademaster:ThunderSlash","blademaster:DragonStrike+1","blademaster:Blindside"],"picked":"SKIP","floor":48},{"not_picked":["blademaster:Flash","blademaster:Discharge+1"],"picked":"blademaster:Havoc","floor":54}],"player_experience":737182,"relics_obtained":[{"floor":6,"key":"Potion Belt"},{"floor":6,"key":"blademaster:StrongPerk"},{"floor":8,"key":"StrikeDummy"},{"floor":8,"key":"blademaster:BleedingLaceratePerk"},{"floor":9,"key":"Ancient Tea Set"},{"floor":23,"key":"Strawberry"},{"floor":23,"key":"blademaster:ComboEveryTurnPerk"},{"floor":26,"key":"Pen Nib"},{"floor":28,"key":"blademaster:BonusComboPerk"},{"floor":28,"key":"Happy Flower"},{"floor":31,"key":"Calipers"},{"floor":31,"key":"blademaster:BleedingMoreDamagePerk"},{"floor":40,"key":"Shovel"},{"floor":40,"key":"blademaster:FuryEveryTurnPerk"},{"floor":44,"key":"Mercury Hourglass"},{"floor":46,"key":"construct:RocketBooster"},{"floor":48,"key":"construct:BoolHorns"},{"floor":48,"key":"blademaster:StanceHealPerk"},{"floor":49,"key":"Orichalcum"},{"floor":52,"key":"construct:FoamFinger"},{"floor":54,"key":"blademaster:FinisherDrawCardPerk"},{"floor":54,"key":"Bottled Tornado"}],"event_choices":[{"cards_removed":["blademaster:Strike"],"damage_healed":0,"gold_gain":0,"player_choice":"Card Removal","damage_taken":0,"max_hp_gain":0,"max_hp_loss":0,"event_name":"The Cleric","floor":2,"gold_loss":50},{"damage_healed":0,"gold_gain":0,"player_choice":"Entered Light","damage_taken":15,"max_hp_gain":0,"max_hp_loss":0,"event_name":"Shining Light","floor":3,"gold_loss":0,"cards_upgraded":["blademaster:RagingBlow","blademaster:HighVoltage"]},{"damage_healed":0,"gold_gain":75,"player_choice":"Gather Gold","damage_taken":11,"max_hp_gain":0,"max_hp_loss":0,"event_name":"World of Goop","floor":5,"gold_loss":0},{"damage_healed":0,"gold_gain":100,"player_choice":"Pray","damage_taken":0,"max_hp_gain":0,"max_hp_loss":0,"event_name":"Golden Shrine","floor":27,"gold_loss":0},{"damage_healed":0,"gold_gain":0,"player_choice":"Copied","damage_taken":0,"max_hp_gain":0,"max_hp_loss":0,"event_name":"Duplicator","floor":38,"gold_loss":0,"cards_obtained":["Panache"]}],"is_beta":false,"boss_relics":[{"not_picked":["Coffee Dripper","SlaversCollar"],"picked":"Fusion Hammer"},{"not_picked":["Cursed Key","Sozu"],"picked":"Philosopher\u0027s Stone"}],"items_purged_floors":[36,53],"is_endless":false,"potions_floor_spawned":[6,10,11,12,25,31,33,37,39,45,48],"ascension_level":5}}