{"host":"njruw0b0uprlitpx","time":1607999251,"event":{"mods":["2.2 Compatiblity","BaseMod","Better Altar","Better Match","Better Note","Better Sensory Stone","Better Skull","Better Third Choice","Block Reminder","Colored Map","Colored Powertips","Downfall","Energized Spire","Keyboard Shortcuts","Minty Spire (QoL Compilation)","Quick Restart","Relic Stats","Replay The Spire","SacredBarkPlus","Spicy Shops","StSLib","SuperFastMode"],"gold_per_floor":[99,199,229,229,264,275,298,223,235,235,8,108,128,144,164,261,261,261,292,492,506,523,523,523,523,10,43,43,43,55,68,78,180,180,105,21,71,71,81,55,55,55,75,108,108,108,128,138,156,156],"floor_reached":51,"playtime":3855,"items_purged":["Regret","Doubt","champ:Strike"],"score":925,"play_id":"1fc86980-2c5e-4892-80ce-0aa779440f0b","local_time":"20201214202731","is_ascension_mode":false,"campfire_choices":[{"floor":1,"key":"RECALL"},{"data":"champ:Taunt","floor":8,"key":"SMITH"},{"data":"champ:EndlessRage","floor":10,"key":"SMITH"},{"data":"champ:GladiatorStyle","floor":18,"key":"SMITH"},{"data":"champ:PerfectForm","floor":20,"key":"SMITH"},{"data":"champ:VampiricStrike","floor":23,"key":"SMITH"},{"data":"champ:Devastate","floor":25,"key":"SMITH"},{"data":"champ:ShieldThrow","floor":35,"key":"SMITH"},{"data":"champ:CrownThrow","floor":42,"key":"SMITH"}],"circlet_count":0,"master_deck":["champ:Strike","champ:Strike","champ:Strike","champ:Defend+1","champ:Defend+1","champ:Defend+1","champ:Defend+1","champ:Execute","champ:Taunt+1","champ:RisingSlash","champ:FanOfKnives","champ:SkillfulDodge","champ:BladeFlurry","champ:EndlessRage+1","champ:VampiricStrike+1","champ:Devastate+1","Sadistic Nature","Dramatic Entrance","Panache","champ:ViciousMockery","champ:GladiatorsShout","champ:GladiatorStyle+1","champ:PerfectForm+1","champ:PreciseThrust","champ:Haymaker","champ:CrownThrow+1","champ:BringItOn","champ:RecklessLeap+1","champ:ShieldThrow+1","champ:Haymaker","Trip","champ:BringItOn","Pot Of Greed","Pot Of Greed","Pot Of Greed","champ:Lariat+1","champ:PreciseThrust","champ:BerserkersShout","champ:RapidStrikes+1","Pot Of Greed+1","champ:StanceDance+1","expansioncontent:CaCaw","Replay:SS_hec_1","Replay:SS_fish_3+1","champ:BladeFlurry+1","champ:StanceDance+1"],"relics":["champ:ChampionCrown","downfall:HeartsMalice","CloakClasp","Replay:Bottled Eggs","Guardian:GemstoneGun","Pondfish Scales","Anchor","downfall:HeartBlessingRed","ReplayTheSpireMod:ShopPack","downfall:GremlinWheel","Painkiller Herb","Thread and Needle","Torii","Replay:Ringing Soul","Dream Catcher","Onion Ring","energizedSpire:RedRose","downfall:HeartBlessingGreen","Grinning Jar","Unceasing Top","Toxic Egg 2","Molten Egg 2"],"acts_visited":["Exordium","TheCity","TheBeyond"],"potions_floor_usage":[12,16,16,19,27,33,33,33,36,37,37,44,50,50,50],"damage_taken":[{"damage":0,"enemies":"downfall:Silent","floor":2,"turns":1},{"damage":0,"enemies":"3 Sentries","floor":3,"turns":1},{"damage":0,"enemies":"Gremlin Nob","floor":5,"turns":1},{"damage":12,"enemies":"Jaw Worm","floor":6,"turns":4},{"damage":2,"enemies":"Small Slimes","floor":9,"turns":2},{"damage":16,"enemies":"downfall:FleeingMerchant","floor":11,"turns":4},{"damage":28,"enemies":"downfall:FleeingMerchant","floor":12,"turns":4},{"damage":0,"enemies":"2 Louse","floor":13,"turns":1},{"damage":0,"enemies":"Red Slaver","floor":14,"turns":3},{"damage":0,"enemies":"3 Louse","floor":15,"turns":2},{"damage":15,"enemies":"downfall:Watcher","floor":16,"turns":9},{"damage":11,"enemies":"Book of Stabbing","floor":19,"turns":4},{"damage":5,"enemies":"Spheric Guardian","floor":21,"turns":3},{"damage":9,"enemies":"Centurion and Healer","floor":22,"turns":4},{"damage":8,"enemies":"downfall:FleeingMerchant","floor":26,"turns":4},{"damage":8,"enemies":"Gremlin Leader","floor":27,"turns":4},{"damage":12,"enemies":"3 Cultists","floor":30,"turns":3},{"damage":0,"enemies":"Cultist and Chosen","floor":31,"turns":3},{"damage":6,"enemies":"Shelled Parasite and Fungi","floor":32,"turns":3},{"damage":6,"enemies":"downfall:Defect","floor":33,"turns":7},{"damage":18,"enemies":"downfall:FleeingMerchant","floor":36,"turns":4},{"damage":43,"enemies":"Mind Bloom Boss Battle","floor":37,"turns":6},{"damage":5,"enemies":"Orb Walker","floor":39,"turns":2},{"damage":2,"enemies":"3 Darklings","floor":43,"turns":3},{"damage":13,"enemies":"Nemesis","floor":44,"turns":5},{"damage":22,"enemies":"Jaw Worm Horde","floor":47,"turns":3},{"damage":17,"enemies":"4 Shapes","floor":48,"turns":2},{"damage":20,"enemies":"Maw","floor":49,"turns":6},{"damage":55,"enemies":"downfall:Silent","floor":50,"turns":5}],"seed_played":"-8547757677363337888","potions_obtained":[{"floor":2,"key":"Ancient Potion"},{"floor":12,"key":"champ:OpenerPotion"},{"floor":13,"key":"Venom Potion"},{"floor":14,"key":"LiquidMemories"},{"floor":15,"key":"Weak Potion"},{"floor":16,"key":"PowerPotion"},{"floor":27,"key":"AttackPotion"},{"floor":30,"key":"EntropicBrew"},{"floor":37,"key":"AttackPotion"},{"floor":39,"key":"SpeedPotion"},{"floor":44,"key":"Swift Potion"},{"floor":49,"key":"PowerPotion"}],"is_trial":false,"path_per_floor":["R_BF","?","E","?","E","M","T","R","M","R","$","?","M","M","M","B",null,"T","E","T","?","?","T","T","T","T","E","?","?","?","?","?","B",null,"T","T","?","T","?","T","T","T","?","E","?","?","?","?","?","B",null],"character_chosen":"THE_CHAMP","items_purchased":["champ:Devastate","ReplayTheSpireMod:ShopPack","Cursed Concoction","Replay:Ringing Soul","Dream Catcher","Trip","champ:BringItOn","Grinning Jar","champ:OpenerPotion","Block Potion","champ:BerserkersShout"],"campfire_rested":0,"item_purchase_floors":[11,11,26,26,26,36,36,36,36,36,40],"current_hp_per_floor":[90,90,90,90,90,86,86,86,84,84,87,79,85,90,90,86,90,90,89,89,90,90,90,90,90,93,96,96,96,99,102,102,105,105,105,108,104,104,108,111,111,111,120,122,115,115,127,122,110,130],"gold":156,"neow_bonus":"THREE_ENEMY_KILL","is_daily":false,"chose_seed":false,"campfire_upgraded":8,"win_rate":0.0,"timestamp":1607999251,"path_taken":["R_BF","?","E","?","E","M","T","R","M","R","$","?","?","M","M","BOSS","T","E","T","?","?","T","T","T","T","E","?","?","?","?","?","BOSS","T","T","?","T","?","T","T","T","?","E","?","?","?","?","?","BOSS"],"items_purchased_type":["Card","Relic","Potion","Relic","Relic","Card","Card","Relic","Potion","Potion","Card"],"build_version":"2020-12-13","purchased_purges":3,"victory":true,"max_hp_per_floor":[90,90,90,90,90,90,90,90,90,90,90,90,90,90,90,90,90,90,90,90,90,90,90,90,90,93,96,96,96,99,102,102,105,105,105,108,111,111,114,117,117,117,120,123,126,126,129,132,132,132],"relic_stats":{"Dream Catcher":0,"Torii":8,"counters":[29,100],"CloakClasp":[212],"obtain_stats":[{"energizedSpire:RedRose":34,"downfall:HeartBlessingRed":8,"Torii":24,"Guardian:GemstoneGun":4,"champ:ChampionCrown":0,"downfall:HeartsMalice":0,"Painkiller Herb":17,"Thread and Needle":19,"downfall:HeartBlessingGreen":35,"CloakClasp":2,"Replay:Ringing Soul":26,"Pondfish Scales":5,"Anchor":7,"Dream Catcher":26,"downfall:GremlinWheel":12,"Onion Ring":27,"Molten Egg 2":44,"Replay:Bottled Eggs":3,"Grinning Jar":36,"Toxic Egg 2":41,"Unceasing Top":37,"ReplayTheSpireMod:ShopPack":11},{"energizedSpire:RedRose":20,"downfall:HeartBlessingRed":4,"Torii":14,"Guardian:GemstoneGun":2,"champ:ChampionCrown":0,"downfall:HeartsMalice":0,"Painkiller Herb":11,"Thread and Needle":12,"downfall:HeartBlessingGreen":20,"CloakClasp":1,"Replay:Ringing Soul":15,"Pondfish Scales":3,"Anchor":4,"Dream Catcher":15,"downfall:GremlinWheel":7,"Onion Ring":16,"Molten Egg 2":25,"Replay:Bottled Eggs":2,"Grinning Jar":21,"Toxic Egg 2":23,"Unceasing Top":22,"ReplayTheSpireMod:ShopPack":6},{"energizedSpire:RedRose":64,"downfall:HeartBlessingRed":4,"Torii":40,"Guardian:GemstoneGun":0,"champ:ChampionCrown":0,"downfall:HeartsMalice":0,"Painkiller Herb":29,"Thread and Needle":33,"downfall:HeartBlessingGreen":64,"CloakClasp":0,"Replay:Ringing Soul":44,"Pondfish Scales":0,"Anchor":4,"Dream Catcher":44,"downfall:GremlinWheel":14,"Onion Ring":48,"Molten Egg 2":84,"Replay:Bottled Eggs":0,"Grinning Jar":68,"Toxic Egg 2":76,"Unceasing Top":74,"ReplayTheSpireMod:ShopPack":10}],"Unceasing Top":[2]},"card_choices":[{"not_picked":["champ:BerserkersShout","champ:FaceSlap"],"picked":"champ:RisingSlash","floor":2},{"not_picked":["champ:Encircle","champ:BringItOn"],"picked":"champ:FanOfKnives","floor":3},{"not_picked":["champ:FanOfKnives","champ:BringItOn"],"picked":"champ:SkillfulDodge","floor":5},{"not_picked":["champ:TornadoPunch","champ:Circumvent"],"picked":"champ:BladeFlurry","floor":6},{"not_picked":["champ:GutPunch","champ:FightOn"],"picked":"champ:EndlessRage","floor":9},{"not_picked":["champ:GladiatorsShout","champ:AdrenalArmor"],"picked":"champ:VampiricStrike","floor":11},{"not_picked":["Metamorphosis","Magnetism"],"picked":"Sadistic Nature","floor":11},{"not_picked":["Replay:SS_fish_1","Replay:SS_forest_5"],"picked":"Dramatic Entrance","floor":11},{"not_picked":["Good Instincts","Magnetism"],"picked":"Panache","floor":11},{"not_picked":["champ:BladeFlurry","champ:TornadoPunch"],"picked":"champ:ViciousMockery","floor":13},{"not_picked":["champ:BladeFlurry","champ:SkillfulDodge"],"picked":"champ:GladiatorsShout","floor":14},{"not_picked":["champ:FightOn","champ:BringItOn"],"picked":"champ:GladiatorStyle","floor":15},{"not_picked":["champ:VampiricStrike","champ:Devastate"],"picked":"champ:PerfectForm","floor":16},{"not_picked":["champ:EnGarde","champ:Haymaker"],"picked":"champ:PreciseThrust","floor":19},{"not_picked":["champ:Encircle","champ:DefensiveShout"],"picked":"champ:Haymaker","floor":21},{"not_picked":["champ:FocusedDefense","champ:FightOn","champ:SkillfulDodge"],"picked":"SKIP","floor":22},{"not_picked":["champ:Encircle","champ:FanOfKnives","champ:FightOn"],"picked":"SKIP","floor":26},{"not_picked":["champ:ShieldWall","champ:LastStand"],"picked":"champ:CrownThrow","floor":27},{"not_picked":["champ:Circumvent","champ:EnGarde"],"picked":"champ:BringItOn","floor":30},{"not_picked":["champ:FocusedGladiator","champ:Shatter"],"picked":"champ:RecklessLeap+1","floor":31},{"not_picked":["champ:Encircle","champ:BerserkersShout","champ:DefensiveShout"],"picked":"SKIP","floor":32},{"not_picked":["champ:LastStand","champ:VampiricStrike"],"picked":"champ:ShieldThrow","floor":33},{"not_picked":["champ:Devastate","champ:FocusedBerserking+1"],"picked":"champ:Haymaker","floor":36},{"not_picked":["champ:PerfectedStrike","champ:AdrenalArmor+1"],"picked":"champ:Lariat+1","floor":37},{"not_picked":["champ:GladiatorStyle","champ:Lariat+1"],"picked":"champ:PreciseThrust","floor":39},{"not_picked":["champ:ArenaPreparation+1","champ:EnGarde+1"],"picked":"champ:RapidStrikes+1","floor":43},{"not_picked":["champ:FaceSlap+1","champ:Backstep+1"],"picked":"champ:StanceDance+1","floor":44},{"not_picked":["expansioncontent:Torchfire+1","expansioncontent:Collect"],"picked":"expansioncontent:CaCaw","floor":45},{"not_picked":["expansioncontent:DecasProtection+1","expansioncontent:DarkVoid+1"],"picked":"Replay:SS_hec_1","floor":45},{"not_picked":["Replay:SS_hec_4+1","expansioncontent:AwakenDeath"],"picked":"Replay:SS_fish_3+1","floor":45},{"not_picked":["champ:HeartStrike+1","champ:Circumvent+1"],"picked":"champ:BladeFlurry+1","floor":47},{"not_picked":["champ:EnGarde+1","champ:SkillfulDodge+1"],"picked":"champ:StanceDance+1","floor":48},{"not_picked":["champ:RecklessLeap+1","champ:BringItOn+1","champ:FanOfKnives+1"],"picked":"SKIP","floor":49}],"player_experience":1321304,"relics_obtained":[{"floor":2,"key":"CloakClasp"},{"floor":3,"key":"Replay:Bottled Eggs"},{"floor":5,"key":"Pondfish Scales"},{"floor":7,"key":"Anchor"},{"floor":12,"key":"downfall:GremlinWheel"},{"floor":19,"key":"Thread and Needle"},{"floor":24,"key":"Torii"},{"floor":27,"key":"Onion Ring"},{"floor":37,"key":"Unceasing Top"},{"floor":41,"key":"Toxic Egg 2"},{"floor":44,"key":"Molten Egg 2"}],"event_choices":[{"damage_healed":0,"gold_gain":0,"player_choice":"Box","damage_taken":0,"relics_obtained":["Guardian:GemstoneGun"],"max_hp_gain":0,"max_hp_loss":0,"event_name":"Big Fish","floor":4,"gold_loss":0,"cards_obtained":["Regret"]},{"damage_healed":0,"gold_gain":200,"player_choice":"Gold","damage_taken":0,"max_hp_gain":0,"max_hp_loss":0,"event_name":"Wheel of Change","floor":20,"gold_loss":0},{"cards_removed":["champ:VampiricStrike"],"damage_healed":0,"gold_gain":0,"player_choice":"Give","damage_taken":0,"max_hp_gain":0,"max_hp_loss":0,"event_name":"betterNote:BetterNote","floor":28,"gold_loss":0,"cards_obtained":["None"]},{"damage_healed":0,"gold_gain":0,"player_choice":"Ignored","damage_taken":0,"max_hp_gain":0,"max_hp_loss":0,"event_name":"Vampires","floor":29,"gold_loss":0}],"is_beta":false,"boss_relics":[{"not_picked":["Black Star","sneckomod:SneckoTalon"],"picked":"Painkiller Herb"},{"not_picked":["Abe\u0027s Treasure","Sozu"],"picked":"energizedSpire:RedRose"}],"items_purged_floors":[11,26,26],"is_endless":false,"potions_floor_spawned":[2,12,13,14,15,16,27,30,31,37,39,44,49],"ascension_level":0}}