{"host":"ya062ahhhuj9au1o","time":1607997525,"event":{"mods":["BaseMod","Better Third Choice","Filter the Spire","Hermit","Minty Spire (QoL Compilation)","Random Character Button","Robot Space Explorer","Somnambulant","StSLib","The Bug Knight","The Cursed","The Servant 0.9.4"],"gold_per_floor":[12,27,27,47,62,62,89,89,89,89,107,32,45,45,45,142,142,154,154,154,170,269,269,301,301,369,369,369,369,396,410,410,512,512,525,129,0,0,10,43,43,69,95,95,124,124,140,157,157,157],"floor_reached":51,"playtime":9495,"items_purged":["RobotSpaceExplorer:Defend","RobotSpaceExplorer:Strike"],"score":989,"play_id":"9afd41e7-c443-4216-9bfa-bb6ce8baf445","local_time":"20201214205845","is_ascension_mode":true,"campfire_choices":[{"data":"RobotSpaceExplorer:MiniDrones","floor":6.0,"key":"SMITH"},{"data":"RobotSpaceExplorer:MetalStrike","floor":8.0,"key":"SMITH"},{"data":"RobotSpaceExplorer:SurgingStrike","floor":10.0,"key":"SMITH"},{"data":"RobotSpaceExplorer:Scan","floor":15.0,"key":"SMITH"},{"data":"RobotSpaceExplorer:SurgingStrike","floor":23,"key":"SMITH"},{"data":"RobotSpaceExplorer:Blaster","floor":25,"key":"SMITH"},{"data":"Sadistic Nature","floor":27,"key":"SMITH"},{"data":"RobotSpaceExplorer:MiniLasers","floor":29,"key":"SMITH"},{"data":"RobotSpaceExplorer:Probe","floor":32,"key":"SMITH"},{"floor":41,"key":"REST"},{"data":"RobotSpaceExplorer:FreezeRay","floor":44,"key":"SMITH"},{"data":"RobotSpaceExplorer:ScrapToss","floor":46,"key":"SMITH"},{"floor":49,"key":"REST"}],"circlet_count":0,"master_deck":["RobotSpaceExplorer:Strike","RobotSpaceExplorer:Scan+1","RobotSpaceExplorer:MiniLasers+1","Sadistic Nature+1","RobotSpaceExplorer:ScrapMissile","RobotSpaceExplorer:MiniDrones+1","RobotSpaceExplorer:Probe+1","RobotSpaceExplorer:SurgingStrike+1","RobotSpaceExplorer:MetalStrike+1","RobotSpaceExplorer:Probe","RobotSpaceExplorer:LuckyStrike+1","RobotSpaceExplorer:Reload+1","RobotSpaceExplorer:LuckyStrike+1","RobotSpaceExplorer:Probe+1","RobotSpaceExplorer:SurgingStrike+1","RobotSpaceExplorer:Blaster+1","RobotSpaceExplorer:GlueShot+1","RobotSpaceExplorer:ScrapMissile","RobotSpaceExplorer:TrailblazerForm","RobotSpaceExplorer:StunGrenade+1","RobotSpaceExplorer:FreezeRay+1","RobotSpaceExplorer:ScrapToss+1","RobotSpaceExplorer:ScrapToss+1","RobotSpaceExplorer:MiniBoosters+1","RobotSpaceExplorer:Probe+1","RobotSpaceExplorer:Smokescreen"],"relics":["RobotSpaceExplorer:RoboCore","Darkstone Periapt","Gremlin Horn","Astrolabe","MutagenicStrength","Regal Pillow","Ornamental Fan","Shuriken","RobotSpaceExplorer:SearchSpecs","Boot","Red Mask","Question Card","Pen Nib","Centennial Puzzle","Bronze Scales","Bag of Preparation"],"acts_visited":["Exordium","TheCity","TheBeyond"],"potions_floor_usage":[30,42,50,50],"damage_taken":[{"damage":1.0,"enemies":"2 Louse","floor":1.0,"turns":4.0},{"damage":0.0,"enemies":"Small Slimes","floor":2.0,"turns":2.0},{"damage":0.0,"enemies":"Cultist","floor":4.0,"turns":3.0},{"damage":2.0,"enemies":"2 Fungi Beasts","floor":5.0,"turns":3.0},{"damage":24.0,"enemies":"Gremlin Nob","floor":7.0,"turns":4.0},{"damage":0.0,"enemies":"Blue Slaver","floor":11.0,"turns":1.0},{"damage":0.0,"enemies":"Exordium Wildlife","floor":13.0,"turns":3.0},{"damage":7.0,"enemies":"Hexaghost","floor":16.0,"turns":7.0},{"damage":0.0,"enemies":"Shell Parasite","floor":18.0,"turns":2.0},{"damage":11,"enemies":"2 Thieves","floor":21,"turns":2},{"damage":9,"enemies":"Book of Stabbing","floor":24,"turns":3},{"damage":0,"enemies":"Slavers","floor":30,"turns":2},{"damage":0,"enemies":"3 Cultists","floor":31,"turns":2},{"damage":21,"enemies":"Collector","floor":33,"turns":3},{"damage":4,"enemies":"3 Shapes","floor":35,"turns":1},{"damage":0,"enemies":"3 Darklings","floor":39,"turns":2},{"damage":27,"enemies":"Nemesis","floor":40,"turns":3},{"damage":8,"enemies":"Reptomancer","floor":42,"turns":4},{"damage":0,"enemies":"HollowMod:StalkingDevout","floor":45,"turns":2},{"damage":0,"enemies":"Sphere and 2 Shapes","floor":47,"turns":1},{"damage":4,"enemies":"Writhing Mass","floor":48,"turns":3},{"damage":29,"enemies":"Time Eater","floor":50,"turns":5}],"seed_played":"-2763047834681477943","potions_obtained":[{"floor":5.0,"key":"GamblersBrew"},{"floor":11.0,"key":"BlessingOfTheForge"},{"floor":13.0,"key":"Fruit Juice"},{"floor":16.0,"key":"GamblersBrew"},{"floor":28,"key":"DistilledChaos"},{"floor":28,"key":"SneckoOil"},{"floor":31,"key":"DuplicationPotion"},{"floor":45,"key":"RobotSpaceExplorer:RecyclePotion"}],"is_trial":false,"path_per_floor":["M","M","?","M","M","R","E","R","T","R","M","$","M","?","R","B",null,"M","?","?","M","?","R","E","R","T","R","?","R","E","M","R","B",null,"M","$","?","T","M","E","R","E","T","R","E","R","M","M","R","B",null],"character_chosen":"RobotSpaceExplorer","items_purchased":["RobotSpaceExplorer:FreezeRay","RobotSpaceExplorer:ScrapToss","Boot"],"campfire_rested":2,"item_purchase_floors":[36,36,36],"current_hp_per_floor":[74,74,74,74,72,72,48,48,48,48,48,48,48,41,41,39,70,70,70,70,59,59,59,50,50,50,50,50,50,50,50,50,29,67,63,63,63,63,63,36,75,67,67,67,67,67,67,63,80,51],"gold":157,"neow_bonus":"RANDOM_COLORLESS_2","is_daily":false,"chose_seed":false,"campfire_upgraded":11,"win_rate":0.0,"timestamp":1607997525,"path_taken":["M","M","?","M","M","R","E","R","T","R","M","$","M","?","R","BOSS","M","?","?","M","?","R","E","R","T","R","?","R","E","M","R","BOSS","M","?","?","?","M","E","R","E","T","R","E","R","?","M","R","BOSS"],"items_purchased_type":["Card","Card","Relic"],"build_version":"2020-12-13","purchased_purges":2,"victory":true,"max_hp_per_floor":[75,75,75,75,75,75,75,75,75,75,75,75,75,75,75,80,80,80,80,80,80,80,80,80,80,80,80,80,80,80,80,80,80,80,80,80,80,80,80,80,80,80,80,80,80,80,80,80,80,80],"card_choices":[{"not_picked":["Master of Strategy","Secret Technique"],"picked":"Sadistic Nature","floor":0.0},{"not_picked":["RobotSpaceExplorer:Pulsar","RobotSpaceExplorer:SwiftStep"],"picked":"RobotSpaceExplorer:ScrapMissile","floor":1.0},{"not_picked":["RobotSpaceExplorer:ScrapMissile","RobotSpaceExplorer:Probe"],"picked":"RobotSpaceExplorer:MiniDrones","floor":2.0},{"not_picked":["RobotSpaceExplorer:StarDust","RobotSpaceExplorer:BigMissile","RobotSpaceExplorer:SwiftStep"],"picked":"SKIP","floor":4.0},{"not_picked":["RobotSpaceExplorer:SurgingShield","RobotSpaceExplorer:Probe"],"picked":"RobotSpaceExplorer:SurgingStrike","floor":5.0},{"not_picked":["RobotSpaceExplorer:Probe","RobotSpaceExplorer:HighVoltage"],"picked":"RobotSpaceExplorer:MetalStrike","floor":7.0},{"not_picked":["RobotSpaceExplorer:MakeshiftVolley","RobotSpaceExplorer:ShovelStrike"],"picked":"RobotSpaceExplorer:Probe","floor":11.0},{"not_picked":["RobotSpaceExplorer:Ammunition","RobotSpaceExplorer:Probe","RobotSpaceExplorer:Pulsar"],"picked":"SKIP","floor":13.0},{"not_picked":["RobotSpaceExplorer:SwiftStep","RobotSpaceExplorer:IronShell+1"],"picked":"RobotSpaceExplorer:Probe+1","floor":18.0},{"not_picked":["RobotSpaceExplorer:MakeshiftVolley","RobotSpaceExplorer:DoubleFind"],"picked":"RobotSpaceExplorer:SurgingStrike","floor":21},{"not_picked":["RobotSpaceExplorer:StunGrenade","RobotSpaceExplorer:GlueShot"],"picked":"RobotSpaceExplorer:Blaster","floor":24},{"not_picked":["RobotSpaceExplorer:SurgingStrike","RobotSpaceExplorer:DoubleBlock"],"picked":"RobotSpaceExplorer:GlueShot+1","floor":30},{"not_picked":["RobotSpaceExplorer:ShockKick","RobotSpaceExplorer:Electroshield+1"],"picked":"RobotSpaceExplorer:ScrapMissile","floor":31},{"not_picked":["RobotSpaceExplorer:ShockMissile","RobotSpaceExplorer:Explosion"],"picked":"RobotSpaceExplorer:TrailblazerForm","floor":33},{"not_picked":["RobotSpaceExplorer:Fix","RobotSpaceExplorer:ToxicBomb"],"picked":"RobotSpaceExplorer:StunGrenade+1","floor":35},{"not_picked":["RobotSpaceExplorer:SurgingStrike+1","RobotSpaceExplorer:ScrapMissile","RobotSpaceExplorer:MetalStrike+1"],"picked":"RobotSpaceExplorer:ScrapToss+1","floor":39},{"not_picked":["RobotSpaceExplorer:SurgingStrike","RobotSpaceExplorer:FranticSearch","RobotSpaceExplorer:SurgingShield+1","RobotSpaceExplorer:HighVoltage"],"picked":"SKIP","floor":40},{"not_picked":["RobotSpaceExplorer:SlimeMissile","RobotSpaceExplorer:Probe+1","RobotSpaceExplorer:SurgingStrike"],"picked":"RobotSpaceExplorer:MiniBoosters+1","floor":42},{"not_picked":["RobotSpaceExplorer:Arsenal","RobotSpaceExplorer:ShockKick","RobotSpaceExplorer:Electropulse","RobotSpaceExplorer:SurgingStrike"],"picked":"SKIP","floor":45},{"not_picked":["RobotSpaceExplorer:SurgingShield+1","RobotSpaceExplorer:Pulsar","RobotSpaceExplorer:FrostMissile+1"],"picked":"RobotSpaceExplorer:Probe+1","floor":47},{"not_picked":["RobotSpaceExplorer:Electropulse","RobotSpaceExplorer:StarDust","RobotSpaceExplorer:SurgingStrike"],"picked":"RobotSpaceExplorer:Smokescreen","floor":48}],"player_experience":1616884,"relics_obtained":[{"floor":7.0,"key":"Darkstone Periapt"},{"floor":9.0,"key":"Gremlin Horn"},{"floor":24,"key":"Regal Pillow"},{"floor":26,"key":"Ornamental Fan"},{"floor":30,"key":"Shuriken"},{"floor":38,"key":"Question Card"},{"floor":40,"key":"Pen Nib"},{"floor":42,"key":"Centennial Puzzle"},{"floor":43,"key":"Bronze Scales"},{"floor":45,"key":"Bag of Preparation"}],"event_choices":[{"damage_healed":0.0,"max_hp_gain":0.0,"max_hp_loss":0.0,"gold_gain":0.0,"cards_transformed":["RobotSpaceExplorer:Defend"],"event_name":"Living Wall","player_choice":"Change","floor":3.0,"gold_loss":0.0,"damage_taken":0.0,"cards_obtained":["RobotSpaceExplorer:Probe"]},{"cards_removed":["RobotSpaceExplorer:Defend"],"damage_healed":0.0,"max_hp_gain":0.0,"max_hp_loss":0.0,"gold_gain":0.0,"event_name":"Golden Wing","player_choice":"Card Removal","floor":14.0,"gold_loss":0.0,"damage_taken":7.0},{"damage_healed":0.0,"max_hp_gain":0.0,"max_hp_loss":0.0,"gold_gain":0.0,"event_name":"The Mausoleum","player_choice":"Ignored","floor":19.0,"gold_loss":0.0,"damage_taken":0.0},{"damage_healed":0,"gold_gain":0,"player_choice":"Inject Mutagens","damage_taken":0,"relics_obtained":["MutagenicStrength"],"max_hp_gain":0,"max_hp_loss":0,"event_name":"Drug Dealer","floor":20,"gold_loss":0},{"damage_healed":0,"gold_gain":99,"player_choice":"Steal","damage_taken":0,"max_hp_gain":0,"max_hp_loss":0,"event_name":"betterThird:BetterNest","floor":22,"gold_loss":0},{"damage_healed":0,"gold_gain":0,"player_choice":"Got Potions","damage_taken":0,"max_hp_gain":0,"max_hp_loss":0,"event_name":"Lab","floor":28,"gold_loss":0},{"damage_healed":0,"gold_gain":0,"player_choice":"Paid","damage_taken":0,"relics_obtained":["Red Mask"],"max_hp_gain":0,"max_hp_loss":0,"event_name":"Tomb of Lord Red Mask","floor":37,"gold_loss":129}],"is_beta":false,"boss_relics":[{"not_picked":["Calling Bell","Philosopher\u0027s Stone"],"picked":"Astrolabe"},{"not_picked":["RobotSpaceExplorer:TurboCore","Sozu"],"picked":"RobotSpaceExplorer:SearchSpecs"}],"items_purged_floors":[12,36],"is_endless":false,"potions_floor_spawned":[5,11,13,16,31,45],"ascension_level":5}}