{"host":"e8qlq9m73szgw1mp","time":1607995824,"event":{"mods":["2.2 Compatiblity","AchievementEnabler","BaseMod","Colored Powertips","Downfall","Highlight Path","Minty Spire (QoL Compilation)","Quick Restart","StSLib"],"gold_per_floor":[99,99,99,133,133,164,190,206,240,240,257,276,31,42,61,165,165,165,195,195,207,239,239,309,309,343,118,28,56,66,83,97,192,192,192,221,416,444,457,457,457,457,469,469,483,483,501,168,188,188,188,221,96,96,96],"floor_reached":56,"playtime":4219,"items_purged":["Writhe","hexamod:HauntingEcho","hexamod:Sear"],"score":1963,"play_id":"e6c02483-cd19-45be-be23-f0126bebefc3","local_time":"20201214173024","is_ascension_mode":true,"campfire_choices":[{"data":"hexamod:Float","floor":1.0,"key":"SMITH"},{"data":"hexamod:Sear","floor":3.0,"key":"SMITH"},{"data":"hexamod:RainOfEmbers","floor":10.0,"key":"SMITH"},{"data":"hexamod:WildfireWeapon","floor":18.0,"key":"SMITH"},{"floor":25.0,"key":"RECALL"},{"data":"hexamod:RainOfEmbers","floor":27.0,"key":"SMITH"},{"data":"hexamod:HexaLevel","floor":35.0,"key":"SMITH"},{"data":"hexamod:RecurringNightmare","floor":40.0,"key":"SMITH"},{"data":"hexamod:GhostflameBarrier","floor":44.0,"key":"SMITH"},{"floor":54,"key":"REST"}],"circlet_count":0,"master_deck":["hexamod:Sear+1","hexamod:Float+1","hexamod:TimeOfNeed","hexamod:RainOfEmbers+1","hexamod:Hexaguard","hexamod:EmpoweredFlame","hexamod:FlamesFromBeyond","hexamod:FastForward","hexamod:GhostflameBarrier+1","hexamod:WildfireWeapon+1","hexamod:Toasty","hexamod:CouncilsJustice+1","hexamod:CouncilsJustice","hexamod:CouncilsJustice","Ghostly","Ghostly","Ghostly","hexamod:RainOfEmbers+1","hexamod:RecurringNightmare+1","hexamod:HexaLevel+1","hexamod:PhantomFireball+1","hexamod:HeatShield+1"],"relics":["hexamod:SpiritBrand","downfall:HeartsMalice","Question Card","Du-Vu Doll","Vajra","Strawberry","Chemical X","expansioncontent:StudyCardRelic","Eternal Feather","Mercury Hourglass","Akabeko","StrikeDummy","downfall:HeartBlessingRed","downfall:HeartBlessingGreen","downfall:HeartBlessingBlue","Red Mask","Busted Crown","Gremlin Horn","Whetstone","Turnip","Torii"],"acts_visited":["Exordium","TheCity","TheBeyond","TheEnding"],"potions_floor_usage":[55],"damage_taken":[{"damage":0.0,"enemies":"Lagavulin","floor":4.0,"turns":1.0},{"damage":0.0,"enemies":"Small Slimes","floor":5.0,"turns":1.0},{"damage":0.0,"enemies":"3 Sentries","floor":6.0,"turns":1.0},{"damage":0.0,"enemies":"Cultist","floor":8.0,"turns":3.0},{"damage":2.0,"enemies":"Lagavulin","floor":9.0,"turns":6.0},{"damage":4.0,"enemies":"2 Louse","floor":11.0,"turns":3.0},{"damage":10.0,"enemies":"Large Slime","floor":12.0,"turns":6.0},{"damage":0.0,"enemies":"downfall:FleeingMerchant","floor":13.0,"turns":4.0},{"damage":36.0,"enemies":"Gremlin Gang","floor":14.0,"turns":4.0},{"damage":2.0,"enemies":"2 Fungi Beasts","floor":15.0,"turns":3.0},{"damage":11.0,"enemies":"downfall:Watcher","floor":16.0,"turns":6.0},{"damage":36.0,"enemies":"Slavers","floor":19.0,"turns":5.0},{"damage":4.0,"enemies":"3 Byrds","floor":21.0,"turns":3.0},{"damage":0.0,"enemies":"Book of Stabbing","floor":22.0,"turns":4.0},{"damage":4.0,"enemies":"Gremlin Leader","floor":26.0,"turns":5.0},{"damage":5.0,"enemies":"downfall:FleeingMerchant","floor":28.0,"turns":4.0},{"damage":0.0,"enemies":"Masked Bandits","floor":29.0,"turns":2.0},{"damage":6.0,"enemies":"Shelled Parasite and Fungi","floor":30.0,"turns":4.0},{"damage":0.0,"enemies":"Cultist and Chosen","floor":31.0,"turns":3.0},{"damage":0.0,"enemies":"Centurion and Healer","floor":32.0,"turns":3.0},{"damage":2.0,"enemies":"downfall:Defect","floor":33.0,"turns":6.0},{"damage":2.0,"enemies":"Reptomancer","floor":36.0,"turns":4.0},{"damage":0.0,"enemies":"downfall:FleeingMerchant","floor":37.0,"turns":3.0},{"damage":39.0,"enemies":"Nemesis","floor":38.0,"turns":5.0},{"damage":1.0,"enemies":"3 Shapes","floor":39.0,"turns":3.0},{"damage":1.0,"enemies":"Orb Walker","floor":43.0,"turns":3.0},{"damage":2.0,"enemies":"Maw","floor":45.0,"turns":5.0},{"damage":0.0,"enemies":"Spire Growth","floor":47.0,"turns":4.0},{"damage":9.0,"enemies":"3 Darklings","floor":49.0,"turns":3.0},{"damage":5.0,"enemies":"downfall:Ironclad","floor":50.0,"turns":6.0},{"damage":42.0,"enemies":"downfall:CharBossMerchant","floor":52.0,"turns":7.0},{"damage":3,"enemies":"downfall:NeowBoss","floor":55,"turns":19}],"seed_played":"-6763512344275707720","potions_obtained":[{"floor":6.0,"key":"SkillPotion"},{"floor":11.0,"key":"Regen Potion"},{"floor":12.0,"key":"BlessingOfTheForge"},{"floor":14.0,"key":"Fire Potion"},{"floor":16.0,"key":"SteroidPotion"},{"floor":30.0,"key":"Fruit Juice"},{"floor":36.0,"key":"ColorlessPotion"}],"is_trial":false,"path_per_floor":["R","?","R","E","M","E","T","M","E","R","M","M","$","M","M","B",null,"R","E","?","M","E","?","T","R","E","R","$","?","M","M","M","B",null,"R","E","$","E","M","R","T","?","M","R","M","?","M","?","M","B",null,"E","$","R","B",null],"character_chosen":"THE_SPIRIT","items_purchased":["Chemical X","hexamod:GhostflameBarrier","hexamod:PhantomFireball"],"campfire_rested":1,"item_purchase_floors":[13,13,37],"current_hp_per_floor":[70,70,70,70,70,70,70,70,75,75,71,61,61,37,35,24,77,77,41,38,34,34,34,34,38,34,48,43,43,42,42,42,40,53,53,51,51,12,11,23,23,23,22,34,32,32,32,60,51,46,60,18,18,48,45],"gold":96,"neow_bonus":"THREE_ENEMY_KILL","is_daily":false,"chose_seed":false,"campfire_upgraded":8,"win_rate":0.0,"timestamp":1607995824,"path_taken":["R","?","R","E","M","E","T","M","E","R","M","M","$","M","M","BOSS","R","E","?","M","E","?","T","R","E","R","$","?","M","M","M","BOSS","R","E","$","E","M","R","T","?","M","R","?","?","M","?","M","BOSS","E","$","R","BOSS"],"items_purchased_type":["Relic","Card","Card"],"build_version":"2020-12-13","purchased_purges":3,"victory":true,"max_hp_per_floor":[70,70,70,70,70,70,70,70,77,77,77,77,77,77,77,77,77,77,77,38,38,38,38,38,38,38,48,48,48,53,53,53,53,53,53,53,53,53,53,53,53,53,53,53,53,53,53,60,60,60,60,60,60,60,60],"card_choices":[{"not_picked":["hexamod:BacktrackSmack","hexamod:ShieldOfDarkness"],"picked":"hexamod:TimeOfNeed","floor":4.0},{"not_picked":["hexamod:GhostLash","hexamod:AdvancingGuard","hexamod:BurningTouch"],"picked":"hexamod:RainOfEmbers","floor":5.0},{"not_picked":["hexamod:RainOfEmbers","hexamod:BurningTouch","hexamod:RecurringNightmare"],"picked":"hexamod:Hexaguard","floor":6.0},{"not_picked":["hexamod:NightmareGuise","hexamod:GhostLash","hexamod:NecessarySacrifice"],"picked":"hexamod:EmpoweredFlame","floor":8.0},{"not_picked":["hexamod:ThirdSeal","hexamod:InspiringFlames","hexamod:FifthSeal"],"picked":"hexamod:FlamesFromBeyond","floor":9.0},{"not_picked":["hexamod:BacktrackSmack","hexamod:FourthSeal","hexamod:EtherealExpedition","hexamod:Hexaguard"],"picked":"SKIP","floor":11.0},{"not_picked":["hexamod:Hexaguard","hexamod:NightmareStrike","hexamod:RecurringNightmare"],"picked":"hexamod:FastForward","floor":12.0},{"not_picked":["hexamod:InspiringFlames","hexamod:UnleashSpirits","hexamod:BacktrackSmack","hexamod:GhostShield"],"picked":"SKIP","floor":13.0},{"not_picked":["hexamod:BacktrackSmack","hexamod:PhantomCloak","hexamod:GhostOfSpirePresent"],"picked":"hexamod:WildfireWeapon","floor":14.0},{"not_picked":["hexamod:NightmareGuise","hexamod:ChargedBarrage","hexamod:PowerFromBeyond"],"picked":"hexamod:HauntingEcho","floor":15.0},{"not_picked":["hexamod:UnlimitedPower","hexamod:GiftsFromTheDead","hexamod:EmpoweringStance"],"picked":"hexamod:Toasty","floor":16.0},{"not_picked":["hexamod:NightmareStrike","hexamod:RainOfEmbers","hexamod:PhantomCloak+1","hexamod:BurningTouch"],"picked":"SKIP","floor":19.0},{"not_picked":["hexamod:SpectersWail","hexamod:ThermalTransfer","hexamod:Hexaguard","hexamod:ChargedBarrage"],"picked":"SKIP","floor":21.0},{"not_picked":["hexamod:NightmareStrike","hexamod:ThirdSeal","hexamod:SecondSeal","hexamod:Hexaguard+1"],"picked":"SKIP","floor":22.0},{"not_picked":["hexamod:BacktrackSmack","hexamod:ChargedBarrage","hexamod:Firestarter+1"],"picked":"hexamod:RainOfEmbers","floor":26.0},{"not_picked":["hexamod:NightmareStrike+1","hexamod:GhostLash","hexamod:ThermalTransfer","hexamod:SecondSeal"],"picked":"SKIP","floor":28.0},{"not_picked":["hexamod:BacktrackSmack","hexamod:SpectersWail","hexamod:PowerFromBeyond"],"picked":"hexamod:RecurringNightmare","floor":29.0},{"not_picked":["hexamod:BacktrackSmack","hexamod:ShieldOfDarkness","hexamod:DynamicBlow+1","hexamod:NightmareStrike"],"picked":"SKIP","floor":30.0},{"not_picked":["hexamod:GhostflameBarrier","hexamod:InspiringFlames+1","hexamod:ApocalypticArmor","hexamod:SpectersWail"],"picked":"SKIP","floor":31.0},{"not_picked":["hexamod:BacktrackSmack+1","hexamod:ShieldOfDarkness","hexamod:NightmareGuise","hexamod:GhostLash"],"picked":"SKIP","floor":32.0},{"not_picked":["hexamod:GiftsFromTheDead","hexamod:UnleashSpirits","hexamod:GhostflameInferno"],"picked":"hexamod:HexaLevel","floor":33.0},{"not_picked":["hexamod:SpectralAdrenaline","hexamod:Haunt+1"],"picked":"SKIP","floor":36.0},{"not_picked":["hexamod:NightmareStrike","hexamod:BacktrackSmack+1"],"picked":"SKIP","floor":37.0},{"not_picked":["hexamod:GhostShield+1","hexamod:NightmareStrike+1"],"picked":"SKIP","floor":38.0},{"not_picked":["hexamod:ChargedBarrage+1"],"picked":"hexamod:HeatShield+1","floor":39.0},{"not_picked":["hexamod:ThermalTransfer","hexamod:BacktrackSmack+1"],"picked":"SKIP","floor":43.0},{"not_picked":["hexamod:InspiringFlames","hexamod:NecessarySacrifice"],"picked":"SKIP","floor":45.0},{"not_picked":["hexamod:FourthSeal","hexamod:SpectersWail"],"picked":"SKIP","floor":47.0},{"not_picked":["hexamod:GhostflameInferno","hexamod:RainOfEmbers"],"picked":"SKIP","floor":49.0},{"not_picked":["hexamod:GhostflameInferno","hexamod:RainOfEmbers"],"picked":"SKIP","floor":49.0},{"not_picked":["hexamod:SuperheatedStrike","hexamod:InspiringFlames+1"],"picked":"SKIP","floor":52}],"player_experience":1291515,"relics_obtained":[{"floor":4.0,"key":"Question Card"},{"floor":6.0,"key":"Du-Vu Doll"},{"floor":7.0,"key":"Vajra"},{"floor":9.0,"key":"Strawberry"},{"floor":19.0,"key":"Eternal Feather"},{"floor":22.0,"key":"Mercury Hourglass"},{"floor":26.0,"key":"StrikeDummy"},{"floor":29.0,"key":"Red Mask"},{"floor":36.0,"key":"Gremlin Horn"},{"floor":38.0,"key":"Whetstone"},{"floor":41.0,"key":"Turnip"},{"floor":52,"key":"Torii"}],"event_choices":[{"cards_removed":["hexamod:Strike"],"damage_healed":0.0,"max_hp_gain":0.0,"max_hp_loss":0.0,"gold_gain":0.0,"event_name":"Purifier","player_choice":"Purged","floor":2.0,"gold_loss":0.0,"damage_taken":0.0},{"damage_healed":0.0,"max_hp_gain":0.0,"max_hp_loss":0.0,"gold_gain":0.0,"event_name":"Masked Bandits","player_choice":"Fought Bandits","floor":29.0,"gold_loss":0.0,"damage_taken":0.0}],"is_beta":false,"boss_relics":[{"not_picked":["Astrolabe","Cursed Key"],"picked":"expansioncontent:StudyCardRelic"},{"not_picked":["SacredBark","Coffee Dripper"],"picked":"Busted Crown"}],"items_purged_floors":[28,37,53],"is_endless":false,"potions_floor_spawned":[6,11,12,14,16,19,22,30,36,39,45,52],"ascension_level":1}}