{"host":"og6lam4kt3nibbw0","time":1607991188,"event":{"mods":["AchievementEnabler","BaseMod","Colored Map","DeckTracker","Highlight Path","Keyboard Shortcuts","Minty Spire (QoL Compilation)","Permanent Neow","Quick Restart","StSLib","SuperFastMode"],"gold_per_floor":[115,129,141,141,154,184,196,209,232,266,266,266,329,53,53,127,127,127,127,127,127,127,127,127,127,127,127,127,127,127,127,127,127,127,127,127,127,127,127,127,127,127,127,127,127,127,127,127,127,127,127],"floor_reached":52,"playtime":982,"items_purged":[],"score":2309,"play_id":"ea99b38b-22ac-4465-ad0e-0011a03197c8","local_time":"20201215091308","is_ascension_mode":true,"campfire_choices":[{"data":"Searing Blow+9","floor":11.0,"key":"SMITH"},{"data":"Searing Blow+10","floor":15.0,"key":"SMITH"},{"data":"Feed","floor":29,"key":"SMITH"},{"floor":32,"key":"REST"},{"data":"Searing Blow+11","floor":49,"key":"SMITH"}],"circlet_count":0,"master_deck":["Feed+1","Feed","Searing Blow+12","Rampage","Fire Breathing","Feel No Pain","Power Through","Necronomicurse","Blood for Blood","Shrug It Off","Armaments+1"],"relics":["Burning Blood","NeowsBlessing","Blue Candle","Strawberry","Shuriken","Boot","Pear","Ectoplasm","Necronomicon","Bag of Marbles","Lantern","Matryoshka","Tiny Chest","Orichalcum","Sozu","Bird Faced Urn","Centennial Puzzle","Peace Pipe","Self Forming Clay","Darkstone Periapt","Anchor","Bottled Flame","Regal Pillow"],"acts_visited":["Exordium","TheCity","TheBeyond"],"potions_floor_usage":[],"damage_taken":[{"damage":0.0,"enemies":"Cultist","floor":1.0,"turns":1.0},{"damage":0.0,"enemies":"Small Slimes","floor":2.0,"turns":1.0},{"damage":0.0,"enemies":"2 Louse","floor":3.0,"turns":1.0},{"damage":6.0,"enemies":"Exordium Wildlife","floor":5.0,"turns":2.0},{"damage":10.0,"enemies":"3 Sentries","floor":6.0,"turns":3.0},{"damage":0.0,"enemies":"Blue Slaver","floor":7.0,"turns":1.0},{"damage":8.0,"enemies":"Exordium Thugs","floor":8.0,"turns":3.0},{"damage":0.0,"enemies":"Gremlin Nob","floor":10.0,"turns":1.0},{"damage":0.0,"enemies":"Gremlin Nob","floor":13.0,"turns":2.0},{"damage":45.0,"enemies":"Hexaghost","floor":16.0,"turns":3.0},{"damage":6.0,"enemies":"Shell Parasite","floor":18.0,"turns":2.0},{"damage":1,"enemies":"Chosen","floor":20,"turns":2},{"damage":0,"enemies":"Book of Stabbing","floor":23,"turns":1},{"damage":42,"enemies":"Slavers","floor":25,"turns":5},{"damage":0,"enemies":"Centurion and Healer","floor":27,"turns":4},{"damage":14,"enemies":"Snake Plant","floor":28,"turns":2},{"damage":6,"enemies":"3 Cultists","floor":31,"turns":4},{"damage":18,"enemies":"Automaton","floor":33,"turns":3},{"damage":0,"enemies":"3 Shapes","floor":35,"turns":5},{"damage":0,"enemies":"Orb Walker","floor":36,"turns":1},{"damage":0,"enemies":"Mind Bloom Boss Battle","floor":38,"turns":1},{"damage":1,"enemies":"Writhing Mass","floor":39,"turns":2},{"damage":0,"enemies":"Reptomancer","floor":40,"turns":1},{"damage":15,"enemies":"2 Orb Walkers","floor":41,"turns":3},{"damage":0,"enemies":"Nemesis","floor":42,"turns":1},{"damage":1,"enemies":"Sphere and 2 Shapes","floor":44,"turns":3},{"damage":0,"enemies":"Giant Head","floor":45,"turns":2},{"damage":0,"enemies":"Maw","floor":48,"turns":1},{"damage":22,"enemies":"Donu and Deca","floor":50,"turns":3},{"damage":51,"enemies":"Awakened One","floor":51,"turns":4}],"seed_played":"8023320268080621076","potions_obtained":[{"floor":3.0,"key":"SkillPotion"},{"floor":6.0,"key":"AttackPotion"}],"is_trial":false,"path_per_floor":["M","M","M","?","M","E","M","M","T","E","R","$","?","$","R","B",null,"M","?","M","?","$","E","$","E","T","M","M","R","T","M","R","B",null,"M","M","?","?","M","E","?","E","T","M","E","T","?","M","R","B","B",null],"character_chosen":"IRONCLAD","items_purchased":["Pear"],"campfire_rested":1,"item_purchase_floors":[14],"current_hp_per_floor":[77,84,90,90,93,89,93,91,98,103,103,103,103,113,113,74,103,103,82,87,87,87,93,93,57,57,63,55,55,55,55,88,76,104,110,113,113,113,113,113,104,110,110,113,113,113,107,107,107,99,58],"gold":127,"neow_bonus":"THREE_ENEMY_KILL","is_daily":false,"chose_seed":false,"campfire_upgraded":4,"win_rate":0.0,"timestamp":1607991188,"path_taken":["M","M","M","?","?","E","M","M","T","E","R","?","?","$","R","BOSS","M","?","M","?","?","E","?","E","T","?","M","R","?","M","R","BOSS","M","M","?","?","M","E","?","E","T","M","E","?","?","M","R","BOSS","BOSS"],"items_purchased_type":["Relic"],"build_version":"2020-12-13","purchased_purges":0,"victory":true,"max_hp_per_floor":[78,84,90,90,93,93,93,93,100,103,103,103,103,113,113,113,113,113,113,113,113,113,113,113,113,113,113,113,113,113,113,113,113,113,113,113,113,113,113,113,113,113,113,113,113,113,107,107,107,115,115],"card_choices":[{"not_picked":["Flex","Ghostly Armor","Pommel Strike"],"picked":"SKIP","floor":1.0},{"not_picked":["Bloodletting","True Grit"],"picked":"Fire Breathing","floor":2.0},{"not_picked":["Dark Embrace","True Grit"],"picked":"Evolve","floor":3.0},{"not_picked":["Havoc","Armaments","Searing Blow"],"picked":"SKIP","floor":5.0},{"not_picked":["Armaments","Clothesline"],"picked":"Feel No Pain","floor":6.0},{"not_picked":["Sever Soul","Berserk"],"picked":"Power Through","floor":7.0},{"not_picked":["Anger","Sword Boomerang","Flex"],"picked":"SKIP","floor":8.0},{"not_picked":["Sentinel","Ghostly Armor","Flex"],"picked":"SKIP","floor":10.0},{"not_picked":["Flex","Pummel","Headbutt"],"picked":"SKIP","floor":18.0},{"not_picked":["Body Slam","Headbutt","Sword Boomerang"],"picked":"SKIP","floor":20},{"not_picked":["Rupture","Cleave"],"picked":"Dual Wield","floor":23},{"not_picked":["Pommel Strike+1","Brutality","Armaments"],"picked":"SKIP","floor":25},{"not_picked":["Clothesline","Feel No Pain","Fire Breathing"],"picked":"SKIP","floor":27},{"not_picked":["Clothesline","Wild Strike","Reckless Charge"],"picked":"SKIP","floor":28},{"not_picked":["Rampage","Spot Weakness","Sword Boomerang"],"picked":"SKIP","floor":31},{"not_picked":["Entrench+1","Flame Barrier","Heavy Blade"],"picked":"SKIP","floor":35},{"not_picked":["Heavy Blade","Infernal Blade"],"picked":"Blood for Blood","floor":36},{"not_picked":["Anger","Entrench","Wild Strike"],"picked":"SKIP","floor":39},{"not_picked":["Searing Blow","Cleave","Clothesline"],"picked":"SKIP","floor":40},{"not_picked":["Clash","Cleave"],"picked":"Shrug It Off","floor":42},{"not_picked":["Armaments","Havoc","Ghostly Armor"],"picked":"SKIP","floor":44},{"not_picked":["Barricade","Iron Wave","Heavy Blade"],"picked":"SKIP","floor":45},{"not_picked":["Flex+1","Wild Strike+1"],"picked":"Armaments+1","floor":48}],"player_experience":749320,"relics_obtained":[{"floor":6.0,"key":"Blue Candle"},{"floor":9.0,"key":"Strawberry"},{"floor":10.0,"key":"Shuriken"},{"floor":13.0,"key":"Boot"},{"floor":19,"key":"Necronomicon"},{"floor":23,"key":"Bag of Marbles"},{"floor":25,"key":"Lantern"},{"floor":26,"key":"Matryoshka"},{"floor":30,"key":"Tiny Chest"},{"floor":30,"key":"Orichalcum"},{"floor":38,"key":"Bird Faced Urn"},{"floor":40,"key":"Centennial Puzzle"},{"floor":41,"key":"Peace Pipe"},{"floor":42,"key":"Self Forming Clay"},{"floor":43,"key":"Darkstone Periapt"},{"floor":43,"key":"Anchor"},{"floor":45,"key":"Bottled Flame"},{"floor":46,"key":"Regal Pillow"}],"event_choices":[{"cards_removed":["Evolve"],"damage_healed":0.0,"max_hp_gain":0.0,"max_hp_loss":0.0,"gold_gain":0.0,"event_name":"Wheel of Change","player_choice":"Card Removal","floor":4.0,"gold_loss":0.0,"damage_taken":0.0},{"damage_healed":0.0,"max_hp_gain":0.0,"max_hp_loss":0.0,"gold_gain":0.0,"event_name":"Dead Adventurer","player_choice":"Searched \u00271\u0027 times","floor":13.0,"gold_loss":0.0,"damage_taken":0.0},{"damage_healed":0,"gold_gain":0,"player_choice":"Obtained Book","damage_taken":21,"max_hp_gain":0,"max_hp_loss":0,"event_name":"Cursed Tome","floor":19,"gold_loss":0},{"damage_healed":0,"gold_gain":50,"player_choice":"Stole From Cult","damage_taken":0,"max_hp_gain":0,"max_hp_loss":0,"event_name":"Nest","floor":21,"gold_loss":0},{"cards_removed":["Dual Wield"],"damage_healed":0,"gold_gain":0,"player_choice":"Removed Skill","damage_taken":0,"max_hp_gain":0,"max_hp_loss":0,"event_name":"Falling","floor":37,"gold_loss":0},{"damage_healed":0,"gold_gain":0,"player_choice":"Fight","damage_taken":0,"max_hp_gain":0,"max_hp_loss":0,"event_name":"MindBloom","floor":38,"gold_loss":0},{"damage_healed":0,"gold_gain":0,"player_choice":"Fight","damage_taken":0,"max_hp_gain":0,"max_hp_loss":0,"event_name":"Mysterious Sphere","floor":41,"gold_loss":0},{"damage_healed":0,"gold_gain":0,"player_choice":"Max HP","damage_taken":0,"max_hp_gain":0,"max_hp_loss":6,"event_name":"Winding Halls","floor":47,"gold_loss":0}],"is_beta":false,"boss_relics":[{"not_picked":["SacredBark","Cursed Key"],"picked":"Ectoplasm"},{"not_picked":["Calling Bell","Pandora\u0027s Box"],"picked":"Sozu"}],"items_purged_floors":[],"is_endless":false,"potions_floor_spawned":[3,6,7,8,10,16,18,23,28,33,39,41,42,48],"ascension_level":20}}