{"host":"ds28d883r3sz42zs","time":1607990894,"event":{"mods":["2.2 Compatiblity","AchievementEnabler","Act Like it!","BaseMod","Bestiary","Better Match","Better Sensory Stone","Better Silent Start","Better Third Choice","Better-Laid Plans","BetterRewards","Block Reminder","Challenge The Spire","Colored Map","Colored Powertips","DeckTracker","Defuse TimeMaze Blight","Disable Question Mark Monsters","Displayed Cursed Tome","Emptier Cage","GifTheSpireLib","Gold Saver","Minty Spire (QoL Compilation)","Permanent Neow","Practice Mode","Quick Restart","Random Character Button","Rare Cards Sparkle","Relic Filter","Relic Stats","SacredBarkPlus","StSLib","SuperFastMode","Uncapped","Unknown Chances"],"gold_per_floor":[302,316,316,333,56,56,89,89,89,89,89,164,196,10,10,83,83,103,103,122,140,140,140,170,170,193,193,193,193],"floor_reached":28,"playtime":694,"items_purged":["Strike_G","Strike_G+1"],"score":424,"play_id":"ae1cddc9-fed8-4b34-bd1a-fe61d643440c","local_time":"20201214190814","is_ascension_mode":true,"campfire_choices":[{"data":"Flechettes","floor":6,"key":"SMITH"},{"data":"Sucker Punch","floor":8,"key":"SMITH"},{"data":"Dagger Spray","floor":11,"key":"SMITH"},{"data":"Noxious Fumes","floor":15,"key":"SMITH"},{"floor":23,"key":"REST"},{"data":"A Thousand Cuts","floor":27,"key":"SMITH"}],"circlet_count":0,"master_deck":["AscendersBane","Strike_G+1","Defend_G","Defend_G","Defend_G","Defend_G","Survivor","Neutralize","Backflip","Sucker Punch+1","Flechettes+1","Dagger Spray+1","Leg Sweep","Dagger Spray","Noxious Fumes+1","A Thousand Cuts+1","Footwork","Crippling Poison"],"relics":["Velvet Choker","Whetstone","Vajra","Ornamental Fan","Pen Nib","Philosopher\u0027s Stone","Nilry\u0027s Codex","Smiling Mask","Anchor"],"acts_visited":["Exordium","TheCity"],"potions_floor_usage":[7,16,28],"damage_taken":[{"damage":0,"enemies":"Small Slimes","floor":1,"turns":5},{"damage":0,"enemies":"Cultist","floor":2,"turns":4},{"damage":0,"enemies":"Jaw Worm","floor":4,"turns":5},{"damage":2,"enemies":"Lagavulin","floor":7,"turns":5},{"damage":1,"enemies":"3 Sentries","floor":13,"turns":4},{"damage":5,"enemies":"Hexaghost","floor":16,"turns":9},{"damage":3,"enemies":"Shell Parasite","floor":18,"turns":4},{"damage":29,"enemies":"3 Byrds","floor":20,"turns":3},{"damage":0,"enemies":"Centurion and Healer","floor":21,"turns":5},{"damage":7,"enemies":"Book of Stabbing","floor":24,"turns":7},{"damage":10,"enemies":"Snake Plant","floor":28,"turns":1}],"seed_played":"-7247175127487982722","potions_obtained":[{"floor":7,"key":"Dexterity Potion"},{"floor":13,"key":"Poison Potion"},{"floor":16,"key":"FearPotion"},{"floor":21,"key":"BlessingOfTheForge"}],"is_trial":false,"path_per_floor":["M","M","?","M","$","R","E","R","T","?","R","?","E","$","R","B",null,"M","?","M","M","?","R","E","?","T","R","M"],"character_chosen":"THE_SILENT","items_purchased":["Whetstone","Poison Potion","Dagger Spray","Noxious Fumes"],"campfire_rested":1,"item_purchase_floors":[5,5,14,14],"current_hp_per_floor":[59,59,59,59,59,59,57,57,57,62,62,51,50,50,50,45,65,62,41,12,12,12,33,26,6,6,6,0,0],"gold":193,"neow_bonus":"BOSS_RELIC","is_daily":false,"chose_seed":false,"campfire_upgraded":5,"win_rate":0.0,"timestamp":1607990894,"path_taken":["M","M","?","?","$","R","E","R","T","?","R","?","E","$","R","BOSS","M","?","M","M","?","R","E","?","T","R","M"],"items_purchased_type":["Relic","Potion","Card","Card"],"build_version":"2020-12-13","purchased_purges":2,"victory":false,"max_hp_per_floor":[66,66,66,66,66,66,66,66,66,71,71,71,71,71,71,71,71,71,71,71,71,71,71,71,76,76,76,76,76],"relic_stats":{"counters":[11,52],"Ornamental Fan":[32],"Pen Nib":[5],"Whetstone":["Strike_G","Strike_G"],"Smiling Mask":0,"obtain_stats":[{"Anchor":26,"Ornamental Fan":9,"Nilry\u0027s Codex":19,"Velvet Choker":0,"Vajra":7,"Philosopher\u0027s Stone":17,"Pen Nib":13,"Whetstone":5,"Smiling Mask":24,"Ring of the Snake":0},{"Anchor":10,"Ornamental Fan":4,"Nilry\u0027s Codex":7,"Velvet Choker":0,"Vajra":4,"Philosopher\u0027s Stone":6,"Pen Nib":5,"Whetstone":3,"Smiling Mask":10,"Ring of the Snake":0},{"Anchor":51,"Ornamental Fan":19,"Nilry\u0027s Codex":36,"Velvet Choker":0,"Vajra":19,"Philosopher\u0027s Stone":32,"Pen Nib":23,"Whetstone":14,"Smiling Mask":51,"Ring of the Snake":0}]},"card_choices":[{"not_picked":["Deflect","Acrobatics"],"picked":"Backflip","floor":1},{"not_picked":["Underhanded Strike","Endless Agony"],"picked":"Sucker Punch","floor":2},{"not_picked":["Flying Knee","Tactician"],"picked":"Flechettes","floor":4},{"not_picked":["Outmaneuver","Prepared"],"picked":"Dagger Spray","floor":7},{"not_picked":["Prepared","Accuracy"],"picked":"Leg Sweep","floor":13},{"not_picked":["Night Terror","Die Die Die"],"picked":"A Thousand Cuts","floor":16},{"not_picked":["Dagger Throw","Accuracy"],"picked":"Footwork","floor":18},{"not_picked":["Underhanded Strike","Distraction","Backstab"],"picked":"SKIP","floor":20},{"not_picked":["Quick Slash","Poisoned Stab","Prepared"],"picked":"SKIP","floor":21},{"not_picked":["Sucker Punch","Acrobatics"],"picked":"Crippling Poison","floor":24}],"player_experience":657099,"relics_obtained":[{"floor":7,"key":"Vajra"},{"floor":9,"key":"Ornamental Fan"},{"floor":13,"key":"Pen Nib"},{"floor":24,"key":"Smiling Mask"},{"floor":26,"key":"Anchor"}],"event_choices":[{"cards_removed":["Strike_G"],"damage_healed":0,"gold_gain":0,"player_choice":"Purged","damage_taken":0,"max_hp_gain":0,"max_hp_loss":0,"event_name":"Purifier","floor":3,"gold_loss":0},{"damage_healed":0,"gold_gain":0,"player_choice":"Donut","damage_taken":0,"max_hp_gain":5,"max_hp_loss":0,"event_name":"Big Fish","floor":10,"gold_loss":0},{"damage_healed":0,"gold_gain":75,"player_choice":"Gold","damage_taken":11,"max_hp_gain":0,"max_hp_loss":0,"event_name":"betterThird:BetterGoop","floor":12,"gold_loss":0},{"damage_healed":0,"gold_gain":0,"player_choice":"Obtained Book","damage_taken":21,"max_hp_gain":0,"max_hp_loss":0,"event_name":"Cursed Tome","floor":19,"gold_loss":0},{"damage_healed":0,"gold_gain":0,"player_choice":"Ignored","damage_taken":0,"max_hp_gain":0,"max_hp_loss":0,"event_name":"Vampires","floor":22,"gold_loss":0},{"damage_healed":0,"gold_gain":0,"player_choice":"Shed Blood","damage_taken":25,"max_hp_gain":5,"max_hp_loss":0,"event_name":"Forgotten Altar","floor":25,"gold_loss":0}],"is_beta":false,"boss_relics":[{"not_picked":["Fusion Hammer","Busted Crown"],"picked":"Philosopher\u0027s Stone"}],"items_purged_floors":[5,14],"is_endless":false,"potions_floor_spawned":[7,13,16,21,24],"killed_by":"Snake Plant","ascension_level":15}}