{"host":"1hv1kueuvc4r3rdp","time":1607996761,"event":{"mods":["AchievementEnabler","BaseMod","DeckTracker","Highlight Path","Minty Spire (QoL Compilation)","Permanent Neow","StSLib"],"gold_per_floor":[113,113,130,31,41,41,72,72,72,88,119,119,136,168,168,264,264,283,53,70,85,98,98,124,124,203,228,228,228,239,256,256,354,404,423,473,473,490,510,510,535,133,133,133,133,88,0,12,12,12],"floor_reached":51,"playtime":3690,"items_purged":["Defend_R"],"score":869,"play_id":"f6963ae9-130e-472c-8bc9-295fa2ffa2cf","local_time":"20201214194601","is_ascension_mode":true,"campfire_choices":[{"data":"Uppercut","floor":6.0,"key":"SMITH"},{"data":"Iron Wave","floor":8.0,"key":"SMITH"},{"data":"Feed","floor":12.0,"key":"SMITH"},{"data":"Power Through","floor":15.0,"key":"SMITH"},{"data":"True Grit","floor":23,"key":"SMITH"},{"data":"Barricade","floor":25,"key":"SMITH"},{"floor":29,"key":"REST"},{"data":"Juggernaut","floor":32,"key":"SMITH"},{"data":"True Grit","floor":40,"key":"SMITH"},{"data":"Impervious","floor":44,"key":"SMITH"},{"data":"Warcry","floor":49,"key":"SMITH"}],"circlet_count":0,"master_deck":["Strike_R+1","Strike_R+1","Strike_R+1","Strike_R+1","Defend_R+1","Defend_R+1","Defend_R+1","Bash","Iron Wave+1","Uppercut+1","Feed+1","Power Through+1","Juggernaut+1","True Grit+1","Shrug It Off","Barricade+1","Fire Breathing+1","Offering+1","True Grit+1","Dark Embrace+1","Feel No Pain+1","Impervious+1","Warcry+1"],"relics":["Burning Blood","Bag of Marbles","CaptainsWheel","Gambling Chip","Boot","Sundial","Sozu","PreservedInsect","Tiny Chest","InkBottle","Letter Opener","Tiny House","Turnip","Happy Flower","HornCleat","StrikeDummy","Red Mask"],"acts_visited":["Exordium","TheCity","TheBeyond"],"potions_floor_usage":[24],"damage_taken":[{"damage":5.0,"enemies":"Cultist","floor":1.0,"turns":4.0},{"damage":0.0,"enemies":"Small Slimes","floor":3.0,"turns":2.0},{"damage":4.0,"enemies":"Jaw Worm","floor":5.0,"turns":2.0},{"damage":25.0,"enemies":"Gremlin Nob","floor":7.0,"turns":4.0},{"damage":3.0,"enemies":"Large Slime","floor":10.0,"turns":5.0},{"damage":25.0,"enemies":"3 Sentries","floor":11.0,"turns":9.0},{"damage":3.0,"enemies":"Looter","floor":13.0,"turns":3.0},{"damage":21.0,"enemies":"Lagavulin","floor":14.0,"turns":6.0},{"damage":44.0,"enemies":"The Guardian","floor":16.0,"turns":15.0},{"damage":0.0,"enemies":"Spheric Guardian","floor":18.0,"turns":4.0},{"damage":5,"enemies":"Chosen","floor":20,"turns":5},{"damage":7,"enemies":"Centurion and Healer","floor":21,"turns":9},{"damage":28,"enemies":"Shelled Parasite and Fungi","floor":22,"turns":7},{"damage":34,"enemies":"Gremlin Leader","floor":24,"turns":7},{"damage":12,"enemies":"Book of Stabbing","floor":27,"turns":6},{"damage":0,"enemies":"Snecko","floor":30,"turns":5},{"damage":0,"enemies":"Sentry and Sphere","floor":31,"turns":6},{"damage":17,"enemies":"Champ","floor":33,"turns":11},{"damage":14,"enemies":"Orb Walker","floor":35,"turns":4},{"damage":6,"enemies":"Mind Bloom Boss Battle","floor":36,"turns":6},{"damage":21,"enemies":"3 Shapes","floor":38,"turns":3},{"damage":6,"enemies":"Maw","floor":39,"turns":8},{"damage":0,"enemies":"4 Shapes","floor":48,"turns":5},{"damage":22,"enemies":"Donu and Deca","floor":50,"turns":12}],"seed_played":"-736293086488593995","potions_obtained":[{"floor":3.0,"key":"Explosive Potion"},{"floor":10.0,"key":"SneckoOil"},{"floor":11.0,"key":"CultistPotion"},{"floor":16.0,"key":"FairyPotion"}],"is_trial":false,"path_per_floor":["M","?","M","$","M","R","E","R","T","M","E","R","M","E","R","B",null,"M","$","M","M","M","R","E","R","T","E","?","R","M","M","R","B",null,"M","?","?","M","M","R","T","$","T","R","?","$","?","M","R","B",null],"character_chosen":"IRONCLAD","items_purchased":["Fruit Juice","PreservedInsect","HornCleat","Impervious","Warcry"],"campfire_rested":1,"item_purchase_floors":[4,19,42,42,46],"current_hp_per_floor":[80,80,80,80,80,85,66,66,66,69,53,53,60,49,49,15,79,89,89,94,97,75,75,51,51,51,45,45,79,89,95,95,88,120,112,116,116,101,101,101,101,101,101,101,101,101,101,107,107,91],"gold":12,"neow_bonus":"RANDOM_COMMON_RELIC","is_daily":false,"chose_seed":false,"campfire_upgraded":10,"win_rate":0.0,"timestamp":1607996761,"path_taken":["M","?","?","?","M","R","E","R","T","M","E","R","?","E","R","BOSS","M","$","M","M","M","R","E","R","T","E","?","R","M","M","R","BOSS","M","?","?","M","M","R","?","$","T","R","?","$","?","M","R","BOSS"],"items_purchased_type":["Potion","Relic","Relic","Card","Card"],"build_version":"2020-12-13","purchased_purges":1,"victory":true,"max_hp_per_floor":[80,80,80,80,80,85,85,85,85,85,88,88,92,96,96,100,100,104,104,108,112,112,112,116,116,116,116,116,116,120,120,120,124,129,129,133,133,133,133,133,133,133,133,133,133,133,133,133,133,133],"card_choices":[{"not_picked":["True Grit","Wild Strike"],"picked":"Iron Wave","floor":1.0},{"not_picked":["Iron Wave","Shrug It Off"],"picked":"Uppercut","floor":3.0},{"not_picked":["Whirlwind","Wild Strike","True Grit"],"picked":"SKIP","floor":5.0},{"not_picked":["Sword Boomerang","Headbutt","Feel No Pain"],"picked":"SKIP","floor":7.0},{"not_picked":["Havoc","Headbutt"],"picked":"Feed","floor":10.0},{"not_picked":["Wild Strike","Flex","Heavy Blade"],"picked":"SKIP","floor":11.0},{"not_picked":["Body Slam","Wild Strike","Anger"],"picked":"SKIP","floor":13.0},{"not_picked":["Immolate","Body Slam"],"picked":"Power Through","floor":14.0},{"not_picked":["Immolate","Exhume"],"picked":"Juggernaut","floor":16.0},{"not_picked":["Sword Boomerang","Perfected Strike"],"picked":"Warcry","floor":18.0},{"not_picked":["Havoc","Flame Barrier+1"],"picked":"True Grit","floor":20},{"not_picked":["Sword Boomerang+1","Anger","Dropkick"],"picked":"SKIP","floor":21},{"not_picked":["Sword Boomerang+1","Thunderclap"],"picked":"Shrug It Off","floor":22},{"not_picked":["Iron Wave","Second Wind+1"],"picked":"Barricade","floor":24},{"not_picked":["Clothesline","Flex"],"picked":"Fire Breathing+1","floor":27},{"not_picked":["Flex","Wild Strike+1","Shrug It Off"],"picked":"SKIP","floor":30},{"not_picked":["Twin Strike","Wild Strike","Sword Boomerang"],"picked":"SKIP","floor":31},{"not_picked":["Juggernaut","Barricade"],"picked":"Offering","floor":33},{"not_picked":["Second Wind+1","Spot Weakness+1"],"picked":"True Grit","floor":34},{"not_picked":["Heavy Blade+1","Bloodletting+1"],"picked":"Dark Embrace+1","floor":35},{"not_picked":["Body Slam+1","Clash+1"],"picked":"Feel No Pain+1","floor":36},{"not_picked":["Burning Pact+1","Armaments+1","Thunderclap+1"],"picked":"SKIP","floor":38},{"not_picked":["Havoc","Pommel Strike+1","Twin Strike"],"picked":"SKIP","floor":39},{"not_picked":["Sword Boomerang","Rampage+1","Seeing Red+1"],"picked":"SKIP","floor":48}],"player_experience":1008011,"relics_obtained":[{"floor":7.0,"key":"CaptainsWheel"},{"floor":9.0,"key":"Gambling Chip"},{"floor":11.0,"key":"Boot"},{"floor":14.0,"key":"Sundial"},{"floor":24,"key":"Tiny Chest"},{"floor":26,"key":"InkBottle"},{"floor":27,"key":"Letter Opener"},{"floor":36,"key":"Turnip"},{"floor":41,"key":"Happy Flower"},{"floor":43,"key":"StrikeDummy"}],"event_choices":[{"cards_removed":["Strike_R"],"damage_healed":0.0,"max_hp_gain":0.0,"max_hp_loss":0.0,"gold_gain":0.0,"event_name":"Bonfire Elementals","player_choice":"Offered Basic","floor":2.0,"gold_loss":0.0,"damage_taken":0.0},{"damage_healed":0,"gold_gain":0,"player_choice":"Simplicity","damage_taken":0,"max_hp_gain":0,"max_hp_loss":0,"event_name":"Back to Basics","floor":28,"gold_loss":0,"cards_upgraded":["Strike_R","Strike_R","Strike_R","Strike_R","Defend_R","Defend_R","Defend_R"]},{"damage_healed":0,"gold_gain":0,"player_choice":"Fight","damage_taken":0,"max_hp_gain":0,"max_hp_loss":0,"event_name":"MindBloom","floor":36,"gold_loss":0},{"damage_healed":0,"gold_gain":0,"player_choice":"Memory 1","damage_taken":0,"max_hp_gain":0,"max_hp_loss":0,"event_name":"SensoryStone","floor":37,"gold_loss":0},{"cards_removed":["Warcry"],"damage_healed":0,"gold_gain":0,"player_choice":"Removed Skill","damage_taken":0,"max_hp_gain":0,"max_hp_loss":0,"event_name":"Falling","floor":45,"gold_loss":0},{"damage_healed":0,"gold_gain":0,"player_choice":"Paid","damage_taken":0,"relics_obtained":["Red Mask"],"max_hp_gain":0,"max_hp_loss":0,"event_name":"Tomb of Lord Red Mask","floor":47,"gold_loss":88}],"is_beta":false,"boss_relics":[{"not_picked":["Fusion Hammer","Philosopher\u0027s Stone"],"picked":"Sozu"},{"not_picked":["Runic Dome","Black Star"],"picked":"Tiny House"}],"items_purged_floors":[19],"is_endless":false,"potions_floor_spawned":[3,10,11,16,21,24,30,31,35,39],"ascension_level":5}}