{"host":"idmgg8r816nmas40","time":1607992184,"event":{"mods":["AchievementEnabler","AlwaysNeverKeys","BaseMod","BetterRewards","Block Reminder","Colored Map","Colored Powertips","DeckTracker","Googly Eyes","Highlight Path","Minty Spire (QoL Compilation)","Quick Restart","Relic Stats","Shop Mod","StSLib","SuperFastMode","Synergy Search","Transform Curses"],"gold_per_floor":[109,128,128,52,73,111,111,111,134,172,172,213,213,228,228,322,322,341,361,286,286,18,18,36,36,60,99,13,28,28,28,28,118,118,139,139,35,48,48,79,116,166,205,217,254,106,106,439,439,439,439,439,68,103,103,103],"floor_reached":55,"playtime":2412,"items_purged":["Pain"],"score":1579,"play_id":"0aa95716-0dc9-470a-bd21-0c3627f524dc","local_time":"20201214172944","is_ascension_mode":true,"campfire_choices":[{"floor":7.0,"key":"REST"},{"floor":13.0,"key":"REST"},{"data":"Loop","floor":15.0,"key":"SMITH"},{"floor":23.0,"key":"REST"},{"floor":25.0,"key":"REST"},{"floor":30.0,"key":"REST"},{"floor":32.0,"key":"REST"},{"floor":47,"key":"REST"},{"data":"Buffer","floor":49,"key":"SMITH"},{"data":"Biased Cognition","floor":52,"key":"SMITH"}],"circlet_count":0,"master_deck":["AscendersBane","Strike_B","Strike_B","Strike_B","Strike_B","Defend_B","Defend_B","Defend_B","Defend_B","Zap","Dualcast","Static Discharge","White Noise","Defragment+1","Rip and Tear","Loop+1","Auto Shields","Cold Snap","Rainbow","Loop","Parasite","Cold Snap","FTL","Echo Form","CurseOfTheBell","Coolheaded","Capacitor","Echo Form","Rip and Tear","Conserve Battery","Blizzard","Leap+1","Defragment","Scrape+1","Meteor Strike","Compile Driver+1","Defragment","Biased Cognition+1","Glacier","Parasite","Conserve Battery","Coolheaded","Blind","Transmutation","Beam Cell+1","Melter","Buffer+1","Static Discharge","Leap","Ball Lightning","Leap+1","Apotheosis","Defragment","Doom and Gloom","Sweeping Beam"],"relics":["Cracked Core","OrangePellets","Shuriken","Lee\u0027s Waffle","Toy Ornithopter","Potion Belt","Orichalcum","Lantern","Calling Bell","Juzu Bracelet","Cables","StoneCalendar","Membership Card","Dream Catcher","Blue Candle","Blood Vial","SlaversCollar","WarpedTongs","MawBank","Pantograph","Art of War","Strawberry","Orrery","Cauldron","Boot","Kunai"],"acts_visited":["Exordium","TheCity","TheBeyond","TheEnding"],"potions_floor_usage":[42,45,50,54,54,55],"damage_taken":[{"damage":14.0,"enemies":"2 Louse","floor":1.0,"turns":3.0},{"damage":9.0,"enemies":"Jaw Worm","floor":2.0,"turns":5.0},{"damage":10.0,"enemies":"Small Slimes","floor":5.0,"turns":4.0},{"damage":14.0,"enemies":"Gremlin Nob","floor":6.0,"turns":4.0},{"damage":26.0,"enemies":"3 Sentries","floor":10.0,"turns":6.0},{"damage":15.0,"enemies":"Gremlin Nob","floor":12.0,"turns":4.0},{"damage":8.0,"enemies":"Exordium Wildlife","floor":14.0,"turns":4.0},{"damage":45.0,"enemies":"The Guardian","floor":16.0,"turns":8.0},{"damage":30.0,"enemies":"3 Byrds","floor":18.0,"turns":5.0},{"damage":10.0,"enemies":"Chosen","floor":19.0,"turns":5.0},{"damage":19.0,"enemies":"Snake Plant","floor":24.0,"turns":5.0},{"damage":47.0,"enemies":"Book of Stabbing","floor":27.0,"turns":7.0},{"damage":18.0,"enemies":"Snecko","floor":29.0,"turns":4.0},{"damage":42.0,"enemies":"Collector","floor":33.0,"turns":12.0},{"damage":62.0,"enemies":"3 Darklings","floor":35.0,"turns":7.0},{"damage":18.0,"enemies":"3 Shapes","floor":38.0,"turns":3.0},{"damage":2,"enemies":"Giant Head","floor":40,"turns":9},{"damage":27,"enemies":"Writhing Mass","floor":41,"turns":6},{"damage":18,"enemies":"Nemesis","floor":42,"turns":7},{"damage":6,"enemies":"Sphere and 2 Shapes","floor":45,"turns":7},{"damage":56,"enemies":"Donu and Deca","floor":50,"turns":9},{"damage":78,"enemies":"Shield and Spear","floor":54,"turns":5},{"damage":54,"enemies":"The Heart","floor":55,"turns":6}],"seed_played":"9110868543887554379","potions_obtained":[{"floor":2.0,"key":"SteroidPotion"},{"floor":5.0,"key":"FocusPotion"},{"floor":10.0,"key":"Regen Potion"},{"floor":12.0,"key":"Block Potion"},{"floor":16.0,"key":"Dexterity Potion"},{"floor":27.0,"key":"Energy Potion"},{"floor":29.0,"key":"LiquidBronze"},{"floor":33.0,"key":"SpeedPotion"},{"floor":35.0,"key":"BlessingOfTheForge"},{"floor":41,"key":"AttackPotion"},{"floor":42,"key":"GamblersBrew"},{"floor":45,"key":"PotionOfCapacity"},{"floor":53,"key":"AttackPotion"},{"floor":53,"key":"CultistPotion"},{"floor":53,"key":"GamblersBrew"},{"floor":53,"key":"SmokeBomb"}],"is_trial":false,"path_per_floor":["M","M","?","$","M","E","R","?","T","E","?","E","R","M","R","B",null,"M","M","?","?","$","R","M","R","T","E","$","M","R","?","R","B",null,"M","?","$","M","?","E","M","E","T","?","M","$","R","?","R","B",null,"R","$","E","B"],"character_chosen":"DEFECT","items_purchased":["OrangePellets","Shuriken","Static Discharge","White Noise","Lee\u0027s Waffle","Defragment","Rip and Tear","Amplify","Membership Card","Strength Potion","Fire Potion","Weak Potion","Rip and Tear","Blood Vial","LiquidBronze","GamblersBrew","Defragment","Strawberry","Orrery","Cauldron","Apotheosis","Boot","Defragment","Doom and Gloom"],"campfire_rested":7,"item_purchase_floors":[0,0,0,0,0,0,0,4,22,22,22,22,22,28,37,37,37,46,46,53,53,53,53,53],"current_hp_per_floor":[64,55,55,55,45,31,54,54,54,28,47,49,72,64,64,19,63,43,33,33,33,33,56,37,60,60,23,23,17,40,40,63,28,66,11,11,11,10,88,86,61,50,50,45,46,53,81,81,81,44,82,82,82,16,0,0],"gold":103,"neow_bonus":"","is_daily":false,"chose_seed":false,"campfire_upgraded":3,"win_rate":0.0,"timestamp":1607992184,"path_taken":["M","M","?","?","M","E","R","?","T","E","?","E","R","M","R","BOSS","M","M","?","?","$","R","M","R","T","E","$","M","R","?","R","BOSS","M","?","?","M","?","E","M","E","T","?","M","$","R","?","R","BOSS","R","$","E","BOSS"],"items_purchased_type":["Relic","Relic","Card","Card","Relic","Card","Card","Card","Relic","Potion","Potion","Potion","Card","Relic","Potion","Potion","Card","Relic","Relic","Relic","Card","Relic","Card","Card"],"build_version":"2020-12-13","purchased_purges":1,"victory":false,"max_hp_per_floor":[78,78,78,78,78,78,78,78,78,78,78,78,78,78,78,78,78,78,78,78,78,78,78,78,78,78,78,78,78,78,78,78,78,78,78,78,78,78,88,88,88,88,88,88,88,95,95,95,95,95,95,95,95,95,95,95],"relic_stats":{"Lee\u0027s Waffle":14,"counters":[26,152],"Blue Candle":[6],"StoneCalendar":[272],"Juzu Bracelet":2,"Orichalcum":[222],"MawBank":72,"Boot":[0],"Cables":[86,52,31,3,0],"WarpedTongs":[51],"Blood Vial":18,"OrangePellets":[23],"Dream Catcher":3,"Shuriken":[20],"Pantograph":39,"Art of War":[4],"Kunai":[0],"obtain_stats":[{"Lantern":12,"StoneCalendar":17,"Juzu Bracelet":17,"Boot":53,"Blood Vial":28,"Dream Catcher":26,"Sundial":2,"Pantograph":42,"Strawberry":46,"Kunai":54,"Cracked Core":0,"Potion Belt":9,"Lee\u0027s Waffle":0,"Golden Idol":3,"Blue Candle":27,"Oddly Smooth Stone":0,"Orichalcum":10,"Question Card":0,"MawBank":40,"Cables":17,"WarpedTongs":36,"Calling Bell":0,"Peace Pipe":0,"OrangePellets":0,"SlaversCollar":34,"Cauldron":53,"Shuriken":0,"Orrery":46,"Art of War":43,"Membership Card":22,"Toy Ornithopter":6},{"Lantern":9,"StoneCalendar":11,"Juzu Bracelet":11,"Boot":24,"Blood Vial":15,"Dream Catcher":14,"Sundial":1,"Pantograph":22,"Strawberry":23,"Kunai":25,"Cracked Core":0,"Potion Belt":7,"Lee\u0027s Waffle":3,"Golden Idol":5,"Blue Candle":15,"Oddly Smooth Stone":0,"Orichalcum":8,"Question Card":0,"MawBank":20,"Cables":11,"WarpedTongs":18,"Calling Bell":0,"Peace Pipe":0,"OrangePellets":3,"SlaversCollar":17,"Cauldron":24,"Shuriken":3,"Orrery":23,"Art of War":22,"Membership Card":13,"Toy Ornithopter":7},{"Lantern":45,"StoneCalendar":57,"Juzu Bracelet":57,"Boot":141,"Blood Vial":78,"Dream Catcher":71,"Sundial":4,"Pantograph":125,"Strawberry":132,"Kunai":146,"Cracked Core":0,"Potion Belt":35,"Lee\u0027s Waffle":20,"Golden Idol":28,"Blue Candle":78,"Oddly Smooth Stone":0,"Orichalcum":41,"Question Card":0,"MawBank":113,"Cables":57,"WarpedTongs":101,"Calling Bell":0,"Peace Pipe":0,"OrangePellets":20,"SlaversCollar":94,"Cauldron":141,"Shuriken":20,"Orrery":132,"Art of War":125,"Membership Card":66,"Toy Ornithopter":35}],"Toy Ornithopter":90},"card_choices":[{"not_picked":["Rebound","Hologram"],"picked":"Loop","floor":1.0},{"not_picked":["Hologram","Go for the Eyes"],"picked":"Auto Shields","floor":2.0},{"not_picked":["Go for the Eyes","Beam Cell"],"picked":"Cold Snap","floor":5.0},{"not_picked":["Beam Cell","Double Energy"],"picked":"Rainbow","floor":6.0},{"not_picked":["Leap","Gash"],"picked":"Loop","floor":10.0},{"not_picked":["Steam Power","Hologram"],"picked":"Cold Snap","floor":12.0},{"not_picked":["Rebound","Aggregate"],"picked":"FTL","floor":14.0},{"not_picked":["Seek","Machine Learning"],"picked":"Echo Form","floor":16.0},{"not_picked":["Cold Snap","Reinforced Body"],"picked":"Coolheaded","floor":18.0},{"not_picked":["Ball Lightning","Barrage"],"picked":"Capacitor","floor":19.0},{"not_picked":["Compile Driver","Undo"],"picked":"Conserve Battery","floor":24.0},{"not_picked":["Compile Driver","Gash"],"picked":"Blizzard","floor":27.0},{"not_picked":["Coolheaded","Skim"],"picked":"Leap+1","floor":29.0},{"not_picked":["Fusion","Compile Driver"],"picked":"Defragment","floor":30.0},{"not_picked":["Multi-Cast","Hologram"],"picked":"Scrape+1","floor":32.0},{"not_picked":["Core Surge","Fission"],"picked":"Meteor Strike","floor":33.0},{"not_picked":["Stack","Cold Snap"],"picked":"Compile Driver+1","floor":35.0},{"not_picked":["Redo","Static Discharge+1"],"picked":"Biased Cognition","floor":38.0},{"not_picked":["Barrage+1","BootSequence"],"picked":"Glacier","floor":40},{"not_picked":["Stack","Beam Cell"],"picked":"Conserve Battery","floor":41},{"not_picked":["Conserve Battery","Double Energy"],"picked":"Coolheaded","floor":42},{"not_picked":["Purity","Secret Technique"],"picked":"Blind","floor":44},{"not_picked":["Flash of Steel","Violence"],"picked":"Transmutation","floor":44},{"not_picked":["Conserve Battery+1","Leap"],"picked":"Beam Cell+1","floor":45},{"not_picked":["Steam Power","Redo"],"picked":"Melter","floor":46},{"not_picked":["Leap","Go for the Eyes"],"picked":"Buffer","floor":46},{"not_picked":["Thunder Strike","Redo"],"picked":"Static Discharge","floor":46},{"not_picked":["Ball Lightning","Steam"],"picked":"Leap","floor":46},{"not_picked":["Meteor Strike","Redo"],"picked":"Ball Lightning","floor":46},{"not_picked":["Redo","Steam"],"picked":"Leap+1","floor":47},{"not_picked":["Auto Shields","Steam"],"picked":"Sweeping Beam","floor":54}],"player_experience":992778,"relics_obtained":[{"floor":6.0,"key":"Toy Ornithopter"},{"floor":9.0,"key":"Potion Belt"},{"floor":10.0,"key":"Orichalcum"},{"floor":12.0,"key":"Lantern"},{"floor":17.0,"key":"Juzu Bracelet"},{"floor":17.0,"key":"Cables"},{"floor":17.0,"key":"StoneCalendar"},{"floor":26.0,"key":"Dream Catcher"},{"floor":27.0,"key":"Blue Candle"},{"floor":40,"key":"MawBank"},{"floor":42,"key":"Pantograph"},{"floor":43,"key":"Art of War"},{"floor":54,"key":"Kunai"}],"event_choices":[{"damage_healed":0.0,"max_hp_gain":0.0,"max_hp_loss":0.0,"gold_gain":0.0,"event_name":"Golden Idol","player_choice":"Take Wound","floor":3.0,"gold_loss":0.0,"damage_taken":0.0,"relics_obtained":["Golden Idol"],"cards_obtained":["Injury"]},{"damage_healed":0.0,"max_hp_gain":0.0,"max_hp_loss":0.0,"gold_gain":0.0,"event_name":"Living Wall","player_choice":"Grow","floor":8.0,"gold_loss":0.0,"damage_taken":0.0,"cards_upgraded":["Defragment"]},{"damage_healed":19.0,"max_hp_gain":0.0,"max_hp_loss":0.0,"gold_gain":0.0,"event_name":"Mushrooms","player_choice":"Healed and dodged fight","floor":11.0,"gold_loss":0.0,"damage_taken":0.0,"cards_obtained":["Parasite"]},{"cards_removed":["Injury"],"damage_healed":0.0,"max_hp_gain":0.0,"max_hp_loss":0.0,"gold_gain":0.0,"event_name":"Beggar","player_choice":"Gave Gold","floor":20.0,"gold_loss":75.0,"damage_taken":0.0},{"damage_healed":0.0,"max_hp_gain":0.0,"max_hp_loss":0.0,"gold_gain":0.0,"event_name":"Duplicator","player_choice":"Copied","floor":21.0,"gold_loss":0.0,"damage_taken":0.0,"cards_obtained":["Echo Form"]},{"damage_healed":0.0,"max_hp_gain":0.0,"max_hp_loss":0.0,"gold_gain":0.0,"event_name":"N\u0027loth","player_choice":"Ignored","floor":31.0,"gold_loss":0.0,"damage_taken":0.0},{"damage_healed":0.0,"max_hp_gain":0.0,"max_hp_loss":0.0,"gold_gain":0.0,"event_name":"Accursed Blacksmith","player_choice":"Rummage","floor":36.0,"gold_loss":0.0,"damage_taken":0.0,"relics_obtained":["WarpedTongs"],"cards_obtained":["Pain"]},{"cards_removed":["Amplify"],"damage_healed":68.0,"max_hp_gain":10.0,"max_hp_loss":0.0,"gold_gain":0.0,"event_name":"Bonfire Elementals","player_choice":"Offered Rare","floor":39.0,"gold_loss":0.0,"damage_taken":0.0},{"damage_healed":0,"gold_gain":0,"player_choice":"Memory 2","damage_taken":5,"max_hp_gain":0,"max_hp_loss":0,"event_name":"SensoryStone","floor":44,"gold_loss":0},{"damage_healed":0,"gold_gain":333,"player_choice":"Gave Idol","damage_taken":0,"max_hp_gain":0,"max_hp_loss":0,"event_name":"The Moai Head","floor":48,"relics_lost":["Golden Idol"],"gold_loss":0}],"is_beta":false,"boss_relics":[{"not_picked":["Ectoplasm","Empty Cage"],"picked":"Calling Bell"},{"not_picked":["Velvet Choker","Cursed Key"],"picked":"SlaversCollar"}],"items_purged_floors":[53],"is_endless":false,"potions_floor_spawned":[2,5,10,12,16,27,29,33,35,41,42,45],"killed_by":"The Heart","ascension_level":17}}