{"host":"6bsan6hkua32tfq7","time":1607999722,"event":{"mods":["BaseMod","Better Third Choice","Colored Map","Downfall","Highlight Path","Minty Spire (QoL Compilation)","StSLib"],"gold_per_floor":[109,0,19,19,19,19,52,52,52,88,88,28,57,100,100,193,193,209,209,209,209,222,222,255,255,255,273,273,311,331,366,366,455,455,475,135,150,174,198,198,219,257,257,292,292,292,87,0,0,0,0,0,0,0,36,36,36],"floor_reached":56,"playtime":2133,"items_purged":["Defend_R","Spot Weakness","Perfected Strike"],"score":2104,"play_id":"1c17c1e3-338c-44fe-bff7-f5cdf5d0cad7","local_time":"20201215033522","is_ascension_mode":true,"campfire_choices":[{"data":"Enlightenment","floor":6.0,"key":"SMITH"},{"data":"Bash","floor":8.0,"key":"SMITH"},{"data":"Cleave","floor":11.0,"key":"SMITH"},{"floor":15.0,"key":"REST"},{"data":"Demon Form","floor":23.0,"key":"SMITH"},{"floor":25.0,"key":"REST"},{"floor":28.0,"key":"REST"},{"data":"Vault","floor":32,"key":"SMITH"},{"data":"Shockwave","floor":40,"key":"SMITH"},{"data":"Limit Break","floor":46,"key":"SMITH"},{"floor":49,"key":"RECALL"},{"data":"True Grit","floor":53,"key":"SMITH"}],"circlet_count":0,"master_deck":["AscendersBane","Bash+1","Cleave+1","Enlightenment+1","Vault+1","Reaper","Barricade","Brutality","Anger","Whirlwind","Demon Form+1","Bludgeon","Second Wind","Blood for Blood","Flame Barrier","Rage+1","Ghostly Armor+1","Limit Break+1","Exhume+1","Disarm+1","Shockwave+1","Evolve","True Grit+1"],"relics":["Burning Blood","NeowsBlessing","Golden Idol","Ancient Tea Set","Torii","The Courier","Happy Flower","Odd Mushroom","Art of War","Pandora\u0027s Box","Mercury Hourglass","InkBottle","Bag of Preparation","Blue Candle","Snecko Eye","Medical Kit","War Paint","StrikeDummy","Akabeko","Membership Card","Red Mask","Pantograph"],"acts_visited":["Exordium","TheCity","TheBeyond","TheEnding"],"potions_floor_usage":[56,56],"damage_taken":[{"damage":0.0,"enemies":"2 Louse","floor":1.0,"turns":1.0},{"damage":0.0,"enemies":"Small Slimes","floor":3.0,"turns":2.0},{"damage":0.0,"enemies":"Gremlin Nob","floor":7.0,"turns":1.0},{"damage":32.0,"enemies":"3 Sentries","floor":10.0,"turns":8.0},{"damage":12.0,"enemies":"The Mushroom Lair","floor":13.0,"turns":4.0},{"damage":34.0,"enemies":"Gremlin Nob","floor":14.0,"turns":4.0},{"damage":0.0,"enemies":"Slime Boss","floor":16.0,"turns":7.0},{"damage":25.0,"enemies":"2 Thieves","floor":18.0,"turns":4.0},{"damage":15.0,"enemies":"3 Byrds","floor":22.0,"turns":7.0},{"damage":36.0,"enemies":"Slavers","floor":24.0,"turns":4.0},{"damage":22.0,"enemies":"Snecko","floor":27.0,"turns":5.0},{"damage":33.0,"enemies":"Book of Stabbing","floor":29.0,"turns":5.0},{"damage":1,"enemies":"Centurion and Healer","floor":30,"turns":8},{"damage":16,"enemies":"Gremlin Leader","floor":31,"turns":7},{"damage":41,"enemies":"Automaton","floor":33,"turns":6},{"damage":3,"enemies":"3 Darklings","floor":35,"turns":4},{"damage":1,"enemies":"Orb Walker","floor":37,"turns":4},{"damage":51,"enemies":"Jaw Worm Horde","floor":38,"turns":3},{"damage":16,"enemies":"4 Shapes","floor":39,"turns":4},{"damage":1,"enemies":"3 Darklings","floor":41,"turns":4},{"damage":30,"enemies":"Nemesis","floor":42,"turns":4},{"damage":40,"enemies":"Giant Head","floor":44,"turns":7},{"damage":18,"enemies":"Time Eater","floor":50,"turns":9},{"damage":55,"enemies":"Donu and Deca","floor":51,"turns":7},{"damage":30,"enemies":"Shield and Spear","floor":55,"turns":6},{"damage":99,"enemies":"The Heart","floor":56,"turns":10}],"seed_played":"6288630792283147718","potions_obtained":[{"floor":1.0,"key":"BloodPotion"},{"floor":7.0,"key":"hexamod:EctoCoolerPotion"},{"floor":10.0,"key":"champ:CounterPotion"},{"floor":13.0,"key":"BlessingOfTheForge"},{"floor":24.0,"key":"Dexterity Potion"},{"floor":33,"key":"Guardian:BlockOnCardUsePotion"}],"is_trial":false,"path_per_floor":["M","?","M","?","?","R","E","R","T","E","R","$","?","E","R","B",null,"M","?","?","?","M","R","E","R","T","M","R","E","M","E","R","B",null,"M","$","M","M","M","R","M","E","T","E","?","R","$","?","R","B","B",null,"R","$","E","B"],"character_chosen":"IRONCLAD","items_purchased":["Medical Kit","War Paint","Membership Card","True Grit"],"campfire_rested":3,"item_purchase_floors":[36,36,47,47],"current_hp_per_floor":[74,80,81,73,44,44,50,50,50,24,24,24,44,20,41,67,72,53,53,68,68,59,59,38,59,59,47,68,60,73,73,73,65,71,73,73,73,37,58,58,73,49,49,73,69,69,69,69,69,69,69,69,69,69,69,0,0],"gold":36,"neow_bonus":"THREE_ENEMY_KILL","is_daily":false,"chose_seed":false,"campfire_upgraded":8,"win_rate":0.0,"timestamp":1607999722,"path_taken":["M","?","M","?","?","R","E","R","T","E","R","$","?","E","R","BOSS","M","?","?","?","M","R","E","R","T","M","R","E","M","E","R","BOSS","M","?","?","M","M","R","M","E","T","E","?","R","$","?","R","BOSS","BOSS","R","$","E","BOSS"],"items_purchased_type":["Relic","Relic","Relic","Card"],"build_version":"2020-12-13","purchased_purges":3,"victory":false,"max_hp_per_floor":[75,81,81,73,73,73,73,73,73,73,73,73,73,73,73,73,73,73,73,73,73,73,73,73,73,73,73,73,73,73,73,73,73,73,73,73,73,73,73,73,73,73,73,73,69,69,69,69,69,69,69,69,69,69,69,69,69],"card_choices":[{"not_picked":["Ghostly Armor","Perfected Strike"],"picked":"Cleave","floor":1.0},{"not_picked":["Warcry","True Grit"],"picked":"Perfected Strike","floor":3.0},{"not_picked":["Warcry","Rupture","Iron Wave"],"picked":"SKIP","floor":7.0},{"not_picked":["Feel No Pain","Hemokinesis"],"picked":"Reaper","floor":10.0},{"not_picked":["Flex","Combust"],"picked":"Spot Weakness","floor":13.0},{"not_picked":["Body Slam","Havoc","Pommel Strike"],"picked":"SKIP","floor":14.0},{"not_picked":["Limit Break","Double Tap"],"picked":"Barricade","floor":16.0},{"not_picked":["Power Through","Headbutt"],"picked":"Flame Barrier","floor":18.0},{"not_picked":["Intimidate","Shrug It Off","Clash"],"picked":"SKIP","floor":22.0},{"not_picked":["Pommel Strike","Rupture","Body Slam"],"picked":"SKIP","floor":24.0},{"not_picked":["Perfected Strike+1","Wild Strike"],"picked":"Ghostly Armor+1","floor":27.0},{"not_picked":["Second Wind","Iron Wave","Flex"],"picked":"SKIP","floor":29.0},{"not_picked":["Fire Breathing","Flex","Body Slam"],"picked":"SKIP","floor":30},{"not_picked":["Berserk","Brutality"],"picked":"Limit Break","floor":31},{"not_picked":["Double Tap","Juggernaut"],"picked":"Exhume","floor":33},{"not_picked":["Havoc","Anger","Cleave"],"picked":"SKIP","floor":35},{"not_picked":["Perfected Strike","Impervious"],"picked":"Disarm+1","floor":37},{"not_picked":["Cleave+1","Iron Wave+1"],"picked":"Shockwave","floor":38},{"not_picked":["Bloodletting","Battle Trance+1","Pummel"],"picked":"SKIP","floor":39},{"not_picked":["Bloodletting","Battle Trance+1","Pummel"],"picked":"SKIP","floor":39},{"not_picked":["Carnage","Fire Breathing"],"picked":"Evolve","floor":41},{"not_picked":["Pummel","Pommel Strike","Searing Blow+1"],"picked":"SKIP","floor":42},{"not_picked":["Body Slam","Havoc","Flex"],"picked":"SKIP","floor":44},{"not_picked":["Flex","Heavy Blade","Havoc"],"picked":"SKIP","floor":55}],"player_experience":5138800,"relics_obtained":[{"floor":7.0,"key":"Torii"},{"floor":9.0,"key":"The Courier"},{"floor":10.0,"key":"Happy Flower"},{"floor":13.0,"key":"Odd Mushroom"},{"floor":14.0,"key":"Art of War"},{"floor":24.0,"key":"Mercury Hourglass"},{"floor":26.0,"key":"InkBottle"},{"floor":29.0,"key":"Bag of Preparation"},{"floor":31,"key":"Blue Candle"},{"floor":42,"key":"StrikeDummy"},{"floor":44,"key":"Akabeko"},{"floor":55,"key":"Pantograph"}],"event_choices":[{"damage_healed":0.0,"max_hp_gain":0.0,"max_hp_loss":0.0,"gold_gain":0.0,"event_name":"betterThird:BetterSerpent","player_choice":"RENOUNCE","floor":2.0,"gold_loss":109.0,"damage_taken":109.0,"cards_obtained":["Enlightenment"]},{"damage_healed":0.0,"max_hp_gain":0.0,"max_hp_loss":8.0,"gold_gain":0.0,"event_name":"Golden Idol","player_choice":"Lose Max HP","floor":4.0,"gold_loss":0.0,"damage_taken":0.0,"relics_obtained":["Golden Idol"]},{"damage_healed":0.0,"max_hp_gain":0.0,"max_hp_loss":0.0,"gold_gain":0.0,"event_name":"Mushrooms","player_choice":"Fought Mushrooms","floor":13.0,"gold_loss":0.0,"damage_taken":0.0},{"damage_healed":0.0,"max_hp_gain":0.0,"max_hp_loss":0.0,"gold_gain":0.0,"event_name":"BanditSerpent","player_choice":"Serpent","floor":19.0,"gold_loss":0.0,"damage_taken":0.0},{"damage_healed":15.0,"max_hp_gain":0.0,"max_hp_loss":0.0,"gold_gain":0.0,"event_name":"The Library","player_choice":"Heal","floor":20.0,"gold_loss":0.0,"damage_taken":0.0},{"damage_healed":0.0,"max_hp_gain":0.0,"max_hp_loss":0.0,"gold_gain":0.0,"cards_transformed":["Combust"],"event_name":"Transmorgrifier","player_choice":"Transformed","floor":21.0,"gold_loss":0.0,"damage_taken":0.0,"cards_obtained":["Rage"]},{"damage_healed":0,"gold_gain":0,"player_choice":"Max HP","damage_taken":0,"max_hp_gain":0,"max_hp_loss":4,"event_name":"Winding Halls","floor":45,"gold_loss":0},{"damage_healed":0,"gold_gain":0,"player_choice":"Paid","damage_taken":0,"relics_obtained":["Red Mask"],"max_hp_gain":0,"max_hp_loss":0,"event_name":"Tomb of Lord Red Mask","floor":48,"gold_loss":87}],"is_beta":false,"boss_relics":[{"not_picked":["Coffee Dripper","Ectoplasm"],"picked":"Pandora\u0027s Box"},{"not_picked":["Fusion Hammer","Black Star"],"picked":"Snecko Eye"}],"items_purged_floors":[12,36,47],"is_endless":false,"potions_floor_spawned":[1,7,10,13,24,29,31,33,37,38,39,55],"killed_by":"The Heart","ascension_level":20}}