{"host":"oeeu8njhzvf3llor","time":1607992464,"event":{"mods":["BaseMod","Better Match","Better Note","Better Skull","Better Third Choice","Hubris","Minty Spire (QoL Compilation)","Rare Cards Sparkle","Replay The Spire","Shop Mod","Spicy Shops","StSLib","Swap Starting Deck Mod"],"gold_per_floor":[118,133,148,166,166,193,193,228,252,279,39,65,65,85,85,182,182,198,198,208,42,58,91,106,106,152,197,197,221,221],"floor_reached":29,"playtime":1090,"items_purged":[],"score":347,"play_id":"87eb8a6b-4f15-4ff7-b7b5-ad0153122bf5","local_time":"20201214193424","is_ascension_mode":true,"campfire_choices":[{"floor":15,"key":"REST"},{"floor":25,"key":"REST"},{"floor":28,"key":"REST"}],"circlet_count":0,"master_deck":["Rampage+1","Headbutt","Headbutt+1","Headbutt","Headbutt","Shrug It Off","Shrug It Off","Shrug It Off","Shrug It Off","Battle Trance","Intimidate+1","Twin Strike","Headbutt","Inflame+1","Demon Form+1","Twin Strike","Inflame","Inflame","Whirlwind","Flex","Twin Strike","Berserk","Anger+1","ReplayTheSpireMod:Strike From Hell","ReplayTheSpireMod:Necrogeddon","Spot Weakness","Anger","Shrug It Off"],"relics":["Burning Blood","swapstartingdeckmod:Bellows","Shuriken","Gremlin Food","Dream Catcher","Odd Mushroom","hubris:Icosahedron","Pandora\u0027s Box","Mercury Hourglass","Replay:Bandana","Happy Flower"],"acts_visited":["Exordium","TheCity"],"potions_floor_usage":[11,16,23,23,29],"damage_taken":[{"damage":0,"enemies":"2 Louse","floor":1,"turns":2},{"damage":0,"enemies":"Jaw Worm","floor":2,"turns":3},{"damage":0,"enemies":"Small Slimes","floor":3,"turns":2},{"damage":0,"enemies":"Exordium Thugs","floor":4,"turns":4},{"damage":7,"enemies":"Replay:BlueRogue","floor":6,"turns":4},{"damage":23,"enemies":"Gremlin Nob","floor":8,"turns":4},{"damage":7,"enemies":"Replay:BlueRogue","floor":10,"turns":4},{"damage":5,"enemies":"The Mushroom Lair","floor":12,"turns":4},{"damage":7,"enemies":"Looter","floor":14,"turns":2},{"damage":29,"enemies":"The Guardian","floor":16,"turns":7},{"damage":19,"enemies":"Chosen","floor":18,"turns":4},{"damage":12,"enemies":"Spheric Guardian","floor":20,"turns":3},{"damage":25,"enemies":"Snecko","floor":22,"turns":6},{"damage":30,"enemies":"Book of Stabbing","floor":23,"turns":4},{"damage":26,"enemies":"Centurion and Healer","floor":24,"turns":5},{"damage":41,"enemies":"Gremlin Leader","floor":27,"turns":6},{"damage":35,"enemies":"Book of Stabbing","floor":29,"turns":3}],"seed_played":"-8986504717195167463","potions_obtained":[{"floor":1,"key":"Adrenaline Potion"},{"floor":3,"key":"Toxic Potion"},{"floor":6,"key":"GamblersBrew"},{"floor":22,"key":"BloodPotion"},{"floor":24,"key":"Energy Potion"}],"is_trial":false,"path_per_floor":["M","M","M","M","?","E","?","E","T","E","$","?","?","M","R","B",null,"M","?","M","$","M","E","M","R","T","E","R","E"],"character_chosen":"IRONCLAD","items_purchased":["Inflame","Whirlwind","Fruit Juice","ReplayTheSpireMod:Necrogeddon"],"campfire_rested":3,"item_purchase_floors":[11,11,11,21],"current_hp_per_floor":[80,80,80,80,80,79,79,62,62,61,66,67,67,66,85,62,85,72,72,66,66,47,40,20,45,45,10,35,0,0],"gold":221,"neow_bonus":"","is_daily":false,"chose_seed":false,"campfire_upgraded":0,"win_rate":0.0,"timestamp":1607992464,"path_taken":["M","M","M","M","?","E","?","E","T","E","$","?","?","M","R","BOSS","M","?","?","$","M","E","M","R","T","E","R","E"],"items_purchased_type":["Card","Card","Potion","Card"],"build_version":"2020-12-13","purchased_purges":0,"victory":false,"max_hp_per_floor":[80,80,80,80,80,80,80,80,80,80,85,85,85,85,85,85,85,85,85,85,85,85,85,85,85,85,85,85,85,85],"card_choices":[{"not_picked":["Armaments","Burning Pact"],"picked":"Intimidate","floor":1},{"not_picked":["Blood for Blood","hubris:ReadiedAction","Intimidate"],"picked":"SKIP","floor":2},{"not_picked":["Warcry","Armaments"],"picked":"Twin Strike","floor":3},{"not_picked":["hubris:ReadiedAction","Warcry"],"picked":"Headbutt","floor":4},{"not_picked":["hubris:ReadiedAction","hubris:CleavingFinish"],"picked":"Inflame","floor":6},{"not_picked":["Clothesline","hubris:ReadiedAction"],"picked":"Demon Form","floor":8},{"not_picked":["Heavy Blade","Flex"],"picked":"Twin Strike","floor":10},{"not_picked":["hubris:ReadiedAction","Disarm"],"picked":"Flex","floor":12},{"not_picked":["ReplayTheSpireMod:Strike From Hell","Run Through"],"picked":"Twin Strike","floor":14},{"not_picked":["Demonic Infusion","hubris:StunningStrike"],"picked":"Berserk","floor":16},{"not_picked":["Infernal Blade","Havoc"],"picked":"Anger+1","floor":18},{"not_picked":["Warcry","Body Slam+1"],"picked":"ReplayTheSpireMod:Strike From Hell","floor":20},{"not_picked":["Hemokinesis+1","Thunderclap","Bludgeon"],"picked":"SKIP","floor":22},{"not_picked":["Body Slam","Perfected Strike","Life Link"],"picked":"SKIP","floor":23},{"not_picked":["hubris:ReadiedAction","Abandon+1"],"picked":"Spot Weakness","floor":24},{"not_picked":["Impervious","Dark Embrace"],"picked":"Anger","floor":27},{"not_picked":["Havoc+1","Headbutt"],"picked":"Shrug It Off","floor":28}],"player_experience":461437,"relics_obtained":[{"floor":6,"key":"Shuriken"},{"floor":8,"key":"Gremlin Food"},{"floor":10,"key":"Dream Catcher"},{"floor":12,"key":"Odd Mushroom"},{"floor":23,"key":"Mercury Hourglass"},{"floor":26,"key":"Replay:Bandana"},{"floor":27,"key":"Happy Flower"}],"event_choices":[{"damage_healed":0,"gold_gain":0,"player_choice":"Ignored","damage_taken":0,"max_hp_gain":0,"max_hp_loss":0,"event_name":"Golden Wing","floor":7,"gold_loss":0},{"damage_healed":0,"gold_gain":0,"player_choice":"Fought Mushrooms","damage_taken":0,"max_hp_gain":0,"max_hp_loss":0,"event_name":"Mushrooms","floor":12,"gold_loss":0},{"damage_healed":0,"gold_gain":0,"player_choice":"Forge","damage_taken":0,"max_hp_gain":0,"max_hp_loss":0,"event_name":"Accursed Blacksmith","floor":19,"gold_loss":0,"cards_upgraded":["Demon Form"]}],"is_beta":false,"boss_relics":[{"not_picked":["Runic Pyramid","Replay:Drink Me"],"picked":"Pandora\u0027s Box"}],"items_purged_floors":[],"is_endless":false,"potions_floor_spawned":[1,3,6,8,22,24],"killed_by":"Book of Stabbing","ascension_level":1}}