{"host":"0fmi5fguj5lvt8pf","time":1607990583,"event":{"mods":["BaseMod","BetterRewards","Colored Map","Downfall","Minty Spire (QoL Compilation)","Permanent Neow","StSLib"],"gold_per_floor":[99,99,126,126,126,126,152,152,152,152,152],"floor_reached":10,"playtime":335,"items_purged":[],"score":85,"play_id":"1791ba50-3d50-4832-9a06-d5d342f4716c","local_time":"20201214160303","is_ascension_mode":false,"campfire_choices":[{"floor":1.0,"key":"RECALL"}],"circlet_count":0,"master_deck":["champ:Strike","champ:Strike","champ:Strike","champ:Defend","champ:Defend","champ:Defend","champ:Defend","champ:Taunt","champ:HeartStrike","champ:RageSigil"],"relics":["champ:ChampionCrown","downfall:HeartsMalice","downfall:BrokenWingStatue","hexamod:BolsterEngine"],"acts_visited":["Exordium"],"potions_floor_usage":[],"damage_taken":[{"damage":0,"enemies":"3 Sentries","floor":3,"turns":1},{"damage":0,"enemies":"Small Slimes","floor":4,"turns":1},{"damage":0,"enemies":"2 Louse","floor":9,"turns":1},{"damage":121,"enemies":"Lagavulin","floor":10,"turns":16}],"seed_played":"1263513890609034841","potions_obtained":[],"is_trial":false,"path_per_floor":["R","?","E","M","?","?","T","?","M","E"],"character_chosen":"THE_CHAMP","items_purchased":[],"campfire_rested":0,"item_purchase_floors":[],"current_hp_per_floor":[90,90,90,90,90,100,100,100,100,0,0],"gold":152,"neow_bonus":"THREE_ENEMY_KILL","is_daily":false,"chose_seed":false,"campfire_upgraded":0,"win_rate":0.0,"timestamp":1607990583,"path_taken":["R","?","E","M","?","?","T","?","M","E"],"items_purchased_type":[],"build_version":"2020-12-13","purchased_purges":0,"victory":false,"max_hp_per_floor":[90,90,90,90,90,100,100,100,100,100,100],"card_choices":[{"not_picked":["champ:RageSigil","champ:SkillfulDodge"],"picked":"champ:HeartStrike","floor":3},{"not_picked":["champ:Riposte","champ:RecklessLeap"],"picked":"champ:RageSigil","floor":4},{"not_picked":["champ:SkillfulDodge","champ:BladeFlurry","champ:BerserkersShout"],"picked":"SKIP","floor":9}],"player_experience":1146510,"relics_obtained":[{"floor":3,"key":"hexamod:BolsterEngine"}],"event_choices":[{"cards_removed":["champ:Execute"],"damage_healed":0,"gold_gain":0,"player_choice":"Card Removal","damage_taken":0,"max_hp_gain":0,"max_hp_loss":0,"event_name":"The Cleric","floor":5,"gold_loss":0},{"cards_removed":["champ:Strike"],"damage_healed":0,"gold_gain":0,"player_choice":"Purged","damage_taken":0,"max_hp_gain":0,"max_hp_loss":0,"event_name":"Purifier","floor":8,"gold_loss":0}],"is_beta":false,"boss_relics":[],"items_purged_floors":[],"is_endless":false,"potions_floor_spawned":[],"killed_by":"Lagavulin","ascension_level":0}}