{"host":"1z4hbl9vfqrhg136","time":1607993761,"event":{"mods":["BaseMod","Minty Spire (QoL Compilation)"],"gold_per_floor":[111,32,82,82,92,122,122,98,98,98,110,145,165,178,178,250,250,269,280,280,192,208,235,235,250,275,275,300,300,300,325,325,396,396,411,422,422,392,408,408,408,408],"floor_reached":41,"playtime":3416,"items_purged":[],"score":997,"play_id":"ca2224fb-78d7-4786-af94-e55259c6dfb5","local_time":"20201215005601","is_ascension_mode":true,"campfire_choices":[{"data":"Dash","floor":7.0,"key":"SMITH"},{"data":"Cloak And Dagger","floor":10.0,"key":"SMITH"},{"data":"1","floor":15.0,"key":"LIFT"},{"floor":24.0,"key":"REST"},{"floor":27.0,"key":"REST"},{"data":"2","floor":29.0,"key":"LIFT"},{"floor":32.0,"key":"REST"},{"floor":40,"key":"REST"}],"circlet_count":0,"master_deck":["AscendersBane","Strike_G","Strike_G","Strike_G","Strike_G","Strike_G","Defend_G","Defend_G","Defend_G","Defend_G","Defend_G","Survivor","Neutralize","Sucker Punch","Dash+1","Cloak And Dagger+1","Backstab","Blade Dance","Footwork","Corpse Explosion","Dodge and Roll","Accuracy","Malaise","Riddle With Holes+1","Calculated Gamble","J.A.X.","Caltrops","Leg Sweep+1","PiercingWail","Flechettes+1","Slice+1","Accuracy","Bullet Time","Cloak And Dagger","Prepared+1","Tactician+1"],"relics":["Ring of the Serpent","NeowsBlessing","Vajra","Mummified Hand","Molten Egg 2","Girya","Runic Pyramid","Strawberry","Pen Nib","Regal Pillow","Gremlin Horn"],"acts_visited":["Exordium","TheCity","TheBeyond"],"potions_floor_usage":[36,39,41],"damage_taken":[{"damage":0.0,"enemies":"Jaw Worm","floor":1.0,"turns":1.0},{"damage":0.0,"enemies":"Cultist","floor":5.0,"turns":1.0},{"damage":0.0,"enemies":"Gremlin Nob","floor":6.0,"turns":1.0},{"damage":1.0,"enemies":"2 Louse","floor":11.0,"turns":3.0},{"damage":12.0,"enemies":"3 Sentries","floor":12.0,"turns":7.0},{"damage":5.0,"enemies":"Gremlin Gang","floor":13.0,"turns":4.0},{"damage":0.0,"enemies":"Red Slaver","floor":14.0,"turns":2.0},{"damage":11.0,"enemies":"Hexaghost","floor":16.0,"turns":7.0},{"damage":5.0,"enemies":"Spheric Guardian","floor":18.0,"turns":4.0},{"damage":4.0,"enemies":"Shell Parasite","floor":19.0,"turns":4.0},{"damage":17.0,"enemies":"Snake Plant","floor":22.0,"turns":5.0},{"damage":34.0,"enemies":"Gremlin Leader","floor":23.0,"turns":10.0},{"damage":13.0,"enemies":"Sentry and Sphere","floor":25.0,"turns":6.0},{"damage":15.0,"enemies":"Book of Stabbing","floor":28.0,"turns":5.0},{"damage":0.0,"enemies":"Shelled Parasite and Fungi","floor":30.0,"turns":1.0},{"damage":13.0,"enemies":"Slavers","floor":31.0,"turns":4.0},{"damage":41,"enemies":"Automaton","floor":33,"turns":6},{"damage":11,"enemies":"Orb Walker","floor":35,"turns":2},{"damage":8,"enemies":"3 Shapes","floor":36,"turns":3},{"damage":41,"enemies":"Writhing Mass","floor":39,"turns":5},{"damage":50,"enemies":"Giant Head","floor":41,"turns":7}],"seed_played":"-5825228658948923009","potions_obtained":[{"floor":5.0,"key":"FearPotion"},{"floor":11.0,"key":"CunningPotion"},{"floor":12.0,"key":"FairyPotion"},{"floor":14.0,"key":"EntropicBrew"},{"floor":16.0,"key":"Block Potion"},{"floor":19.0,"key":"Strength Potion"},{"floor":22.0,"key":"Fruit Juice"},{"floor":23.0,"key":"Dexterity Potion"},{"floor":28.0,"key":"SmokeBomb"},{"floor":35,"key":"Regen Potion"},{"floor":38,"key":"SpeedPotion"},{"floor":38,"key":"Weak Potion"}],"is_trial":false,"path_per_floor":["M","$","?","?","M","E","R","$","T","R","M","E","M","M","R","B",null,"M","M","?","$","M","E","R","M","T","R","E","R","M","E","R","B",null,"M","M","?","?","M","R","E"],"character_chosen":"THE_SILENT","items_purchased":["Dash","Blade Dance","Caltrops"],"campfire_rested":4,"item_purchase_floors":[2,8,21],"current_hp_per_floor":[59,59,59,54,54,54,54,54,54,54,53,41,36,36,36,25,56,51,47,47,47,35,8,31,18,18,41,26,26,26,13,51,10,61,50,51,51,51,10,47,0,0],"gold":408,"neow_bonus":"THREE_ENEMY_KILL","is_daily":false,"chose_seed":false,"campfire_upgraded":2,"win_rate":0.0,"timestamp":1607993761,"path_taken":["M","$","?","?","M","E","R","?","T","R","M","E","M","?","R","BOSS","M","M","?","$","M","E","R","M","T","R","E","R","M","E","R","BOSS","M","M","?","?","?","R","E"],"items_purchased_type":["Card","Card","Card"],"build_version":"2020-12-13","purchased_purges":0,"victory":false,"max_hp_per_floor":[66,66,66,66,66,66,66,66,66,66,66,66,66,66,66,66,66,66,66,66,66,71,78,78,78,78,78,78,78,78,78,78,78,78,78,78,74,74,74,74,74,74],"card_choices":[{"not_picked":["Outmaneuver","Deflect"],"picked":"Sucker Punch","floor":1.0},{"not_picked":["Backflip","Bane"],"picked":"Cloak And Dagger","floor":5.0},{"not_picked":["Choke","Bane"],"picked":"Backstab","floor":6.0},{"not_picked":["Outmaneuver","Slice+1"],"picked":"Footwork","floor":11.0},{"not_picked":["Setup","Flying Knee+1"],"picked":"Corpse Explosion","floor":12.0},{"not_picked":["Concentrate","Acrobatics"],"picked":"Dodge and Roll","floor":13.0},{"not_picked":["Terror","Expertise"],"picked":"Accuracy","floor":14.0},{"not_picked":["Burst","Unload+1"],"picked":"Malaise","floor":16.0},{"not_picked":["Slice+1","Poisoned Stab+1"],"picked":"Riddle With Holes+1","floor":18.0},{"not_picked":["Quick Slash+1","Bane+1"],"picked":"Calculated Gamble","floor":19.0},{"not_picked":["Underhanded Strike+1","Dagger Spray+1"],"picked":"Leg Sweep+1","floor":22.0},{"not_picked":["Outmaneuver","Endless Agony+1"],"picked":"PiercingWail","floor":23.0},{"not_picked":["Bane+1","All Out Attack+1"],"picked":"Flechettes+1","floor":25.0},{"not_picked":["Flechettes+1","Sucker Punch+1"],"picked":"Slice+1","floor":28.0},{"not_picked":["Riddle With Holes+1","Dagger Throw+1"],"picked":"Accuracy","floor":31.0},{"not_picked":["Malaise","Burst"],"picked":"Bullet Time","floor":33},{"not_picked":["Blade Dance","Deadly Poison"],"picked":"Cloak And Dagger","floor":35},{"not_picked":["Backflip","Deflect"],"picked":"Prepared+1","floor":36},{"not_picked":["Backflip","Blade Dance"],"picked":"Tactician+1","floor":39}],"player_experience":1826141,"relics_obtained":[{"floor":6.0,"key":"Mummified Hand"},{"floor":9.0,"key":"Molten Egg 2"},{"floor":12.0,"key":"Girya"},{"floor":23.0,"key":"Strawberry"},{"floor":26.0,"key":"Pen Nib"},{"floor":28.0,"key":"Regal Pillow"},{"floor":31.0,"key":"Gremlin Horn"}],"event_choices":[{"damage_healed":0.0,"max_hp_gain":0.0,"max_hp_loss":0.0,"gold_gain":50.0,"event_name":"Golden Wing","player_choice":"Gained Gold","floor":3.0,"gold_loss":0.0,"damage_taken":0.0},{"damage_healed":0.0,"max_hp_gain":0.0,"max_hp_loss":0.0,"gold_gain":0.0,"event_name":"Scrap Ooze","player_choice":"Success","floor":4.0,"gold_loss":0.0,"damage_taken":5.0,"relics_obtained":["Vajra"]},{"damage_healed":0.0,"max_hp_gain":0.0,"max_hp_loss":0.0,"gold_gain":0.0,"event_name":"Drug Dealer","player_choice":"Obtain J.A.X.","floor":20.0,"gold_loss":0.0,"damage_taken":0.0,"cards_obtained":["J.A.X."]},{"damage_healed":0,"gold_gain":0,"player_choice":"Max HP","damage_taken":0,"max_hp_gain":0,"max_hp_loss":4,"event_name":"Winding Halls","floor":37,"gold_loss":0},{"damage_healed":0,"gold_gain":0,"player_choice":"Bought 2 Potions","damage_taken":0,"max_hp_gain":0,"max_hp_loss":0,"event_name":"The Woman in Blue","floor":38,"gold_loss":0}],"is_beta":false,"boss_relics":[{"not_picked":["Tiny House","Empty Cage"],"picked":"Runic Pyramid"},{"not_picked":["Calling Bell","Runic Dome"],"picked":"Ring of the Serpent"}],"items_purged_floors":[],"is_endless":false,"potions_floor_spawned":[5,11,12,14,16,19,22,23,28,35],"killed_by":"Giant Head","ascension_level":20}}