{"host":"7z347kdhnquy3q4q","time":1607993426,"event":{"mods":["Act Like it!","Aspiration","BaseMod","Hubris","Infinite Spire","Minty Spire (QoL Compilation)","Permanent Neow","Potionbrewer","Replay The Spire","Robot Space Explorer","StSLib","Wandering Minibosses","vexMod"],"gold_per_floor":[109,109,109,127,127,127,154,154,181,181,209,209,222,60,60,162,162,178,25,25,36,51,81,101,101,101,101,213,233,233,233,233,183,183],"floor_reached":33,"playtime":1670,"items_purged":[],"score":382,"play_id":"3a2d29e4-7f8a-418a-8ec0-ffdd3d9b9a42","local_time":"20201214185026","is_ascension_mode":true,"campfire_choices":[{"floor":6,"key":"REST"},{"floor":8,"key":"REST"},{"data":"RobotSpaceExplorer:Multitool","floor":10,"key":"SMITH"},{"data":"RobotSpaceExplorer:PowerGlove","floor":12,"key":"SMITH"},{"floor":15,"key":"REST"},{"floor":25,"key":"REST"},{"floor":30,"key":"REST"},{"floor":32,"key":"REST"}],"circlet_count":0,"master_deck":["RobotSpaceExplorer:Strike+1","RobotSpaceExplorer:Strike","RobotSpaceExplorer:Strike","RobotSpaceExplorer:Defend","RobotSpaceExplorer:Defend","RobotSpaceExplorer:Defend","RobotSpaceExplorer:Defend","RobotSpaceExplorer:Scan","RobotSpaceExplorer:MiniLasers","RobotSpaceExplorer:Multitool+1","RobotSpaceExplorer:Pulsar","RobotSpaceExplorer:Electropulse+1","RobotSpaceExplorer:LuckyStrike","RobotSpaceExplorer:ShockKick","RobotSpaceExplorer:Asteroid","Impatience","RobotSpaceExplorer:SurgingShield","RobotSpaceExplorer:PowerGlove+1","RobotSpaceExplorer:PowerCollector","The Bomb","RobotSpaceExplorer:Asteroid","RobotSpaceExplorer:Reload+1","RobotSpaceExplorer:MetalStrike","RobotSpaceExplorer:LaserBurst","RobotSpaceExplorer:Calculate","RobotSpaceExplorer:Pulsar","wanderingMiniBosses:FinaleOfPromise","RobotSpaceExplorer:Probe","RobotSpaceExplorer:ToxicBomb"],"relics":["RobotSpaceExplorer:RoboCore","hubris:AstralHammer","ReplayTheSpireMod:Lightbulb","Replay:Wax Seal","hubris:GrandSneckoEye","Whetstone","MutagenicStrength","vexMod:ScavengeHelm","StrikeDummy","hubris:Icosahedron","wanderingMiniBosses:Blackblade"],"acts_visited":["Exordium","TheCity"],"potions_floor_usage":[11,16,23,28,28,33],"damage_taken":[{"damage":6,"enemies":"Small Slimes","floor":1,"turns":5},{"damage":0,"enemies":"2 Louse","floor":4,"turns":1},{"damage":15,"enemies":"Lagavulin","floor":7,"turns":5},{"damage":11,"enemies":"Gremlin Nob","floor":11,"turns":4},{"damage":9,"enemies":"Cultist","floor":13,"turns":5},{"damage":28,"enemies":"Slime Boss","floor":16,"turns":6},{"damage":13,"enemies":"2 Thieves","floor":18,"turns":3},{"damage":10,"enemies":"Shell Parasite","floor":21,"turns":4},{"damage":10,"enemies":"Shelled Parasite and Fungi","floor":22,"turns":3},{"damage":14,"enemies":"Book of Stabbing","floor":23,"turns":4},{"damage":0,"enemies":"Chosen and Byrds","floor":24,"turns":3},{"damage":24,"enemies":"Snake Plant","floor":28,"turns":5},{"damage":4,"enemies":"3 Cultists","floor":29,"turns":3},{"damage":13,"enemies":"Champ","floor":33,"turns":7}],"seed_played":"4291770549110354894","potions_obtained":[{"floor":1,"key":"RobotSpaceExplorer:LiquidFusion"},{"floor":4,"key":"Elixir"},{"floor":13,"key":"FearPotion"},{"floor":21,"key":"Swift Potion"},{"floor":23,"key":"Dexterity Potion"},{"floor":24,"key":"infinitespire:BlackPotion"},{"floor":29,"key":"SteroidPotion"}],"is_trial":false,"path_per_floor":["M","?","?","M","?","R","E","R","T","R","E","R","M","$","R","B",null,"M","$","?","M","M","E","M","R","T","?","M","M","R","?","R","B"],"character_chosen":"RobotSpaceExplorer","items_purchased":["The Bomb","Whetstone"],"campfire_rested":6,"item_purchase_floors":[14,19],"current_hp_per_floor":[44,44,44,44,44,66,51,73,73,73,62,62,53,53,75,47,68,55,55,55,45,35,21,21,43,43,43,19,15,37,25,47,34,34],"gold":183,"neow_bonus":"THREE_RARE_CARDS","is_daily":false,"chose_seed":false,"campfire_upgraded":2,"win_rate":0.0,"timestamp":1607993426,"path_taken":["M","?","?","M","?","R","E","R","T","R","E","R","M","$","R","BOSS","M","?","?","M","M","E","M","R","T","?","M","?","R","?","R","BOSS"],"items_purchased_type":["Card","Relic"],"build_version":"2020-12-13","purchased_purges":0,"victory":false,"max_hp_per_floor":[75,75,75,75,75,75,75,75,75,75,75,75,75,75,75,75,75,75,75,75,75,75,75,75,75,75,75,75,75,75,75,75,75,75],"card_choices":[{"not_picked":["RobotSpaceExplorer:ChargingLaser","RobotSpaceExplorer:Accelerator"],"picked":"RobotSpaceExplorer:Multitool","floor":0},{"not_picked":["RobotSpaceExplorer:FreezingShield","RobotSpaceExplorer:Counterblock"],"picked":"RobotSpaceExplorer:Pulsar","floor":1},{"not_picked":["RobotSpaceExplorer:ScrapShield","RobotSpaceExplorer:SlimeMissile"],"picked":"RobotSpaceExplorer:LuckyStrike","floor":4},{"not_picked":["RobotSpaceExplorer:StunGrenade","RobotSpaceExplorer:SurgingStrike"],"picked":"RobotSpaceExplorer:SurgingShield","floor":7},{"not_picked":["RobotSpaceExplorer:SurgingStrike","RobotSpaceExplorer:StarDust"],"picked":"RobotSpaceExplorer:PowerGlove","floor":11},{"not_picked":["RobotSpaceExplorer:FrostMissile","RobotSpaceExplorer:Fix"],"picked":"RobotSpaceExplorer:PowerCollector","floor":13},{"not_picked":["RobotSpaceExplorer:ChargingLaser","RobotSpaceExplorer:Accelerator"],"picked":"RobotSpaceExplorer:Asteroid","floor":16},{"not_picked":["RobotSpaceExplorer:GlueSpray","RobotSpaceExplorer:Counterblock"],"picked":"RobotSpaceExplorer:Reload+1","floor":18},{"not_picked":["RobotSpaceExplorer:ScrapMissile","RobotSpaceExplorer:Pulsar"],"picked":"RobotSpaceExplorer:MetalStrike","floor":21},{"not_picked":["RobotSpaceExplorer:ShovelStrike","RobotSpaceExplorer:GlueShot"],"picked":"RobotSpaceExplorer:LaserBurst","floor":22},{"not_picked":["RobotSpaceExplorer:DoubleBlock","RobotSpaceExplorer:Electropulse"],"picked":"RobotSpaceExplorer:Calculate","floor":23},{"not_picked":["RobotSpaceExplorer:StunGrenade","RobotSpaceExplorer:FreezingShield"],"picked":"RobotSpaceExplorer:Pulsar","floor":24},{"not_picked":[],"picked":"wanderingMiniBosses:FinaleOfPromise","floor":28},{"not_picked":["RobotSpaceExplorer:SlimeMissile","RobotSpaceExplorer:GlueShot"],"picked":"RobotSpaceExplorer:Probe","floor":28},{"not_picked":["RobotSpaceExplorer:PowerGlove","RobotSpaceExplorer:SwiftStep"],"picked":"RobotSpaceExplorer:ToxicBomb","floor":29}],"player_experience":1825854,"relics_obtained":[{"floor":7,"key":"hubris:AstralHammer"},{"floor":9,"key":"ReplayTheSpireMod:Lightbulb"},{"floor":11,"key":"Replay:Wax Seal"},{"floor":23,"key":"vexMod:ScavengeHelm"},{"floor":26,"key":"StrikeDummy"},{"floor":28,"key":"wanderingMiniBosses:Blackblade"}],"event_choices":[{"damage_healed":0,"gold_gain":0,"player_choice":"3 cards matched","damage_taken":0,"max_hp_gain":0,"max_hp_loss":0,"event_name":"Match and Keep!","floor":5,"gold_loss":0,"cards_obtained":["RobotSpaceExplorer:ShockKick","RobotSpaceExplorer:Asteroid","Impatience"]},{"damage_healed":0,"gold_gain":0,"player_choice":"Inject Mutagens","damage_taken":0,"relics_obtained":["MutagenicStrength"],"max_hp_gain":0,"max_hp_loss":0,"event_name":"Drug Dealer","floor":20,"gold_loss":0},{"damage_healed":0,"gold_gain":0,"player_choice":"CARD ","damage_taken":12,"max_hp_gain":0,"max_hp_loss":0,"event_name":"Knowing Skull","floor":31,"potions_obtained":[],"gold_loss":0,"cards_obtained":["ReplayTheSpireMod:Uncanny Aura"]}],"is_beta":false,"boss_relics":[{"not_picked":["Cursed Key","aspiration:IroncladSkillbook"],"picked":"hubris:GrandSneckoEye"}],"items_purged_floors":[],"is_endless":false,"potions_floor_spawned":[1,4,13,21,23,24,29],"killed_by":"Champ","ascension_level":8}}