{"host":"juqmwis5balotvcq","time":1607995460,"event":{"mods":["AchievementEnabler","Aspiration","BaseMod","Better Altar","Better Match","Better Note","Better Sensory Stone","Better Skull","Better Third Choice","BetterRewards","CCEM","Colored Map","Conspire","Downfall","GifTheSpireLib","Googly Eyes","Highlight Path","Minty Spire (QoL Compilation)","Permanent Neow","Replay The Spire","Spicy Shops","StSLib","The IronCluck","Unceasing Turn Reminder","everything is the same but u backflip on backflip"],"gold_per_floor":[99,114,114,114,39,57,57,57,84,9,25,10,28,13,23,23,23],"floor_reached":16,"playtime":1236,"items_purged":[],"score":100,"play_id":"2854e2c9-3d87-44f6-8908-f726a1573457","local_time":"20201214172420","is_ascension_mode":false,"campfire_choices":[{"data":"champ:Strike","floor":1,"key":"PURGE"},{"floor":3,"key":"RECALL"},{"data":"champ:Taunt","floor":5,"key":"SMITH"},{"data":"champ:CalledShot","floor":10,"key":"SMITH"}],"circlet_count":0,"master_deck":["champ:Strike","champ:Strike+1","champ:Strike","champ:Defend","champ:Defend+1","champ:Defend+1","champ:Defend","champ:Execute","champ:Taunt+1","Regret","champ:CrookedStrike","Adrenaline","champ:CalledShot+1","champ:ShieldWall","champ:Riposte"],"relics":["aspiration:SecretTechniqueScroll","downfall:HeartBlessingRed","Counterbalance","Ancient Tea Set","Tiny Chest","downfall:HeartBlessingGreen"],"acts_visited":["Exordium"],"potions_floor_usage":[9,16],"damage_taken":[{"damage":14,"enemies":"Jaw Worm","floor":2,"turns":4},{"damage":16,"enemies":"Cultist","floor":6,"turns":3},{"damage":58,"enemies":"Lagavulin","floor":9,"turns":9},{"damage":1,"enemies":"2 Louse","floor":11,"turns":2},{"damage":16,"enemies":"downfall:FleeingMerchant","floor":12,"turns":4},{"damage":8,"enemies":"Exordium Wildlife","floor":13,"turns":3},{"damage":16,"enemies":"downfall:FleeingMerchant","floor":14,"turns":4},{"damage":22,"enemies":"Large Slime","floor":15,"turns":6},{"damage":20,"enemies":"downfall:Defect","floor":16,"turns":4}],"seed_played":"4031728217099271883","potions_obtained":[{"floor":6,"key":"champ:TechniquePotion"},{"floor":11,"key":"FearPotion"},{"floor":13,"key":"Swift Potion"}],"is_trial":false,"path_per_floor":["R_BF","M","R","?","R","M","T","?","E","R","M","$","M","$","M","B"],"character_chosen":"THE_CHAMP","items_purchased":[],"campfire_rested":0,"item_purchase_floors":[],"current_hp_per_floor":[90,88,88,88,88,85,85,73,39,39,38,32,29,25,18,0,0],"gold":23,"neow_bonus":"BOSS_RELIC","is_daily":false,"chose_seed":false,"campfire_upgraded":2,"win_rate":0.0,"timestamp":1607995460,"path_taken":["R_BF","M","R","?","R","M","T","?","E","R","M","?","M","$","M","BOSS"],"items_purchased_type":[],"build_version":"2020-12-13","purchased_purges":0,"victory":false,"max_hp_per_floor":[90,90,90,90,90,90,90,90,90,90,90,90,90,90,90,90,90],"card_choices":[{"not_picked":["champ:FlashCut","champ:GladiatorsShout","champ:FanOfKnives"],"picked":"SKIP","floor":2},{"not_picked":["champ:BerserkersShout","champ:Lariat"],"picked":"champ:CrookedStrike","floor":6},{"not_picked":["champ:ArenaPreparation","champ:RisingSlash"],"picked":"champ:CalledShot","floor":9},{"not_picked":["champ:GladiatorsShout","champ:Encircle","champ:GutPunch"],"picked":"SKIP","floor":11},{"not_picked":["champ:Haymaker","champ:CrookedStrike","champ:ShieldThrow"],"picked":"SKIP","floor":12},{"not_picked":["champ:Shatter","champ:StanceDance","champ:PerfectedStrike"],"picked":"SKIP","floor":13},{"not_picked":["champ:BerserkersShout","champ:FaceSlap"],"picked":"champ:ShieldWall","floor":14},{"not_picked":["champ:Encircle","champ:AdrenalArmor"],"picked":"champ:Riposte","floor":15}],"player_experience":322203,"relics_obtained":[{"floor":7,"key":"Counterbalance"},{"floor":9,"key":"Tiny Chest"}],"event_choices":[],"is_beta":false,"boss_relics":[],"items_purged_floors":[],"is_endless":false,"potions_floor_spawned":[6,11,13],"killed_by":"downfall:Defect","ascension_level":0}}