{"host":"vddnn8yddbh0df4g","time":1607992207,"event":{"mods":["Act Like it!","BaseMod","Beaked The Cultist","Downfall","Hallownest","Hermit","Minty Spire (QoL Compilation)","Shop Mod","StSLib","SuperFastMode","The Bug Knight","The Runesmith","The Vixen"],"gold_per_floor":[0,25,36,52,69,79,106,16,26,26,49,62,75,75,87,87,87],"floor_reached":16,"playtime":958,"items_purged":["octo:OctoGladiat"],"score":106,"play_id":"591c7efd-a869-4b0c-adae-7a1fa6748257","local_time":"20201214173007","is_ascension_mode":false,"campfire_choices":[{"data":"champ:Taunt","floor":1,"key":"SMITH"},{"data":"champ:StanceDance","floor":10,"key":"SMITH"}],"circlet_count":0,"master_deck":["champ:Strike","champ:Strike","champ:Strike","champ:Strike","champ:Defend","champ:Defend","champ:Defend","champ:Defend","champ:Execute","champ:Taunt+1","expansioncontent:Corrupt","champ:BladeFlurry","champ:VampiricStrike","champ:FlashCut","champ:DefensiveShout","champ:StanceDance+1","champ:TornadoPunch","champ:PerfectForm","champ:GladiatorStyle"],"relics":["champ:ChampionCrown","champ:DefensiveTrainingManual","Centennial Puzzle","Odd Mushroom"],"acts_visited":["Exordium"],"potions_floor_usage":[8,16,16,16],"damage_taken":[{"damage":32,"enemies":"Lagavulin","floor":2,"turns":8},{"damage":11,"enemies":"2 Louse","floor":3,"turns":3},{"damage":1,"enemies":"Jaw Worm","floor":4,"turns":3},{"damage":8,"enemies":"Cultist","floor":5,"turns":3},{"damage":13,"enemies":"Red Slaver","floor":6,"turns":2},{"damage":10,"enemies":"downfall:FleeingMerchant","floor":8,"turns":4},{"damage":5,"enemies":"2 Fungi Beasts","floor":9,"turns":3},{"damage":9,"enemies":"The Mushroom Lair","floor":11,"turns":3},{"damage":10,"enemies":"Exordium Thugs","floor":12,"turns":4},{"damage":13,"enemies":"3 Louse","floor":13,"turns":4},{"damage":2,"enemies":"2 Fungi Beasts","floor":15,"turns":3},{"damage":95,"enemies":"downfall:Defect","floor":16,"turns":6}],"seed_played":"-1923616798703922219","potions_obtained":[{"floor":3,"key":"champ:CounterPotion"},{"floor":4,"key":"BlessingOfTheForge"},{"floor":5,"key":"EssenceOfSteel"},{"floor":9,"key":"SneckoOil"},{"floor":15,"key":"Regen Potion"}],"is_trial":false,"path_per_floor":["R","E","M","M","M","M","T","$","M","R","?","M","M","?","M","B"],"character_chosen":"THE_CHAMP","items_purchased":[],"campfire_rested":0,"item_purchase_floors":[],"current_hp_per_floor":[90,68,57,56,65,62,62,57,69,69,70,69,72,77,85,0,0],"gold":87,"neow_bonus":"RANDOM_COLORLESS_2","is_daily":false,"chose_seed":false,"campfire_upgraded":2,"win_rate":0.0,"timestamp":1607992207,"path_taken":["R","E","M","M","M","M","T","$","M","R","?","M","M","?","M","BOSS"],"items_purchased_type":[],"build_version":"2020-12-13","purchased_purges":1,"victory":false,"max_hp_per_floor":[90,90,90,90,90,90,90,90,90,90,90,90,90,90,90,90,90],"card_choices":[{"not_picked":["Master of Strategy","Secret Weapon"],"picked":"expansioncontent:Corrupt","floor":0},{"not_picked":["champ:BerserkersShout","champ:FanOfKnives"],"picked":"champ:BladeFlurry","floor":2},{"not_picked":["champ:BerserkersShout","champ:GladiatorsShout"],"picked":"champ:CrookedStrike","floor":3},{"not_picked":["champ:BladeFlurry","champ:CrookedStrike"],"picked":"champ:VampiricStrike","floor":4},{"not_picked":["champ:CrookedStrike","champ:Riposte"],"picked":"champ:FlashCut","floor":5},{"not_picked":["champ:BerserkersShout","champ:PerfectedStrike"],"picked":"champ:DefensiveShout","floor":6},{"not_picked":["champ:FlashCut","champ:HeartStrike"],"picked":"champ:StanceDance","floor":8},{"not_picked":["champ:AdrenalArmor","champ:BringItOn"],"picked":"champ:TornadoPunch","floor":9},{"not_picked":["champ:Encircle","champ:PerfectedStrike","champ:DefensiveShout"],"picked":"SKIP","floor":12},{"not_picked":["champ:FightOn","champ:BerserkersShout"],"picked":"champ:PerfectForm","floor":13},{"not_picked":["champ:EnGarde","champ:FlashCut"],"picked":"champ:GladiatorStyle","floor":15}],"player_experience":677708,"relics_obtained":[{"floor":2,"key":"champ:DefensiveTrainingManual"},{"floor":7,"key":"Centennial Puzzle"},{"floor":11,"key":"Odd Mushroom"}],"event_choices":[{"damage_healed":0,"gold_gain":0,"player_choice":"Fought Mushrooms","damage_taken":0,"max_hp_gain":0,"max_hp_loss":0,"event_name":"Mushrooms","floor":11,"gold_loss":0},{"cards_removed":["champ:CrookedStrike"],"damage_healed":5,"gold_gain":0,"player_choice":"Offered Common","damage_taken":0,"max_hp_gain":0,"max_hp_loss":0,"event_name":"Bonfire Elementals","floor":14,"gold_loss":0},{"cards_removed":["champ:CrookedStrike"],"damage_healed":5,"gold_gain":0,"player_choice":"Offered Special","damage_taken":0,"max_hp_gain":0,"max_hp_loss":0,"event_name":"Bonfire Elementals","floor":14,"gold_loss":0}],"is_beta":false,"boss_relics":[],"items_purged_floors":[8],"is_endless":false,"potions_floor_spawned":[3,4,5,9,15],"killed_by":"downfall:Defect","ascension_level":0}}