{"host":"hdafziggwnbzqpcb","time":1607994851,"event":{"mods":["BaseMod","Better Vampires","Colored Map","Colored Powertips","GifTheSpireLib","Minty Spire (QoL Compilation)","Quick Restart","Rare Cards Sparkle","StSLib","The Bug Knight","The Cursed","TheHero"],"gold_per_floor":[116,116,41,53,128,128,144,174,201,201,219,284,284,297,297,297,297],"floor_reached":16,"playtime":712,"items_purged":["HollowMod:NailStrikeStart"],"score":100,"play_id":"27de944d-21d1-4f99-a803-2306944d2387","local_time":"20201214171411","is_ascension_mode":false,"campfire_choices":[{"data":"HollowMod:CycloneSlash","floor":6,"key":"SMITH"},{"data":"HollowMod:PogoStrike","floor":10,"key":"SMITH"},{"floor":15,"key":"REST"}],"circlet_count":0,"master_deck":["HollowMod:NailStrikeStart","HollowMod:NailStrikeStart","HollowMod:NailStrikeStart","HollowMod:QuickDashStart","HollowMod:QuickDashStart","HollowMod:QuickDashStart","HollowMod:FocusHealStart","HollowMod:PogoStrike+1","HollowMod:CycloneSlash+1","HollowMod:DreamGate","HollowMod:CycloneSlash","HollowMod:DashSlash"],"relics":["HollowMod:VesselMask","NeowsBlessing","Art of War","Pen Nib","Golden Idol"],"acts_visited":["Exordium"],"potions_floor_usage":[14,16],"damage_taken":[{"damage":0.0,"enemies":"Small Slimes","floor":1.0,"turns":1.0},{"damage":0.0,"enemies":"2 Louse","floor":4.0,"turns":1.0},{"damage":0,"enemies":"Cultist","floor":7,"turns":1},{"damage":25,"enemies":"3 Sentries","floor":8,"turns":8},{"damage":0,"enemies":"Large Slime","floor":11,"turns":4},{"damage":28,"enemies":"Gremlin Nob","floor":12,"turns":4},{"damage":1,"enemies":"Looter","floor":14,"turns":2},{"damage":53,"enemies":"HollowMod:FalseKnight","floor":16,"turns":9}],"seed_played":"6575149087052799923","potions_obtained":[{"floor":8,"key":"Explosive Potion"},{"floor":14,"key":"Block Potion"}],"is_trial":false,"path_per_floor":["M","?","$","M","?","R","M","E","T","R","M","?","?","M","R","B"],"character_chosen":"THE_BUGKNIGHT","items_purchased":[],"campfire_rested":1,"item_purchase_floors":[],"current_hp_per_floor":[75,75,75,75,68,68,68,53,53,53,65,37,19,18,40,0,0],"gold":297,"neow_bonus":"THREE_ENEMY_KILL","is_daily":false,"chose_seed":false,"campfire_upgraded":2,"win_rate":0.0,"timestamp":1607994851,"path_taken":["M","?","$","M","?","R","?","E","T","R","M","?","?","M","R","BOSS"],"items_purchased_type":[],"build_version":"2020-12-13","purchased_purges":1,"victory":false,"max_hp_per_floor":[75,75,75,75,75,75,75,75,75,75,75,75,75,75,75,75,75],"card_choices":[{"not_picked":["HollowMod:InfectedAttack","HollowMod:MantisMark"],"picked":"HollowMod:CycloneSlash","floor":1.0},{"not_picked":["HollowMod:HowlingWraiths","HollowMod:SoulSplash"],"picked":"HollowMod:DreamGate","floor":4.0},{"not_picked":["HollowMod:InfectedCysts","HollowMod:GrimmsGift","HollowMod:SoulSplash"],"picked":"SKIP","floor":7},{"not_picked":["HollowMod:InfectedAttack","HollowMod:SharpenedShadows","HollowMod:CrystalDash"],"picked":"SKIP","floor":8},{"not_picked":["HollowMod:TaintedHusks","HollowMod:SharpenedNail"],"picked":"HollowMod:CycloneSlash","floor":11},{"not_picked":["HollowMod:AwokenDreamNail","HollowMod:NewLittleFool"],"picked":"HollowMod:DashSlash","floor":12},{"not_picked":["HollowMod:DoubleDash","HollowMod:WraithStrike","HollowMod:GrimmsGift"],"picked":"SKIP","floor":14}],"player_experience":597737,"relics_obtained":[{"floor":8,"key":"Art of War"},{"floor":12,"key":"Pen Nib"}],"event_choices":[{"cards_removed":["HollowMod:QuickDashStart"],"damage_healed":0.0,"max_hp_gain":0.0,"max_hp_loss":0.0,"gold_gain":0.0,"event_name":"Living Wall","player_choice":"Forget","floor":2.0,"gold_loss":0.0,"damage_taken":0.0},{"damage_healed":0.0,"max_hp_gain":0.0,"max_hp_loss":0.0,"gold_gain":75.0,"event_name":"FaceTrader","player_choice":"Touch","floor":5.0,"gold_loss":0.0,"damage_taken":7.0},{"damage_healed":0,"gold_gain":30,"player_choice":"Searched \u00272\u0027 times","damage_taken":0,"max_hp_gain":0,"max_hp_loss":0,"event_name":"Dead Adventurer","floor":12,"gold_loss":0},{"damage_healed":0,"gold_gain":0,"player_choice":"Take Damage","damage_taken":18,"relics_obtained":["Golden Idol"],"max_hp_gain":0,"max_hp_loss":0,"event_name":"Golden Idol","floor":13,"gold_loss":0}],"is_beta":false,"boss_relics":[],"items_purged_floors":[3],"is_endless":false,"potions_floor_spawned":[8,14],"killed_by":"HollowMod:FalseKnight","ascension_level":0}}