{"host":"qw1m3zcvi888b4j7","time":1607992730,"event":{"mods":["BaseMod","Block Reminder","Colored Map","Colored Powertips","DeckTracker","Downfall","Highlight Path","Minty Spire (QoL Compilation)","Quick Restart","Rare Cards Sparkle","Relic Sorter","Relic Stats","StSLib"],"gold_per_floor":[99,99,24,24,24,55,55,80,91,16,1,21,6,19,35,138,138,138,170,190,190,190],"floor_reached":21,"playtime":1316,"items_purged":[],"score":230,"play_id":"a0c0c39f-d083-4024-a2ad-e70596cef7e3","local_time":"20201215013850","is_ascension_mode":false,"campfire_choices":[{"floor":1,"key":"RECALL"},{"data":"hexamod:ThermalTransfer","floor":3,"key":"SMITH"},{"data":"hexamod:RadiantFlame","floor":5,"key":"SMITH"},{"data":"hexamod:EtherealExpedition","floor":10,"key":"SMITH"},{"data":"hexamod:CrushingStance","floor":18,"key":"SMITH"}],"circlet_count":0,"master_deck":["hexamod:Sear","hexamod:Float","hexamod:ThermalTransfer+1","hexamod:RadiantFlame+1","hexamod:SpectersWail+1","hexamod:CrushingStance+1","hexamod:EtherealExpedition+1","hexamod:HauntingEcho","hexamod:StepThrough","hexamod:Hexaguard","hexamod:NecessarySacrifice","hexamod:FastForward","hexamod:FifthSeal","hexamod:ChargedBarrage","hexamod:GhostOfSpireFuture","hexamod:GhostOfSpirePast","hexamod:AdvancingGuard","hexamod:Rewind","hexamod:SoulSteal","hexamod:PhantomFireball","hexamod:SpectralAdrenaline","hexamod:SixthSeal","hexamod:GhostflameBarrier","hexamod:GhostShield+1"],"relics":["hexamod:SpiritBrand","downfall:HeartBlessingGreen","downfall:HeartBlessingRed","downfall:HeartsMalice","Toy Ornithopter","The Courier","Pen Nib","Pandora\u0027s Box","Happy Flower"],"acts_visited":["Exordium","TheCity"],"potions_floor_usage":[16,16,16],"damage_taken":[{"damage":0,"enemies":"Cultist","floor":2,"turns":1},{"damage":0,"enemies":"2 Louse","floor":4,"turns":1},{"damage":0,"enemies":"Gremlin Nob","floor":6,"turns":1},{"damage":12,"enemies":"Lagavulin","floor":8,"turns":6},{"damage":1,"enemies":"Jaw Worm","floor":9,"turns":3},{"damage":0,"enemies":"downfall:FleeingMerchant","floor":11,"turns":4},{"damage":3,"enemies":"Blue Slaver","floor":12,"turns":3},{"damage":0,"enemies":"downfall:FleeingMerchant","floor":13,"turns":4},{"damage":4,"enemies":"Lots of Slimes","floor":14,"turns":2},{"damage":0,"enemies":"3 Louse","floor":15,"turns":2},{"damage":8,"enemies":"downfall:Ironclad","floor":16,"turns":6},{"damage":49,"enemies":"Book of Stabbing","floor":19,"turns":6},{"damage":11,"enemies":"3 Byrds","floor":20,"turns":6},{"damage":10,"enemies":"Spheric Guardian","floor":21,"turns":2}],"seed_played":"-492696338517109759","potions_obtained":[{"floor":12,"key":"Fire Potion"},{"floor":14,"key":"champ:CounterPotion"},{"floor":15,"key":"hexamod:DoubleChargePotion"},{"floor":16,"key":"sneckomod:MuddlingPotion"}],"is_trial":false,"path_per_floor":["R","M","R","M","R","E","T","E","M","R","$","M","$","M","M","B",null,"R","E","M","M"],"character_chosen":"THE_SPIRIT","items_purchased":[],"campfire_rested":0,"item_purchase_floors":[],"current_hp_per_floor":[70,70,70,70,70,70,70,58,57,57,57,54,54,50,50,57,70,70,21,10,0,0],"gold":190,"neow_bonus":"THREE_ENEMY_KILL","is_daily":false,"chose_seed":false,"campfire_upgraded":4,"win_rate":0.0,"timestamp":1607992730,"path_taken":["R","M","R","M","R","E","T","E","?","R","$","M","$","M","M","BOSS","R","E","M","M"],"items_purchased_type":[],"build_version":"2020-12-13","purchased_purges":0,"victory":false,"max_hp_per_floor":[70,70,70,70,70,70,70,70,70,70,70,70,70,70,70,70,70,70,70,70,70,70],"relic_stats":{"Happy Flower":[2],"counters":[14,44],"Pandora\u0027s Box":["hexamod:ChargedBarrage","hexamod:GhostOfSpireFuture","hexamod:GhostOfSpirePast","hexamod:AdvancingGuard","hexamod:Rewind","hexamod:SoulSteal","hexamod:PhantomFireball","hexamod:SpectralAdrenaline"],"Pen Nib":[5],"obtain_stats":[{"downfall:HeartBlessingRed":3,"Happy Flower":19,"downfall:HeartsMalice":0,"downfall:HeartBlessingGreen":10,"Pandora\u0027s Box":17,"The Courier":7,"Pen Nib":8,"hexamod:SpiritBrand":0,"Toy Ornithopter":6},{"downfall:HeartBlessingRed":1,"Happy Flower":12,"downfall:HeartsMalice":0,"downfall:HeartBlessingGreen":5,"Pandora\u0027s Box":11,"The Courier":3,"Pen Nib":4,"hexamod:SpiritBrand":0,"Toy Ornithopter":3},{"downfall:HeartBlessingRed":0,"Happy Flower":36,"downfall:HeartsMalice":0,"downfall:HeartBlessingGreen":9,"Pandora\u0027s Box":30,"The Courier":0,"Pen Nib":6,"hexamod:SpiritBrand":0,"Toy Ornithopter":0}],"Toy Ornithopter":15},"card_choices":[{"not_picked":["hexamod:RainOfEmbers","hexamod:SwordOfDarkness"],"picked":"hexamod:ThermalTransfer","floor":2},{"not_picked":["hexamod:SpectersWail","hexamod:GhostOfSpirePresent"],"picked":"hexamod:RadiantFlame","floor":4},{"not_picked":["hexamod:BacktrackSmack","hexamod:SwordOfDarkness"],"picked":"hexamod:SpectersWail","floor":6},{"not_picked":["hexamod:BacktrackSmack","hexamod:Firestarter"],"picked":"hexamod:CrushingStance","floor":8},{"not_picked":["hexamod:ShieldOfDarkness","hexamod:HeatCrush"],"picked":"hexamod:EtherealExpedition","floor":9},{"not_picked":["hexamod:AdvancingGuard","hexamod:InspiringFlames"],"picked":"hexamod:HauntingEcho","floor":11},{"not_picked":["hexamod:SwordOfDarkness","hexamod:SpectralAdrenaline"],"picked":"hexamod:StepThrough","floor":12},{"not_picked":["hexamod:RetreatToShadows","hexamod:AdvancingGuard"],"picked":"hexamod:Hexaguard","floor":13},{"not_picked":["hexamod:InspiringFlames","hexamod:SwordOfDarkness"],"picked":"hexamod:NecessarySacrifice","floor":14},{"not_picked":["hexamod:SwordOfDarkness","hexamod:RadiantFlame"],"picked":"hexamod:FastForward","floor":15},{"not_picked":["hexamod:TimeWarp","hexamod:TurnItUp"],"picked":"hexamod:FifthSeal","floor":16},{"not_picked":["hexamod:FirstSeal","hexamod:SecondSeal"],"picked":"hexamod:SixthSeal","floor":19},{"not_picked":["hexamod:DynamicBlow+1","hexamod:InspiringFlames"],"picked":"hexamod:GhostflameBarrier","floor":19},{"not_picked":["hexamod:Firestarter","hexamod:ThermalTransfer"],"picked":"hexamod:GhostShield+1","floor":20}],"player_experience":88634,"relics_obtained":[{"floor":6,"key":"Toy Ornithopter"},{"floor":7,"key":"The Courier"},{"floor":8,"key":"Pen Nib"},{"floor":19,"key":"Happy Flower"}],"event_choices":[],"is_beta":false,"boss_relics":[{"not_picked":["Calling Bell","Empty Cage"],"picked":"Pandora\u0027s Box"}],"items_purged_floors":[],"is_endless":false,"potions_floor_spawned":[12,14,15,16],"killed_by":"Spheric Guardian","ascension_level":0}}