{"host":"d2ovt9wfamr377c4","time":1607997305,"event":{"mods":["Act Like it!","BaseMod","BetterRewards","Colored Map","Colored Powertips","Conspire","Friendly Minions","Highlight Path","Hubris","Infinite Spire","Minty Spire (QoL Compilation)","Replay The Spire","Shop Mod","StSLib"],"gold_per_floor":[118,130,24,52,52,52,52,52,52,52,65,166,19,53,53,151,151,171,171,171,171,186,219,219,57,130,40,57,57,5,5,5,107,107,122,180,229,229,248,248,258,273,273,81,81,98,110,110,110],"floor_reached":48,"playtime":4490,"items_purged":["Amnesia","Parasite"],"score":890,"play_id":"0bf15add-76f6-4595-9982-93e8cd2aee66","local_time":"20201214205505","is_ascension_mode":true,"campfire_choices":[{"data":"hubris:SlightOfHand","floor":6.0,"key":"SMITH"},{"data":"Tools of the Trade","floor":10.0,"key":"SMITH"},{"data":"ReplayTheSpireMod:Chaos Vortex","floor":24.0,"key":"SMITH"},{"floor":29.0,"key":"REST"},{"data":"Calculated Gamble","floor":32.0,"key":"SMITH"},{"data":"infinitespire:Collect","floor":40.0,"key":"SMITH"}],"circlet_count":0,"master_deck":["Strike_G+1","Strike_G","Strike_G","Defend_G","Defend_G","Defend_G","Defend_G","Defend_G","Survivor","Neutralize","hubris:Insight+1","hubris:SlightOfHand+1","Backflip","Choke","Backstab","Tools of the Trade+1","Outmaneuver","Underhanded Strike","Calculated Gamble+1","Burst","Underhanded Strike","Corpse Explosion","infinitespire:Collect+1","ReplayTheSpireMod:Chaos Vortex+1","ReplayTheSpireMod:Private Reserves","Envenom","Quick Slash","Flash of Steel","Prepared","Atom Bomb","Prepared+1","Dagger Throw","Quick Slash","Finesse","Hidden Blade+1"],"relics":["Ring of the Snake","infinitespire:ShieldingShard","hubris:Towel","Iron Hammer","Regal Pillow","hubris:OldNail","HoveringKite","ReplayTheSpireMod:Ring of Collecting","Ring of Misfortune","Bottled Flame","Shuriken","ReplayTheSpireMod:Ring of Challenge","Eternal Feather","Busted Crown","StoneCalendar","Sundial","Garlic","Ring of Panic","infinitespire:EvilPickle"],"acts_visited":["Exordium","TheCity","TheBeyond"],"potions_floor_usage":[48,48],"damage_taken":[{"damage":1.0,"enemies":"Cultist","floor":1.0,"turns":4.0},{"damage":9.0,"enemies":"Jaw Worm","floor":2.0,"turns":5.0},{"damage":16.0,"enemies":"conspire:MimicChest","floor":4.0,"turns":4.0},{"damage":0.0,"enemies":"conspire:RoseBush","floor":11.0,"turns":1.0},{"damage":9.0,"enemies":"Lagavulin","floor":14.0,"turns":10.0},{"damage":52.0,"enemies":"Fading Forest","floor":16.0,"turns":11.0},{"damage":17.0,"enemies":"Spheric Guardian","floor":18.0,"turns":4.0},{"damage":3.0,"enemies":"2 Thieves","floor":22.0,"turns":3.0},{"damage":0.0,"enemies":"Book of Stabbing","floor":23.0,"turns":4.0},{"damage":0.0,"enemies":"Chosen and Byrds","floor":28.0,"turns":3.0},{"damage":22.0,"enemies":"Pondfish","floor":33.0,"turns":8.0},{"damage":0.0,"enemies":"3 Darklings","floor":35.0,"turns":3.0},{"damage":0.0,"enemies":"Orb Walker","floor":36.0,"turns":2.0},{"damage":0.0,"enemies":"2 Orb Walkers","floor":37.0,"turns":2.0},{"damage":0.0,"enemies":"Writhing Mass","floor":39.0,"turns":3.0},{"damage":1.0,"enemies":"Transient","floor":41.0,"turns":5.0},{"damage":0.0,"enemies":"4 Shapes","floor":42.0,"turns":3.0},{"damage":28.0,"enemies":"Writhing Mass","floor":46.0,"turns":4.0},{"damage":0,"enemies":"3 Darklings","floor":47,"turns":2},{"damage":53,"enemies":"Reptomancer","floor":48,"turns":4}],"seed_played":"-1571767928849206326","potions_obtained":[{"floor":4.0,"key":"FearPotion"},{"floor":11.0,"key":"Poison Potion"},{"floor":16.0,"key":"Block Potion"},{"floor":36.0,"key":"Swift Potion"},{"floor":39.0,"key":"Regen Potion"}],"is_trial":false,"path_per_floor":["M","M","$","?","?","R","?","?","T","R","M","?","$","E","R_BF","B",null,"M","?","AVR","?","M","E","R","$","T","?","M","R","$","?","R","B",null,"M","M","?","?","M","R","M","M","T","$","?","M","M","E"],"character_chosen":"THE_SILENT","items_purchased":["Choke","Backstab","Regal Pillow","Flash of Steel","Prepared","Finesse"],"campfire_rested":1,"item_purchase_floors":[3,3,13,25,30,44],"current_hp_per_floor":[62,53,53,37,37,37,37,37,37,37,37,37,37,28,64,32,61,44,44,44,32,29,29,29,29,29,29,29,65,65,65,70,48,65,65,65,65,65,65,70,69,69,69,67,67,39,39,0,0],"gold":110,"neow_bonus":"RANDOM_COLORLESS","is_daily":false,"chose_seed":false,"campfire_upgraded":5,"win_rate":0.0,"timestamp":1607997305,"path_taken":["M","M","?","?","?","R","?","?","T","R","?","?","$","E","R_BF","BOSS","M","?","AVR","?","?","E","R","$","T","?","?","R","?","?","R","BOSS","M","M","?","?","?","R","M","M","T","$","?","M","M","E"],"items_purchased_type":["Card","Card","Relic","Card","Card","Card"],"build_version":"2020-12-13","purchased_purges":2,"victory":false,"max_hp_per_floor":[70,70,70,70,70,70,70,70,70,70,70,70,70,70,70,70,70,70,70,70,70,70,70,70,70,70,70,70,70,70,70,70,70,70,70,70,70,70,70,70,70,70,70,67,67,67,67,67,67],"card_choices":[{"not_picked":["Replay:Sssssssssstrike","Blind"],"picked":"hubris:Insight","floor":0.0},{"not_picked":["Underhanded Strike","Outmaneuver"],"picked":"hubris:SlightOfHand","floor":1.0},{"not_picked":["Terror","PiercingWail"],"picked":"Backflip","floor":2.0},{"not_picked":["PiercingWail","Deflect"],"picked":"Tools of the Trade","floor":4.0},{"not_picked":["ReplayTheSpireMod:Necrosis","Backflip"],"picked":"Outmaneuver","floor":11.0},{"not_picked":["Outmaneuver","Dodge and Roll"],"picked":"Underhanded Strike","floor":12.0},{"not_picked":["Deadly Poison","Dagger Spray"],"picked":"Calculated Gamble","floor":12.0},{"not_picked":["Quick Slash","Crippling Poison"],"picked":"Burst","floor":12.0},{"not_picked":["Caltrops","Cloak And Dagger"],"picked":"Underhanded Strike","floor":14.0},{"not_picked":["ReplayTheSpireMod:Necrosis","Phantasmal Killer"],"picked":"Corpse Explosion","floor":16.0},{"not_picked":["Distraction","Outmaneuver+1","Backstab"],"picked":"SKIP","floor":18.0},{"not_picked":["Finisher","Outmaneuver+1"],"picked":"Envenom","floor":22.0},{"not_picked":["ReplayTheSpireMod:Shiv Toss","Cloak And Dagger"],"picked":"Quick Slash","floor":23.0},{"not_picked":["Terror","hubris:SlightOfHand+1","Flying Knee+1"],"picked":"SKIP","floor":28.0},{"not_picked":["Corpse Explosion","Wraith Form v2"],"picked":"Atom Bomb","floor":33.0},{"not_picked":[],"picked":"Prepared+1","floor":35.0},{"not_picked":["Finisher+1"],"picked":"SKIP","floor":36.0},{"not_picked":[],"picked":"Dagger Throw","floor":37.0},{"not_picked":[],"picked":"Quick Slash","floor":39.0},{"not_picked":["Noxious Fumes+1"],"picked":"SKIP","floor":41.0},{"not_picked":["Underhanded Strike"],"picked":"SKIP","floor":42.0},{"not_picked":["Hidden Blade"],"picked":"SKIP","floor":46.0},{"not_picked":[],"picked":"Hidden Blade+1","floor":47}],"player_experience":676058,"relics_obtained":[{"floor":4.0,"key":"infinitespire:ShieldingShard"},{"floor":9.0,"key":"Iron Hammer"},{"floor":14.0,"key":"hubris:OldNail"},{"floor":19.0,"key":"ReplayTheSpireMod:Ring of Collecting"},{"floor":19.0,"key":"Ring of Misfortune"},{"floor":23.0,"key":"Bottled Flame"},{"floor":26.0,"key":"Shuriken"},{"floor":26.0,"key":"ReplayTheSpireMod:Ring of Challenge"},{"floor":37.0,"key":"StoneCalendar"},{"floor":43.0,"key":"Garlic"},{"floor":43.0,"key":"Ring of Panic"}],"event_choices":[{"damage_healed":0.0,"max_hp_gain":0.0,"max_hp_loss":0.0,"gold_gain":0.0,"event_name":"Liars Game","player_choice":"Ignored","floor":5.0,"gold_loss":0.0,"damage_taken":0.0},{"cards_removed":["Strike_G"],"damage_healed":0.0,"max_hp_gain":0.0,"max_hp_loss":0.0,"gold_gain":0.0,"event_name":"Purifier","player_choice":"Purged","floor":8.0,"gold_loss":0.0,"damage_taken":0.0},{"damage_healed":0.0,"max_hp_gain":0.0,"max_hp_loss":0.0,"gold_gain":0.0,"event_name":"Knowing Skull","player_choice":"CARD ","floor":21.0,"potions_obtained":[],"gold_loss":0.0,"damage_taken":12.0,"cards_obtained":["ReplayTheSpireMod:Private Reserves"]},{"cards_removed":["Strike_G"],"damage_healed":0.0,"max_hp_gain":0.0,"max_hp_loss":0.0,"gold_gain":0.0,"event_name":"Designer","player_choice":"Upgrade and Remove","floor":27.0,"gold_loss":90.0,"damage_taken":0.0,"cards_upgraded":["Strike_G"]},{"damage_healed":0.0,"max_hp_gain":0.0,"max_hp_loss":0.0,"gold_gain":0.0,"event_name":"Mysterious Sphere","player_choice":"Fight","floor":37.0,"gold_loss":0.0,"damage_taken":0.0},{"damage_healed":0.0,"max_hp_gain":0.0,"max_hp_loss":0.0,"gold_gain":0.0,"event_name":"WeMeetAgain","player_choice":"Gave Potion","floor":38.0,"gold_loss":0.0,"damage_taken":0.0,"relics_obtained":["Sundial"]}],"is_beta":false,"boss_relics":[{"not_picked":["Replay:Ancient Bell","Coffee Dripper"],"picked":"HoveringKite"},{"not_picked":["Tiny House","conspire:SpecialSausage"],"picked":"Busted Crown"}],"items_purged_floors":[25,44],"is_endless":false,"potions_floor_spawned":[4,11,16,28,33,36,39,42],"killed_by":"Reptomancer","ascension_level":6}}