{"host":"e5vsl4ezcfxwu44d","time":1607994836,"event":{"mods":["BaseMod","Better Note","Colored Powertips","Downfall","Highlight Path","Minty Spire (QoL Compilation)","Spikes Relics","StSLib","Unceasing Turn Reminder"],"gold_per_floor":[99,134,154,154,184,34,60,73,88,13,30,46,46,56,68,167,167,167,182,182,211,211,236,259,271,283,295,327,37,57,79,107,216,216,216,228,228,270,270,320,320,320,374,374,374],"floor_reached":44,"playtime":5277,"items_purged":["Pain"],"score":518,"play_id":"6b9918fb-4067-42ee-8ad1-d3d07c1c87b2","local_time":"20201214201356","is_ascension_mode":false,"campfire_choices":[{"floor":1,"key":"RECALL"},{"floor":4,"key":"REST"},{"floor":6,"key":"REST"},{"data":"hexamod:SkipABeat","floor":10,"key":"SMITH"},{"data":"hexamod:GhostflameInferno","floor":18,"key":"SMITH"},{"data":"hexamod:FastForward","floor":20,"key":"SMITH"},{"data":"hexamod:Sear","floor":22,"key":"SMITH"},{"data":"hexamod:TimeWarp","floor":27,"key":"SMITH"},{"data":"hexamod:CrushingStance","floor":35,"key":"SMITH"},{"floor":42,"key":"REST"}],"circlet_count":0,"master_deck":["hexamod:Strike","hexamod:Strike+1","hexamod:Strike","hexamod:Strike+1","hexamod:Defend","hexamod:Defend+1","hexamod:Defend+1","hexamod:Defend+1","hexamod:Sear+1","hexamod:Float","hexamod:SpectralAdrenaline","hexamod:FastForward+1","hexamod:HeatShield","hexamod:FirstSeal","hexamod:SkipABeat+1","hexamod:GhostflameInferno+1","hexamod:InspiringFlames+1","hexamod:GhostLash","hexamod:DynamicBlow","hexamod:SixthSeal","hexamod:SpectersWail","hexamod:SecondSeal","hexamod:TimeWarp+1","hexamod:FourthSeal","hexamod:NecessarySacrifice","hexamod:RecurringNightmare","hexamod:ExtraCrispy","hexamod:SkipABeat","hexamod:FastForward","hexamod:CrushingStance+1","hexamod:SoulSteal+1","hexamod:FifthSeal","hexamod:GhostOfSpireFuture+1","expansioncontent:Collect","expansioncontent:Chronoboost","expansioncontent:CaCaw","hexamod:FirstSeal","hexamod:ThirdSeal","hexamod:ThirdSeal","hexamod:Firestarter+1","hexamod:CatchUp+1","Slimebound:Icky","hexamod:NightmareGuise","Writhe"],"relics":["hexamod:SpiritBrand","Meat on the Bone","Letter Opener","downfall:HeartBlessingRed","downfall:HeartBlessingGreen","downfall:HeartBlessingBlue","downfall:ShatteredFragment","Cursed Key","HornCleat","MawBank","hexamod:IceCube","Bronze Scales","Incense Burner","Dream Catcher","Bag of Marbles"],"acts_visited":["Exordium","TheCity","TheBeyond"],"potions_floor_usage":[11,21,21,28,32,33,33,38,38,40,40],"damage_taken":[{"damage":38,"enemies":"Gremlin Nob","floor":2,"turns":5},{"damage":0,"enemies":"2 Louse","floor":3,"turns":4},{"damage":25,"enemies":"Lagavulin","floor":5,"turns":8},{"damage":0,"enemies":"Cultist","floor":8,"turns":3},{"damage":0,"enemies":"Small Slimes","floor":9,"turns":3},{"damage":3,"enemies":"2 Fungi Beasts","floor":11,"turns":4},{"damage":0,"enemies":"Exordium Wildlife","floor":12,"turns":4},{"damage":1,"enemies":"Red Slaver","floor":14,"turns":3},{"damage":0,"enemies":"2 Fungi Beasts","floor":15,"turns":3},{"damage":23,"enemies":"downfall:Watcher","floor":16,"turns":9},{"damage":4,"enemies":"Shell Parasite","floor":19,"turns":3},{"damage":19,"enemies":"Book of Stabbing","floor":21,"turns":5},{"damage":4,"enemies":"3 Byrds","floor":23,"turns":4},{"damage":9,"enemies":"Snake Plant","floor":28,"turns":3},{"damage":5,"enemies":"downfall:FleeingMerchant","floor":29,"turns":4},{"damage":14,"enemies":"Centurion and Healer","floor":30,"turns":6},{"damage":12,"enemies":"Shelled Parasite and Fungi","floor":31,"turns":5},{"damage":0,"enemies":"Snake Plant","floor":32,"turns":3},{"damage":54,"enemies":"downfall:Ironclad","floor":33,"turns":7},{"damage":0,"enemies":"3 Shapes","floor":36,"turns":4},{"damage":18,"enemies":"Giant Head","floor":38,"turns":7},{"damage":51,"enemies":"2 Orb Walkers","floor":40,"turns":5},{"damage":60,"enemies":"Reptomancer","floor":44,"turns":3}],"seed_played":"1632277141728251255","potions_obtained":[{"floor":5,"key":"AttackPotion"},{"floor":9,"key":"Ancient Potion"},{"floor":11,"key":"PowerPotion"},{"floor":15,"key":"PowerPotion"},{"floor":21,"key":"champ:CounterPotion"},{"floor":30,"key":"Ancient Potion"},{"floor":30,"key":"Fire Potion"},{"floor":31,"key":"SteroidPotion"},{"floor":32,"key":"Weak Potion"},{"floor":32,"key":"BlessingOfTheForge"},{"floor":33,"key":"Slimebound:ThreeZeroPotion"},{"floor":36,"key":"sneckomod:MuddlingPotion"},{"floor":38,"key":"Weak Potion"},{"floor":40,"key":"Dexterity Potion"}],"is_trial":false,"path_per_floor":["R","E","M","R","E","R","T","M","M","R","M","M","?","M","M","B",null,"R","M","R","E","R","M","T","?","?","R","M","$","M","M","M","B",null,"R","M","?","E","?","?","T","R","?","E"],"character_chosen":"THE_SPIRIT","items_purchased":["hexamod:RecurringNightmare","hexamod:ExtraCrispy","hexamod:SkipABeat"],"campfire_rested":3,"item_purchase_floors":[29,29,29],"current_hp_per_floor":[77,39,39,62,49,72,72,72,77,87,87,87,66,72,72,56,87,87,87,87,75,75,71,71,71,87,87,85,80,73,68,75,33,87,87,87,77,66,66,34,34,60,60,0,0],"gold":374,"neow_bonus":"TEN_PERCENT_HP_BONUS","is_daily":false,"chose_seed":false,"campfire_upgraded":6,"win_rate":0.0,"timestamp":1607994836,"path_taken":["R","E","M","R","E","R","T","M","M","R","M","M","?","M","M","BOSS","R","M","R","E","R","M","T","?","?","R","M","$","?","M","M","BOSS","R","M","?","E","?","?","T","R","?","E"],"items_purchased_type":["Card","Card","Card"],"build_version":"2020-12-13","purchased_purges":1,"victory":false,"max_hp_per_floor":[77,77,77,77,77,77,77,77,77,87,87,87,87,87,87,87,87,87,87,87,87,87,87,87,87,87,87,87,87,87,87,87,87,87,87,87,87,87,87,87,87,87,87,87,87],"card_choices":[{"not_picked":["hexamod:BurningTouch","hexamod:ShieldOfDarkness"],"picked":"hexamod:SpectralAdrenaline","floor":2},{"not_picked":["hexamod:BurningTouch","hexamod:NightmareGuise"],"picked":"hexamod:FastForward","floor":3},{"not_picked":["hexamod:BurningTouch","hexamod:SpectralAdrenaline"],"picked":"hexamod:HeatShield","floor":5},{"not_picked":["hexamod:Haunt","hexamod:RetreatToShadows"],"picked":"hexamod:FirstSeal","floor":8},{"not_picked":["hexamod:FastForward","hexamod:BurningTouch"],"picked":"hexamod:SkipABeat","floor":9},{"not_picked":["hexamod:NecessarySacrifice","hexamod:HauntingEcho"],"picked":"hexamod:GhostflameInferno","floor":11},{"not_picked":["hexamod:Again","hexamod:HeatMetal"],"picked":"hexamod:InspiringFlames","floor":12},{"not_picked":["hexamod:SwordOfDarkness","hexamod:ShieldOfDarkness"],"picked":"hexamod:GhostLash","floor":14},{"not_picked":["hexamod:SwordOfDarkness","hexamod:GhostLash"],"picked":"hexamod:DynamicBlow","floor":15},{"not_picked":["hexamod:ParanormalForm","hexamod:TimeOfNeed"],"picked":"hexamod:SixthSeal","floor":16},{"not_picked":["hexamod:ShieldOfDarkness","hexamod:Firestarter"],"picked":"hexamod:SpectersWail","floor":19},{"not_picked":["hexamod:SpectersWail","hexamod:Firestarter"],"picked":"hexamod:SecondSeal","floor":21},{"not_picked":["hexamod:BurningTouch","hexamod:NightmareGuise"],"picked":"hexamod:TimeWarp","floor":23},{"not_picked":["hexamod:Incineration","hexamod:ChargedBarrage"],"picked":"hexamod:FourthSeal","floor":28},{"not_picked":["hexamod:NightmareGuise","hexamod:RainOfEmbers+1"],"picked":"hexamod:NecessarySacrifice","floor":29},{"not_picked":["hexamod:HauntingEcho","hexamod:Again"],"picked":"hexamod:FastForward","floor":30},{"not_picked":["hexamod:BurningTouch+1","hexamod:SpectersWail"],"picked":"hexamod:CrushingStance","floor":31},{"not_picked":["hexamod:InspiringFlames","hexamod:AdvancingGuard"],"picked":"hexamod:SoulSteal+1","floor":32},{"not_picked":["hexamod:SixthSeal","hexamod:TurnItUp"],"picked":"hexamod:FifthSeal","floor":33},{"not_picked":["hexamod:HeatShield+1","hexamod:HeatMetal+1"],"picked":"hexamod:GhostOfSpireFuture+1","floor":36},{"not_picked":["expansioncontent:PolyBeam","expansioncontent:ManipulateTime"],"picked":"expansioncontent:Collect","floor":37},{"not_picked":["expansioncontent:Collect","expansioncontent:AwakenDeath"],"picked":"expansioncontent:Chronoboost","floor":37},{"not_picked":["expansioncontent:PrepareCrush","expansioncontent:BronzeBeam"],"picked":"expansioncontent:CaCaw","floor":37},{"not_picked":["hexamod:FifthSeal","hexamod:FourthSeal"],"picked":"hexamod:FirstSeal","floor":38},{"not_picked":["hexamod:FirstSeal","hexamod:GhostOfSpirePast+1"],"picked":"hexamod:ThermalTransfer+1","floor":38},{"not_picked":["hexamod:FifthSeal","hexamod:SixthSeal"],"picked":"hexamod:ThirdSeal","floor":40},{"not_picked":["hexamod:Incineration","hexamod:CrushingStance"],"picked":"hexamod:Firestarter+1","floor":40},{"not_picked":["hexamod:BacktrackSmack","hexamod:InspiringFlames+1"],"picked":"hexamod:CatchUp+1","floor":40},{"not_picked":["hexamod:AdvancingGuard","hexamod:SwordOfDarkness+1"],"picked":"hexamod:NightmareGuise","floor":42}],"player_experience":174314,"relics_obtained":[{"floor":2,"key":"Meat on the Bone"},{"floor":5,"key":"Letter Opener"},{"floor":21,"key":"HornCleat"},{"floor":24,"key":"MawBank"},{"floor":38,"key":"Bronze Scales"},{"floor":40,"key":"Incense Burner"},{"floor":41,"key":"Dream Catcher"},{"floor":43,"key":"Bag of Marbles"}],"event_choices":[{"cards_removed":["Pain"],"damage_healed":0,"gold_gain":0,"player_choice":"Give","damage_taken":0,"max_hp_gain":0,"max_hp_loss":0,"event_name":"betterNote:BetterNote","floor":25,"gold_loss":0,"cards_obtained":["Slimebound:Strike_Slimebound"]},{"damage_healed":16,"gold_gain":0,"player_choice":"Full Heal","damage_taken":0,"max_hp_gain":0,"max_hp_loss":0,"event_name":"Wheel of Change","floor":26,"gold_loss":0},{"damage_healed":0,"gold_gain":0,"player_choice":"Fight","damage_taken":0,"max_hp_gain":0,"max_hp_loss":0,"event_name":"Mysterious Sphere","floor":40,"gold_loss":0}],"is_beta":false,"boss_relics":[{"not_picked":["CosmicIsotope","Astrolabe"],"picked":"Cursed Key"},{"not_picked":["Tiny House","Runic Pyramid"],"picked":"hexamod:IceCube"}],"items_purged_floors":[29],"is_endless":false,"potions_floor_spawned":[5,9,11,15,21,30,32],"killed_by":"Reptomancer","ascension_level":0}}