{"host":"126yiuos2nq86se7","time":1607992774,"event":{"mods":["AchievementEnabler","Act Like it!","BaseMod","Colored Map","Colored Powertips","Friendly Minions","Highlight Path","Minty Spire (QoL Compilation)","StSLib","SuperFastMode","The Animator","The Hierophant","The Servant 0.9.4"],"gold_per_floor":[114,39,39,39,114,114,77,112,137,137,20,20,30,41,41,138,138,151,51,63,80,80,80],"floor_reached":22,"playtime":640,"items_purged":["Decay","Zap"],"score":191,"play_id":"b16d5f9e-f9ad-4117-9289-f2a9dde0417c","local_time":"20201215113934","is_ascension_mode":true,"campfire_choices":[{"data":"Coolheaded","floor":6,"key":"SMITH"},{"floor":10,"key":"REST"},{"floor":12,"key":"REST"},{"data":"Echo Form","floor":15,"key":"SMITH"}],"circlet_count":0,"master_deck":["Strike_B","Strike_B","Strike_B","Strike_B","Defend_B","Defend_B+1","Defend_B+1","Defend_B","Coolheaded+1","Undo","BootSequence","Echo Form+1","Conserve Battery","Hologram","Core Surge","Glacier+1","Cold Snap"],"relics":["Cracked Core","War Paint","Centennial Puzzle","Sozu"],"acts_visited":["Exordium","TheCity"],"potions_floor_usage":[16,16],"damage_taken":[{"damage":2,"enemies":"Small Slimes","floor":1,"turns":3},{"damage":59,"enemies":"Gremlin Nob","floor":8,"turns":7},{"damage":0,"enemies":"2 Louse","floor":13,"turns":4},{"damage":0,"enemies":"Jaw Worm","floor":14,"turns":4},{"damage":23,"enemies":"Hexaghost","floor":16,"turns":12},{"damage":12,"enemies":"Spheric Guardian","floor":18,"turns":6},{"damage":7,"enemies":"3 Byrds","floor":20,"turns":8},{"damage":62,"enemies":"3 Cultists","floor":21,"turns":9},{"damage":8,"enemies":"Snake Plant","floor":22,"turns":3}],"seed_played":"-3597504498280096296","potions_obtained":[{"floor":1,"key":"PotionOfCapacity"},{"floor":14,"key":"Strength Potion"}],"is_trial":false,"path_per_floor":["M","$","?","?","?","R","$","E","T","R","$","R","M","M","R","B",null,"M","$","M","M","M"],"character_chosen":"DEFECT","items_purchased":["Undo","Echo Form","Conserve Battery"],"campfire_rested":2,"item_purchase_floors":[7,11,11],"current_hp_per_floor":[87,87,87,87,76,76,76,17,17,43,43,69,69,69,69,46,89,77,77,70,8,0,0],"gold":80,"neow_bonus":"TWENTY_PERCENT_HP_BONUS","is_daily":false,"chose_seed":false,"campfire_upgraded":2,"win_rate":0.0,"timestamp":1607992774,"path_taken":["M","$","?","?","?","R","?","E","T","R","$","R","M","M","R","BOSS","M","$","M","M","M"],"items_purchased_type":["Card","Card","Card"],"build_version":"2020-12-13","purchased_purges":2,"victory":false,"max_hp_per_floor":[89,89,89,89,89,89,89,89,89,89,89,89,89,89,89,89,89,89,89,89,89,89,89],"card_choices":[{"not_picked":["Streamline","Ball Lightning"],"picked":"Coolheaded","floor":1},{"not_picked":["Leap","All For One"],"picked":"BootSequence","floor":8},{"not_picked":["Coolheaded","Reprogram"],"picked":"Hologram","floor":13},{"not_picked":["Lockon","Hologram","Go for the Eyes"],"picked":"SKIP","floor":14},{"not_picked":["Thunder Strike","Electrodynamics"],"picked":"Core Surge","floor":16},{"not_picked":["Rebound+1","Hologram"],"picked":"Glacier+1","floor":18},{"not_picked":["Gash","Skim","Compile Driver"],"picked":"SKIP","floor":20},{"not_picked":["Skim","Storm"],"picked":"Cold Snap","floor":21}],"player_experience":1589521,"relics_obtained":[{"floor":8,"key":"War Paint"},{"floor":9,"key":"Centennial Puzzle"}],"event_choices":[{"damage_healed":0,"gold_gain":0,"player_choice":"Leave","damage_taken":0,"max_hp_gain":0,"max_hp_loss":0,"event_name":"The Cleric","floor":3,"gold_loss":0},{"cards_removed":["Dualcast"],"damage_healed":0,"gold_gain":0,"player_choice":"Forget","damage_taken":0,"max_hp_gain":0,"max_hp_loss":0,"event_name":"Living Wall","floor":4,"gold_loss":0},{"damage_healed":0,"gold_gain":75,"player_choice":"Gather Gold","damage_taken":11,"max_hp_gain":0,"max_hp_loss":0,"event_name":"World of Goop","floor":5,"gold_loss":0}],"is_beta":false,"boss_relics":[{"not_picked":["Velvet Choker","Inserter"],"picked":"Sozu"}],"items_purged_floors":[2,19],"is_endless":false,"potions_floor_spawned":[1,14,20,21],"killed_by":"Snake Plant","ascension_level":1}}