{"host":"Sumable","time":1607999619,"event":{"mods":["AchievementEnabler","BaseMod","Better Note","BetterRewards","Googly Eyes","Hermit","Minty Spire (QoL Compilation)","Quick Restart","Shop Mod","StSLib","The Cursed","everything is the same but u backflip on backflip","slay the spire mod where everything is the same but ironclad has a cowboy hat"],"gold_per_floor":[119,43,118,118,118,137,137,166,166,166,192,212,239,255,255,356,356,368,368,37,0,0,0,11,11,37,37,52,80,100,118,118,221,221,241,256,34,34,44,379,379,398,398,398,0,19,50,0,0,0,0,0,0,0,0],"floor_reached":54,"playtime":4080,"items_purged":["Regret"],"score":1048,"play_id":"443a98b6-853d-45b1-ade0-abbf0496b722","local_time":"20201214193338","is_ascension_mode":true,"campfire_choices":[{"floor":10,"key":"REST"},{"data":"Consume","floor":15,"key":"SMITH"},{"data":"Capacitor","floor":23,"key":"SMITH"},{"data":"Loop","floor":25,"key":"SMITH"},{"data":"Core Surge","floor":27,"key":"SMITH"},{"floor":32,"key":"REST"},{"floor":41,"key":"REST"},{"floor":44,"key":"REST"},{"floor":49,"key":"RECALL"},{"data":"Echo Form","floor":52,"key":"SMITH"}],"circlet_count":0,"master_deck":["Strike_B","Strike_B","Strike_B","Strike_B+1","Defend_B","Defend_B+1","Defend_B","Defend_B","Zap","Dualcast","Cold Snap+1","Chill+1","Self Repair","Consume+1","Coolheaded+1","Consume+1","Compile Driver","Chill+1","Core Surge+1","Capacitor+1","Loop+1","Multi-Cast+1","Darkness+1","Fusion+1","Chill+1","Consume+1","Consume+1","Echo Form+1","Blizzard+1","Fusion+1","Self Repair+1","Defragment","Tempest+1","Loop","Loop"],"relics":["Cracked Core","NeowsBlessing","Happy Flower","The Courier","HornCleat","Vajra","Toxic Egg 2","Eternal Feather","Velvet Choker","Membership Card","Pen Nib","Regal Pillow","Akabeko","Bottled Flame","SacredBark","Strawberry","Old Coin","Orichalcum","Ancient Tea Set","Turnip","Bag of Marbles","War Paint"],"acts_visited":["Exordium","TheCity","TheBeyond","TheEnding"],"potions_floor_usage":[11,12,12,13,16,35,37,37,39,40,40,47,50,54,54],"damage_taken":[{"damage":0,"enemies":"2 Louse","floor":1,"turns":1},{"damage":0,"enemies":"Small Slimes","floor":6,"turns":1},{"damage":0,"enemies":"Gremlin Nob","floor":8,"turns":1},{"damage":7,"enemies":"Lagavulin","floor":11,"turns":5},{"damage":9,"enemies":"Jaw Worm","floor":12,"turns":2},{"damage":31,"enemies":"3 Sentries","floor":13,"turns":11},{"damage":7,"enemies":"Looter","floor":14,"turns":4},{"damage":45,"enemies":"The Guardian","floor":16,"turns":15},{"damage":5,"enemies":"Chosen","floor":18,"turns":5},{"damage":20,"enemies":"2 Thieves","floor":24,"turns":4},{"damage":11,"enemies":"Shelled Parasite and Fungi","floor":28,"turns":5},{"damage":64,"enemies":"Gremlin Leader","floor":29,"turns":10},{"damage":13,"enemies":"Centurion and Healer","floor":30,"turns":3},{"damage":0,"enemies":"Snake Plant","floor":31,"turns":4},{"damage":10,"enemies":"Champ","floor":33,"turns":8},{"damage":18,"enemies":"3 Darklings","floor":35,"turns":9},{"damage":47,"enemies":"3 Shapes","floor":36,"turns":6},{"damage":7,"enemies":"Maw","floor":39,"turns":7},{"damage":61,"enemies":"Reptomancer","floor":40,"turns":7},{"damage":28,"enemies":"Writhing Mass","floor":42,"turns":7},{"damage":6,"enemies":"Spire Growth","floor":46,"turns":5},{"damage":26,"enemies":"Giant Head","floor":47,"turns":7},{"damage":28,"enemies":"Awakened One","floor":50,"turns":9},{"damage":103,"enemies":"Shield and Spear","floor":54,"turns":6}],"seed_played":"8488326709142897332","potions_obtained":[{"floor":1,"key":"GamblersBrew"},{"floor":6,"key":"Weak Potion"},{"floor":8,"key":"FocusPotion"},{"floor":11,"key":"AttackPotion"},{"floor":14,"key":"Swift Potion"},{"floor":28,"key":"Energy Potion"},{"floor":31,"key":"Block Potion"},{"floor":35,"key":"Regen Potion"},{"floor":36,"key":"SneckoOil"},{"floor":42,"key":"BlessingOfTheForge"}],"is_trial":false,"path_per_floor":["M","$","?","?","?","M","T","E","T","R","E","M","E","M","R","B",null,"M","?","$","?","$","R","M","R","T","R","M","E","M","M","R","B",null,"M","M","$","?","M","E","R","M","T","R","$","M","E","$","R","B",null,"R","$","E"],"character_chosen":"DEFECT","items_purchased":["Chill","Membership Card","Loop","Multi-Cast+1","Pen Nib","Regal Pillow","Fruit Juice","Fruit Juice","Fire Potion","PotionOfCapacity","Strawberry","Defragment","Orichalcum","Ancient Tea Set","Turnip","Bag of Marbles","Block Potion","DuplicationPotion","Tempest+1","Block Potion","PotionOfCapacity"],"campfire_rested":4,"item_purchase_floors":[2,20,20,20,20,20,37,37,37,37,37,45,45,45,45,45,45,45,45,48,48],"current_hp_per_floor":[75,75,64,64,49,49,49,49,49,71,71,69,45,45,54,16,60,62,62,62,62,62,74,61,73,73,75,71,14,1,8,60,57,71,60,20,47,47,54,19,82,61,61,102,102,102,102,102,102,74,95,102,102,0,0],"gold":0,"neow_bonus":"THREE_ENEMY_KILL","is_daily":false,"chose_seed":false,"campfire_upgraded":5,"win_rate":0.0,"timestamp":1607999618,"path_taken":["M","$","?","?","?","M","?","E","T","R","E","M","E","M","R","BOSS","M","?","$","?","?","R","M","R","T","R","M","E","M","M","R","BOSS","M","M","$","?","?","E","R","M","T","R","?","M","E","$","R","BOSS","R","$","E"],"items_purchased_type":["Card","Relic","Card","Card","Relic","Relic","Potion","Potion","Potion","Potion","Relic","Card","Relic","Relic","Relic","Relic","Potion","Potion","Card","Potion","Potion"],"build_version":"2020-12-07","purchased_purges":1,"victory":false,"max_hp_per_floor":[75,75,75,75,75,75,75,75,75,75,75,75,75,75,75,75,75,75,75,75,75,75,75,75,75,75,75,75,75,75,75,75,75,75,75,75,102,102,102,102,102,102,102,102,102,102,102,102,102,102,102,102,102,102,102],"card_choices":[{"not_picked":["Lockon","Chill"],"picked":"Cold Snap","floor":1},{"not_picked":["Auto Shields","Hologram"],"picked":"Self Repair","floor":6},{"not_picked":["Leap","Static Discharge"],"picked":"Consume","floor":8},{"not_picked":["Streamline","Double Energy+1"],"picked":"Coolheaded+1","floor":11},{"not_picked":["Coolheaded+1","Rip and Tear"],"picked":"Consume+1","floor":12},{"not_picked":["Hologram+1","Hello World"],"picked":"Compile Driver","floor":13},{"not_picked":["Streamline","Hologram+1"],"picked":"Chill+1","floor":14},{"not_picked":["Seek+1","Hyperbeam"],"picked":"Core Surge","floor":16},{"not_picked":["Leap+1","Hello World"],"picked":"Capacitor","floor":18},{"not_picked":["Streamline+1","Reinforced Body+1"],"picked":"Darkness+1","floor":24},{"not_picked":["BootSequence+1","Compile Driver"],"picked":"Fusion+1","floor":28},{"not_picked":["Coolheaded+1","Tempest+1"],"picked":"Chill+1","floor":29},{"not_picked":["Auto Shields+1","Ball Lightning"],"picked":"Consume+1","floor":30},{"not_picked":["Reinforced Body+1","Ball Lightning"],"picked":"Consume+1","floor":31},{"not_picked":["Core Surge","Machine Learning"],"picked":"Echo Form","floor":33},{"not_picked":["White Noise+1","Gash+1","Auto Shields+1"],"picked":"SKIP","floor":35},{"not_picked":["Turbo+1","Ball Lightning+1"],"picked":"Blizzard+1","floor":36},{"not_picked":["Compile Driver","Turbo+1","Leap+1"],"picked":"SKIP","floor":39},{"not_picked":["Stack+1","Lockon"],"picked":"Fusion+1","floor":40},{"not_picked":["Streamline+1","Glacier+1"],"picked":"Self Repair+1","floor":42},{"not_picked":["Cold Snap","Aggregate+1"],"picked":"Loop","floor":46},{"not_picked":["Conserve Battery+1","Gash+1"],"picked":"Loop","floor":47}],"player_experience":969059,"relics_obtained":[{"floor":7,"key":"The Courier"},{"floor":8,"key":"HornCleat"},{"floor":9,"key":"Vajra"},{"floor":11,"key":"Toxic Egg 2"},{"floor":13,"key":"Eternal Feather"},{"floor":26,"key":"Akabeko"},{"floor":29,"key":"Bottled Flame"},{"floor":40,"key":"Old Coin"},{"floor":47,"key":"War Paint"}],"event_choices":[{"damage_healed":0,"gold_gain":75,"player_choice":"Gather Gold","damage_taken":11,"max_hp_gain":0,"max_hp_loss":0,"event_name":"World of Goop","floor":3,"gold_loss":0},{"damage_healed":0,"gold_gain":0,"player_choice":"Box","damage_taken":0,"relics_obtained":["Happy Flower"],"max_hp_gain":0,"max_hp_loss":0,"event_name":"Big Fish","floor":4,"gold_loss":0,"cards_obtained":["Regret"]},{"damage_healed":0,"gold_gain":0,"player_choice":"Entered Light","damage_taken":15,"max_hp_gain":0,"max_hp_loss":0,"event_name":"Shining Light","floor":5,"gold_loss":0,"cards_upgraded":["Cold Snap","Strike_B"]},{"damage_healed":0,"gold_gain":0,"player_choice":"Ignored","damage_taken":0,"max_hp_gain":0,"max_hp_loss":0,"event_name":"Vampires","floor":19,"gold_loss":0},{"damage_healed":0,"gold_gain":0,"player_choice":"Paid Fearfully","damage_taken":0,"max_hp_gain":0,"max_hp_loss":0,"event_name":"Masked Bandits","floor":21,"gold_loss":37},{"damage_healed":0,"gold_gain":0,"player_choice":"Ignored","damage_taken":0,"max_hp_gain":0,"max_hp_loss":0,"event_name":"Purifier","floor":38,"gold_loss":0}],"is_beta":true,"boss_relics":[{"not_picked":["Pandora\u0027s Box","Coffee Dripper"],"picked":"Velvet Choker"},{"not_picked":["Sozu","Runic Pyramid"],"picked":"SacredBark"}],"items_purged_floors":[37],"is_endless":false,"potions_floor_spawned":[1,6,8,11,14,28,31,35,36,42],"killed_by":"Shield and Spear","ascension_level":5}}