{"host":"hfvpa4llnnjpeawn","time":1607992002,"event":{"mods":["2.2 Compatiblity","Act Like it!","BaseMod","Better Skull","Better Third Choice","BetterRewards","CapriCore","Conspire","Downfall","Elementarium","Hermit","Hubris","Koishi","Lobotomy","Mad Scientist","Minty Spire (QoL Compilation)","Replay The Spire","Shade Mod","Somnambulant","StSLib","The Bladedancer","The Factory","The Jungle","Waifu the Spire"],"gold_per_floor":[363,14,14,14,14,14,38,78,103,103,157,157,157,157,157,176,176,305,305,321,321,62,62,75,75,75,75],"floor_reached":26,"playtime":1428,"items_purged":["hubris:Sloth"],"score":202,"play_id":"c002574a-4ecb-43f9-b3af-7cf28ecf0f34","local_time":"20201214192642","is_ascension_mode":false,"campfire_choices":[{"data":"ReplaySolidLightProjector","floor":10.0,"key":"SMITH"},{"data":"hubris:PowerSurge","floor":12.0,"key":"SMITH"},{"data":"DevaForm","floor":14.0,"key":"SMITH"},{"data":"Conserve Battery","floor":17.0,"key":"SMITH"},{"data":"Defragment","floor":25.0,"key":"SMITH"}],"circlet_count":0,"master_deck":["Strike_B","Strike_B","Strike_B","Strike_B","Defend_B","Defend_B","Defend_B","Defend_B","Zap","Dualcast","Conserve Battery+1","ReplayTheSpireMod:Calculation Training","hubris:PowerSurge+1","ReplaySolidLightProjector+1","Leap","Panic Button","DevaForm+1","Fission","ReplayTheSpireMod:Reroute Power","Loop","Pain","Defragment+1"],"relics":["Cracked Core","Lantern","Golden Idol","hubris:TenFootPole","Bronze Scales","Bag of Marbles","ChewingGum","hubris:DisguiseKit","Elementarium:GolemsHeart"],"acts_visited":["Exordium","Exordium"],"potions_floor_usage":[],"damage_taken":[{"damage":13.0,"enemies":"Jaw Worm","floor":1.0,"turns":4.0},{"damage":0.0,"enemies":"2 Louse","floor":7.0,"turns":1.0},{"damage":7.0,"enemies":"Replay:BlueRogue","floor":8.0,"turns":6.0},{"damage":0.0,"enemies":"conspire:RoseBush","floor":9.0,"turns":2.0},{"damage":0.0,"enemies":"3 Louse","floor":16.0,"turns":2.0},{"damage":16.0,"enemies":"The Guardian","floor":18.0,"turns":7.0},{"damage":9.0,"enemies":"Elementarium:Cyclone","floor":20.0,"turns":5.0},{"damage":4.0,"enemies":"Elementarium:2_ELEMENTALS","floor":24.0,"turns":3.0},{"damage":40,"enemies":"Elementarium:ElementalPortal","floor":26,"turns":9}],"seed_played":"8350582382238979510","potions_obtained":[{"floor":1.0,"key":"Weak Potion"},{"floor":7.0,"key":"Reflective Coating"},{"floor":8.0,"key":"sneckomod:MuddlingPotion"},{"floor":15.0,"key":"EssenceOfDarkness"},{"floor":15.0,"key":"ColorlessPotion"},{"floor":15.0,"key":"SpeedPotion"},{"floor":18.0,"key":"Elixir"}],"is_trial":false,"path_per_floor":["M","$","?","$","PTL","PTL","M","E","M","R","T","R","?","R","?","M","R","B",null,"M","?","$","?","M","R","E"],"character_chosen":"DEFECT","items_purchased":["Lantern","ReplayTheSpireMod:Calculation Training","hubris:PowerSurge","hubris:DisguiseKit"],"campfire_rested":0,"item_purchase_floors":[2,2,2,22],"current_hp_per_floor":[62,62,62,62,62,62,62,55,55,55,55,55,46,46,46,46,46,30,69,60,60,60,60,56,56,16,16],"gold":75,"neow_bonus":"TWO_FIFTY_GOLD","is_daily":false,"chose_seed":false,"campfire_upgraded":5,"win_rate":0.0,"timestamp":1607992002,"path_taken":["M","$","?","?","PTL","PTL","M","E","M","R","T","R","?","R","?","M","R","BOSS","M","?","$","?","M","R","E"],"items_purchased_type":["Card","Card","Card","Relic"],"build_version":"2020-12-13","purchased_purges":1,"victory":false,"max_hp_per_floor":[75,75,69,69,69,69,69,69,69,69,69,69,69,69,69,69,69,69,69,69,69,69,69,69,69,69,69],"card_choices":[{"not_picked":["Capacitor","Darkness"],"picked":"Conserve Battery","floor":1.0},{"not_picked":["Ball Lightning","ReplayTheSpireMod:Repulse"],"picked":"ReplaySolidLightProjector","floor":7.0},{"not_picked":["Steam","Conserve Battery"],"picked":"Leap","floor":8.0},{"not_picked":["hubris:PowerSurge","Cold Snap"],"picked":"Panic Button","floor":9.0},{"not_picked":["Sweeping Beam","Hologram","ReplayTheSpireMod:System Scan"],"picked":"SKIP","floor":16.0},{"not_picked":["Multi-Cast","Thunder Strike"],"picked":"Fission","floor":18.0},{"not_picked":["Double Energy","Redo"],"picked":"ReplayTheSpireMod:Reroute Power","floor":20.0},{"not_picked":["Melter","ReplayTheSpireMod:Dual Polarity","champ:Duel"],"picked":"Defragment","floor":24.0}],"player_experience":200208,"relics_obtained":[{"floor":8.0,"key":"hubris:TenFootPole"},{"floor":11.0,"key":"Bronze Scales"}],"event_choices":[{"damage_healed":0.0,"max_hp_gain":0.0,"max_hp_loss":6.0,"gold_gain":0.0,"event_name":"Golden Idol","player_choice":"Lose Max HP","floor":3.0,"gold_loss":0.0,"damage_taken":0.0,"relics_obtained":["Golden Idol"]},{"damage_healed":0.0,"max_hp_gain":0.0,"max_hp_loss":0.0,"gold_gain":0.0,"event_name":"Lab","player_choice":"Got Potions","floor":15.0,"gold_loss":0.0,"damage_taken":0.0},{"damage_healed":0.0,"max_hp_gain":0.0,"max_hp_loss":0.0,"gold_gain":0.0,"event_name":"Elementarium:LostScrolls","player_choice":"Read","floor":21.0,"gold_loss":0.0,"damage_taken":0.0,"cards_obtained":["Loop"]},{"damage_healed":0.0,"max_hp_gain":0.0,"max_hp_loss":0.0,"gold_gain":0.0,"event_name":"Elementarium:AbandonedFactory","player_choice":"Chest","floor":23.0,"gold_loss":0.0,"damage_taken":0.0,"relics_obtained":["Elementarium:GolemsHeart"],"cards_obtained":["Pain"]}],"is_beta":false,"boss_relics":[{"not_picked":["Replay:Fungal Core","Replay:Wanted Poster"],"picked":"ChewingGum"}],"items_purged_floors":[2],"is_endless":false,"potions_floor_spawned":[1,7,8,18],"killed_by":"Elementarium:ElementalPortal","ascension_level":0}}