{"host":"og6lam4kt3nibbw0","time":1607992736,"event":{"mods":["AchievementEnabler","BaseMod","Colored Map","DeckTracker","Highlight Path","Keyboard Shortcuts","Minty Spire (QoL Compilation)","Permanent Neow","Quick Restart","StSLib","SuperFastMode"],"gold_per_floor":[114,129,204,219,394,394,424,424,424,424,424,424,424,424,424,524,524,524,524,524,524,524,524,524,524,524,524,524,524,524,524,539,539,539,539,539,539,539,539,539,539,539,539,539,539,539,539,539,539,539,539,539],"floor_reached":53,"playtime":370,"items_purged":[],"score":1162,"play_id":"1fd5ba48-ff6f-4241-9ab0-f6d0d4ce6a29","local_time":"20201215093856","daily_mods":["Allstar","Hoarder","Night Terrors"],"is_ascension_mode":false,"campfire_choices":[{"data":"Zap","floor":6.0,"key":"SMITH"},{"floor":8.0,"key":"REST"},{"data":"Strike_B","floor":11.0,"key":"SMITH"},{"data":"Strike_B","floor":15.0,"key":"SMITH"},{"data":"Discovery","floor":27,"key":"SMITH"},{"data":"Defend_B","floor":28,"key":"SMITH"},{"data":"Dramatic Entrance","floor":31,"key":"SMITH"},{"data":"Forethought","floor":33,"key":"SMITH"},{"data":"Jack Of All Trades","floor":44,"key":"SMITH"},{"data":"Discovery","floor":46,"key":"SMITH"},{"data":"Dramatic Entrance","floor":49,"key":"SMITH"},{"data":"Ghostly","floor":51,"key":"SMITH"}],"circlet_count":0,"master_deck":["Strike_B+1","Strike_B+1","Strike_B+1","Strike_B+1","Defend_B+1","Defend_B+1","Defend_B+1","Defend_B+1","Dualcast","Discovery","Discovery+1","Discovery+1","Dramatic Entrance+1","Dramatic Entrance","Dramatic Entrance+1","Forethought","Forethought","Forethought+1","Jack Of All Trades","Jack Of All Trades+1","Jack Of All Trades","Forethought","Forethought","Forethought","Cold Snap","Cold Snap","Redo","Redo","Redo","Doubt","Doubt","Doubt","Redo","Redo","Redo","Biased Cognition","Biased Cognition","Biased Cognition","Writhe","Writhe","Writhe","Ghostly","Ghostly","Ghostly","Ghostly","Ghostly","Ghostly","Ghostly","Ghostly","Ghostly+1","Ghostly","Ghostly","Ghostly","Ghostly","Ghostly","Ghostly","Streamline","Streamline","Streamline"],"relics":["Cracked Core","Shuriken","The Courier","SlaversCollar","Singing Bowl","Toxic Egg 2","Philosopher\u0027s Stone","Bottled Flame"],"acts_visited":["Exordium","TheCity","TheBeyond"],"potions_floor_usage":[],"damage_taken":[{"damage":0.0,"enemies":"Small Slimes","floor":1.0,"turns":1.0},{"damage":9.0,"enemies":"Jaw Worm","floor":2.0,"turns":2.0},{"damage":0.0,"enemies":"2 Louse","floor":4.0,"turns":1.0},{"damage":30.0,"enemies":"Lagavulin","floor":7.0,"turns":5.0},{"damage":0.0,"enemies":"Large Slime","floor":12.0,"turns":1.0},{"damage":0.0,"enemies":"2 Fungi Beasts","floor":14.0,"turns":1.0},{"damage":0.0,"enemies":"Hexaghost","floor":16.0,"turns":1.0},{"damage":0.0,"enemies":"Shell Parasite","floor":18.0,"turns":1.0},{"damage":0.0,"enemies":"Spheric Guardian","floor":19.0,"turns":1.0},{"damage":0.0,"enemies":"Chosen and Byrds","floor":20.0,"turns":1.0},{"damage":0.0,"enemies":"Snecko","floor":21.0,"turns":1.0},{"damage":0,"enemies":"Centurion and Healer","floor":29,"turns":1},{"damage":0,"enemies":"Snake Plant","floor":32,"turns":1},{"damage":0,"enemies":"Champ","floor":34,"turns":1},{"damage":0,"enemies":"3 Darklings","floor":36,"turns":1},{"damage":0,"enemies":"3 Shapes","floor":38,"turns":1},{"damage":0,"enemies":"3 Darklings","floor":40,"turns":1},{"damage":0,"enemies":"Reptomancer","floor":42,"turns":1},{"damage":0,"enemies":"4 Shapes","floor":43,"turns":1},{"damage":0,"enemies":"Transient","floor":48,"turns":1},{"damage":0,"enemies":"Awakened One","floor":52,"turns":2}],"seed_played":"8833210206598683822","potions_obtained":[{"floor":2.0,"key":"SpeedPotion"},{"floor":7.0,"key":"Block Potion"},{"floor":32,"key":"FocusPotion"}],"is_trial":false,"path_per_floor":["M","M","?","M","?","R","E","R","T","?","R","M","$","M","R","B",null,"M","M","M","M","?","$","?","?","T","R","R","M","?","R","M","R","B",null,"M","?","M","M","M","?","E","M","R","T","R","?","M","R","?","R","B",null],"character_chosen":"DEFECT","items_purchased":[],"campfire_rested":1,"item_purchase_floors":[],"current_hp_per_floor":[75,66,55,55,55,55,25,70,70,70,70,70,70,70,70,70,70,70,70,70,70,57,57,57,37,37,37,37,37,37,37,37,37,37,37,37,37,37,37,37,37,37,37,37,37,37,37,37,37,33,33,33],"gold":539,"neow_bonus":"","is_daily":true,"chose_seed":false,"campfire_upgraded":11,"win_rate":0.0,"timestamp":1607992736,"path_taken":["M","M","?","M","?","R","E","R","T","?","R","M","$","M","R","BOSS","M","M","M","M","?","$","?","?","T","R","R","M","?","R","M","R","BOSS","M","?","M","M","M","?","E","?","R","T","R","?","M","R","?","R","BOSS"],"items_purchased_type":[],"build_version":"2020-12-13","purchased_purges":0,"victory":true,"max_hp_per_floor":[75,75,75,75,75,75,75,70,70,70,70,70,70,70,70,70,70,70,70,70,70,75,75,75,37,37,37,37,37,37,37,37,37,37,37,37,37,37,37,37,37,37,37,37,37,37,37,37,37,43,43,43],"card_choices":[{"not_picked":["Stack","Reinforced Body"],"picked":"Cold Snap","floor":1.0},{"not_picked":["Leap","Consume"],"picked":"Redo","floor":2.0},{"not_picked":["Rebound","Chill","Gash"],"picked":"SKIP","floor":4.0},{"not_picked":["Gash","Fusion"],"picked":"Redo","floor":7.0},{"not_picked":["Conserve Battery","Aggregate","Coolheaded"],"picked":"SKIP","floor":12.0},{"not_picked":["Hologram","Double Energy","Sweeping Beam"],"picked":"SKIP","floor":14.0},{"not_picked":["Echo Form","All For One"],"picked":"Biased Cognition","floor":16.0},{"not_picked":["Barrage+1","Chaos","Capacitor+1"],"picked":"SKIP","floor":18.0},{"not_picked":["Lockon","Steam","Beam Cell"],"picked":"SKIP","floor":19.0},{"not_picked":["Steam","Beam Cell","Reinforced Body+1"],"picked":"SKIP","floor":20.0},{"not_picked":["Ball Lightning","Tempest","Undo"],"picked":"SKIP","floor":21.0},{"not_picked":["White Noise+1","Conserve Battery+1","Stack+1"],"picked":"SKIP","floor":29},{"not_picked":["Turbo+1","Go for the Eyes"],"picked":"Streamline","floor":32},{"not_picked":["Streamline+1","Force Field+1","Go for the Eyes"],"picked":"SKIP","floor":36},{"not_picked":["Redo+1","Beam Cell","FTL"],"picked":"SKIP","floor":38},{"not_picked":["Cold Snap+1","Stack+1","Hello World"],"picked":"SKIP","floor":40},{"not_picked":["Ball Lightning","Go for the Eyes","Heatsinks"],"picked":"SKIP","floor":42},{"not_picked":["Melter","Steam+1","Leap+1"],"picked":"SKIP","floor":43},{"not_picked":["Doom and Gloom+1","Rebound+1","Steam+1"],"picked":"SKIP","floor":48},{"not_picked":["Master of Strategy+1","Forethought+1","Mind Blast"],"picked":"Singing Bowl","floor":50},{"not_picked":["Impatience+1","Discovery+1","Flash of Steel"],"picked":"Singing Bowl","floor":50},{"not_picked":["Finesse+1","Madness+1","Swift Strike"],"picked":"Singing Bowl","floor":50}],"player_experience":750987,"relics_obtained":[{"floor":7.0,"key":"Shuriken"},{"floor":9.0,"key":"The Courier"},{"floor":26,"key":"Toxic Egg 2"},{"floor":45,"key":"Bottled Flame"}],"event_choices":[{"damage_healed":0.0,"max_hp_gain":0.0,"max_hp_loss":0.0,"gold_gain":75.0,"event_name":"World of Goop","player_choice":"Gather Gold","floor":3.0,"gold_loss":0.0,"damage_taken":11.0},{"damage_healed":0.0,"max_hp_gain":0.0,"max_hp_loss":0.0,"gold_gain":175.0,"event_name":"Liars Game","player_choice":"AGREE","floor":5.0,"gold_loss":0.0,"damage_taken":0.0,"cards_obtained":["Doubt"]},{"cards_removed":["Zap"],"damage_healed":0.0,"max_hp_gain":0.0,"max_hp_loss":0.0,"gold_gain":0.0,"event_name":"Living Wall","player_choice":"Forget","floor":10.0,"gold_loss":0.0,"damage_taken":0.0},{"damage_healed":0,"gold_gain":0,"player_choice":"Shed Blood","damage_taken":18,"max_hp_gain":5,"max_hp_loss":0,"event_name":"Forgotten Altar","floor":22,"gold_loss":0},{"damage_healed":0,"gold_gain":0,"player_choice":"Opened","damage_taken":0,"relics_obtained":["Singing Bowl"],"max_hp_gain":0,"max_hp_loss":0,"event_name":"The Mausoleum","floor":24,"gold_loss":0,"cards_obtained":["Writhe"]},{"damage_healed":0,"gold_gain":0,"player_choice":"Became a Ghost","damage_taken":0,"max_hp_gain":0,"max_hp_loss":38,"event_name":"Ghosts","floor":25,"gold_loss":0,"cards_obtained":["Ghostly","Ghostly","Ghostly","Ghostly","Ghostly"]},{"damage_healed":0,"gold_gain":0,"player_choice":"Simplicity","damage_taken":0,"max_hp_gain":0,"max_hp_loss":0,"event_name":"Back to Basics","floor":30,"gold_loss":0,"cards_upgraded":["Strike_B","Strike_B","Defend_B","Defend_B","Defend_B"]},{"damage_healed":0,"gold_gain":0,"player_choice":"Ignored","damage_taken":0,"max_hp_gain":0,"max_hp_loss":0,"event_name":"Mysterious Sphere","floor":37,"gold_loss":0},{"damage_healed":0,"gold_gain":0,"player_choice":"Ignored","damage_taken":0,"max_hp_gain":0,"max_hp_loss":0,"event_name":"Golden Shrine","floor":41,"gold_loss":0},{"cards_removed":["Cold Snap"],"damage_healed":0,"gold_gain":0,"player_choice":"Removed Attack","damage_taken":0,"max_hp_gain":0,"max_hp_loss":0,"event_name":"Falling","floor":47,"gold_loss":0},{"damage_healed":0,"gold_gain":0,"player_choice":"Memory 3","damage_taken":10,"max_hp_gain":0,"max_hp_loss":0,"event_name":"SensoryStone","floor":50,"gold_loss":0}],"is_beta":false,"boss_relics":[{"not_picked":["Inserter","Runic Dome"],"picked":"SlaversCollar"},{"not_picked":["Busted Crown","SacredBark"],"picked":"Philosopher\u0027s Stone"}],"items_purged_floors":[],"is_endless":false,"potions_floor_spawned":[2,7,12,19,21,32,34,40,48],"ascension_level":0}}