{"host":"aukiz5jlacd3g5yc","time":1607998891,"event":{"mods":["2.2 Compatiblity","BaseMod","Bestiary","Colored Map","Colored Powertips","Downfall","GifTheSpireLib","Highlight Path","Hubris","Infinite Spire","Marisa????????","Minty Spire (QoL Compilation)","Permanent Neow","Quick Restart","Random Character Button","Rare Cards Sparkle","Relic Sorter","Relic Stats","Replay The Spire","StSLib","Unknown Chances","everything is the same but u backflip on backflip","slay the spire mod where everything is the same but ironclad has a cowboy hat"],"gold_per_floor":[0,10,10,41,57,57,104,114,133,133,133],"floor_reached":10,"playtime":420,"items_purged":[],"score":68,"play_id":"4f4fd39a-2f4f-46db-8952-4725efd57e6b","local_time":"20201214202131","is_ascension_mode":false,"campfire_choices":[{"floor":1,"key":"RECALL"},{"data":"champ:DefensiveStyle","floor":6,"key":"SMITH"}],"circlet_count":0,"master_deck":["champ:Strike","champ:Strike","champ:Strike","champ:Strike","champ:Defend","champ:Defend","champ:Defend","champ:Defend","champ:Execute","champ:Taunt","champ:CrookedStrike","champ:DefensiveStyle+1","champ:CrownThrow","champ:DefensiveShout","champ:ShieldSlam"],"relics":["champ:ChampionCrown","Peace Pipe","champ:LiftRelic","PreservedInsect","Strawberry"],"acts_visited":["Exordium"],"potions_floor_usage":[10],"damage_taken":[{"damage":14,"enemies":"Jaw Worm","floor":2,"turns":5},{"damage":84,"enemies":"Lagavulin","floor":4,"turns":10},{"damage":0,"enemies":"2 Louse","floor":5,"turns":4},{"damage":2,"enemies":"Small Slimes","floor":8,"turns":4},{"damage":21,"enemies":"Gremlin Gang","floor":9,"turns":6},{"damage":8,"enemies":"Gremlin Nob","floor":10,"turns":3}],"seed_played":"2297478635013364515","potions_obtained":[{"floor":5,"key":"champ:TechniquePotion"},{"floor":9,"key":"ColorlessPotion"}],"is_trial":false,"path_per_floor":["R","M","?","E","M","R","T","M","M","E"],"character_chosen":"THE_CHAMP","items_purchased":[],"campfire_rested":0,"item_purchase_floors":[],"current_hp_per_floor":[90,86,86,17,17,17,24,22,4,0,0],"gold":133,"neow_bonus":"ONE_RARE_RELIC","is_daily":false,"chose_seed":false,"campfire_upgraded":1,"win_rate":0.0,"timestamp":1607998891,"path_taken":["R","M","?","E","M","R","T","M","M","E"],"items_purchased_type":[],"build_version":"2020-12-13","purchased_purges":0,"victory":false,"max_hp_per_floor":[90,90,90,90,90,90,97,97,97,97,97],"relic_stats":{"Peace Pipe":1,"counters":[6,32],"PreservedInsect":22,"obtain_stats":[{"Peace Pipe":0,"champ:LiftRelic":3,"Strawberry":7,"champ:ChampionCrown":0,"PreservedInsect":4},{"Peace Pipe":0,"champ:LiftRelic":1,"Strawberry":3,"champ:ChampionCrown":0,"PreservedInsect":2},{"Peace Pipe":0,"champ:LiftRelic":5,"Strawberry":19,"champ:ChampionCrown":0,"PreservedInsect":15}]},"card_choices":[{"not_picked":["champ:Haymaker","champ:DefensiveShout"],"picked":"champ:CrookedStrike","floor":2},{"not_picked":["champ:GladiatorStyle","champ:FalseCounter"],"picked":"champ:DefensiveStyle","floor":4},{"not_picked":["champ:FanOfKnives","champ:PerfectedStrike"],"picked":"champ:CrownThrow","floor":5},{"not_picked":["champ:GladiatorsShout","champ:StanceDance"],"picked":"champ:DefensiveShout","floor":8},{"not_picked":["champ:BladeFlurry","champ:BerserkersShout"],"picked":"champ:ShieldSlam","floor":9}],"player_experience":360229,"relics_obtained":[{"floor":4,"key":"PreservedInsect"},{"floor":7,"key":"Strawberry"}],"event_choices":[],"is_beta":false,"boss_relics":[],"items_purged_floors":[],"is_endless":false,"potions_floor_spawned":[5,9],"killed_by":"Gremlin Nob","ascension_level":0}}