{"host":"6bsan6hkua32tfq7","time":1607992564,"event":{"mods":["BaseMod","Better Third Choice","Colored Map","Downfall","Highlight Path","Minty Spire (QoL Compilation)","StSLib"],"gold_per_floor":[118,118,131,142,142,142,168,168,168,184,202,31,56,66,66,66,66],"floor_reached":16,"playtime":391,"items_purged":[],"score":224,"play_id":"628434ee-c03b-4b03-9896-e982a4d2d975","local_time":"20201215013604","is_ascension_mode":true,"campfire_choices":[{"data":"Neutralize","floor":6.0,"key":"SMITH"},{"floor":8.0,"key":"REST"},{"data":"Sucker Punch","floor":15,"key":"SMITH"}],"circlet_count":0,"master_deck":["AscendersBane","Strike_G","Strike_G","Strike_G","Strike_G","Strike_G","Defend_G","Defend_G","Defend_G","Defend_G","Defend_G","Survivor","Neutralize+1","Flying Knee","Sucker Punch+1","All Out Attack","Slice","Dagger Spray","Corpse Explosion","Burst"],"relics":["Ring of the Snake","Art of War","Blue Candle","Boot","Mercury Hourglass","Kunai"],"acts_visited":["Exordium"],"potions_floor_usage":[16],"damage_taken":[{"damage":1.0,"enemies":"Cultist","floor":1.0,"turns":4.0},{"damage":1.0,"enemies":"2 Louse","floor":3.0,"turns":3.0},{"damage":4.0,"enemies":"Jaw Worm","floor":4.0,"turns":4.0},{"damage":26.0,"enemies":"Gremlin Nob","floor":7.0,"turns":4.0},{"damage":9.0,"enemies":"Gremlin Gang","floor":10.0,"turns":3.0},{"damage":7.0,"enemies":"Lots of Slimes","floor":11.0,"turns":2.0},{"damage":21.0,"enemies":"Lagavulin","floor":13.0,"turns":5.0},{"damage":0,"enemies":"Red Slaver","floor":14,"turns":3},{"damage":19,"enemies":"Hexaghost","floor":16,"turns":8}],"seed_played":"-3639623507883916504","potions_obtained":[{"floor":3.0,"key":"ColorlessPotion"},{"floor":4.0,"key":"EssenceOfSteel"},{"floor":5.0,"key":"Fruit Juice"},{"floor":5.0,"key":"Strength Potion"},{"floor":10.0,"key":"Strength Potion"}],"is_trial":false,"path_per_floor":["M","?","M","M","?","R","E","R","T","M","M","$","E","M","R","B"],"character_chosen":"THE_SILENT","items_purchased":["Corpse Explosion"],"campfire_rested":1,"item_purchase_floors":[12],"current_hp_per_floor":[58,58,57,53,58,58,32,53,53,44,37,37,16,16,16,0,0],"gold":66,"neow_bonus":"RANDOM_COMMON_RELIC","is_daily":false,"chose_seed":false,"campfire_upgraded":2,"win_rate":0.0,"timestamp":1607992564,"path_taken":["M","?","?","M","?","R","E","R","T","M","M","$","E","M","R","BOSS"],"items_purchased_type":["Card"],"build_version":"2020-12-13","purchased_purges":0,"victory":false,"max_hp_per_floor":[66,66,66,66,71,71,71,71,71,71,71,71,71,71,71,71,71],"card_choices":[{"not_picked":["Outmaneuver","Backflip"],"picked":"Choke","floor":1.0},{"not_picked":["Blade Dance","Prepared"],"picked":"Flying Knee","floor":3.0},{"not_picked":["Outmaneuver","Acrobatics"],"picked":"Sucker Punch","floor":4.0},{"not_picked":["Choke","Underhanded Strike"],"picked":"All Out Attack","floor":7.0},{"not_picked":["Blur","Caltrops"],"picked":"Slice","floor":10.0},{"not_picked":["Slice","Reflex"],"picked":"Dagger Spray","floor":11.0},{"not_picked":["Infinite Blades","Accuracy"],"picked":"Burst","floor":13},{"not_picked":["Masterful Stab","Caltrops","Sucker Punch"],"picked":"SKIP","floor":14}],"player_experience":5134893,"relics_obtained":[{"floor":7.0,"key":"Boot"},{"floor":9.0,"key":"Mercury Hourglass"},{"floor":13,"key":"Kunai"}],"event_choices":[{"cards_removed":["Choke"],"damage_healed":0.0,"max_hp_gain":0.0,"max_hp_loss":0.0,"gold_gain":0.0,"event_name":"WeMeetAgain","player_choice":"Gave Card","floor":2.0,"gold_loss":0.0,"damage_taken":0.0,"relics_obtained":["Blue Candle"]},{"damage_healed":0.0,"max_hp_gain":0.0,"max_hp_loss":0.0,"gold_gain":0.0,"event_name":"Lab","player_choice":"Got Potions","floor":5.0,"gold_loss":0.0,"damage_taken":0.0}],"is_beta":false,"boss_relics":[],"items_purged_floors":[],"is_endless":false,"potions_floor_spawned":[3,4,10,11],"killed_by":"Hexaghost","ascension_level":20}}