{"host":"ry95t1gxi682w1un","time":1607997304,"event":{"mods":["BaseMod","Block Reminder","Downfall","Highlight Path","Minty Spire (QoL Compilation)","Random Character Button","StSLib"],"gold_per_floor":[99,99,429,441,474,493,493,493,186,221,245,258,93,111,124,224,224,224,250,250,14,14,45,45,55,55,83,97,97,115,221,236,333,333,258,271,208,133,163,263,286,211,229,261,277,277,326,326,338,338],"floor_reached":51,"playtime":2511,"items_purged":["hexamod:Strike","hexamod:CatchUp","hexamod:GhostShield+1","hexamod:HeatMetal"],"score":1112,"play_id":"96134de2-f39e-4504-8d01-4df72c8793a9","local_time":"20201214205504","is_ascension_mode":true,"campfire_choices":[{"data":"hexamod:Sear","floor":1.0,"key":"SMITH"},{"data":"hexamod:BurningTouch","floor":8.0,"key":"SMITH"},{"data":"hexamod:RainOfEmbers","floor":18.0,"key":"SMITH"},{"floor":20.0,"key":"REST"},{"data":"hexamod:SoulSteal","floor":26.0,"key":"SMITH"},{"data":"hexamod:HeatShield","floor":35.0,"key":"SMITH"},{"data":"hexamod:HeatCrush","floor":42,"key":"SMITH"}],"circlet_count":0,"master_deck":["hexamod:Strike+1","hexamod:Defend+1","hexamod:Defend+1","hexamod:Defend+1","hexamod:Defend+1","hexamod:Sear+1","hexamod:Float+1","hexamod:PhantomFireball","hexamod:RainOfEmbers+1","hexamod:FirstSeal","hexamod:BurningTouch+1","hexamod:Toasty","hexamod:FlamesFromBeyond","hexamod:SoulSteal+1","hexamod:FirstSeal","hexamod:ExtraCrispy","hexamod:InspiringFlames","hexamod:SpectralSpark+1","hexamod:BurningTouch+1","hexamod:Rewind+1","hexamod:HeatCrush+1","hexamod:HeatShield+1","hexamod:VolcanoVisage"],"relics":["hexamod:SpiritBrand","Centennial Puzzle","Old Coin","Mummified Hand","Singing Bowl","Art of War","Bag of Marbles","Odd Mushroom","Lee\u0027s Waffle","Black Star","Blood Vial","hexamod:InflammatoryLetter","Membership Card","hexamod:MatchstickCase","Kunai","Question Card","Gambling Chip","Ice Cream","Sundial","hexamod:BolsterEngine","hexamod:RecyclingMachine","Coffee Dripper","downfall:HeartBlessingGreen","Meat on the Bone","Dream Catcher","downfall:GremlinWheel","downfall:HeartBlessingBlue","Thread and Needle","Potion Belt","Vajra"],"acts_visited":["Exordium","TheCity","TheBeyond"],"potions_floor_usage":[39,44],"damage_taken":[{"damage":25.0,"enemies":"Gremlin Nob","floor":3.0,"turns":5.0},{"damage":1.0,"enemies":"2 Louse","floor":4.0,"turns":2.0},{"damage":26.0,"enemies":"3 Sentries","floor":5.0,"turns":7.0},{"damage":0.0,"enemies":"Cultist","floor":6.0,"turns":3.0},{"damage":5.0,"enemies":"downfall:FleeingMerchant","floor":9.0,"turns":4.0},{"damage":12.0,"enemies":"Gremlin Nob","floor":10.0,"turns":3.0},{"damage":9.0,"enemies":"The Mushroom Lair","floor":11.0,"turns":4.0},{"damage":6.0,"enemies":"Jaw Worm","floor":12.0,"turns":3.0},{"damage":4.0,"enemies":"downfall:FleeingMerchant","floor":13.0,"turns":4.0},{"damage":0.0,"enemies":"Blue Slaver","floor":14.0,"turns":1.0},{"damage":0.0,"enemies":"3 Louse","floor":15.0,"turns":2.0},{"damage":54.0,"enemies":"downfall:Ironclad","floor":16.0,"turns":7.0},{"damage":52.0,"enemies":"Gremlin Leader","floor":19.0,"turns":5.0},{"damage":15.0,"enemies":"downfall:FleeingMerchant","floor":21.0,"turns":4.0},{"damage":13.0,"enemies":"Slavers","floor":23.0,"turns":2.0},{"damage":6.0,"enemies":"Chosen","floor":25.0,"turns":3.0},{"damage":18.0,"enemies":"Gremlin Leader","floor":27.0,"turns":5.0},{"damage":0.0,"enemies":"Spheric Guardian","floor":28.0,"turns":2.0},{"damage":5.0,"enemies":"3 Cultists","floor":30.0,"turns":3.0},{"damage":11.0,"enemies":"downfall:FleeingMerchant","floor":31.0,"turns":4.0},{"damage":0.0,"enemies":"Centurion and Healer","floor":32.0,"turns":3.0},{"damage":19.0,"enemies":"downfall:Silent","floor":33.0,"turns":5.0},{"damage":0.0,"enemies":"Orb Walker","floor":36.0,"turns":3.0},{"damage":0,"enemies":"Giant Head","floor":39,"turns":6},{"damage":0,"enemies":"Giant Head","floor":40,"turns":2},{"damage":18,"enemies":"3 Shapes","floor":43,"turns":3},{"damage":28,"enemies":"Reptomancer","floor":44,"turns":5},{"damage":26,"enemies":"3 Darklings","floor":45,"turns":3},{"damage":0,"enemies":"Transient","floor":49,"turns":5},{"damage":5,"enemies":"downfall:Watcher","floor":50,"turns":5}],"seed_played":"2581665672047790965","potions_obtained":[{"floor":3.0,"key":"Regen Potion"},{"floor":4.0,"key":"GamblersBrew"},{"floor":10.0,"key":"champ:CounterPotion"},{"floor":14.0,"key":"FearPotion"},{"floor":15.0,"key":"Fire Potion"},{"floor":19.0,"key":"Strength Potion"},{"floor":27.0,"key":"champ:CounterPotion"},{"floor":39,"key":"Weak Potion"},{"floor":44,"key":"hexamod:EctoCoolerPotion"}],"is_trial":false,"path_per_floor":["R","?","E","M","E","M","T","R","$","E","?","M","$","M","M","B",null,"R","E","R","$","?","E","T","M","R","E","M","?","M","$","M","B",null,"R","M","$","$","E","?","T","R","M","E","M","?","T","?","M","B",null],"character_chosen":"THE_SPIRIT","items_purchased":["hexamod:FlamesFromBeyond","Art of War","Lee\u0027s Waffle","Membership Card","hexamod:MatchstickCase","hexamod:HeatShield","hexamod:BolsterEngine","hexamod:RecyclingMachine"],"campfire_rested":1,"item_purchase_floors":[9,9,13,21,21,31,31,31],"current_hp_per_floor":[70,70,45,44,18,25,25,25,27,34,34,37,81,81,81,43,83,83,38,62,65,65,61,61,71,71,71,87,87,89,89,91,86,91,91,93,93,93,95,95,95,105,103,93,85,85,85,85,103,107],"gold":338,"neow_bonus":"RANDOM_COMMON_RELIC","is_daily":false,"chose_seed":false,"campfire_upgraded":6,"win_rate":0.0,"timestamp":1607997304,"path_taken":["R","?","E","M","E","M","T","R","?","E","?","?","$","M","M","BOSS","R","E","R","$","?","E","T","M","R","E","M","?","M","$","M","BOSS","R","M","$","$","E","?","T","R","M","E","?","?","?","?","M","BOSS"],"items_purchased_type":["Card","Relic","Relic","Relic","Relic","Card","Relic","Relic"],"build_version":"2020-12-13","purchased_purges":4,"victory":true,"max_hp_per_floor":[70,70,70,70,70,70,70,70,70,70,72,74,81,81,81,83,83,83,83,83,85,85,85,85,85,85,87,87,87,89,89,91,91,91,91,93,93,93,95,95,95,105,107,109,111,111,111,111,113,113],"card_choices":[{"not_picked":["hexamod:PowerFromBeyond","hexamod:ParanormalForm"],"picked":"hexamod:PhantomFireball","floor":3.0},{"not_picked":["hexamod:HauntingEcho","hexamod:FastForward"],"picked":"hexamod:RainOfEmbers","floor":4.0},{"not_picked":["hexamod:HauntingEcho","hexamod:Hexaguard"],"picked":"hexamod:FirstSeal","floor":5.0},{"not_picked":["hexamod:SoulSteal","hexamod:EtherealExpedition"],"picked":"hexamod:BurningTouch","floor":6.0},{"not_picked":["hexamod:Hexaguard","hexamod:PhantomFireball"],"picked":"hexamod:Toasty","floor":9.0},{"not_picked":["hexamod:FlamesFromBeyond","hexamod:HeatCrush"],"picked":"hexamod:HeatMetal","floor":10.0},{"not_picked":["hexamod:Hexaguard","hexamod:ChargedBarrage","hexamod:AdvancingGuard"],"picked":"Singing Bowl","floor":11.0},{"not_picked":["hexamod:BurningTouch","hexamod:SpectersWail","hexamod:ThirdSeal"],"picked":"Singing Bowl","floor":12.0},{"not_picked":["hexamod:AdvancingGuard","hexamod:DynamicBlow"],"picked":"hexamod:SoulSteal","floor":13.0},{"not_picked":["hexamod:RainOfEmbers","hexamod:GhostLash"],"picked":"hexamod:FirstSeal","floor":14.0},{"not_picked":["hexamod:FastForward","hexamod:NightmareStrike"],"picked":"hexamod:ExtraCrispy","floor":15.0},{"not_picked":["hexamod:UnleashSpirits","hexamod:TimeOfNeed","hexamod:CrushingStance"],"picked":"Singing Bowl","floor":16.0},{"not_picked":["hexamod:PhantomCloak","hexamod:NightmareStrike"],"picked":"hexamod:GhostShield+1","floor":19.0},{"not_picked":["hexamod:SwordOfDarkness","hexamod:DynamicBlow","hexamod:RainOfEmbers"],"picked":"Singing Bowl","floor":21.0},{"not_picked":["hexamod:ApocalypseNow","hexamod:DynamicBlow"],"picked":"hexamod:SpectralSpark+1","floor":23.0},{"not_picked":["hexamod:SpectersWail","hexamod:ChargedBarrage","hexamod:HauntingEcho"],"picked":"hexamod:BurningTouch+1","floor":25.0},{"not_picked":["hexamod:NightmareStrike","hexamod:GhostShield+1","hexamod:NecessarySacrifice","hexamod:NightmareGuise+1"],"picked":"Singing Bowl","floor":27.0},{"not_picked":["hexamod:GhostShield","hexamod:EtherealExpedition","hexamod:SecondSeal"],"picked":"hexamod:Rewind+1","floor":28.0},{"not_picked":["hexamod:ThirdSeal","hexamod:SkipABeat","hexamod:ShieldOfDarkness","hexamod:GhostOfSpirePresent"],"picked":"Singing Bowl","floor":30.0},{"not_picked":["hexamod:NightmareGuise","hexamod:NecessarySacrifice","hexamod:EtherealExpedition"],"picked":"hexamod:HeatCrush","floor":31.0},{"not_picked":["hexamod:ThermalTransfer","hexamod:SwordOfDarkness","hexamod:GhostLash","hexamod:SpectralSpark"],"picked":"Singing Bowl","floor":32.0},{"not_picked":["hexamod:SixthSeal","hexamod:ParanormalForm","hexamod:Toasty"],"picked":"hexamod:VolcanoVisage","floor":33.0},{"not_picked":["hexamod:SoulSteal+1","hexamod:Haunt","hexamod:RainOfEmbers+1","hexamod:EmpoweredFlame"],"picked":"Singing Bowl","floor":36.0},{"not_picked":["hexamod:CatchUp","hexamod:NecessarySacrifice","hexamod:RetreatToShadows+1","hexamod:Firestarter+1"],"picked":"Singing Bowl","floor":39},{"not_picked":["hexamod:NecessarySacrifice+1","hexamod:FirstSeal","hexamod:FourthSeal","hexamod:BacktrackSmack"],"picked":"Singing Bowl","floor":43},{"not_picked":["hexamod:HauntingEcho+1","hexamod:SuperheatedStrike","hexamod:AdvancingGuard+1","hexamod:GhostOfSpirePresent"],"picked":"Singing Bowl","floor":44},{"not_picked":["hexamod:SwordOfDarkness","hexamod:Hexaguard+1","hexamod:GhostLash+1","hexamod:InspiringFlames"],"picked":"Singing Bowl","floor":45},{"not_picked":["hexamod:SkipABeat+1","hexamod:FirstSeal","hexamod:NightmareGuise+1","hexamod:SuperheatedStrike+1"],"picked":"Singing Bowl","floor":49}],"player_experience":511788,"relics_obtained":[{"floor":3.0,"key":"Old Coin"},{"floor":5.0,"key":"Mummified Hand"},{"floor":7.0,"key":"Singing Bowl"},{"floor":10.0,"key":"Bag of Marbles"},{"floor":11.0,"key":"Odd Mushroom"},{"floor":19.0,"key":"Blood Vial"},{"floor":19.0,"key":"hexamod:InflammatoryLetter"},{"floor":23.0,"key":"Kunai"},{"floor":23.0,"key":"Question Card"},{"floor":24.0,"key":"Gambling Chip"},{"floor":27.0,"key":"Ice Cream"},{"floor":27.0,"key":"Sundial"},{"floor":39,"key":"Meat on the Bone"},{"floor":39,"key":"Dream Catcher"},{"floor":40,"key":"downfall:GremlinWheel"},{"floor":44,"key":"Thread and Needle"},{"floor":44,"key":"Potion Belt"},{"floor":47,"key":"Vajra"}],"event_choices":[{"damage_healed":0.0,"max_hp_gain":0.0,"max_hp_loss":0.0,"gold_gain":0.0,"event_name":"Upgrade Shrine","player_choice":"Upgraded","floor":2.0,"gold_loss":0.0,"damage_taken":0.0,"cards_upgraded":["hexamod:Float"]},{"damage_healed":0.0,"max_hp_gain":0.0,"max_hp_loss":0.0,"gold_gain":0.0,"event_name":"Mushrooms","player_choice":"Fought Mushrooms","floor":11.0,"gold_loss":0.0,"damage_taken":0.0},{"damage_healed":0.0,"max_hp_gain":0.0,"max_hp_loss":0.0,"gold_gain":0.0,"cards_transformed":["hexamod:Strike","hexamod:Strike"],"event_name":"Drug Dealer","player_choice":"Became Test Subject","floor":22.0,"gold_loss":0.0,"damage_taken":0.0,"cards_obtained":["hexamod:InspiringFlames","hexamod:CatchUp"]},{"damage_healed":0.0,"max_hp_gain":0.0,"max_hp_loss":0.0,"gold_gain":0.0,"event_name":"Back to Basics","player_choice":"Simplicity","floor":29.0,"gold_loss":0.0,"damage_taken":0.0,"cards_upgraded":["hexamod:Strike","hexamod:Defend","hexamod:Defend","hexamod:Defend","hexamod:Defend"]}],"is_beta":false,"boss_relics":[{"not_picked":["SlaversCollar","Cursed Key"],"picked":"Black Star"},{"not_picked":["Tiny House","Empty Cage"],"picked":"Coffee Dripper"}],"items_purged_floors":[9,31,37,38],"is_endless":false,"potions_floor_spawned":[3,4,10,14,15,19,27,30,36,39,43,44],"ascension_level":4}}