{"host":"wxm9nhpxzwflah6x","time":1607992603,"event":{"mods":["2.2 Compatiblity","AchievementEnabler","BaseMod","Minty Spire (QoL Compilation)","Quick Restart","Rare Cards Sparkle","Replay The Spire","StSLib"],"gold_per_floor":[114,125,125,137,150,150,150,177,200,225,225,225,239,253,253,253,253],"floor_reached":16,"playtime":880,"items_purged":[],"score":129,"play_id":"47e818d3-ed19-4777-a052-9a2123283e4b","local_time":"20201214163643","is_ascension_mode":true,"campfire_choices":[{"floor":6,"key":"REST"},{"floor":11,"key":"REST"},{"floor":15,"key":"REST"}],"circlet_count":0,"master_deck":["Strike_B","Strike_B","Strike_B","Defend_B","Defend_B","Defend_B","Defend_B","Zap","Dualcast","Chill","ReplayGash","Ball Lightning","Gash","Glacier","Pot Of Greed","Pot Of Greed","Leap","Chaos","Self Repair"],"relics":["ChewingGum","Pen Nib","Blue Doll","Replay:Towering Pillar of Hats","Grinning Jar","ReplayTheSpireMod:Shallot"],"acts_visited":["Exordium"],"potions_floor_usage":[16],"damage_taken":[{"damage":0,"enemies":"Cultist","floor":1,"turns":4},{"damage":7,"enemies":"Small Slimes","floor":2,"turns":4},{"damage":7,"enemies":"Jaw Worm","floor":4,"turns":3},{"damage":10,"enemies":"Looter","floor":5,"turns":3},{"damage":8,"enemies":"3 Sentries","floor":8,"turns":7},{"damage":32,"enemies":"Gremlin Nob","floor":10,"turns":5},{"damage":0,"enemies":"2 Fungi Beasts","floor":13,"turns":4},{"damage":1,"enemies":"Gremlin Gang","floor":14,"turns":5},{"damage":99,"enemies":"Fading Forest","floor":16,"turns":9}],"seed_played":"-8566273934737656728","potions_obtained":[{"floor":2,"key":"FearPotion"},{"floor":13,"key":"Regen Potion"},{"floor":14,"key":"Strength Potion"}],"is_trial":false,"path_per_floor":["M","M","?","M","M","R","?","E","T","E","R","?","M","M","R","B"],"character_chosen":"DEFECT","items_purchased":[],"campfire_rested":3,"item_purchase_floors":[],"current_hp_per_floor":[75,68,65,58,48,70,70,62,62,30,52,45,45,44,66,0,0],"gold":253,"neow_bonus":"BOSS_RELIC","is_daily":false,"chose_seed":false,"campfire_upgraded":0,"win_rate":0.0,"timestamp":1607992603,"path_taken":["M","M","?","M","M","R","?","E","T","E","R","?","M","M","R","BOSS"],"items_purchased_type":[],"build_version":"2020-12-13","purchased_purges":0,"victory":false,"max_hp_per_floor":[75,75,75,75,75,75,75,75,75,75,75,75,75,75,75,75,75],"card_choices":[{"not_picked":["Cold Snap","Rebound"],"picked":"Chill","floor":1},{"not_picked":["Gash","Sunder"],"picked":"ReplayGash","floor":2},{"not_picked":["Redo","Sweeping Beam"],"picked":"Ball Lightning","floor":4},{"not_picked":["Ball Lightning","Beam Cell"],"picked":"Gash","floor":5},{"not_picked":["Hologram","Recycle"],"picked":"Glacier","floor":8},{"not_picked":["ReplayTheSpireMod:Reroute Power","Sweeping Beam"],"picked":"Leap","floor":10},{"not_picked":["Cold Snap","Amplify"],"picked":"Chaos","floor":13},{"not_picked":["Compile Driver","Streamline"],"picked":"Self Repair","floor":14}],"player_experience":204937,"relics_obtained":[{"floor":8,"key":"Replay:Towering Pillar of Hats"},{"floor":9,"key":"Grinning Jar"},{"floor":10,"key":"ReplayTheSpireMod:Shallot"}],"event_choices":[{"damage_healed":0,"gold_gain":0,"player_choice":"Success","damage_taken":3,"relics_obtained":["Pen Nib"],"max_hp_gain":0,"max_hp_loss":0,"event_name":"Scrap Ooze","floor":3,"gold_loss":0},{"damage_healed":0,"gold_gain":0,"player_choice":"Searched \u00271\u0027 times","damage_taken":0,"relics_obtained":["Blue Doll"],"max_hp_gain":0,"max_hp_loss":0,"event_name":"Dead Adventurer","floor":7,"gold_loss":0},{"cards_removed":["Strike_B"],"damage_healed":0,"gold_gain":0,"player_choice":"Card Removal","damage_taken":7,"max_hp_gain":0,"max_hp_loss":0,"event_name":"Golden Wing","floor":12,"gold_loss":0}],"is_beta":false,"boss_relics":[],"items_purged_floors":[],"is_endless":false,"potions_floor_spawned":[2,13,14],"killed_by":"Fading Forest","ascension_level":3}}