{"host":"6bsan6hkua32tfq7","time":1607999955,"event":{"mods":["BaseMod","Better Third Choice","Colored Map","Downfall","Highlight Path","Minty Spire (QoL Compilation)","StSLib"],"gold_per_floor":[160,176,176,176,187,187,202,202,202],"floor_reached":8,"playtime":214,"items_purged":[],"score":96,"play_id":"fb572543-1891-4f16-bd16-e90088175fa2","local_time":"20201215033915","is_ascension_mode":true,"campfire_choices":[{"floor":6,"key":"REST"}],"circlet_count":0,"master_deck":["AscendersBane","Strike_B","Strike_B","Strike_B","Defend_B","Defend_B","Defend_B","Defend_B","Zap","Dualcast+1","Conserve Battery","Darkness","Redo","Redo"],"relics":["Tiny House","Potion Belt"],"acts_visited":["Exordium"],"potions_floor_usage":[7,8],"damage_taken":[{"damage":1,"enemies":"Cultist","floor":1,"turns":5},{"damage":8,"enemies":"Small Slimes","floor":2,"turns":3},{"damage":6,"enemies":"2 Louse","floor":5,"turns":3},{"damage":2,"enemies":"Large Slime","floor":7,"turns":5},{"damage":55,"enemies":"3 Sentries","floor":8,"turns":6}],"seed_played":"-4640820269754118255","potions_obtained":[{"floor":0,"key":"Swift Potion"},{"floor":2,"key":"Fire Potion"}],"is_trial":false,"path_per_floor":["M","M","?","?","M","R","M","E"],"character_chosen":"DEFECT","items_purchased":[],"campfire_rested":1,"item_purchase_floors":[],"current_hp_per_floor":[68,60,42,35,29,51,49,0,0],"gold":202,"neow_bonus":"BOSS_RELIC","is_daily":false,"chose_seed":false,"campfire_upgraded":0,"win_rate":0.0,"timestamp":1607999955,"path_taken":["M","?","?","?","M","R","M","E"],"items_purchased_type":[],"build_version":"2020-12-13","purchased_purges":0,"victory":false,"max_hp_per_floor":[76,76,76,76,76,76,76,76,76],"card_choices":[{"not_picked":["Stack","Hologram"],"picked":"Conserve Battery","floor":0},{"not_picked":["Scrape","Redo"],"picked":"Darkness","floor":1},{"not_picked":["Beam Cell","Hologram"],"picked":"Redo","floor":2},{"not_picked":["Beam Cell","Turbo"],"picked":"Redo","floor":5},{"not_picked":["BootSequence","Turbo","Leap"],"picked":"SKIP","floor":7}],"player_experience":5140933,"relics_obtained":[],"event_choices":[{"damage_healed":0,"gold_gain":0,"player_choice":"Relic ","damage_taken":18,"max_hp_gain":0,"max_hp_loss":0,"event_name":"betterThird:BetterScrap","floor":3,"gold_loss":0,"cards_obtained":["Bouncing Flask"]},{"cards_removed":["Strike_B"],"damage_healed":0,"gold_gain":0,"player_choice":"Card Removal","damage_taken":7,"max_hp_gain":0,"max_hp_loss":0,"event_name":"Golden Wing","floor":4,"gold_loss":0}],"is_beta":false,"boss_relics":[],"items_purged_floors":[],"is_endless":false,"potions_floor_spawned":[2],"killed_by":"3 Sentries","ascension_level":20}}