{"host":"6bsan6hkua32tfq7","time":1607994888,"event":{"mods":["BaseMod","Better Third Choice","Colored Map","Downfall","Highlight Path","Minty Spire (QoL Compilation)","StSLib"],"gold_per_floor":[113,113,129,144,165,165,29,29,53,77,77,77,77],"floor_reached":12,"playtime":299,"items_purged":[],"score":140,"play_id":"7573f26b-bd7c-463d-972b-5a1368d0eec2","local_time":"20201215021448","is_ascension_mode":true,"campfire_choices":[{"data":"Eruption","floor":6,"key":"SMITH"},{"data":"Discovery","floor":8,"key":"SMITH"}],"circlet_count":0,"master_deck":["AscendersBane","Strike_P","Strike_P","Strike_P","Defend_P","Defend_P","Defend_P","Eruption+1","Vigilance","Consecrate","WaveOfTheHand","FollowUp","BowlingBash","Discovery+1","Perseverance","Finisher"],"relics":["PureWater","Golden Idol","Smiling Mask","Boot"],"acts_visited":["Exordium"],"potions_floor_usage":[5,10],"damage_taken":[{"damage":0,"enemies":"2 Louse","floor":1,"turns":4},{"damage":0,"enemies":"Jaw Worm","floor":3,"turns":3},{"damage":1,"enemies":"Small Slimes","floor":4,"turns":5},{"damage":2,"enemies":"Exordium Wildlife","floor":5,"turns":4},{"damage":3,"enemies":"Exordium Thugs","floor":10,"turns":3},{"damage":55,"enemies":"Lagavulin","floor":12,"turns":7}],"seed_played":"-8733596859328725676","potions_obtained":[{"floor":1,"key":"hexamod:EctoCoolerPotion"},{"floor":4,"key":"SpeedPotion"},{"floor":5,"key":"Fire Potion"}],"is_trial":false,"path_per_floor":["M","?","M","M","M","R","$","R","T","M","?","E"],"character_chosen":"WATCHER","items_purchased":["Discovery","Perseverance"],"campfire_rested":0,"item_purchase_floors":[7,7],"current_hp_per_floor":[43,43,43,42,40,40,40,40,40,37,19,0,0],"gold":77,"neow_bonus":"REMOVE_TWO","is_daily":false,"chose_seed":false,"campfire_upgraded":2,"win_rate":0.0,"timestamp":1607994888,"path_taken":["M","?","M","M","M","R","$","R","T","M","?","E"],"items_purchased_type":["Card","Card"],"build_version":"2020-12-13","purchased_purges":0,"victory":false,"max_hp_per_floor":[68,62,62,62,62,62,62,62,62,62,62,62,62],"card_choices":[{"not_picked":["LikeWater","Conclude"],"picked":"Consecrate","floor":1},{"not_picked":["WreathOfFlame","ClearTheMind"],"picked":"WaveOfTheHand","floor":3},{"not_picked":["FlyingSleeves","Prostrate"],"picked":"FollowUp","floor":4},{"not_picked":["Sanctity","Wireheading"],"picked":"BowlingBash","floor":5},{"not_picked":["ThirdEye","Crescendo","Halt"],"picked":"SKIP","floor":10}],"player_experience":5137217,"relics_obtained":[{"floor":9,"key":"Smiling Mask"}],"event_choices":[{"damage_healed":0,"gold_gain":0,"player_choice":"Lose Max HP","damage_taken":0,"relics_obtained":["Golden Idol"],"max_hp_gain":0,"max_hp_loss":6,"event_name":"Golden Idol","floor":2,"gold_loss":0}],"is_beta":false,"boss_relics":[],"items_purged_floors":[],"is_endless":false,"potions_floor_spawned":[1,4,5],"killed_by":"Lagavulin","ascension_level":20}}