{"host":"wckp9jwyigqda0o0","time":1607995060,"event":{"mods":["2.2 Compatiblity","AchievementEnabler","Act Like it!","BaseMod","BetterRewards","Colored Powertips","Conspire","Downfall","Gensokyo","Hubris","Infinite Spire","Marisa????????","Minty Spire (QoL Compilation)","Prisma Mod","Replay The Spire","StSLib","SuperFastMode","The Animator","The Cursed","The Jungle","The Necromancer"],"gold_per_floor":[115,115,115,135,150,150,253,253,277,294,294,304,356,376,376,480,480,496,496,182,196,196,229,229,229,229,229,249,276,276,276,276,381,381,396,396,407,417,417,451,451,497,497,512,524,524,524,551,563,575,575],"floor_reached":50,"playtime":3031,"items_purged":[],"score":628,"play_id":"4f1c1967-be30-44e1-beb1-dedd5c9b04e5","local_time":"20201214191740","is_ascension_mode":false,"campfire_choices":[{"data":"PrismaMod:IllyaCheapChannelAttack","floor":6,"key":"SMITH"},{"data":"PrismaMod:IllyaMaid","floor":8,"key":"SMITH"},{"data":"PrismaMod:IllyaBride","floor":11,"key":"SMITH"},{"data":"PrismaMod:IllyaUncommonAttack","floor":15,"key":"SMITH"},{"data":"PrismaMod:IllyaUberAttackChannel","floor":27,"key":"SMITH"},{"floor":30,"key":"REST"},{"floor":32,"key":"REST"},{"data":"Specialist","floor":41,"key":"SMITH"},{"data":"PrismaMod:IllyaUberAttackChannel","floor":49,"key":"SMITH"}],"circlet_count":0,"master_deck":["PrismaMod:IllyaCommonAttack","PrismaMod:IllyaCommonDefend","PrismaMod:IllyaCommonAttack","PrismaMod:IllyaCommonDefend","PrismaMod:IllyaCommonAttack+1","PrismaMod:IllyaCommonDefend","PrismaMod:IllyaCommonAttack","PrismaMod:IllyaCommonDefend","PrismaMod:IllyaCommonAttack+1","PrismaMod:IllyaCommonDefend+1","PrismaMod:IllyaUncommonAttack+1","PrismaMod:IllyaUncommonDefend+1","PrismaMod:IllyaMinorReinForce","PrismaMod:IllyaCheapDefend+1","PrismaMod:IllyaCheapChannelAttack+1","PrismaMod:IllyaCheapAttack","PrismaMod:IllyaMaid+1","PrismaMod:IllyaBride+1","PrismaMod:IllyaAOECommonAttack","PrismaMod:IllyaUncommonAttack+1","PrismaMod:IllyaUberAttackChannel+1","PrismaMod:IllyaFriendMaker","PrismaMod:IllyaBerserCAR+1","PrismaMod:IllyaUberAttackChannel+1","Normality","PrismaMod:IllyaEvokeAll","PrismaMod:IllyaBride","PrismaMod:IllyaCarnivalAttack","PrismaMod:IllyaBlindPoisonToss+1","PrismaMod:IllyaPoisoningPhantasm","PrismaMod:IllyaCommonAttack","Specialist+1","PrismaMod:IllyaCheapChannelAttack","PrismaMod:IllyaPartialInstallAssassin+1","PrismaMod:IllyaCheapChannelPoison+1","PrismaMod:IllyaGun+1","PrismaMod:IllyaBlindPoisonToss","PrismaMod:IllyaUncommonDefend+1"],"relics":["PrismaMod:PrismaRuby","NeowsBlessing","Orichalcum","Replay:Mystery Machine","Whetstone","Black Star","MutagenicStrength","Replay:Wax Seal","infinitespire:Lucky Rock","hubris:HerbalPaste","Gambling Chip","hubris:ToyBattleship","Ring of Hypnosis","ReplayTheSpireMod:Ring of Exchange","Mango","Ice Cream","Thread and Needle","Enchiridion","hubris:TerracottaHorce","hubris:Towel","Bag of Preparation","Mercury Hourglass","Juzu Bracelet","infinitespire:EmpoweringShard","hubris:CrackedHourglass","War Paint","MawBank"],"acts_visited":["Exordium","TheCity","TheBeyond"],"potions_floor_usage":[16,16,23,29,33,33,33,50,50],"damage_taken":[{"damage":0,"enemies":"2 Louse","floor":1,"turns":1},{"damage":0,"enemies":"Small Slimes","floor":4,"turns":1},{"damage":0,"enemies":"Jaw Worm","floor":5,"turns":1},{"damage":4,"enemies":"Exordium Thugs","floor":10,"turns":4},{"damage":0,"enemies":"Exordium Wildlife","floor":12,"turns":3},{"damage":2,"enemies":"Large Slime","floor":14,"turns":3},{"damage":37,"enemies":"Slime Boss","floor":16,"turns":11},{"damage":8,"enemies":"Shell Parasite","floor":18,"turns":4},{"damage":12,"enemies":"Spheric Guardian","floor":21,"turns":4},{"damage":36,"enemies":"Slavers","floor":23,"turns":5},{"damage":0,"enemies":"Shelled Parasite and Fungi","floor":28,"turns":4},{"damage":31,"enemies":"Gremlin Leader","floor":29,"turns":6},{"damage":21,"enemies":"Champ","floor":33,"turns":10},{"damage":0,"enemies":"3 Shapes","floor":35,"turns":4},{"damage":1,"enemies":"Orb Walker","floor":37,"turns":3},{"damage":0,"enemies":"4 Shapes","floor":38,"turns":3},{"damage":19,"enemies":"R_Hoarder","floor":40,"turns":7},{"damage":3,"enemies":"3 Darklings","floor":44,"turns":5},{"damage":1,"enemies":"Transient","floor":45,"turns":5},{"damage":21,"enemies":"Giant Head","floor":48,"turns":7},{"damage":87,"enemies":"conspire:OrnateMirror","floor":50,"turns":8}],"seed_played":"-1733104896938410010","potions_obtained":[{"floor":1,"key":"Weak Potion"},{"floor":10,"key":"Guardian:BlockOnCardUsePotion"},{"floor":18,"key":"Strength Potion"},{"floor":28,"key":"Adrenaline Potion"},{"floor":29,"key":"EntropicBrew"},{"floor":38,"key":"SkillPotion"},{"floor":45,"key":"SkillPotion"}],"is_trial":false,"path_per_floor":["M","?","?","M","M","R","?","R","T","M","R","M","T","M","R","B",null,"M","?","$","M","?","E","?","$","T","R","M","E","R","?","R","B",null,"M","?","M","M","?","E","R","T","T","M","M","AVR","?","E","R","B"],"character_chosen":"ILLYA","items_purchased":["Replay:Wax Seal","infinitespire:Lucky Rock","hubris:HerbalPaste"],"campfire_rested":2,"item_purchase_floors":[20,20,20],"current_hp_per_floor":[75,75,60,60,60,60,60,60,60,56,56,56,56,54,54,17,75,67,67,67,61,61,31,31,31,45,45,51,26,52,36,62,47,79,89,89,89,89,89,70,70,70,70,73,83,83,83,68,68,0,0],"gold":575,"neow_bonus":"THREE_ENEMY_KILL","is_daily":false,"chose_seed":false,"campfire_upgraded":7,"win_rate":0.0,"timestamp":1607995060,"path_taken":["M","?","?","M","M","R","?","R","T","?","R","M","?","M","R","BOSS","M","?","$","M","?","E","?","?","T","R","?","E","R","?","R","BOSS","M","?","?","M","?","E","R","?","T","M","M","AVR","?","E","R","BOSS"],"items_purchased_type":["Relic","Relic","Relic"],"build_version":"2020-12-13","purchased_purges":0,"victory":false,"max_hp_per_floor":[75,75,75,75,75,75,75,75,75,75,75,75,75,75,75,75,75,75,75,75,75,75,75,75,75,89,89,89,89,89,89,89,89,89,89,89,89,89,89,89,89,89,89,89,89,89,89,89,89,89,89],"card_choices":[{"not_picked":["PrismaMod:IllyaDualEvoke","PrismaMod:IllyaPoisonTippedWeapons"],"picked":"PrismaMod:IllyaMinorReinForce","floor":1},{"not_picked":["PrismaMod:IllyaFeed","PrismaMod:IllyaFriendMaker"],"picked":"PrismaMod:IllyaCheapDefend","floor":4},{"not_picked":["PrismaMod:IllyaHassanGift","PrismaMod:IllyaSaphire"],"picked":"PrismaMod:IllyaCheapChannelAttack","floor":5},{"not_picked":["PrismaMod:IllyaCheapChannelPoison","PrismaMod:IllyaBride"],"picked":"PrismaMod:IllyaCheapAttack","floor":7},{"not_picked":["PrismaMod:IllyaPoisonBomb","PrismaMod:IllyaDevil"],"picked":"PrismaMod:IllyaMaid","floor":7},{"not_picked":["PrismaMod:IllyaPoisonBlock","PrismaMod:IllyaInstallAssassin"],"picked":"PrismaMod:IllyaBride","floor":10},{"not_picked":["PrismaMod:IllyaUberChannel","PrismaMod:IllyaGrail"],"picked":"PrismaMod:IllyaAOECommonAttack","floor":12},{"not_picked":["PrismaMod:IllyaPoisonBlock","PrismaMod:IllyaEvokeAll"],"picked":"PrismaMod:IllyaUncommonAttack","floor":14},{"not_picked":["PrismaMod:IllyaUberDefendChannel","PrismaMod:IllyaCarnivalPrismaAstolfo"],"picked":"PrismaMod:IllyaUberAttackChannel","floor":16},{"not_picked":["PrismaMod:IllyaStunPoison+1","PrismaMod:IllyaBoysLove"],"picked":"PrismaMod:IllyaFriendMaker","floor":18},{"not_picked":["PrismaMod:IllyaDevil","PrismaMod:IllyaCommonEvoke"],"picked":"PrismaMod:IllyaBerserCAR+1","floor":21},{"not_picked":["PrismaMod:IllyaFeed","PrismaMod:IllyaMinorRapidFire"],"picked":"PrismaMod:IllyaUberAttackChannel","floor":23},{"not_picked":["PrismaMod:IllyaStunPoison","PrismaMod:IllyaCommandSeal"],"picked":"PrismaMod:IllyaEvokeAll","floor":28},{"not_picked":["PrismaMod:IllyaStunPoison","PrismaMod:IllyaUberAttackChannel"],"picked":"PrismaMod:IllyaBride","floor":29},{"not_picked":["PrismaMod:IllyaInstallAlterEgo","PrismaMod:IllyaInstallBerserker"],"picked":"PrismaMod:IllyaCarnivalAttack","floor":33},{"not_picked":["PrismaMod:IllyaTestament+1","PrismaMod:IllyaFriendMaker+1"],"picked":"PrismaMod:IllyaBlindPoisonToss+1","floor":35},{"not_picked":["PrismaMod:IllyaBride","PrismaMod:IllyaBoysLove"],"picked":"PrismaMod:IllyaCheapChannelAttack","floor":37},{"not_picked":["PrismaMod:IllyaCheapChannelAttack","PrismaMod:IllyaCheapAttack"],"picked":"PrismaMod:IllyaPartialInstallAssassin","floor":38},{"not_picked":["PrismaMod:IllyaFriendMaker","PrismaMod:IllyaCommandSeal+1"],"picked":"PrismaMod:IllyaCheapChannelPoison+1","floor":40},{"not_picked":["PrismaMod:IllyaUberPoisonBlock+1","PrismaMod:IllyaInstallAvenger"],"picked":"PrismaMod:IllyaGun+1","floor":44},{"not_picked":["PrismaMod:IllyaFeed","PrismaMod:IllyaAlice+1"],"picked":"PrismaMod:IllyaBlindPoisonToss","floor":45},{"not_picked":["PrismaMod:IllyaAlice","PrismaMod:IllyaCheapChannelDefend+1"],"picked":"PrismaMod:IllyaUncommonDefend+1","floor":48}],"player_experience":137352,"relics_obtained":[{"floor":7,"key":"Orichalcum"},{"floor":9,"key":"Replay:Mystery Machine"},{"floor":13,"key":"Whetstone"},{"floor":23,"key":"Gambling Chip"},{"floor":23,"key":"hubris:ToyBattleship"},{"floor":24,"key":"Ring of Hypnosis"},{"floor":24,"key":"ReplayTheSpireMod:Ring of Exchange"},{"floor":26,"key":"Mango"},{"floor":29,"key":"Ice Cream"},{"floor":29,"key":"Thread and Needle"},{"floor":31,"key":"Enchiridion"},{"floor":40,"key":"Bag of Preparation"},{"floor":40,"key":"Mercury Hourglass"},{"floor":42,"key":"Juzu Bracelet"},{"floor":43,"key":"infinitespire:EmpoweringShard"},{"floor":48,"key":"War Paint"},{"floor":48,"key":"MawBank"}],"event_choices":[{"damage_healed":0,"gold_gain":0,"player_choice":"Entered Light","damage_taken":15,"max_hp_gain":0,"max_hp_loss":0,"event_name":"Shining Light","floor":3,"gold_loss":0,"cards_upgraded":["PrismaMod:IllyaUncommonDefend","PrismaMod:IllyaCommonDefend"]},{"damage_healed":0,"gold_gain":0,"player_choice":"Inject Mutagens","damage_taken":0,"relics_obtained":["MutagenicStrength"],"max_hp_gain":0,"max_hp_loss":0,"event_name":"Drug Dealer","floor":19,"gold_loss":0},{"damage_healed":0,"gold_gain":0,"player_choice":"Ignored","damage_taken":0,"max_hp_gain":0,"max_hp_loss":0,"event_name":"Ghosts","floor":22,"gold_loss":0},{"damage_healed":0,"gold_gain":0,"player_choice":"Obtained Book","damage_taken":16,"max_hp_gain":0,"max_hp_loss":0,"event_name":"Cursed Tome","floor":31,"gold_loss":0},{"damage_healed":0,"gold_gain":0,"player_choice":"3 cards matched","damage_taken":0,"max_hp_gain":0,"max_hp_loss":0,"event_name":"Match and Keep!","floor":36,"gold_loss":0,"cards_obtained":["PrismaMod:IllyaPoisoningPhantasm","PrismaMod:IllyaCommonAttack","Specialist"]},{"damage_healed":0,"gold_gain":0,"player_choice":"Ignored","damage_taken":0,"max_hp_gain":0,"max_hp_loss":0,"event_name":"SecretPortal","floor":47,"gold_loss":0}],"is_beta":false,"boss_relics":[{"not_picked":["Ring of Chaos","conspire:SeveredTorchhead"],"picked":"Black Star"},{"not_picked":["hubris:BlackHole","conspire:TreasureMap"],"picked":"hubris:TerracottaHorce"}],"items_purged_floors":[],"is_endless":false,"potions_floor_spawned":[1,10,18,28,29,38,45,48],"killed_by":"conspire:OrnateMirror","ascension_level":0}}