{"host":"p4yrwepmrl4g8pul","time":1607994797,"event":{"mods":["Act Like it!","BaseMod","BetterRewards","Colored Map","Custom Start","Gensokyo","Marisa£®ÏF”Í°°ƒß¿Ì…≥£©","Minty Spire (QoL Compilation)","Quick Restart","Rare Cards Sparkle","Reimu£®≤©¿ˆ¡È√Œ£©","Remilia£®¿Ÿ√◊¿Ú—«£©","Remove Card Discount Mod","Shop Mod","StSLib","The Jungle","TheWitcher"],"gold_per_floor":[117,2,16,16,16,16,49,49,76,101,52,52,52,52,52,129,129,145,145,145,224,125,125,153,171,171,171,176,211,211,224,224,322,322,274,325,325,18,18,41,41,37,110,130,143,168,10,37,37,37],"floor_reached":51,"playtime":2034,"items_purged":["SnafuTest:DefaultCommonAttack","SnafuTest:DefaultCommonSkill","SnafuTest:DefaultCommonSkill","SnafuTest:DefaultCommonAttack","SnafuTest:DefaultCommonSkill","SnafuTest:SignAxii","SnafuTest:SignAxii","SnafuTest:BountyHunt","SnafuTest:DefaultCommonAttack","Dark Shackles","SnafuTest:WorldMap","SnafuTest:MercilessReaper+1","SnafuTest:SignQuen+1","Madness","SnafuTest:MercilessReaper+1","SnafuTest:FeignDeath+1"],"score":1337,"play_id":"1f0abd5c-8886-456e-9f09-56d0a2103684","local_time":"20201215091317","is_ascension_mode":true,"campfire_choices":[{"data":"Good Instincts","floor":6.0,"key":"SMITH"},{"data":"SnafuTest:ArmoredSortie","floor":8.0,"key":"SMITH"},{"data":"SnafuTest:SignIgni","floor":13.0,"key":"SMITH"},{"data":"SnafuTest:MercilessReaper","floor":15.0,"key":"SMITH"},{"data":"Good Instincts","floor":23.0,"key":"SMITH"},{"data":"SnafuTest:ShoulderSlam","floor":27.0,"key":"SMITH"},{"floor":30.0,"key":"REST"},{"floor":32.0,"key":"REST"},{"floor":41.0,"key":"REST"},{"data":"SnafuTest:PowerAlwaysOnRoads","floor":49.0,"key":"SMITH"}],"circlet_count":0,"master_deck":["Good Instincts+1","SnafuTest:ArmoredSortie+1","Good Instincts+1","SnafuTest:ShoulderSlam+1","SnafuTest:WorldMap+1","Madness+1","SnafuTest:ShieldUp+1","SnafuTest:PowerAlwaysOnRoads+1"],"relics":["SnafuTest:PlaceholderRelic","SnafuTest:GriffinRelic","Medical Kit","StrikeDummy","Lantern","Omamori","Letter Opener","SacredBark","CaptainsWheel","Question Card","Oddly Smooth Stone","Darkstone Periapt","Red Mask","SlaversCollar","SnafuTest:IgniRelic","FossilizedHelix","Vajra","Orrery","The Courier","Meat on the Bone","Molten Egg 2","OrangePellets","War Paint"],"acts_visited":["Exordium","TheCity","TheBeyond"],"potions_floor_usage":[50],"damage_taken":[{"damage":0.0,"enemies":"Cultist","floor":1.0,"turns":4.0},{"damage":0.0,"enemies":"Jaw Worm","floor":3.0,"turns":2.0},{"damage":0.0,"enemies":"3 Sentries","floor":7.0,"turns":5.0},{"damage":0.0,"enemies":"Lagavulin","floor":10.0,"turns":4.0},{"damage":0.0,"enemies":"Slime Boss","floor":16.0,"turns":6.0},{"damage":0.0,"enemies":"2 Thieves","floor":18.0,"turns":2.0},{"damage":0.0,"enemies":"Book of Stabbing","floor":24.0,"turns":7.0},{"damage":0.0,"enemies":"Shell Parasite","floor":25.0,"turns":4.0},{"damage":0.0,"enemies":"Snake Plant","floor":28.0,"turns":3.0},{"damage":0.0,"enemies":"Masked Bandits","floor":29.0,"turns":1.0},{"damage":0.0,"enemies":"Snecko","floor":31.0,"turns":6.0},{"damage":4.0,"enemies":"Automaton","floor":33.0,"turns":9.0},{"damage":1.0,"enemies":"Orb Walker","floor":35.0,"turns":3.0},{"damage":15.0,"enemies":"2 Orb Walkers","floor":36.0,"turns":4.0},{"damage":0.0,"enemies":"Giant Head","floor":40.0,"turns":7.0},{"damage":0.0,"enemies":"3 Darklings","floor":44.0,"turns":3.0},{"damage":0.0,"enemies":"Sphere and 2 Shapes","floor":45.0,"turns":3.0},{"damage":0.0,"enemies":"Nemesis","floor":46.0,"turns":7.0},{"damage":0.0,"enemies":"Giant Head","floor":48.0,"turns":4.0},{"damage":0,"enemies":"Awakened One","floor":50,"turns":6}],"seed_played":"-4244698327942803897","potions_obtained":[{"floor":1.0,"key":"Swift Potion"},{"floor":3.0,"key":"Strength Potion"},{"floor":10.0,"key":"SpeedPotion"},{"floor":16.0,"key":"Explosive Potion"},{"floor":24.0,"key":"FairyPotion"},{"floor":25.0,"key":"Explosive Potion"},{"floor":31.0,"key":"SpeedPotion"},{"floor":36.0,"key":"Ancient Potion"},{"floor":40.0,"key":"Explosive Potion"},{"floor":44.0,"key":"ZuzhouPotion:ReiMu"},{"floor":48.0,"key":"ColorlessPotion"}],"is_trial":false,"path_per_floor":["M","$","M","?","$","R","E","R","T","E","$","?","R","?","R","B",null,"M","?","?","T","$","R","E","M","T","R","M","?","R","M","R","B",null,"M","?","?","$","?","E","R","$","T","M","M","E","$","E","R","B",null],"character_chosen":"THE_WITCHER","items_purchased":["Good Instincts","SnafuTest:GriffinRelic","Medical Kit","SnafuTest:MercilessReaper","SnafuTest:ArmoredSortie","SnafuTest:SignAxii","Dark Shackles","SnafuTest:SignIgni","SnafuTest:MercilessReaper","SnafuTest:PaySmithWorkshop","Good Instincts","Vajra","Orrery","SnafuTest:PowerAlwaysOnRoads","OrangePellets"],"campfire_rested":3,"item_purchase_floors":[0,0,0,0,0,0,0,2,2,11,22,38,38,47,47],"current_hp_per_floor":[44,44,44,32,32,32,32,32,32,32,32,32,32,32,32,32,75,75,75,75,75,75,75,75,75,75,75,75,75,75,75,75,71,75,74,59,59,59,50,50,72,72,72,72,72,72,72,72,72,72],"gold":37,"neow_bonus":"","is_daily":false,"chose_seed":false,"campfire_upgraded":7,"win_rate":0.0,"timestamp":1607994797,"path_taken":["M","$","M","?","?","R","E","R","T","E","$","?","R","?","R","BOSS","M","?","?","?","$","R","E","?","T","R","M","?","R","M","R","BOSS","M","?","?","$","?","E","R","?","T","?","M","E","$","E","R","BOSS"],"items_purchased_type":["Card","Relic","Relic","Card","Card","Card","Card","Card","Card","Card","Card","Relic","Relic","Card","Relic"],"build_version":"2020-12-13","purchased_purges":16,"victory":true,"max_hp_per_floor":[75,75,75,75,75,75,75,75,75,75,75,75,75,75,75,75,75,75,75,75,75,75,75,75,75,75,75,75,75,75,75,75,75,75,75,75,75,75,75,75,75,75,75,75,75,75,75,75,75,75],"card_choices":[{"not_picked":["SnafuTest:UndefeatedNarcissism","SnafuTest:ArmoredSortie","SnafuTest:FirstAid"],"picked":"SKIP","floor":1.0},{"not_picked":["SnafuTest:SpellTortoise","SnafuTest:PayArmorSmith"],"picked":"SnafuTest:WorldMap","floor":3.0},{"not_picked":["SnafuTest:PowerMartialMagical","SnafuTest:SignIgni","SnafuTest:MCPlayGwent"],"picked":"SKIP","floor":7.0},{"not_picked":["SnafuTest:BombDancingStar","SnafuTest:SignIgni","SnafuTest:ScholarsIntrigue"],"picked":"SKIP","floor":10.0},{"not_picked":["SnafuTest:BombSamum","SnafuTest:BombDancingStar"],"picked":"SnafuTest:SignQuen","floor":18.0},{"not_picked":["SnafuTest:BombSamum","SnafuTest:SpellTortoise","SnafuTest:RecklessBlow"],"picked":"SnafuTest:ShoulderSlam","floor":24.0},{"not_picked":["SnafuTest:BombDevilsPuffball","SnafuTest:SpellLifeDrain","SnafuTest:CareTaker"],"picked":"SnafuTest:PaySmithWorkshop+1","floor":25.0},{"not_picked":["SnafuTest:MCMockAndRun","SnafuTest:NoPass","SnafuTest:Oriole"],"picked":"SnafuTest:WorldMap+1","floor":28.0},{"not_picked":["SnafuTest:BombDevilsPuffball+1","SnafuTest:SpellTelekinesis","SnafuTest:Kick","SnafuTest:PayHappyHour+1"],"picked":"SKIP","floor":31.0},{"not_picked":["SnafuTest:GraveDancingPaleFire","SnafuTest:BlackSunRise","SnafuTest:Awake"],"picked":"SnafuTest:PayExoticTreasure","floor":33.0},{"not_picked":["SnafuTest:BombSamum","SnafuTest:BombMoonDust+1","SnafuTest:Oriole+1"],"picked":"SnafuTest:PaySmithWorkshop+1","floor":35.0},{"not_picked":["SnafuTest:BombSamum","SnafuTest:Portal+1","SnafuTest:MCMockAndRun+1"],"picked":"SnafuTest:FeignDeath+1","floor":38.0},{"not_picked":["SnafuTest:BombMoonDust","SnafuTest:SpellLivingArmor","SnafuTest:FirstAid+1","SnafuTest:MCMockAndRun+1"],"picked":"SKIP","floor":40.0},{"not_picked":["SnafuTest:FlashingEvasion","SnafuTest:BombDimeritium","SnafuTest:PayHappyHour","SnafuTest:BombMoonDust+1"],"picked":"SKIP","floor":44.0},{"not_picked":["SnafuTest:FeignDeath+1","SnafuTest:Meditation","SnafuTest:FirstAid+1"],"picked":"SnafuTest:ShieldUp+1","floor":45.0},{"not_picked":["SnafuTest:HermitsErudition+1","SnafuTest:AncestralRitual+1","SnafuTest:GraveDancingPaleFire","SnafuTest:SpellTelekinesis"],"picked":"SKIP","floor":46.0},{"not_picked":["SnafuTest:HermitsErudition+1","SnafuTest:AncestralRitual+1","SnafuTest:GraveDancingPaleFire","SnafuTest:SpellTelekinesis"],"picked":"SKIP","floor":46.0},{"not_picked":["SnafuTest:NoPass+1","SnafuTest:CalculatingAmbition+1","SnafuTest:PowerCounterAttack+1","SnafuTest:SpellBlindFury+1"],"picked":"SKIP","floor":48.0}],"player_experience":716142,"relics_obtained":[{"floor":7.0,"key":"Lantern"},{"floor":9.0,"key":"Omamori"},{"floor":10.0,"key":"Letter Opener"},{"floor":21.0,"key":"Question Card"},{"floor":24.0,"key":"Oddly Smooth Stone"},{"floor":26.0,"key":"Darkstone Periapt"},{"floor":29.0,"key":"Red Mask"},{"floor":36.0,"key":"FossilizedHelix"},{"floor":40.0,"key":"The Courier"},{"floor":43.0,"key":"Meat on the Bone"},{"floor":46.0,"key":"Molten Egg 2"},{"floor":48.0,"key":"War Paint"}],"event_choices":[{"damage_healed":0.0,"max_hp_gain":0.0,"max_hp_loss":0.0,"gold_gain":0.0,"event_name":"Scrap Ooze","player_choice":"Success","floor":4.0,"gold_loss":0.0,"damage_taken":12.0,"relics_obtained":["StrikeDummy"]},{"damage_healed":0.0,"max_hp_gain":0.0,"max_hp_loss":0.0,"gold_gain":0.0,"event_name":"The Cleric","player_choice":"Leave","floor":12.0,"gold_loss":0.0,"damage_taken":0.0},{"damage_healed":0.0,"max_hp_gain":0.0,"max_hp_loss":0.0,"gold_gain":0.0,"event_name":"Golden Wing","player_choice":"Ignored","floor":14.0,"gold_loss":0.0,"damage_taken":0.0},{"damage_healed":0.0,"max_hp_gain":0.0,"max_hp_loss":0.0,"gold_gain":0.0,"event_name":"Vampires","player_choice":"Ignored","floor":19.0,"gold_loss":0.0,"damage_taken":0.0},{"damage_healed":0.0,"max_hp_gain":0.0,"max_hp_loss":0.0,"gold_gain":0.0,"event_name":"The Mausoleum","player_choice":"Opened","floor":20.0,"gold_loss":0.0,"damage_taken":0.0,"relics_obtained":["CaptainsWheel"]},{"damage_healed":0.0,"max_hp_gain":0.0,"max_hp_loss":0.0,"gold_gain":0.0,"event_name":"Masked Bandits","player_choice":"Fought Bandits","floor":29.0,"gold_loss":0.0,"damage_taken":0.0},{"damage_healed":0.0,"max_hp_gain":0.0,"max_hp_loss":0.0,"gold_gain":0.0,"event_name":"Mysterious Sphere","player_choice":"Fight","floor":36.0,"gold_loss":0.0,"damage_taken":0.0},{"cards_removed":["SnafuTest:SignIgni"],"damage_healed":0.0,"max_hp_gain":0.0,"max_hp_loss":0.0,"gold_gain":0.0,"event_name":"Falling","player_choice":"Removed Attack","floor":37.0,"gold_loss":0.0,"damage_taken":0.0},{"damage_healed":0.0,"max_hp_gain":0.0,"max_hp_loss":0.0,"gold_gain":0.0,"event_name":"Winding Halls","player_choice":"Embrace Madness","floor":39.0,"gold_loss":0.0,"damage_taken":9.0,"cards_obtained":["Madness","Madness"]}],"is_beta":false,"boss_relics":[{"not_picked":["Empty Cage","Fusion Hammer"],"picked":"SacredBark"},{"not_picked":["Snecko Eye","Pandora\u0027s Box"],"picked":"SlaversCollar"}],"items_purged_floors":[0,0,0,0,0,2,2,2,2,2,22,38,38,42,42,47],"is_endless":false,"potions_floor_spawned":[1,3,10,16,24,25,31,36,40,44,48],"ascension_level":1}}