{"host":"hdafziggwnbzqpcb","time":1607997304,"event":{"mods":["BaseMod","Better Vampires","Colored Map","Colored Powertips","GifTheSpireLib","Minty Spire (QoL Compilation)","Quick Restart","Rare Cards Sparkle","StSLib","The Bug Knight","The Cursed","TheHero"],"gold_per_floor":[116,136,311,386,311,311,341,416,416,416,427,452,470,128,128,232,232,249,164,164,164,164,164,180,180,206,224,240,240,217,231,231,326,376,391,184,236,254,18,48,62,62,113,113,113,113],"floor_reached":45,"playtime":1729,"items_purged":["Doubt","animeID:DefendMH","animeID:Smash","animeID:Smash"],"score":878,"play_id":"adef50d9-b715-4aa7-8c65-9113185bfcc4","local_time":"20201214175504","is_ascension_mode":true,"campfire_choices":[{"floor":6.0,"key":"REST"},{"floor":10.0,"key":"REST"},{"data":"animeID:Shigaraki","floor":15.0,"key":"SMITH"},{"floor":23.0,"key":"REST"},{"data":"animeID:Deku","floor":25.0,"key":"SMITH"},{"floor":32.0,"key":"REST"},{"floor":42,"key":"REST"}],"circlet_count":0,"master_deck":["AscendersBane","animeID:Deku+1","animeID:Bakugo","animeID:Smash","animeID:Smash","animeID:DefendMH","animeID:DefendMH","animeID:DefendMH","Panacea+1","animeID:Iida","animeID:Shigaraki+1","animeID:Tamaki+1","animeID:ToruHagakure+1","animeID:Crystallize","animeID:Mina","animeID:Kirishima","animeID:Crystallize","animeID:Eri","animeID:Kirishima","animeID:Deku+1","animeID:Twice+1","animeID:ToruHagakure+1","animeID:Bakugo+1","animeID:DetroitSmash","animeID:Dabi","HollowMod:DashSlash+1","Apotheosis+1"],"relics":["animeID:HeroCostume","Smiling Mask","Bottled Tornado","HollowMod:LifeEnderRelic","Toxic Egg 2","Ice Cream","SacredBark","Potion Belt","PreservedInsect","Letter Opener","Tiny House","Orrery","Torii","PrismaticShard","HollowMod:StagPassRelic","Toy Ornithopter"],"acts_visited":["Exordium","TheCity","TheBeyond"],"potions_floor_usage":[40,40],"damage_taken":[{"damage":1.0,"enemies":"Cultist","floor":1.0,"turns":4.0},{"damage":13.0,"enemies":"Jaw Worm","floor":2.0,"turns":5.0},{"damage":35.0,"enemies":"Lagavulin","floor":7.0,"turns":6.0},{"damage":2.0,"enemies":"2 Louse","floor":11.0,"turns":2.0},{"damage":18.0,"enemies":"HollowMod:MossKnight","floor":12.0,"turns":3.0},{"damage":3.0,"enemies":"Blue Slaver","floor":13.0,"turns":3.0},{"damage":29.0,"enemies":"The Guardian","floor":16.0,"turns":5.0},{"damage":18.0,"enemies":"3 Byrds","floor":18.0,"turns":3.0},{"damage":2.0,"enemies":"Chosen","floor":24.0,"turns":3.0},{"damage":9.0,"enemies":"Snake Plant","floor":27.0,"turns":2.0},{"damage":10.0,"enemies":"Centurion and Healer","floor":28.0,"turns":2.0},{"damage":5.0,"enemies":"Snecko","floor":31.0,"turns":4.0},{"damage":0.0,"enemies":"Automaton","floor":33.0,"turns":6.0},{"damage":16.0,"enemies":"Orb Walker","floor":35.0,"turns":3.0},{"damage":40.0,"enemies":"2 Orb Walkers","floor":37.0,"turns":3.0},{"damage":6.0,"enemies":"3 Shapes","floor":38.0,"turns":3.0},{"damage":0,"enemies":"Nemesis","floor":40,"turns":5},{"damage":22,"enemies":"Jaw Worm Horde","floor":41,"turns":3},{"damage":47,"enemies":"3 Darklings","floor":45,"turns":2}],"seed_played":"6580259942733890389","potions_obtained":[{"floor":12.0,"key":"Weak Potion"},{"floor":13.0,"key":"SneckoOil"},{"floor":16.0,"key":"SteroidPotion"},{"floor":22.0,"key":"Ancient Potion"},{"floor":22.0,"key":"Explosive Potion"},{"floor":22.0,"key":"Ancient Potion"},{"floor":24.0,"key":"Swift Potion"},{"floor":28.0,"key":"SpeedPotion"},{"floor":33.0,"key":"Weak Potion"},{"floor":34.0,"key":"ColorlessPotion"}],"is_trial":false,"path_per_floor":["M","M","?","?","$","R","E","T","T","R","M","E","M","$","R","B",null,"M","?","?","?","?","R","M","R","T","M","M","T","$","M","R","B",null,"M","$","?","M","$","E","M","R","T","?","M"],"character_chosen":"THE_HERO","items_purchased":["Ice Cream","animeID:Kirishima","Orrery","animeID:Dabi","PrismaticShard"],"campfire_rested":5,"item_purchase_floors":[14,30,36,39,39],"current_hp_per_floor":[69,58,58,47,47,69,38,38,38,60,58,42,41,41,41,14,60,46,46,32,32,32,56,56,56,56,49,41,41,41,40,64,68,82,68,68,30,28,28,32,14,39,39,39,0,0],"gold":113,"neow_bonus":"RANDOM_COLORLESS","is_daily":false,"chose_seed":false,"campfire_upgraded":2,"win_rate":0.0,"timestamp":1607997304,"path_taken":["M","M","?","?","?","R","E","?","T","R","M","E","M","$","R","BOSS","M","?","?","?","?","R","?","R","T","M","M","?","$","M","R","BOSS","M","?","?","M","$","E","M","R","T","?","M"],"items_purchased_type":["Relic","Card","Relic","Card","Relic"],"build_version":"2020-12-13","purchased_purges":4,"victory":false,"max_hp_per_floor":[75,75,75,75,75,75,75,75,75,75,75,75,75,75,75,75,75,75,75,80,80,80,80,80,80,80,80,80,80,80,80,80,80,85,85,85,85,85,85,85,85,85,85,85,85,85],"card_choices":[{"not_picked":["Blind","Flash of Steel"],"picked":"Panacea","floor":0.0},{"not_picked":["animeID:TetsuTetsu","animeID:MtLady"],"picked":"animeID:Iida","floor":1.0},{"not_picked":["animeID:Mezo","animeID:Ojiro","animeID:SkinnyGum"],"picked":"SKIP","floor":2.0},{"not_picked":["animeID:DelawareSmash","animeID:Ojiro"],"picked":"animeID:Shigaraki","floor":7.0},{"not_picked":["animeID:Mina","animeID:Mezo","animeID:Mineta"],"picked":"SKIP","floor":11.0},{"not_picked":["animeID:Ojiro","animeID:Rappa"],"picked":"animeID:Tamaki+1","floor":12.0},{"not_picked":["animeID:Ojiro","animeID:Momo","animeID:Rappa"],"picked":"SKIP","floor":13.0},{"not_picked":["animeID:Uraraka+1","animeID:Cementoss+1"],"picked":"animeID:ToruHagakure+1","floor":18.0},{"not_picked":["animeID:TetsuTetsu+1","animeID:Aoyama+1","animeID:TodorokiShoto+1"],"picked":"SKIP","floor":24.0},{"not_picked":["animeID:Kirishima","animeID:Tengai+1"],"picked":"animeID:Crystallize","floor":27.0},{"not_picked":["animeID:Muscular+1","animeID:Mineta+1"],"picked":"animeID:Mina","floor":28.0},{"not_picked":["animeID:Tsuyu+1","animeID:Tengai+1"],"picked":"animeID:Crystallize","floor":31.0},{"not_picked":["animeID:Shigaraki","animeID:MirioTogata"],"picked":"animeID:Eri","floor":33.0},{"not_picked":["animeID:Aoyama","animeID:SkinnyGum+1"],"picked":"animeID:Kirishima","floor":34.0},{"not_picked":["animeID:Mina","animeID:Iida+1"],"picked":"animeID:Deku+1","floor":35.0},{"not_picked":["animeID:PlusUltra+1","animeID:Kaminari+1"],"picked":"animeID:Twice+1","floor":36.0},{"not_picked":["animeID:ShootStyle","animeID:Tomura"],"picked":"animeID:ToruHagakure+1","floor":36.0},{"not_picked":["animeID:TodorokiShoto+1","animeID:Eri"],"picked":"animeID:Bakugo+1","floor":36.0},{"not_picked":["animeID:GentleCriminal","animeID:DelawareSmash"],"picked":"animeID:DetroitSmash","floor":37.0},{"not_picked":["animeID:Ojiro+1","animeID:Momo+1","animeID:Iida+1"],"picked":"SKIP","floor":38.0},{"not_picked":["animeID:Aoyama+1","Chill+1"],"picked":"HollowMod:DashSlash+1","floor":40},{"not_picked":["animeID:DelawareSmash","animeID:DetroitSmash","animeID:Deku+1"],"picked":"SKIP","floor":41},{"not_picked":["Purity+1","Trip+1"],"picked":"Apotheosis+1","floor":44}],"player_experience":598449,"relics_obtained":[{"floor":7.0,"key":"Smiling Mask"},{"floor":8.0,"key":"Bottled Tornado"},{"floor":9.0,"key":"HollowMod:LifeEnderRelic"},{"floor":12.0,"key":"Toxic Egg 2"},{"floor":29.0,"key":"Letter Opener"},{"floor":37.0,"key":"Torii"},{"floor":40,"key":"HollowMod:StagPassRelic"},{"floor":43,"key":"Toy Ornithopter"}],"event_choices":[{"damage_healed":0.0,"max_hp_gain":0.0,"max_hp_loss":0.0,"gold_gain":175.0,"event_name":"Liars Game","player_choice":"AGREE","floor":3.0,"gold_loss":0.0,"damage_taken":0.0,"cards_obtained":["Doubt"]},{"damage_healed":0.0,"max_hp_gain":0.0,"max_hp_loss":0.0,"gold_gain":75.0,"event_name":"World of Goop","player_choice":"Gather Gold","floor":4.0,"gold_loss":0.0,"damage_taken":11.0},{"damage_healed":0.0,"max_hp_gain":0.0,"max_hp_loss":0.0,"gold_gain":0.0,"event_name":"Addict","player_choice":"Obtained Relic","floor":19.0,"gold_loss":85.0,"damage_taken":0.0,"relics_obtained":["Potion Belt"]},{"damage_healed":0.0,"max_hp_gain":5.0,"max_hp_loss":0.0,"gold_gain":0.0,"event_name":"Forgotten Altar","player_choice":"Shed Blood","floor":20.0,"gold_loss":0.0,"damage_taken":19.0},{"damage_healed":0.0,"max_hp_gain":0.0,"max_hp_loss":0.0,"gold_gain":0.0,"event_name":"The Mausoleum","player_choice":"Opened","floor":21.0,"gold_loss":0.0,"damage_taken":0.0,"relics_obtained":["PreservedInsect"]},{"damage_healed":0.0,"max_hp_gain":0.0,"max_hp_loss":0.0,"gold_gain":0.0,"event_name":"Lab","player_choice":"Got Potions","floor":22.0,"gold_loss":0.0,"damage_taken":0.0},{"damage_healed":0.0,"max_hp_gain":0.0,"max_hp_loss":0.0,"gold_gain":0.0,"event_name":"Mysterious Sphere","player_choice":"Fight","floor":37.0,"gold_loss":0.0,"damage_taken":0.0},{"damage_healed":0,"gold_gain":0,"player_choice":"Memory 1","damage_taken":0,"max_hp_gain":0,"max_hp_loss":0,"event_name":"SensoryStone","floor":44,"gold_loss":0}],"is_beta":false,"boss_relics":[{"not_picked":["Cursed Key","Coffee Dripper"],"picked":"SacredBark"},{"not_picked":["Busted Crown","Pandora\u0027s Box"],"picked":"Tiny House"}],"items_purged_floors":[5,14,36,39],"is_endless":false,"potions_floor_spawned":[12,13,16,24,28,33,37],"killed_by":"3 Darklings","ascension_level":12}}