{"host":"x2bb8tnu3h3a650h","time":1607998691,"event":{"mods":["AchievementEnabler","Aspiration","BaseMod","BetterRewards","Colored Map","Conspire","Defuse TimeMaze Blight","Downfall","Energized Spire","Halation","Hermit","Hubris","Infinite Spire","Mimic Mod","Minty Spire (QoL Compilation)","Rare Cards Sparkle","Replay The Spire","Shop Mod","Spicy Shops","StSLib","The Jungle","The Servant 0.9.4","Wandering Minibosses","vexMod"],"gold_per_floor":[109,124,173,173,188,188,188,202,225,255,255,283,4,21,21,21,116,116,130,130,148,160,160,186,186,220,220,268,268,303,315,332,332,439,439,439,544,544,558,69,96,114,129,161,161,181,181,181,181,218,268,280,280,386,386,388,288,340,417,420,420,434,434,434,154,154,168,176,195,195,275,275,281,281,276,273,296,296,296,211,211,211,211,211,211,238,238,325,325,330,19,19,18,17,17,56,62,62,92,144,140,160,162,162,162,264,264,271,71,76,85,85,97,192,212,212,214,227,233,233,233,233,233,318,318,316,166,23,30,30,58,58,62,62,62,62,62,62,62,62,137,137,144,11,11,20,10,30,30,30,104,137,144,144,144,144,144,217,217,217,99,113,224],"floor_reached":164,"playtime":5989,"items_purged":["hermit:Strike_Hermit","hermit:Strike_Hermit","hermit:Maintenance+1","hermit:Strike_Hermit","hermit:Defend_Hermit","hermit:Defend_Hermit","hermit:Determination+1","Guardian:Aged","Writhe","hermit:FinalCanter","hermit:Defend_Hermit","hermit:FromBeyond+1"],"score":4893,"play_id":"efdae585-4c33-4b15-99e9-53be32cbb552","local_time":"20201215021811","is_ascension_mode":false,"campfire_choices":[{"data":"hermit:GoldenBullet","floor":6,"key":"SMITH"},{"floor":11,"key":"REST"},{"floor":15,"key":"REST"},{"data":"hermit:Determination","floor":16,"key":"SMITH"},{"floor":25,"key":"REST"},{"floor":33,"key":"REST"},{"data":"hermit:Snipe","floor":36,"key":"SMITH"},{"data":"hermit:Grudge","floor":45,"key":"SMITH"},{"floor":53,"key":"REST"},{"data":"hermit:Maintenance","floor":61,"key":"SMITH"},{"data":"hermit:SprayPray","floor":66,"key":"SMITH"},{"data":"hermit:Covet","floor":70,"key":"SMITH"},{"data":"hermit:Desperado","floor":78,"key":"SMITH"},{"data":"hubris:InfiniteBlow+15","floor":84,"key":"SMITH"},{"data":"hubris:InfiniteBlow+16","floor":87,"key":"SMITH"},{"data":"hubris:InfiniteBlow+17","floor":95,"key":"SMITH"},{"floor":104,"key":"REST"},{"data":"hubris:InfiniteBlow+18","floor":104,"key":"SMITH"},{"data":"hubris:InfiniteBlow+19","floor":105,"key":"SMITH"},{"data":"hubris:InfiniteBlow+21","floor":120,"key":"SMITH"},{"floor":122,"key":"RECALL"},{"data":"hubris:InfiniteBlow+22","floor":123,"key":"SMITH"},{"data":"hubris:InfiniteBlow+23","floor":132,"key":"SMITH"},{"data":"hubris:InfiniteBlow+24","floor":135,"key":"SMITH"},{"data":"hubris:InfiniteBlow+25","floor":140,"key":"SMITH"},{"data":"hubris:InfiniteBlow+26","floor":149,"key":"SMITH"},{"data":"hubris:InfiniteBlow+27","floor":154,"key":"SMITH"},{"floor":157,"key":"REST"},{"data":"hubris:InfiniteBlow+28","floor":157,"key":"SMITH"},{"floor":160,"key":"REST"}],"circlet_count":0,"master_deck":["hermit:Defend_Hermit","hermit:Snapshot","hermit:Covet+1","hermit:Determination+1","hermit:GoldenBullet+1","hermit:Grudge+1","hermit:Desperado+1","hermit:Snipe+1","hermit:Coalescence","Decay","hermit:SprayPray+1","hermit:Coalescence+1","hermit:Gambit+1","hermit:FinalCanter+1","hermit:WideOpen+1","hermit:Determination+1","hermit:Misfire+1","hubris:InfiniteBlow+29"],"relics":["hermit:ClaspedLocket","Blue Doll","halation:EternalFortune","conspire:DecoderRing","Toy Ornithopter","Tiny Chest","Odd Mushroom","MerchantsRug","ClockworkSouvenir","aspiration:PoetsPen_weak","Golden Egg","hubris:SphereOfDissonance","ReplayTheSpireMod:Ninjato","Matryoshka","infinitespire:Midas Blood","Anchor","Shuriken","hubris:Backtick","hubris:IronBody","Sling","hermit:Spyglass","Juzu Bracelet","infinitespire:Satchel","Replay:Wax Seal","halation:LettersToHer","halation:PinkSoulGem","infinitespire:Golems Mask","StoneCalendar","Black Star","hubris:TenFootPole","Replay:Baseball","vexMod:Spyglass","Smiling Mask","conspire:DeflatedDodgeball","energizedSpire:NeverEndingSparkler","ReplayTheSpireMod:Lightbulb","Regal Pillow","Boot","infinitespire:WardingShard","halation:PrussianBluePaint","Runic Pyramid","infinitespire:ShieldingShard","hubris:Zylophone","infinitespire:Broken Mirror","infinitespire:Magic Flask","Replay:Mystery Machine","Oddly Smooth Stone","PreservedInsect","halation:KoshaPiece","Lantern","CeramicFish","ReplayTheSpireMod:CursedCoin","halation:IllGainedPizza","conspire:TopHat","Letter Opener","Happy Flower","infinitespire:Lucky Rock","Pet Ghost","vexMod:FocusSash","vexMod:ConsolationPrize","Strange Spoon","aspiration:TomeofQuesting","hubris:Stopwatch","halation:LostSnail","Mirror","Kunai","Replay:WaspNest","ReplayFunnel","hubris:MysteriousPyramids","Fusion Hammer","infinitespire:PuzzleCube"],"acts_visited":["Exordium","TheCity","TheBeyond","Exordium","TheCity","TheBeyond","Exordium","TheCity","TheBeyond","TheEnding"],"potions_floor_usage":[10,10,17,24,24,24,34,44,44,44,54,75,96,106,163,163,163,163],"damage_taken":[{"damage":2,"enemies":"Cultist","floor":1,"turns":5},{"damage":8,"enemies":"2 Louse","floor":2,"turns":2},{"damage":0,"enemies":"Small Slimes","floor":5,"turns":6},{"damage":7,"enemies":"Blue Slaver","floor":8,"turns":2},{"damage":28,"enemies":"Lagavulin","floor":10,"turns":6},{"damage":13,"enemies":"The Mushroom Lair","floor":12,"turns":3},{"damage":13,"enemies":"3 Louse","floor":14,"turns":2},{"damage":31,"enemies":"The Guardian","floor":17,"turns":10},{"damage":15,"enemies":"Spheric Guardian","floor":19,"turns":4},{"damage":14,"enemies":"2 Thieves","floor":21,"turns":3},{"damage":13,"enemies":"Snake Plant","floor":22,"turns":3},{"damage":30,"enemies":"Book of Stabbing","floor":24,"turns":5},{"damage":0,"enemies":"Gremlin Leader","floor":26,"turns":4},{"damage":16,"enemies":"conspire:MimicChest","floor":30,"turns":3},{"damage":0,"enemies":"Centurion and Healer","floor":31,"turns":2},{"damage":7,"enemies":"Sentry and Sphere","floor":32,"turns":3},{"damage":6,"enemies":"Collector","floor":34,"turns":4},{"damage":9,"enemies":"Collector","floor":37,"turns":4},{"damage":10,"enemies":"3 Shapes","floor":39,"turns":3},{"damage":5,"enemies":"Orb Walker","floor":42,"turns":3},{"damage":0,"enemies":"Maw","floor":43,"turns":3},{"damage":12,"enemies":"Nightmare","floor":44,"turns":4},{"damage":0,"enemies":"Transient","floor":46,"turns":5},{"damage":14,"enemies":"Reptomancer","floor":50,"turns":3},{"damage":0,"enemies":"Mind Bloom Boss Battle","floor":51,"turns":3},{"damage":11,"enemies":"Jaw Worm Horde","floor":52,"turns":4},{"damage":6,"enemies":"hubris:GrandSnecko","floor":54,"turns":6},{"damage":0,"enemies":"Cultist","floor":56,"turns":2},{"damage":0,"enemies":"Small Slimes","floor":60,"turns":2},{"damage":6,"enemies":"3 Sentries","floor":62,"turns":4},{"damage":14,"enemies":"2 Louse","floor":67,"turns":2},{"damage":4,"enemies":"Blue Slaver","floor":68,"turns":2},{"damage":0,"enemies":"Lagavulin","floor":69,"turns":3},{"damage":0,"enemies":"Slime Boss","floor":71,"turns":2},{"damage":7,"enemies":"3 Byrds","floor":73,"turns":2},{"damage":1,"enemies":"Chosen","floor":74,"turns":2},{"damage":9,"enemies":"Centurion and Healer","floor":75,"turns":2},{"damage":0,"enemies":"Shelled Parasite and Fungi","floor":76,"turns":2},{"damage":0,"enemies":"Snake Plant","floor":82,"turns":2},{"damage":27,"enemies":"Gremlin Leader","floor":86,"turns":2},{"damage":0,"enemies":"Collector","floor":88,"turns":2},{"damage":16,"enemies":"Orb Walker","floor":90,"turns":2},{"damage":0,"enemies":"3 Darklings","floor":93,"turns":2},{"damage":3,"enemies":"Transient","floor":94,"turns":4},{"damage":0,"enemies":"2 Orb Walkers","floor":96,"turns":2},{"damage":0,"enemies":"Maw","floor":97,"turns":2},{"damage":0,"enemies":"R_Hoarder","floor":99,"turns":2},{"damage":24,"enemies":"Spire Growth","floor":101,"turns":3},{"damage":11,"enemies":"Giant Head","floor":102,"turns":2},{"damage":0,"enemies":"Sphere and 2 Shapes","floor":103,"turns":3},{"damage":0,"enemies":"Replay:Hell Engine","floor":106,"turns":1},{"damage":15,"enemies":"Small Slimes","floor":108,"turns":2},{"damage":0,"enemies":"2 Louse","floor":110,"turns":2},{"damage":0,"enemies":"Cultist","floor":111,"turns":2},{"damage":0,"enemies":"3 Sentries","floor":113,"turns":2},{"damage":0,"enemies":"Lagavulin","floor":115,"turns":2},{"damage":0,"enemies":"Gremlin Gang","floor":117,"turns":2},{"damage":8,"enemies":"3 Louse","floor":118,"turns":2},{"damage":4,"enemies":"Exordium Thugs","floor":119,"turns":2},{"damage":0,"enemies":"Slime Boss","floor":124,"turns":2},{"damage":0,"enemies":"Shell Parasite","floor":126,"turns":1},{"damage":0,"enemies":"Spheric Guardian","floor":129,"turns":1},{"damage":0,"enemies":"Book of Stabbing","floor":131,"turns":1},{"damage":6,"enemies":"Shelled Parasite and Fungi","floor":133,"turns":2},{"damage":0,"enemies":"Champ","floor":141,"turns":2},{"damage":0,"enemies":"3 Shapes","floor":143,"turns":1},{"damage":0,"enemies":"Orb Walker","floor":146,"turns":1},{"damage":0,"enemies":"Transient","floor":147,"turns":2},{"damage":0,"enemies":"R_Hoarder","floor":148,"turns":1},{"damage":28,"enemies":"4 Shapes","floor":152,"turns":2},{"damage":0,"enemies":"Nemesis","floor":153,"turns":1},{"damage":0,"enemies":"Writhing Mass","floor":155,"turns":2},{"damage":0,"enemies":"hubris:GrandSnecko","floor":158,"turns":2},{"damage":0,"enemies":"Shield and Spear","floor":162,"turns":1},{"damage":0,"enemies":"The Heart","floor":163,"turns":5}],"seed_played":"1053050072867363481","potions_obtained":[{"floor":1,"key":"Block Potion"},{"floor":3,"key":"SkillPotion"},{"floor":3,"key":"Weak Potion"},{"floor":10,"key":"hermit:Tonic"},{"floor":14,"key":"SkillPotion"},{"floor":19,"key":"hermit:BlackBile"},{"floor":26,"key":"Reflective Coating"},{"floor":37,"key":"Death Potion"},{"floor":42,"key":"Ancient Potion"},{"floor":43,"key":"SpeedPotion"},{"floor":51,"key":"SteroidPotion"},{"floor":62,"key":"Regen Potion"},{"floor":67,"key":"BlessingOfTheForge"},{"floor":73,"key":"hermit:BlackBile"},{"floor":75,"key":"Energy Potion"},{"floor":101,"key":"DuplicationPotion"},{"floor":103,"key":"Flashbang"},{"floor":108,"key":"Swift Potion"},{"floor":148,"key":"Flashbang"}],"is_trial":false,"path_per_floor":["M","M","?","?","M","R","T","M","T","E","R","?","$","M","R","R","B",null,"M","?","M","M","T","E","R","E","T","T","?","?","M","M","R","B",null,"R","B",null,"M","$","T","M","M","NM","R","M","T","?","?","E","?","M","R","B",null,"M","$","T","?","M","R","E","AVR","T","$","R","M","M","E","R","B",null,"M","M","M","M","T","R","AVR","?","T","M","?","R","T","E","R","B",null,"M","$","$","M","M","R","?","M","T","E","T","M","E","M","R","R","B",null,"M","$","M","M","?","E","$","E","T","M","M","M","R","AVR","R_BF","R","B",null,"M","$","$","M","?","E","R","M","T","R","$","AVR","?","?","R","B",null,"M","$","?","M","M","E","R","$","T","M","E","R","M","$","R","B",null,"R","$","E","B",null],"character_chosen":"HERMIT","items_purchased":["MerchantsRug","ClockworkSouvenir","Sling","hermit:Spyglass","hermit:Determination","vexMod:Spyglass","infinitespire:ShieldingShard","Lantern","ReplayTheSpireMod:CursedCoin","Happy Flower","infinitespire:Lucky Rock","Strange Spoon","aspiration:TomeofQuesting","halation:LostSnail","hubris:MysteriousPyramids","SteroidPotion","SteroidPotion","Strength Potion"],"campfire_rested":8,"item_purchase_floors":[13,13,40,40,40,65,91,109,114,127,128,136,136,144,156,161,161,161],"current_hp_per_floor":[73,65,65,68,68,68,68,61,61,43,66,53,53,40,63,63,37,78,66,66,52,39,39,27,52,52,52,52,60,44,44,37,62,61,61,61,55,87,77,77,77,72,72,78,78,78,78,90,90,76,79,68,90,84,90,90,90,90,81,81,81,75,75,75,75,75,61,57,57,57,57,90,83,82,81,81,84,84,84,87,87,93,93,93,93,66,66,66,93,77,80,83,83,80,80,88,91,91,91,93,69,58,58,93,93,93,93,78,78,78,78,81,81,81,81,81,81,73,72,72,72,72,72,72,93,93,93,93,96,96,99,99,93,93,93,76,76,79,82,82,82,99,99,99,99,99,99,99,99,99,99,71,71,71,74,60,102,102,102,102,102,102,102],"gold":224,"neow_bonus":"RANDOM_COMMON_RELIC","is_daily":false,"chose_seed":false,"campfire_upgraded":21,"win_rate":0.0,"timestamp":1607998691,"path_taken":["M","?","?","?","M","R","?","M","T","E","R","?","$","M","R","R","BOSS","M","?","?","M","?","E","R","E","T","?","?","?","M","M","R","BOSS","R","BOSS","M","$","?","M","M","NM","R","M","T","?","?","E","?","M","R","BOSS","M","$","?","?","M","R","E","AVR","T","$","R","M","M","E","R","BOSS","M","M","?","M","?","R","AVR","?","T","?","?","R","?","E","R","BOSS","M","?","?","M","M","R","?","?","T","E","?","M","E","M","R","R","BOSS","M","$","M","M","?","E","$","E","T","M","M","?","R","AVR","R_BF","R","BOSS","M","?","$","M","?","E","R","M","T","R","?","AVR","?","?","R","BOSS","M","$","?","M","M","E","R","$","T","M","E","R","M","?","R","BOSS","R","$","E","BOSS"],"items_purchased_type":["Relic","Relic","Relic","Relic","Card","Relic","Relic","Relic","Relic","Relic","Relic","Relic","Relic","Relic","Relic","Potion","Potion","Potion"],"build_version":"2020-12-13","purchased_purges":12,"victory":true,"max_hp_per_floor":[75,75,75,78,78,78,78,78,78,78,78,78,78,78,78,78,78,78,81,81,81,81,81,84,84,84,84,84,84,84,84,84,84,84,84,84,87,87,87,87,87,87,87,90,90,90,90,90,90,90,90,90,90,90,90,90,90,90,90,90,90,90,90,90,90,90,90,90,90,90,90,90,90,90,90,90,90,90,90,90,90,93,93,93,93,93,93,93,93,93,93,93,93,93,93,93,93,93,93,93,93,93,93,93,93,93,93,93,93,93,93,93,93,93,93,93,93,93,93,93,93,93,93,93,93,93,93,93,96,96,99,99,99,99,99,99,99,99,99,99,99,99,99,99,99,99,99,99,99,99,99,99,99,99,102,102,102,102,102,102,102,102,102],"card_choices":[{"not_picked":["hermit:Feint","hermit:GoldenBullet"],"picked":"hermit:Determination","floor":1},{"not_picked":["hermit:ShadowCloak","hermit:CalledShot"],"picked":"hermit:GoldenBullet","floor":2},{"not_picked":["hermit:Vantage","hermit:TakeCover"],"picked":"hermit:Grudge","floor":3},{"not_picked":["hermit:LowProfile","hermit:HoleUp"],"picked":"hermit:Desperado","floor":5},{"not_picked":["hermit:Dive","hermit:Misfire"],"picked":"hermit:Snipe","floor":8},{"not_picked":["hermit:FatalDesire","hermit:Grudge","hermit:HoleUp"],"picked":"SKIP","floor":10},{"not_picked":["hermit:SprayPray","hermit:HoleUp"],"picked":"hermit:Coalescence","floor":12},{"not_picked":["hermit:HoleUp","hermit:Ricochet","hermit:LowProfile"],"picked":"SKIP","floor":14},{"not_picked":["hermit:BlackWind","hermit:HighNoon"],"picked":"hermit:FinalCanter","floor":17},{"not_picked":["hermit:Feint+1","hermit:LoneWolf","hermit:LowProfile"],"picked":"SKIP","floor":19},{"not_picked":["hermit:Glare+1","hermit:ItchyTrigger"],"picked":"hermit:SprayPray","floor":21},{"not_picked":["hermit:LuckOfTheDraw","hermit:Dive","hermit:PistolWhip"],"picked":"SKIP","floor":22},{"not_picked":["hermit:Dive","hermit:Ricochet","hermit:LoneWolf"],"picked":"SKIP","floor":24},{"not_picked":["hermit:LuckOfTheDraw","hermit:Feint"],"picked":"hermit:Determination+1","floor":26},{"not_picked":["hermit:Snipe","hermit:Vantage"],"picked":"hermit:Coalescence+1","floor":30},{"not_picked":["hermit:WideOpen","hermit:Manifest"],"picked":"hermit:Gambit","floor":31},{"not_picked":["hermit:ItchyTrigger","hermit:Headshot","hermit:Ricochet"],"picked":"SKIP","floor":32},{"not_picked":["hermit:Gambit","hermit:BlackWind"],"picked":"hermit:FinalCanter","floor":34},{"not_picked":["hermit:HighNoon","hermit:BlackWind"],"picked":"hermit:FromBeyond","floor":37},{"not_picked":["hermit:Gestalt+1","hermit:LowProfile"],"picked":"hermit:WideOpen+1","floor":39},{"not_picked":["hermit:HoleUp+1","hermit:Desperado+1","hermit:ItchyTrigger"],"picked":"SKIP","floor":42},{"not_picked":["hermit:Glare+1","hermit:Quickdraw","hermit:Enervate+1"],"picked":"SKIP","floor":43},{"not_picked":["hermit:Determination","hermit:CalledShot","hermit:NoHoldsBarred+1"],"picked":"SKIP","floor":44},{"not_picked":["hermit:LowProfile","hermit:Manifest+1"],"picked":"hermit:Misfire+1","floor":46},{"not_picked":["hermit:Desperado+1","hermit:Quickdraw+1","hermit:Grudge+1"],"picked":"SKIP","floor":50},{"not_picked":["hermit:Enervate","hermit:Dive","hermit:Glare"],"picked":"SKIP","floor":52},{"not_picked":["hermit:Grudge","hermit:SprayPray"],"picked":"hermit:Maintenance","floor":56},{"not_picked":["hermit:Dive","hermit:FlashPowder","hermit:Horror"],"picked":"SKIP","floor":60},{"not_picked":["hermit:Feint","hermit:Reprieve","hermit:Snipe"],"picked":"SKIP","floor":62},{"not_picked":["hermit:TrackingShot","hermit:Snipe","hermit:CalledShot"],"picked":"SKIP","floor":67},{"not_picked":["hermit:Maintenance","hermit:CalledShot","hermit:Vantage"],"picked":"SKIP","floor":68},{"not_picked":["hermit:Virtue","hermit:Brawl","hermit:Vantage"],"picked":"SKIP","floor":69},{"not_picked":["hermit:SprayPray","hermit:HighCaliber","hermit:CalledShot+1"],"picked":"SKIP","floor":73},{"not_picked":["hermit:ItchyTrigger+1","hermit:Headshot+1","hermit:BigShot+1"],"picked":"SKIP","floor":74},{"not_picked":["hermit:Headshot+1","hermit:Feint","hermit:Dissolve"],"picked":"SKIP","floor":75},{"not_picked":["hermit:Malice","hermit:Misfire","hermit:ItchyTrigger"],"picked":"SKIP","floor":76},{"not_picked":["hermit:Roulette","hermit:Snipe+1","hermit:BigShot"],"picked":"SKIP","floor":82},{"not_picked":["hermit:Feint","hermit:Quickdraw","hermit:Shortfuse"],"picked":"SKIP","floor":86},{"not_picked":["hermit:Manifest","hermit:Coalescence","hermit:HighCaliber"],"picked":"SKIP","floor":90},{"not_picked":["hermit:Dive","hermit:WideOpen","hermit:GhostlyPresence+1"],"picked":"SKIP","floor":93},{"not_picked":["hermit:Desperado+1","hermit:Feint","hermit:Showdown+1"],"picked":"SKIP","floor":94},{"not_picked":["hermit:SprayPray+1","hermit:OverwhelmingPower","hermit:Brawl"],"picked":"SKIP","floor":97},{"not_picked":["hermit:BodyArmor","hermit:Glare+1","hermit:TakeAim+1"],"picked":"SKIP","floor":99},{"not_picked":["hermit:Showdown","hermit:LowProfile","hermit:Glare+1"],"picked":"SKIP","floor":101},{"not_picked":["hermit:Desperado","hermit:OverwhelmingPower","hermit:WideOpen"],"picked":"SKIP","floor":102},{"not_picked":["hermit:CalledShot","hermit:NoHoldsBarred+1","hermit:Headshot"],"picked":"SKIP","floor":103},{"not_picked":["hermit:Gestalt","hermit:Determination","hermit:Manifest"],"picked":"SKIP","floor":108},{"not_picked":["hermit:Ricochet","hermit:ItchyTrigger","hermit:Misfire"],"picked":"SKIP","floor":110},{"not_picked":["hermit:Vantage","hermit:BodyArmor","hermit:Shortfuse"],"picked":"SKIP","floor":111},{"not_picked":["hermit:LowProfile","hermit:Dive","hermit:Feint"],"picked":"SKIP","floor":113},{"not_picked":["hermit:Vantage","hermit:Coalescence","hermit:Quickdraw"],"picked":"SKIP","floor":115},{"not_picked":["hermit:Showdown","hermit:EternalForm","hermit:Desperado"],"picked":"SKIP","floor":117},{"not_picked":["hermit:NoHoldsBarred","hermit:DeadMansHand","hermit:Horror"],"picked":"SKIP","floor":118},{"not_picked":["hermit:Virtue","hermit:Desperado","hermit:Determination"],"picked":"SKIP","floor":119},{"not_picked":["hermit:Roulette","hermit:Scavenge","hermit:Dive"],"picked":"SKIP","floor":126},{"not_picked":["hermit:Headshot","hermit:HoleUp+1","hermit:Manifest+1"],"picked":"SKIP","floor":129},{"not_picked":["hermit:Midnight+1","hermit:Gestalt+1","hermit:HighCaliber"],"picked":"SKIP","floor":131},{"not_picked":["hermit:Deadeye+1","hermit:FlashPowder","hermit:Spite"],"picked":"SKIP","floor":133},{"not_picked":["hermit:GoldenBullet","hermit:TrackingShot+1","hermit:TakeAim"],"picked":"SKIP","floor":143},{"not_picked":["hermit:Quickdraw","hermit:Roulette","hermit:Vantage+1"],"picked":"SKIP","floor":146},{"not_picked":["hermit:Quickdraw+1","hermit:BigShot+1","hermit:LuckOfTheDraw+1"],"picked":"SKIP","floor":147},{"not_picked":["hermit:Feint","hermit:Misfire+1","hermit:NoHoldsBarred"],"picked":"SKIP","floor":148},{"not_picked":["hermit:Gestalt","hermit:Snipe+1","hermit:Roulette"],"picked":"SKIP","floor":152},{"not_picked":["hermit:Malice","hermit:LoneWolf+1","hermit:FlashPowder"],"picked":"SKIP","floor":153},{"not_picked":["hermit:Feint+1","hermit:Ricochet","hermit:Scavenge+1"],"picked":"SKIP","floor":155},{"not_picked":["hermit:ItchyTrigger+1","hermit:Ricochet+1","hermit:TakeCover"],"picked":"SKIP","floor":162}],"player_experience":591696,"relics_obtained":[{"floor":7,"key":"conspire:DecoderRing"},{"floor":9,"key":"Toy Ornithopter"},{"floor":10,"key":"Tiny Chest"},{"floor":12,"key":"Odd Mushroom"},{"floor":19,"key":"halation:EternalFortune"},{"floor":23,"key":"Golden Egg"},{"floor":24,"key":"halation:EternalFortune"},{"floor":24,"key":"hubris:SphereOfDissonance"},{"floor":26,"key":"ReplayTheSpireMod:Ninjato"},{"floor":27,"key":"Matryoshka"},{"floor":28,"key":"infinitespire:Midas Blood"},{"floor":28,"key":"Anchor"},{"floor":30,"key":"Shuriken"},{"floor":37,"key":"halation:EternalFortune"},{"floor":41,"key":"Juzu Bracelet"},{"floor":41,"key":"infinitespire:Satchel"},{"floor":44,"key":"halation:EternalFortune"},{"floor":44,"key":"Replay:Wax Seal"},{"floor":47,"key":"halation:LettersToHer"},{"floor":50,"key":"infinitespire:Golems Mask"},{"floor":51,"key":"StoneCalendar"},{"floor":58,"key":"halation:LettersToHer"},{"floor":62,"key":"hubris:TenFootPole"},{"floor":62,"key":"aspiration:HiddenCompartment"},{"floor":64,"key":"halation:LettersToHer"},{"floor":64,"key":"Replay:Baseball"},{"floor":69,"key":"Smiling Mask"},{"floor":69,"key":"conspire:DeflatedDodgeball"},{"floor":77,"key":"halation:LettersToHer"},{"floor":77,"key":"ReplayTheSpireMod:Lightbulb"},{"floor":81,"key":"halation:LettersToHer"},{"floor":82,"key":"halation:EternalFortune"},{"floor":85,"key":"halation:LettersToHer"},{"floor":85,"key":"Boot"},{"floor":86,"key":"infinitespire:WardingShard"},{"floor":86,"key":"halation:PrussianBluePaint"},{"floor":96,"key":"hubris:Zylophone"},{"floor":98,"key":"halation:LettersToHer"},{"floor":98,"key":"infinitespire:Broken Mirror"},{"floor":99,"key":"infinitespire:Magic Flask"},{"floor":99,"key":"Replay:Mystery Machine"},{"floor":100,"key":"halation:LettersToHer"},{"floor":100,"key":"Oddly Smooth Stone"},{"floor":102,"key":"PreservedInsect"},{"floor":102,"key":"halation:KoshaPiece"},{"floor":113,"key":"CeramicFish"},{"floor":115,"key":"halation:IllGainedPizza"},{"floor":115,"key":"conspire:TopHat"},{"floor":116,"key":"halation:LettersToHer"},{"floor":116,"key":"Letter Opener"},{"floor":129,"key":"halation:EternalFortune"},{"floor":131,"key":"halation:EternalFortune"},{"floor":131,"key":"Pet Ghost"},{"floor":131,"key":"vexMod:FocusSash"},{"floor":134,"key":"vexMod:ConsolationPrize"},{"floor":134,"key":"halation:LettersToHer"},{"floor":148,"key":"Mirror"},{"floor":151,"key":"Kunai"},{"floor":151,"key":"halation:LettersToHer"},{"floor":153,"key":"Replay:WaspNest"},{"floor":153,"key":"ReplayFunnel"},{"floor":155,"key":"halation:EternalFortune"},{"floor":162,"key":"infinitespire:PuzzleCube"}],"event_choices":[{"damage_healed":0,"gold_gain":0,"player_choice":"Fought Mushrooms","damage_taken":0,"max_hp_gain":0,"max_hp_loss":0,"event_name":"Mushrooms","floor":12,"gold_loss":0},{"cards_removed":["hermit:Strike_Hermit"],"damage_healed":0,"gold_gain":0,"player_choice":"Purged","damage_taken":0,"max_hp_gain":0,"max_hp_loss":0,"event_name":"Purifier","floor":20,"gold_loss":0},{"damage_healed":23,"gold_gain":0,"player_choice":"Writhe","damage_taken":0,"max_hp_gain":0,"max_hp_loss":0,"event_name":"Winding Halls","floor":48,"gold_loss":0,"cards_obtained":["Writhe"]},{"damage_healed":0,"gold_gain":0,"player_choice":"Fight","damage_taken":0,"max_hp_gain":0,"max_hp_loss":0,"event_name":"MindBloom","floor":51,"gold_loss":0},{"damage_healed":0,"gold_gain":75,"player_choice":"Touch","damage_taken":9,"max_hp_gain":0,"max_hp_loss":0,"event_name":"FaceTrader","floor":59,"gold_loss":0},{"damage_healed":0,"gold_gain":0,"player_choice":"Obtained Relic","damage_taken":0,"relics_obtained":["Regal Pillow"],"max_hp_gain":0,"max_hp_loss":0,"event_name":"Addict","floor":80,"gold_loss":85},{"damage_healed":0,"gold_gain":0,"player_choice":"Leave","damage_taken":0,"max_hp_gain":0,"max_hp_loss":0,"event_name":"conspire:Investor","floor":83,"gold_loss":0},{"damage_healed":0,"gold_gain":0,"player_choice":"Fight","damage_taken":0,"max_hp_gain":0,"max_hp_loss":0,"event_name":"Mysterious Sphere","floor":96,"gold_loss":0},{"damage_healed":0,"gold_gain":0,"player_choice":"Ignored","damage_taken":0,"max_hp_gain":0,"max_hp_loss":0,"event_name":"WeMeetAgain","floor":130,"gold_loss":0},{"damage_healed":0,"gold_gain":0,"player_choice":"Ignored","damage_taken":0,"max_hp_gain":0,"max_hp_loss":0,"event_name":"Vampires","floor":138,"gold_loss":0}],"is_beta":false,"boss_relics":[{"not_picked":["vexMod:CursedCompass","aspiration:SecretTechniqueScroll"],"picked":"aspiration:PoetsPen_weak"},{"not_picked":["halation:PinkAlligatorPlush","vexMod:EndlessSickness"],"picked":"hubris:Backtick"},{"not_picked":["hubris:BlackHole","halation:SmartPhone","hermit:DentedPlate"]},{"not_picked":["vexMod:TanglingVine","conspire:SlowCooker"],"picked":"Black Star"},{"not_picked":["aspiration:RitualDagger","conspire:RunicOctahedron"],"picked":"energizedSpire:NeverEndingSparkler"},{"not_picked":["ReplayTheSpireMod:SealedPack","Replay:Fungal Core"],"picked":"Runic Pyramid"},{"not_picked":["energizedSpire:DeadBattery","halation:LoveArrow","Astrolabe"]},{"not_picked":["SacredBark","hubris:VirtuousBlindfold"],"picked":"hermit:ClaspedLocket"},{"not_picked":["vexMod:CursedCompass","Replay:Wanted Poster"],"picked":"hubris:Stopwatch"},{"not_picked":["vexMod:ImprovementManual","Replay:Drink Me"],"picked":"Fusion Hammer"}],"items_purged_floors":[13,57,63,65,79,91,109,114,114,121,137,144],"is_endless":true,"potions_floor_spawned":[1,5,10,14,19,22,26,37,42,43,51,62,67,73,75,86,88,94,99,101,103,108,111,115,117,133,141,146,147,148,158,163],"ascension_level":0}}