{"host":"6bsan6hkua32tfq7","time":1607994573,"event":{"mods":["BaseMod","Better Third Choice","Colored Map","Downfall","Highlight Path","Minty Spire (QoL Compilation)","StSLib"],"gold_per_floor":[109,109,125,125,140,166,166,183,183,210,210,210,135,35,35,112,112,124,124,139,139,156,182,192,26,26,55,65,65,65,78,78,152,152,172,197,197,208,83,83,118,118,118,118,130,130,130,130,130],"floor_reached":48,"playtime":1680,"items_purged":["Strike_R","Defend_R","Strike_R"],"score":1012,"play_id":"2f1c4898-9f8c-4df5-bb74-54bef1a7d142","local_time":"20201215020933","is_ascension_mode":true,"campfire_choices":[{"data":"Rampage","floor":7.0,"key":"SMITH"},{"data":"Shockwave","floor":11.0,"key":"SMITH"},{"data":"Demon Form","floor":15.0,"key":"SMITH"},{"floor":29.0,"key":"REST"},{"data":"Disarm","floor":32.0,"key":"SMITH"},{"data":"Exhume","floor":40.0,"key":"SMITH"},{"data":"True Grit","floor":42.0,"key":"SMITH"},{"data":"Shrug It Off","floor":44.0,"key":"SMITH"}],"circlet_count":0,"master_deck":["AscendersBane","Strike_R","Strike_R","Strike_R","Defend_R+1","Defend_R","Defend_R","Bash","Disarm+1","Pommel Strike","Carnage","Rampage+1","Demon Form+1","Shockwave+1","Brutality","Evolve+1","Shrug It Off+1","Disarm+1","Disarm+1","Exhume+1","True Grit+1"],"relics":["Burning Blood","NeowsBlessing","Self Forming Clay","MealTicket","Meat on the Bone","HornCleat","SlaversCollar","FaceOfCleric","InkBottle","Medical Kit","Bag of Marbles","Akabeko","StoneCalendar","Runic Pyramid","Ginger","TungstenRod"],"acts_visited":["Exordium","TheCity","TheBeyond"],"potions_floor_usage":[48],"damage_taken":[{"damage":0.0,"enemies":"Small Slimes","floor":1.0,"turns":1.0},{"damage":0.0,"enemies":"Jaw Worm","floor":3.0,"turns":1.0},{"damage":0.0,"enemies":"2 Louse","floor":5.0,"turns":1.0},{"damage":18.0,"enemies":"Lagavulin","floor":6.0,"turns":6.0},{"damage":7.0,"enemies":"Blue Slaver","floor":8.0,"turns":3.0},{"damage":41.0,"enemies":"3 Sentries","floor":10.0,"turns":9.0},{"damage":1.0,"enemies":"The Guardian","floor":16.0,"turns":9.0},{"damage":29.0,"enemies":"Shell Parasite","floor":18.0,"turns":6.0},{"damage":23.0,"enemies":"Chosen","floor":20.0,"turns":6.0},{"damage":34.0,"enemies":"3 Cultists","floor":22.0,"turns":7.0},{"damage":16.0,"enemies":"Book of Stabbing","floor":23.0,"turns":6.0},{"damage":28.0,"enemies":"Snake Plant","floor":24.0,"turns":5.0},{"damage":42.0,"enemies":"Slavers","floor":27.0,"turns":7.0},{"damage":20.0,"enemies":"Centurion and Healer","floor":28.0,"turns":8.0},{"damage":22.0,"enemies":"Snecko","floor":31.0,"turns":5.0},{"damage":9.0,"enemies":"Champ","floor":33.0,"turns":9.0},{"damage":0.0,"enemies":"3 Shapes","floor":35.0,"turns":7.0},{"damage":4.0,"enemies":"Mind Bloom Boss Battle","floor":36.0,"turns":7.0},{"damage":22.0,"enemies":"Orb Walker","floor":38.0,"turns":6.0},{"damage":81.0,"enemies":"Reptomancer","floor":41.0,"turns":9.0},{"damage":34.0,"enemies":"Jaw Worm Horde","floor":45.0,"turns":7.0},{"damage":76,"enemies":"Transient","floor":48,"turns":6}],"seed_played":"-4410156346890987151","potions_obtained":[{"floor":1.0,"key":"Dexterity Potion"},{"floor":3.0,"key":"Energy Potion"},{"floor":10.0,"key":"Weak Potion"},{"floor":16.0,"key":"Strength Potion"},{"floor":23.0,"key":"Fire Potion"},{"floor":28.0,"key":"SpeedPotion"},{"floor":31.0,"key":"DuplicationPotion"},{"floor":35.0,"key":"Strength Potion"},{"floor":38.0,"key":"BloodPotion"},{"floor":41.0,"key":"LiquidMemories"},{"floor":45.0,"key":"Swift Potion"}],"is_trial":false,"path_per_floor":["M","?","M","T","M","E","R","M","T","E","R","?","$","$","R","B",null,"M","$","M","?","M","E","M","$","T","E","M","R","?","M","R","B",null,"M","?","?","M","$","R","E","R","T","R","M","$","?","M"],"character_chosen":"IRONCLAD","items_purchased":["Medical Kit"],"campfire_rested":1,"item_purchase_floors":[25],"current_hp_per_floor":[74,51,57,57,63,51,51,50,50,27,27,32,47,62,62,67,77,54,69,52,52,37,40,31,46,46,23,22,47,47,44,44,54,79,86,89,89,74,89,89,27,27,27,27,30,45,45,0,0],"gold":130,"neow_bonus":"THREE_ENEMY_KILL","is_daily":false,"chose_seed":false,"campfire_upgraded":7,"win_rate":0.0,"timestamp":1607994573,"path_taken":["M","?","M","?","M","E","R","M","T","E","R","?","?","$","R","BOSS","M","$","M","?","M","E","M","$","T","E","?","R","?","M","R","BOSS","M","?","?","M","$","R","E","R","T","R","?","$","?","M"],"items_purchased_type":["Relic"],"build_version":"2020-12-13","purchased_purges":3,"victory":false,"max_hp_per_floor":[75,75,75,75,75,75,75,75,75,75,75,80,80,80,80,80,80,80,80,80,80,81,82,83,83,83,84,85,85,85,86,86,87,87,88,89,89,90,90,90,91,91,91,91,92,92,92,92,92],"card_choices":[{"not_picked":["Spot Weakness","Heavy Blade"],"picked":"Disarm","floor":1.0},{"not_picked":["Rupture","Power Through"],"picked":"Pommel Strike","floor":3.0},{"not_picked":["Heavy Blade","Body Slam"],"picked":"Carnage","floor":5.0},{"not_picked":["Seeing Red","Second Wind"],"picked":"Rampage","floor":6.0},{"not_picked":["Havoc","Iron Wave"],"picked":"Demon Form","floor":8.0},{"not_picked":["Shrug It Off","Thunderclap"],"picked":"Shockwave","floor":10.0},{"not_picked":["Bludgeon","Impervious"],"picked":"Brutality","floor":16.0},{"not_picked":["Shrug It Off","Headbutt"],"picked":"Evolve+1","floor":18.0},{"not_picked":["Cleave","Clothesline"],"picked":"Shrug It Off","floor":20.0},{"not_picked":["Hemokinesis","Anger","Whirlwind"],"picked":"SKIP","floor":22.0},{"not_picked":["Spot Weakness","Flame Barrier"],"picked":"Disarm+1","floor":23.0},{"not_picked":["Inflame","Flex"],"picked":"Disarm","floor":24.0},{"not_picked":["Dual Wield","Pommel Strike","Searing Blow"],"picked":"SKIP","floor":27.0},{"not_picked":["Hemokinesis","Warcry","Anger"],"picked":"SKIP","floor":28.0},{"not_picked":["Pommel Strike","Iron Wave","Sword Boomerang"],"picked":"SKIP","floor":31.0},{"not_picked":["Pommel Strike","Iron Wave","Sword Boomerang"],"picked":"SKIP","floor":31.0},{"not_picked":["Berserk","Double Tap"],"picked":"Exhume","floor":33.0},{"not_picked":["Sword Boomerang+1","Blood for Blood","Twin Strike"],"picked":"SKIP","floor":35.0},{"not_picked":["Burning Pact+1","Pommel Strike+1","Wild Strike"],"picked":"SKIP","floor":38.0},{"not_picked":["Flame Barrier","Brutality"],"picked":"True Grit","floor":41.0},{"not_picked":["Heavy Blade","Anger+1","Shrug It Off"],"picked":"SKIP","floor":45.0}],"player_experience":5135537,"relics_obtained":[{"floor":4.0,"key":"Self Forming Clay"},{"floor":6.0,"key":"MealTicket"},{"floor":9.0,"key":"Meat on the Bone"},{"floor":10.0,"key":"HornCleat"},{"floor":23.0,"key":"InkBottle"},{"floor":26.0,"key":"Bag of Marbles"},{"floor":27.0,"key":"Akabeko"},{"floor":36.0,"key":"Ginger"},{"floor":41.0,"key":"TungstenRod"}],"event_choices":[{"damage_healed":74.0,"max_hp_gain":0.0,"max_hp_loss":75.0,"gold_gain":0.0,"event_name":"betterThird:BetterShining","player_choice":"Upgrade","floor":2.0,"gold_loss":0.0,"damage_taken":23.0,"cards_upgraded":["Defend_R","Disarm"]},{"damage_healed":0.0,"max_hp_gain":5.0,"max_hp_loss":0.0,"gold_gain":0.0,"event_name":"Big Fish","player_choice":"Donut","floor":12.0,"gold_loss":0.0,"damage_taken":0.0},{"damage_healed":0.0,"max_hp_gain":0.0,"max_hp_loss":0.0,"gold_gain":0.0,"event_name":"FaceTrader","player_choice":"Trade","floor":21.0,"gold_loss":0.0,"damage_taken":0.0,"relics_obtained":["FaceOfCleric"]},{"damage_healed":0.0,"max_hp_gain":0.0,"max_hp_loss":0.0,"gold_gain":0.0,"event_name":"The Mausoleum","player_choice":"Opened","floor":30.0,"gold_loss":0.0,"damage_taken":0.0,"relics_obtained":["StoneCalendar"],"cards_obtained":["Writhe"]},{"damage_healed":0.0,"max_hp_gain":0.0,"max_hp_loss":0.0,"gold_gain":0.0,"event_name":"MindBloom","player_choice":"Fight","floor":36.0,"gold_loss":0.0,"damage_taken":0.0},{"cards_removed":["Writhe"],"damage_healed":0.0,"max_hp_gain":0.0,"max_hp_loss":0.0,"gold_gain":0.0,"event_name":"Purifier","player_choice":"Purged","floor":37.0,"gold_loss":0.0,"damage_taken":0.0},{"damage_healed":0.0,"max_hp_gain":0.0,"max_hp_loss":0.0,"gold_gain":0.0,"event_name":"The Moai Head","player_choice":"Ignored","floor":47.0,"gold_loss":0.0,"damage_taken":0.0}],"is_beta":false,"boss_relics":[{"not_picked":["Empty Cage","Calling Bell"],"picked":"SlaversCollar"},{"not_picked":["Pandora\u0027s Box","SacredBark"],"picked":"Runic Pyramid"}],"items_purged_floors":[13,14,39],"is_endless":false,"potions_floor_spawned":[1,3,10,16,18,23,28,31,35,38,41,45],"killed_by":"Transient","ascension_level":20}}