{"host":"igi9xpgoc000gxf5","time":1607990713,"event":{"mods":["BaseMod","Colored Powertips","Downfall","Googly Eyes","Minty Spire (QoL Compilation)","StSLib"],"gold_per_floor":[99,99,99,99,117,49,96,107,140,140,98,112,126,58,74,173,173,173,173,185,212,226,89,89,89,14,14,14],"floor_reached":27,"playtime":1379,"items_purged":[],"score":228,"play_id":"de7b50cf-c126-403c-9160-a453a2321372","local_time":"20201215010513","is_ascension_mode":false,"campfire_choices":[{"floor":1,"key":"REST"},{"data":"Slimebound:Split","floor":4,"key":"SMITH"},{"floor":10,"key":"REST"},{"data":"Slimebound:SplitBruiser","floor":18,"key":"SMITH"},{"data":"Slimebound:CheckThePlaybook","floor":26,"key":"SMITH"}],"circlet_count":0,"master_deck":["Slimebound:Strike_Slimebound","Slimebound:Strike_Slimebound","Slimebound:Strike_Slimebound","Slimebound:Tackle","Slimebound:Defend_Slimebound","Slimebound:Defend_Slimebound","Slimebound:Defend_Slimebound","Slimebound:Defend_Slimebound","Slimebound:Split+1","Slimebound:CorrosiveSpit","Slimebound:Prepare","Slimebound:Gluttony","Slimebound:RollThrough","Slimebound:SlimeTap","Slimebound:OozeBath","Slimebound:SlimeSpikes","Slimebound:Schlurp","Slimebound:SpikyOuterGoop","Slimebound:LeechEnergy","Slimebound:SamplingLick","Slimebound:GoopSpray","Slimebound:SplitBruiser+1","Slimebound:OneTwoCombo","Shame","Slimebound:Gluttony","Slimebound:AcidTongue","Slimebound:Nibble","Slimebound:SplitBruiser","Slimebound:CheckThePlaybook+1","Slimebound:Icky"],"relics":["Slimebound:AbsorbEndCombat","StoneCalendar","Pen Nib","Spirit Poop","Boot","Sundial","Slimebound:TarBlob","MealTicket","The Courier","Slimebound:AggressiveSlimeRelic","downfall:HeartBlessingBlue"],"acts_visited":["Exordium","TheCity"],"potions_floor_usage":[9,16,16,27],"damage_taken":[{"damage":14,"enemies":"Small Slimes","floor":5,"turns":4},{"damage":11,"enemies":"downfall:FleeingMerchant","floor":6,"turns":4},{"damage":11,"enemies":"Cultist","floor":8,"turns":3},{"damage":29,"enemies":"Lagavulin","floor":9,"turns":5},{"damage":11,"enemies":"downfall:FleeingMerchant","floor":11,"turns":4},{"damage":12,"enemies":"2 Louse","floor":12,"turns":3},{"damage":20,"enemies":"Blue Slaver","floor":13,"turns":4},{"damage":8,"enemies":"downfall:FleeingMerchant","floor":14,"turns":4},{"damage":16,"enemies":"Exordium Wildlife","floor":15,"turns":3},{"damage":49,"enemies":"downfall:Silent","floor":16,"turns":6},{"damage":24,"enemies":"Shell Parasite","floor":20,"turns":4},{"damage":37,"enemies":"Book of Stabbing","floor":21,"turns":4},{"damage":31,"enemies":"Centurion and Healer","floor":22,"turns":6},{"damage":29,"enemies":"downfall:FleeingMerchant","floor":23,"turns":4},{"damage":67,"enemies":"Slavers","floor":27,"turns":3}],"seed_played":"5556224694930537537","potions_obtained":[{"floor":8,"key":"Strength Potion"},{"floor":9,"key":"Energy Potion"},{"floor":12,"key":"hexamod:EctoCoolerPotion"},{"floor":13,"key":"Dexterity Potion"},{"floor":15,"key":"ColorlessPotion"},{"floor":16,"key":"Slimebound:SlimyTonguePotion"},{"floor":20,"key":"champ:CounterPotion"}],"is_trial":false,"path_per_floor":["R","?","?","R","M","$","T","M","E","R","$","M","M","$","M","B",null,"R","?","M","E","M","$","T","?","R","E"],"character_chosen":"SLIMEBOUND","items_purchased":["Slimebound:RollThrough","Slimebound:Schlurp","Slimebound:GoopSpray","Slimebound:AggressiveSlimeRelic"],"campfire_rested":2,"item_purchase_floors":[6,11,14,23],"current_hp_per_floor":[60,60,60,60,54,57,57,60,43,60,60,58,50,58,48,23,60,60,60,60,47,44,57,57,57,67,0,0],"gold":14,"neow_bonus":"ONE_RARE_RELIC","is_daily":false,"chose_seed":false,"campfire_upgraded":3,"win_rate":0.0,"timestamp":1607990713,"path_taken":["R","?","?","R","M","$","T","M","E","R","$","M","?","?","M","BOSS","R","?","M","E","M","$","T","?","R","E"],"items_purchased_type":["Card","Card","Card","Relic"],"build_version":"2020-12-13","purchased_purges":0,"victory":false,"max_hp_per_floor":[60,60,60,60,60,60,60,60,60,60,60,60,60,60,60,60,60,60,60,60,60,60,60,60,60,70,70,70],"card_choices":[{"not_picked":["Slimebound:GrowthPunch","Slimebound:SplitMire"],"picked":"Slimebound:Prepare","floor":5},{"not_picked":["Slimebound:Replication","Slimebound:LeechEnergy"],"picked":"Slimebound:Gluttony","floor":6},{"not_picked":["Slimebound:ViciousTackle","Slimebound:RollThrough"],"picked":"Slimebound:SlimeTap","floor":8},{"not_picked":["Slimebound:DisruptingSlam","Slimebound:SlimeSpikes"],"picked":"Slimebound:OozeBath","floor":9},{"not_picked":["Slimebound:LeechEnergy","Slimebound:SlimeTap"],"picked":"Slimebound:SlimeSpikes","floor":11},{"not_picked":["Slimebound:LeechEnergy","Slimebound:Equalize"],"picked":"Slimebound:SpikyOuterGoop","floor":12},{"not_picked":["Slimebound:BestDefense","Slimebound:SplitMire"],"picked":"Slimebound:LeechEnergy","floor":13},{"not_picked":["Slimebound:Nibble","Slimebound:PressTheAttack"],"picked":"Slimebound:SamplingLick","floor":14},{"not_picked":["Slimebound:PressTheAttack","Slimebound:Repurpose"],"picked":"Slimebound:SplitBruiser","floor":15},{"not_picked":["Slimebound:MassFeed","Slimebound:MassRepurpose"],"picked":"Slimebound:OneTwoCombo","floor":16},{"not_picked":["Slimebound:Nibble","Slimebound:GoopSpray"],"picked":"Slimebound:Gluttony","floor":20},{"not_picked":["Slimebound:ComboTackle+1","Slimebound:LeechingTouch"],"picked":"Slimebound:AcidTongue","floor":21},{"not_picked":["Slimebound:SlimeBrawl","Slimebound:ViciousTackle"],"picked":"Slimebound:Nibble","floor":22},{"not_picked":["Slimebound:SlimeBrawl","Slimebound:GrowthPunch"],"picked":"Slimebound:SplitBruiser","floor":23}],"player_experience":863704,"relics_obtained":[{"floor":7,"key":"Boot"},{"floor":9,"key":"Sundial"},{"floor":21,"key":"The Courier"}],"event_choices":[{"damage_healed":0,"gold_gain":0,"player_choice":"Box","damage_taken":0,"relics_obtained":["Pen Nib"],"max_hp_gain":0,"max_hp_loss":0,"event_name":"Big Fish","floor":2,"gold_loss":0,"cards_obtained":["Regret"]},{"cards_removed":["Regret"],"damage_healed":0,"gold_gain":0,"player_choice":"Offered Curse","damage_taken":0,"relics_obtained":["Spirit Poop"],"max_hp_gain":0,"max_hp_loss":0,"event_name":"Bonfire Elementals","floor":3,"gold_loss":0},{"damage_healed":0,"gold_gain":0,"player_choice":"Stole Relic","damage_taken":0,"relics_obtained":["MealTicket"],"max_hp_gain":0,"max_hp_loss":0,"event_name":"Addict","floor":19,"gold_loss":0,"cards_obtained":["Shame"]}],"is_beta":false,"boss_relics":[{"not_picked":["Cursed Key","Snecko Eye"],"picked":"Slimebound:TarBlob"}],"items_purged_floors":[],"is_endless":false,"potions_floor_spawned":[8,9,12,13,15,16,20],"killed_by":"Slavers","ascension_level":0}}