{"host":"6vv0uythevi5qk1w","time":1607996954,"event":{"mods":["Act Like it!","BaseMod","Downfall","Gensokyo","Minty Spire (QoL Compilation)","Remilia£®¿Ÿ√◊¿Ú—«£©","Replay The Spire","StSLib"],"gold_per_floor":[99,127,52,52,87,100,100,50,70,102,128,128,128,142,161,264,264,264,364,392,317,341,365,410,446,371,417,445,445,471,2,33,151,151,151,217,237,237,260,301,301,353,353,414,477,136,243,286,325,337,337,396,73,73,95],"floor_reached":56,"playtime":7572,"items_purged":["hexamod:Defend","hexamod:Defend"],"score":2174,"play_id":"3bb93e32-eba1-405f-aba3-296d0a34c85c","local_time":"20201215094914","is_ascension_mode":true,"campfire_choices":[{"floor":1,"key":"RECALL"},{"data":"hexamod:EmpoweredFlame","floor":3,"key":"SMITH"},{"data":"hexamod:GiftsFromTheDead","floor":18,"key":"SMITH"},{"data":"hexamod:Rewind","floor":21,"key":"SMITH"},{"data":"hexamod:GhostOfSpirePast","floor":26,"key":"SMITH"},{"data":"hexamod:UnlimitedPower","floor":35,"key":"SMITH"},{"data":"hexamod:Rewind","floor":38,"key":"SMITH"},{"data":"hexamod:EmpoweringStance","floor":43,"key":"SMITH"},{"floor":54,"key":"DIG"}],"circlet_count":0,"master_deck":["hexamod:Strike","hexamod:Strike","hexamod:Strike","hexamod:Defend","hexamod:Defend","hexamod:Sear","hexamod:Float","hexamod:EmpoweredFlame+1","hexamod:Haunt","hexamod:FastForward","hexamod:Rewind+1","hexamod:EmpoweringStance+1","hexamod:ThirdSeal","hexamod:RetreatToShadows","hexamod:GhostOfSpirePast+1","hexamod:GhostOfSpirePast+1","hexamod:Rewind+1","hexamod:SpectralSpark","hexamod:GiftsFromTheDead+1","hexamod:TimeOfNeed+1","hexamod:SpectralAdrenaline","hexamod:SecondSeal","hexamod:FastForward+1","hexamod:ThirdSeal","hexamod:UnlimitedPower+1","hexamod:TimeWarp","hexamod:EmpoweringStance+1","hexamod:GhostOfSpirePast+1","hexamod:GhostOfSpirePast","hexamod:Haunt+1","hexamod:SkipABeat+1","hexamod:TimeOfNeed","Replay:SS_forest_2","expansioncontent:Corrupt","hexamod:TurnItUp+1","hexamod:EmpoweredFlame+1","hexamod:FourthSeal","hexamod:ApocalypticArmor","hexamod:TimeOfNeed","hexamod:FirstSeal","hexamod:EmpoweringStance","expansioncontent:QuickStudy"],"relics":["hexamod:SpiritBrand","downfall:HeartsMalice","Replay:Rubber Ducky","downfall:HeartBlessingRed","Centennial Puzzle","hexamod:SoulConsumer","PreservedInsect","Odd Mushroom","Unceasing Top","Replay:Bronze Core","FossilizedHelix","White Beast Statue","Replay:Bandana","downfall:HeartBlessingGreen","Darkstone Periapt","downfall:HeartBlessingBlue","Garlic","Nilry\u0027s Codex","Sundial","Guide Book","Runic Dome","Replay:Bottled Steam","Pondfish Scales","Regal Pillow","Shovel","Boot","BargainBundle","HandDrill","TheAbacus","Bottled Tornado","Bag of Preparation","Bottled Flame"],"acts_visited":["Exordium","TheCity","TheBeyond","TheEnding"],"potions_floor_usage":[19,20,32,32,33,46,47,48,55,55,55],"damage_taken":[{"damage":0,"enemies":"Replay:BlueRogue","floor":2,"turns":1},{"damage":0,"enemies":"2 Louse","floor":4,"turns":1},{"damage":0,"enemies":"Gremlin Nob","floor":5,"turns":1},{"damage":0,"enemies":"Jaw Worm","floor":6,"turns":3},{"damage":0,"enemies":"downfall:FleeingMerchant","floor":8,"turns":4},{"damage":0,"enemies":"Small Slimes","floor":9,"turns":4},{"damage":6,"enemies":"Lagavulin","floor":10,"turns":6},{"damage":6,"enemies":"The Mushroom Lair","floor":11,"turns":4},{"damage":0,"enemies":"Blue Slaver","floor":14,"turns":4},{"damage":6,"enemies":"Large Slime","floor":15,"turns":3},{"damage":6,"enemies":"downfall:Silent","floor":16,"turns":5},{"damage":6,"enemies":"Colosseum Nobs","floor":19,"turns":5},{"damage":6,"enemies":"Book of Stabbing","floor":20,"turns":4},{"damage":0,"enemies":"3 Byrds","floor":22,"turns":5},{"damage":0,"enemies":"Snake Plant","floor":23,"turns":3},{"damage":0,"enemies":"Replay:Snechameleon","floor":25,"turns":5},{"damage":0,"enemies":"Book of Stabbing","floor":27,"turns":4},{"damage":0,"enemies":"Centurion and Healer","floor":28,"turns":5},{"damage":3,"enemies":"3 Cultists","floor":30,"turns":5},{"damage":0,"enemies":"downfall:FleeingMerchant","floor":31,"turns":5},{"damage":0,"enemies":"Sentry and Sphere","floor":32,"turns":6},{"damage":0,"enemies":"downfall:Watcher","floor":33,"turns":5},{"damage":0,"enemies":"R_Hoarder","floor":36,"turns":4},{"damage":0,"enemies":"3 Shapes","floor":37,"turns":5},{"damage":0,"enemies":"Orb Walker","floor":39,"turns":3},{"damage":0,"enemies":"Transient","floor":40,"turns":5},{"damage":6,"enemies":"Reptomancer","floor":42,"turns":5},{"damage":0,"enemies":"Nemesis","floor":44,"turns":3},{"damage":0,"enemies":"downfall:FleeingMerchant","floor":46,"turns":5},{"damage":0,"enemies":"downfall:FleeingMerchant","floor":47,"turns":3},{"damage":0,"enemies":"Jaw Worm Horde","floor":48,"turns":3},{"damage":0,"enemies":"Sphere and 2 Shapes","floor":49,"turns":4},{"damage":0,"enemies":"downfall:Defect","floor":50,"turns":4},{"damage":0,"enemies":"downfall:CharBossMerchant","floor":52,"turns":5},{"damage":0,"enemies":"downfall:NeowBoss","floor":55,"turns":17}],"seed_played":"-2611711654345960763","potions_obtained":[{"floor":5,"key":"hexamod:EctoCoolerPotion"},{"floor":6,"key":"champ:CounterPotion"},{"floor":11,"key":"SkillPotion"},{"floor":14,"key":"Fire Potion"},{"floor":20,"key":"BlessingOfTheForge"},{"floor":22,"key":"Dexterity Potion"},{"floor":25,"key":"hexamod:EctoCoolerPotion"},{"floor":32,"key":"Reflective Coating"},{"floor":33,"key":"Strength Potion"},{"floor":46,"key":"DistilledChaos"},{"floor":47,"key":"BlessingOfTheForge"},{"floor":48,"key":"AttackPotion"}],"is_trial":false,"path_per_floor":["R","E","R","M","E","M","T","$","M","E","?","?","?","M","M","B",null,"R","?","E","R","M","M","T","E","R","E","M","?","M","$","M","B",null,"R","E","M","R","M","M","T","E","R","E","?","$","$","M","M","B",null,"E","$","R","B",null],"character_chosen":"THE_SPIRIT","items_purchased":["hexamod:ThirdSeal","Sundial","Guide Book","BargainBundle","hexamod:TimeOfNeed","SkillPotion","Replay:SS_forest_2","expansioncontent:Corrupt","HandDrill","hexamod:TurnItUp+1","Bag of Preparation","expansioncontent:QuickStudy"],"campfire_rested":0,"item_purchase_floors":[8,31,31,46,46,46,46,46,47,47,53,53],"current_hp_per_floor":[70,70,70,70,70,70,70,70,70,64,58,58,51,51,45,39,70,70,64,58,58,58,58,58,58,68,68,68,52,49,49,49,49,80,80,80,80,80,80,80,80,74,74,74,54,54,54,54,54,61,80,80,80,80,80],"gold":95,"neow_bonus":"THREE_ENEMY_KILL","is_daily":false,"chose_seed":false,"campfire_upgraded":7,"win_rate":0.0,"timestamp":1607996954,"path_taken":["R","E","R","M","E","M","T","$","M","E","?","?","?","M","M","BOSS","R","?","E","R","M","M","T","E","R","E","M","?","M","$","M","BOSS","R","E","M","R","M","M","T","E","R","E","?","$","$","M","M","BOSS","E","$","R","BOSS"],"items_purchased_type":["Card","Relic","Relic","Relic","Card","Potion","Card","Card","Relic","Card","Relic","Card"],"build_version":"2020-11-30","purchased_purges":2,"victory":true,"max_hp_per_floor":[70,70,70,70,70,70,70,70,70,70,70,70,70,70,70,70,70,70,70,70,70,70,70,70,70,80,80,80,80,80,80,80,80,80,80,80,80,80,80,80,80,80,80,80,80,80,80,80,80,80,80,80,80,80,80],"card_choices":[{"not_picked":["hexamod:ShieldOfDarkness","hexamod:FastForward"],"picked":"hexamod:EmpoweredFlame","floor":2},{"not_picked":["hexamod:Hexaguard","hexamod:ThermalTransfer"],"picked":"hexamod:Haunt","floor":4},{"not_picked":["hexamod:GhostLash","hexamod:DynamicBlow"],"picked":"hexamod:FastForward","floor":5},{"not_picked":["hexamod:ExtraCrispy","hexamod:Incineration"],"picked":"hexamod:Rewind","floor":6},{"not_picked":["hexamod:SkipABeat","hexamod:StepThrough"],"picked":"hexamod:EmpoweringStance","floor":8},{"not_picked":["hexamod:SpectersWail","hexamod:AdvancingGuard"],"picked":"hexamod:RetreatToShadows","floor":9},{"not_picked":["hexamod:SpectralSpark","hexamod:Haunt"],"picked":"hexamod:GhostOfSpirePast","floor":9},{"not_picked":["hexamod:NecessarySacrifice","hexamod:ShieldOfDarkness","hexamod:HeatMetal"],"picked":"SKIP","floor":10},{"not_picked":["hexamod:FlamesFromBeyond","hexamod:CrushingStance","hexamod:HauntingEcho"],"picked":"SKIP","floor":10},{"not_picked":["hexamod:PowerFromBeyond","hexamod:HeatMetal"],"picked":"hexamod:GhostOfSpirePast","floor":11},{"not_picked":["hexamod:Hexaguard","hexamod:SpectersWail"],"picked":"hexamod:Rewind","floor":14},{"not_picked":["hexamod:ThermalTransfer","hexamod:AdvancingGuard","hexamod:HeatCrush"],"picked":"SKIP","floor":14},{"not_picked":["hexamod:BacktrackSmack","hexamod:VolcanoVisage"],"picked":"hexamod:SpectralSpark","floor":15},{"not_picked":["hexamod:BurningTouch","hexamod:FastForward","hexamod:InspiringFlames"],"picked":"SKIP","floor":15},{"not_picked":["hexamod:Toasty","hexamod:VolcanoVisage"],"picked":"hexamod:GiftsFromTheDead","floor":16},{"not_picked":["hexamod:TurnItUp","hexamod:ApocalypseNow"],"picked":"hexamod:TimeOfNeed","floor":16},{"not_picked":["hexamod:SwordOfDarkness+1","hexamod:NightmareGuise+1"],"picked":"hexamod:SpectralAdrenaline","floor":19},{"not_picked":["hexamod:ThermalTransfer","hexamod:InspiringFlames","hexamod:GhostOfSpirePresent"],"picked":"SKIP","floor":20},{"not_picked":["hexamod:RainOfEmbers","hexamod:SpectralSpark","hexamod:BurningTouch"],"picked":"SKIP","floor":20},{"not_picked":["hexamod:GhostLash","hexamod:SpectralSpark"],"picked":"hexamod:SecondSeal","floor":22},{"not_picked":["hexamod:GhostShield","hexamod:SecondSeal","hexamod:Hexaguard"],"picked":"SKIP","floor":22},{"not_picked":["hexamod:PowerFromBeyond","hexamod:Toasty","hexamod:SpectersWail"],"picked":"SKIP","floor":23},{"not_picked":["hexamod:HauntingEcho","hexamod:FlamesFromBeyond","hexamod:GhostShield"],"picked":"SKIP","floor":23},{"not_picked":["hexamod:SwordOfDarkness+1","hexamod:BurningTouch","hexamod:RecurringNightmare"],"picked":"SKIP","floor":25},{"not_picked":["hexamod:BacktrackSmack+1","hexamod:NecessarySacrifice","hexamod:Incineration"],"picked":"SKIP","floor":25},{"not_picked":["hexamod:SpectersWail","hexamod:NightmareStrike"],"picked":"hexamod:FastForward+1","floor":27},{"not_picked":["hexamod:GhostShield","hexamod:WildfireWeapon","hexamod:BacktrackSmack+1"],"picked":"SKIP","floor":27},{"not_picked":["hexamod:PowerFromBeyond","hexamod:NightmareGuise"],"picked":"hexamod:ThirdSeal","floor":28},{"not_picked":["hexamod:FastForward","hexamod:BacktrackSmack","hexamod:HeatCrush"],"picked":"SKIP","floor":28},{"not_picked":["hexamod:SpectersWail+1","hexamod:ChargedBarrage+1","hexamod:AdvancingGuard+1"],"picked":"SKIP","floor":30},{"not_picked":["hexamod:HauntingEcho","hexamod:FastForward","hexamod:Hexaguard"],"picked":"SKIP","floor":30},{"not_picked":["hexamod:EtherealExpedition","hexamod:GhostOfSpirePresent","hexamod:RainOfEmbers"],"picked":"SKIP","floor":30},{"not_picked":["hexamod:RainOfEmbers+1","hexamod:InspiringFlames"],"picked":"hexamod:UnlimitedPower","floor":31},{"not_picked":["hexamod:AdvancingGuard","hexamod:WildfireWeapon","hexamod:Firestarter"],"picked":"SKIP","floor":31},{"not_picked":["hexamod:AdvancingGuard","hexamod:FastForward+1","hexamod:SpectersWail"],"picked":"SKIP","floor":31},{"not_picked":["hexamod:DynamicBlow","hexamod:GhostShield","hexamod:ShieldOfDarkness"],"picked":"SKIP","floor":32},{"not_picked":["hexamod:GhostShield","hexamod:FastForward","hexamod:DynamicBlow"],"picked":"SKIP","floor":32},{"not_picked":["hexamod:RecurringNightmare","hexamod:NightmareGuise+1","hexamod:SuperheatedStrike"],"picked":"SKIP","floor":32},{"not_picked":["hexamod:UnleashSpirits","hexamod:CrushingStance"],"picked":"hexamod:TimeWarp","floor":33},{"not_picked":["hexamod:GiftsFromTheDead","hexamod:GhostflameInferno"],"picked":"hexamod:EmpoweringStance","floor":33},{"not_picked":["hexamod:RainOfEmbers+1","hexamod:InspiringFlames+1"],"picked":"hexamod:GhostOfSpirePast+1","floor":36},{"not_picked":["hexamod:SpectralAdrenaline","hexamod:StepThrough","hexamod:AdvancingGuard"],"picked":"SKIP","floor":36},{"not_picked":["hexamod:DynamicBlow+1","hexamod:NightmareGuise+1","hexamod:BacktrackSmack+1"],"picked":"SKIP","floor":37},{"not_picked":["hexamod:NecessarySacrifice+1","hexamod:InspiringFlames+1","hexamod:GhostShield+1"],"picked":"SKIP","floor":37},{"not_picked":["hexamod:ExtraCrispy","hexamod:RecurringNightmare","hexamod:NightmareStrike+1"],"picked":"SKIP","floor":37},{"not_picked":["hexamod:FastForward+1","hexamod:InspiringFlames"],"picked":"hexamod:GhostOfSpirePast","floor":39},{"not_picked":["hexamod:Hexaguard","hexamod:BurningTouch+1"],"picked":"hexamod:Haunt+1","floor":39},{"not_picked":["hexamod:NightmareStrike","hexamod:SpectersWail","hexamod:ThermalTransfer"],"picked":"SKIP","floor":39},{"not_picked":["hexamod:Hexaguard","hexamod:SwordOfDarkness","hexamod:Incineration"],"picked":"SKIP","floor":40},{"not_picked":["hexamod:GiftsFromTheDead","hexamod:ShieldOfDarkness","hexamod:Again+1"],"picked":"SKIP","floor":40},{"not_picked":["hexamod:InspiringFlames","hexamod:SwordOfDarkness+1","hexamod:RetreatToShadows"],"picked":"SKIP","floor":40},{"not_picked":["hexamod:GhostOfSpirePast","hexamod:ShieldOfDarkness+1"],"picked":"hexamod:SkipABeat+1","floor":42},{"not_picked":["hexamod:CrushingStance","hexamod:InspiringFlames","hexamod:NightmareStrike+1"],"picked":"SKIP","floor":42},{"not_picked":["hexamod:ShieldOfDarkness","hexamod:Incineration+1","hexamod:Firestarter+1"],"picked":"SKIP","floor":44},{"not_picked":["hexamod:ShieldOfDarkness","hexamod:HeatCrush+1","hexamod:GhostShield+1"],"picked":"SKIP","floor":44},{"not_picked":["hexamod:PhantomFireball+1","hexamod:WildfireWeapon","hexamod:HeatShield+1"],"picked":"SKIP","floor":44},{"not_picked":["hexamod:HauntingEcho+1","hexamod:SkipABeat+1","hexamod:SwordOfDarkness+1"],"picked":"SKIP","floor":46},{"not_picked":["hexamod:GhostOfSpireFuture","hexamod:InspiringFlames+1","hexamod:FastForward"],"picked":"SKIP","floor":46},{"not_picked":["hexamod:NightmareGuise","hexamod:ThermalTransfer","hexamod:DynamicBlow"],"picked":"SKIP","floor":46},{"not_picked":["hexamod:PhantomCloak+1","hexamod:GhostShield+1","hexamod:BacktrackSmack+1"],"picked":"SKIP","floor":47},{"not_picked":["hexamod:HeatShield","hexamod:BacktrackSmack+1","hexamod:SwordOfDarkness"],"picked":"SKIP","floor":47},{"not_picked":["hexamod:GhostOfSpirePast+1","hexamod:NecessarySacrifice","hexamod:Firestarter+1"],"picked":"SKIP","floor":47},{"not_picked":["hexamod:GhostLash","hexamod:StepThrough+1"],"picked":"hexamod:EmpoweredFlame+1","floor":48},{"not_picked":["hexamod:GhostflameBarrier+1","hexamod:SpectralSpark+1"],"picked":"hexamod:FourthSeal","floor":48},{"not_picked":["hexamod:RainOfEmbers+1","hexamod:BurningTouch"],"picked":"hexamod:ApocalypticArmor","floor":48},{"not_picked":["hexamod:FastForward","hexamod:SpectralSpark+1"],"picked":"hexamod:TimeOfNeed","floor":49},{"not_picked":["hexamod:FourthSeal","hexamod:SecondSeal"],"picked":"hexamod:FirstSeal","floor":49},{"not_picked":["hexamod:NightmareStrike","hexamod:BurningTouch+1","hexamod:RainOfEmbers+1"],"picked":"SKIP","floor":49},{"not_picked":["hexamod:FlamesFromBeyond","hexamod:SwordOfDarkness+1"],"picked":"hexamod:EmpoweringStance","floor":52},{"not_picked":["hexamod:PowerFromBeyond","hexamod:NightmareStrike+1","hexamod:BacktrackSmack+1"],"picked":"SKIP","floor":52},{"not_picked":["hexamod:WildfireWeapon","hexamod:FastForward+1","hexamod:Firestarter"],"picked":"SKIP","floor":52}],"player_experience":339264,"relics_obtained":[{"floor":2,"key":"Replay:Rubber Ducky"},{"floor":5,"key":"Centennial Puzzle"},{"floor":7,"key":"hexamod:SoulConsumer"},{"floor":10,"key":"PreservedInsect"},{"floor":11,"key":"Odd Mushroom"},{"floor":19,"key":"FossilizedHelix"},{"floor":19,"key":"White Beast Statue"},{"floor":20,"key":"Replay:Bandana"},{"floor":25,"key":"Darkstone Periapt"},{"floor":27,"key":"Garlic"},{"floor":29,"key":"Nilry\u0027s Codex"},{"floor":36,"key":"Replay:Bottled Steam"},{"floor":41,"key":"Pondfish Scales"},{"floor":42,"key":"Regal Pillow"},{"floor":44,"key":"Shovel"},{"floor":45,"key":"Boot"},{"floor":52,"key":"TheAbacus"},{"floor":52,"key":"Bottled Tornado"},{"floor":54,"key":"Bottled Flame"}],"event_choices":[{"damage_healed":0,"gold_gain":0,"player_choice":"Fought Mushrooms","damage_taken":0,"max_hp_gain":0,"max_hp_loss":0,"event_name":"Mushrooms","floor":11,"gold_loss":0},{"damage_healed":0,"gold_gain":0,"player_choice":"Success","damage_taken":7,"relics_obtained":["Unceasing Top"],"max_hp_gain":0,"max_hp_loss":0,"event_name":"Scrap Ooze","floor":13,"gold_loss":0}],"is_beta":false,"boss_relics":[{"not_picked":["Tiny House","Sozu"],"picked":"Replay:Bronze Core"},{"not_picked":["Honey Jar","expansioncontent:StudyCardRelic"],"picked":"Runic Dome"}],"items_purged_floors":[31,46],"is_endless":false,"potions_floor_spawned":[5,6,11,14,16,20,22,23,25,27,28,30,31,33,36,37,39,40,42,46,47,48],"ascension_level":1}}