{"host":"j49z5jz0n7e8vjox","time":1607996219,"event":{"mods":["AchievementEnabler","BaseMod","Bestiary","Colored Map","Colored Powertips","DeckTracker","Minty Spire (QoL Compilation)"],"gold_per_floor":[216,234,246,256,331,331,12,37,64,64,93,93,93,112,112,213,213,225,225,235,1,1,33,46,65,65,65,91,107,140,15,15,114,114,134,149,129,142,142,142,160,187,187,60,60,79,129,147,147,147],"floor_reached":51,"playtime":3197,"items_purged":["Strike_B","Shame"],"score":946,"play_id":"af4415a9-a951-49d7-9393-5cbe402b3c38","local_time":"20201214193659","is_ascension_mode":true,"campfire_choices":[{"data":"Genetic Algorithm","floor":6,"key":"SMITH"},{"floor":12,"key":"REST"},{"floor":15,"key":"REST"},{"floor":27,"key":"REST"},{"floor":32,"key":"REST"},{"data":"Buffer","floor":40,"key":"SMITH"},{"data":"Dark Shackles","floor":49,"key":"SMITH"}],"circlet_count":0,"master_deck":["Zap","Dualcast","Streamline","Go for the Eyes","Genetic Algorithm+1","Sweeping Beam","Gash+1","Lockon+1","Chill","Gash+1","Buffer+1","Beam Cell+1","RitualDagger+1","Coolheaded+1","Defragment","Genetic Algorithm","Go for the Eyes+1","Blizzard+1","Capacitor+1","Coolheaded+1","Consume","Coolheaded","Ball Lightning+1","Fission","Undo","Sunder+1","Redo","Steam","Recycle","Biased Cognition","Dark Shackles+1","FTL+1","Buffer"],"relics":["Cracked Core","Singing Bowl","Anchor","Dream Catcher","Lantern","Molten Egg 2","Bronze Scales","SlaversCollar","ClockworkSouvenir","Happy Flower","HornCleat","Mango","Bag of Marbles","Gambling Chip","Pandora\u0027s Box","Letter Opener","Bird Faced Urn"],"acts_visited":["Exordium","TheCity","TheBeyond"],"potions_floor_usage":[30,33,50],"damage_taken":[{"damage":3,"enemies":"Small Slimes","floor":1,"turns":4},{"damage":12,"enemies":"Jaw Worm","floor":2,"turns":3},{"damage":3,"enemies":"2 Louse","floor":3,"turns":2},{"damage":9,"enemies":"Red Slaver","floor":4,"turns":4},{"damage":12,"enemies":"Lagavulin","floor":8,"turns":7},{"damage":20,"enemies":"3 Sentries","floor":11,"turns":7},{"damage":0,"enemies":"3 Louse","floor":14,"turns":2},{"damage":6,"enemies":"Slime Boss","floor":16,"turns":7},{"damage":2,"enemies":"3 Byrds","floor":18,"turns":2},{"damage":3,"enemies":"2 Thieves","floor":20,"turns":4},{"damage":28,"enemies":"Slavers","floor":23,"turns":5},{"damage":0,"enemies":"Snake Plant","floor":24,"turns":3},{"damage":5,"enemies":"Shelled Parasite and Fungi","floor":25,"turns":6},{"damage":26,"enemies":"Book of Stabbing","floor":28,"turns":6},{"damage":0,"enemies":"Snecko","floor":29,"turns":5},{"damage":15,"enemies":"Slavers","floor":30,"turns":6},{"damage":41,"enemies":"Automaton","floor":33,"turns":11},{"damage":0,"enemies":"Orb Walker","floor":35,"turns":4},{"damage":9,"enemies":"3 Shapes","floor":36,"turns":3},{"damage":0,"enemies":"3 Darklings","floor":38,"turns":6},{"damage":0,"enemies":"Transient","floor":41,"turns":5},{"damage":26,"enemies":"Giant Head","floor":42,"turns":10},{"damage":0,"enemies":"Sphere and 2 Shapes","floor":46,"turns":6},{"damage":0,"enemies":"Mind Bloom Boss Battle","floor":47,"turns":2},{"damage":0,"enemies":"Writhing Mass","floor":48,"turns":6},{"damage":7,"enemies":"Awakened One","floor":50,"turns":11}],"seed_played":"796590330277760256","potions_obtained":[{"floor":1,"key":"FairyPotion"},{"floor":2,"key":"FearPotion"},{"floor":14,"key":"Strength Potion"},{"floor":28,"key":"PotionOfCapacity"},{"floor":36,"key":"FocusPotion"},{"floor":37,"key":"EssenceOfDarkness"},{"floor":48,"key":"DuplicationPotion"}],"is_trial":false,"path_per_floor":["M","M","M","M","?","R","$","E","T","?","E","R","?","M","R","B",null,"M","?","M","$","?","E","M","M","T","R","E","M","E","$","R","B",null,"M","M","?","M","$","R","M","E","T","$","?","M","?","M","R","B",null],"character_chosen":"DEFECT","items_purchased":["Singing Bowl","ClockworkSouvenir","Defragment","Coolheaded","Dark Shackles","FTL+1"],"campfire_rested":4,"item_purchase_floors":[7,21,21,31,44,44],"current_hp_per_floor":[72,60,57,48,37,37,37,25,25,25,5,27,24,24,46,40,66,64,58,55,55,55,27,27,22,36,62,36,36,23,23,50,9,71,73,66,66,68,68,68,70,46,46,46,46,46,48,60,60,63],"gold":147,"neow_bonus":"HUNDRED_GOLD","is_daily":false,"chose_seed":false,"campfire_upgraded":3,"win_rate":0.0,"timestamp":1607996219,"path_taken":["M","M","M","M","?","R","$","E","T","?","E","R","?","M","R","BOSS","M","?","M","$","?","E","M","M","T","R","E","M","E","$","R","BOSS","M","M","?","?","$","R","M","E","T","$","?","M","?","M","R","BOSS"],"items_purchased_type":["Relic","Relic","Card","Card","Card","Card"],"build_version":"2020-12-13","purchased_purges":2,"victory":true,"max_hp_per_floor":[75,75,75,75,75,75,75,75,75,75,75,75,75,75,75,75,75,75,75,75,75,75,75,75,75,89,89,89,89,91,91,91,91,91,93,95,95,97,97,97,99,101,101,101,101,101,103,105,105,105],"card_choices":[{"not_picked":["Fusion","Gash"],"picked":"Streamline","floor":1},{"not_picked":["Reprogram","Gash"],"picked":"Go for the Eyes","floor":2},{"not_picked":["Barrage","Steam Power"],"picked":"Genetic Algorithm","floor":3},{"not_picked":["Rebound","Hello World","Barrage"],"picked":"SKIP","floor":4},{"not_picked":["Hologram","Fusion"],"picked":"Sweeping Beam","floor":8},{"not_picked":["Hello World","Chaos"],"picked":"Gash+1","floor":11},{"not_picked":["Reprogram","Steam Power"],"picked":"Lockon+1","floor":12},{"not_picked":["Hologram","Turbo"],"picked":"Chill","floor":14},{"not_picked":["Rebound+1","Multi-Cast"],"picked":"Gash+1","floor":15},{"not_picked":["Seek","Thunder Strike+1"],"picked":"Buffer","floor":16},{"not_picked":["Leap","Stack"],"picked":"Beam Cell+1","floor":18},{"not_picked":["Stack","Barrage+1"],"picked":"Coolheaded+1","floor":20},{"not_picked":["Blizzard+1","Stack"],"picked":"Genetic Algorithm","floor":23},{"not_picked":["Gash+1","Thunder Strike+1"],"picked":"Go for the Eyes+1","floor":24},{"not_picked":["Steam+1","Static Discharge"],"picked":"Blizzard+1","floor":25},{"not_picked":["Gash+1","Cold Snap+1"],"picked":"Capacitor+1","floor":27},{"not_picked":["Hologram","Steam"],"picked":"Coolheaded+1","floor":28},{"not_picked":["Chill","Stack"],"picked":"Consume","floor":29},{"not_picked":["Biased Cognition","Ball Lightning+1","Skim"],"picked":"Singing Bowl","floor":30},{"not_picked":["Redo","Chaos"],"picked":"Ball Lightning+1","floor":32},{"not_picked":["Amplify","Creative AI"],"picked":"Fission","floor":33},{"not_picked":["Gash+1","Cold Snap+1","Static Discharge"],"picked":"Singing Bowl","floor":35},{"not_picked":["Genetic Algorithm+1","Ball Lightning+1","Cold Snap+1"],"picked":"Singing Bowl","floor":36},{"not_picked":["Barrage+1","Go for the Eyes+1","Sweeping Beam+1"],"picked":"Singing Bowl","floor":38},{"not_picked":["Go for the Eyes+1","Steam","Streamline+1"],"picked":"Singing Bowl","floor":41},{"not_picked":["Conserve Battery","Turbo+1","Go for the Eyes+1"],"picked":"Singing Bowl","floor":42},{"not_picked":["Reinforced Body+1","Ball Lightning+1"],"picked":"Buffer","floor":46},{"not_picked":["Stack+1","Hologram+1","Streamline+1"],"picked":"Singing Bowl","floor":47},{"not_picked":["Leap+1","Gash+1","Hologram"],"picked":"Singing Bowl","floor":48}],"player_experience":664092,"relics_obtained":[{"floor":8,"key":"Anchor"},{"floor":9,"key":"Dream Catcher"},{"floor":11,"key":"Molten Egg 2"},{"floor":23,"key":"HornCleat"},{"floor":26,"key":"Mango"},{"floor":28,"key":"Bag of Marbles"},{"floor":30,"key":"Gambling Chip"},{"floor":42,"key":"Letter Opener"},{"floor":47,"key":"Bird Faced Urn"}],"event_choices":[{"damage_healed":0,"gold_gain":75,"player_choice":"Gather Gold","damage_taken":11,"max_hp_gain":0,"max_hp_loss":0,"event_name":"World of Goop","floor":5,"gold_loss":0},{"damage_healed":0,"gold_gain":0,"player_choice":"Searched \u00271\u0027 times","damage_taken":0,"relics_obtained":["Lantern"],"max_hp_gain":0,"max_hp_loss":0,"event_name":"Dead Adventurer","floor":10,"gold_loss":0},{"damage_healed":0,"gold_gain":0,"player_choice":"Success","damage_taken":3,"relics_obtained":["Bronze Scales"],"max_hp_gain":0,"max_hp_loss":0,"event_name":"Scrap Ooze","floor":13,"gold_loss":0},{"damage_healed":0,"gold_gain":0,"player_choice":"Joined the Cult","damage_taken":6,"max_hp_gain":0,"max_hp_loss":0,"event_name":"Nest","floor":19,"gold_loss":0,"cards_obtained":["RitualDagger"]},{"damage_healed":0,"gold_gain":0,"player_choice":"Stole Relic","damage_taken":0,"relics_obtained":["Happy Flower"],"max_hp_gain":0,"max_hp_loss":0,"event_name":"Addict","floor":22,"gold_loss":0,"cards_obtained":["Shame"]},{"damage_healed":0,"gold_gain":0,"player_choice":"Bought 1 Potion","damage_taken":0,"max_hp_gain":0,"max_hp_loss":0,"event_name":"The Woman in Blue","floor":37,"gold_loss":0},{"cards_removed":["Steam"],"damage_healed":0,"gold_gain":0,"player_choice":"Removed Skill","damage_taken":0,"max_hp_gain":0,"max_hp_loss":0,"event_name":"Falling","floor":45,"gold_loss":0},{"damage_healed":0,"gold_gain":0,"player_choice":"Fight","damage_taken":0,"max_hp_gain":0,"max_hp_loss":0,"event_name":"MindBloom","floor":47,"gold_loss":0}],"is_beta":false,"boss_relics":[{"not_picked":["Velvet Choker","Tiny House"],"picked":"SlaversCollar"},{"not_picked":["Inserter","Cursed Key"],"picked":"Pandora\u0027s Box"}],"items_purged_floors":[7,31],"is_endless":false,"potions_floor_spawned":[1,2,14,20,25,28,36,41,46,48],"ascension_level":5}}