{"host":"sz8c8ni79nvzjmmg","time":1607999725,"event":{"mods":["AchievementEnabler","BaseMod","DeckTracker","Keyboard Shortcuts","Minty Spire (QoL Compilation)","SuperFastMode"],"gold_per_floor":[111,36,86,105,105,138,138,138,164,164,177,177,208,208,208,287,287,187,187],"floor_reached":18,"playtime":377,"items_purged":["Strike_B"],"score":382,"play_id":"29ecbe74-2a95-48dd-bd99-5f45856a57b9","local_time":"20201215113525","is_ascension_mode":true,"campfire_choices":[{"data":"Biased Cognition","floor":8.0,"key":"SMITH"},{"data":"Zap","floor":10.0,"key":"SMITH"},{"data":"Dualcast","floor":15.0,"key":"SMITH"}],"circlet_count":0,"master_deck":["AscendersBane","Strike_B","Strike_B","Defend_B","Defend_B","Defend_B","Defend_B","Zap+1","Dualcast+1","Sweeping Beam","Sweeping Beam","Biased Cognition+1","Undo","Cold Snap"],"relics":["Cracked Core","NeowsBlessing","Turnip","Pen Nib","Ornamental Fan","Nuclear Battery"],"acts_visited":["Exordium","TheCity"],"potions_floor_usage":[16,16],"damage_taken":[{"damage":0.0,"enemies":"Small Slimes","floor":1.0,"turns":1.0},{"damage":0.0,"enemies":"Cultist","floor":4.0,"turns":1.0},{"damage":0.0,"enemies":"3 Sentries","floor":6.0,"turns":1.0},{"damage":2.0,"enemies":"Jaw Worm","floor":11.0,"turns":2.0},{"damage":6.0,"enemies":"Gremlin Nob","floor":13.0,"turns":3.0},{"damage":49,"enemies":"Hexaghost","floor":16,"turns":11},{"damage":16,"enemies":"2 Thieves","floor":18,"turns":4}],"seed_played":"-4542040034709609683","potions_obtained":[{"floor":4.0,"key":"DistilledChaos"},{"floor":6.0,"key":"PotionOfCapacity"},{"floor":7.0,"key":"PowerPotion"},{"floor":13.0,"key":"SkillPotion"}],"is_trial":false,"path_per_floor":["M","$","?","M","?","E","?","R","T","R","M","?","E","?","R","B",null,"M"],"character_chosen":"DEFECT","items_purchased":[],"campfire_rested":0,"item_purchase_floors":[],"current_hp_per_floor":[64,64,57,57,62,62,62,62,62,62,60,60,54,54,54,5,58,42,42],"gold":187,"neow_bonus":"THREE_ENEMY_KILL","is_daily":false,"chose_seed":false,"campfire_upgraded":3,"win_rate":0.0,"timestamp":1607999725,"path_taken":["M","$","?","?","?","E","?","R","T","R","?","?","E","?","R","BOSS","M"],"items_purchased_type":[],"build_version":"2020-12-13","purchased_purges":1,"victory":false,"max_hp_per_floor":[71,71,71,71,76,76,76,76,76,76,76,76,76,76,76,76,76,76,76],"card_choices":[{"not_picked":["Compile Driver","Beam Cell"],"picked":"Sweeping Beam","floor":1.0},{"not_picked":["Steam","Stack"],"picked":"Sweeping Beam","floor":4.0},{"not_picked":["Seek","Hologram"],"picked":"Biased Cognition","floor":6.0},{"not_picked":["Genetic Algorithm","FTL"],"picked":"Undo","floor":11.0},{"not_picked":["Double Energy","Buffer","Beam Cell"],"picked":"SKIP","floor":13.0}],"player_experience":1193176,"relics_obtained":[{"floor":6.0,"key":"Turnip"},{"floor":9.0,"key":"Pen Nib"},{"floor":13.0,"key":"Ornamental Fan"}],"event_choices":[{"damage_healed":0.0,"max_hp_gain":0.0,"max_hp_loss":0.0,"gold_gain":50.0,"event_name":"FaceTrader","player_choice":"Touch","floor":3.0,"gold_loss":0.0,"damage_taken":7.0},{"damage_healed":0.0,"max_hp_gain":5.0,"max_hp_loss":0.0,"gold_gain":0.0,"event_name":"Big Fish","player_choice":"Donut","floor":5.0,"gold_loss":0.0,"damage_taken":0.0},{"damage_healed":0.0,"max_hp_gain":0.0,"max_hp_loss":0.0,"gold_gain":0.0,"event_name":"Lab","player_choice":"Got Potions","floor":7.0,"gold_loss":0.0,"damage_taken":0.0},{"damage_healed":0.0,"max_hp_gain":0.0,"max_hp_loss":0.0,"gold_gain":0.0,"event_name":"Liars Game","player_choice":"Ignored","floor":12.0,"gold_loss":0.0,"damage_taken":0.0},{"damage_healed":0.0,"max_hp_gain":0.0,"max_hp_loss":0.0,"gold_gain":0.0,"cards_transformed":["Strike_B"],"event_name":"Living Wall","player_choice":"Change","floor":14.0,"gold_loss":0.0,"damage_taken":0.0,"cards_obtained":["Cold Snap"]}],"is_beta":false,"boss_relics":[{"not_picked":["SlaversCollar","Runic Dome"],"picked":"Nuclear Battery"}],"items_purged_floors":[2],"is_endless":false,"potions_floor_spawned":[4,6,11,13],"killed_by":"2 Thieves","ascension_level":20}}