{"host":"3iouabftir4t7z56","time":1607993136,"event":{"mods":["BaseMod","Colored Map","Conspire","Downfall","Hermit","Mad Scientist","Minty Spire (QoL Compilation)","StSLib","The Cursed"],"gold_per_floor":[113,113,388,55,71,71,88,88,115,150,166,191,191,191,191,191,191],"floor_reached":16,"playtime":733,"items_purged":["Regret"],"score":98,"play_id":"54963797-de17-41a9-b0a1-c48ce810b8a8","local_time":"20201215014536","is_ascension_mode":false,"campfire_choices":[{"data":"TheCursedMod:HellsGateOpen","floor":6,"key":"SMITH"},{"data":"TheCursedMod:CircleOfFlame","floor":8,"key":"SMITH"},{"data":"TheCursedMod:CursedBoomerang","floor":15,"key":"SMITH"}],"circlet_count":0,"master_deck":["TheCursedMod:Strike_TheCursed","TheCursedMod:Strike_TheCursed","TheCursedMod:Strike_TheCursed","TheCursedMod:Strike_TheCursed","TheCursedMod:Defend_TheCursed","TheCursedMod:Defend_TheCursed","TheCursedMod:Defend_TheCursed","TheCursedMod:Defend_TheCursed","TheCursedMod:CursedWand","TheCursedMod:CleanUpWorkshop","TheCursedMod:CursedBoomerang+1","TheCursedMod:AshesToAshes","TheCursedMod:HellsGateOpen+1","TheCursedMod:CursedSpellbook","TheCursedMod:CircleOfFlame+1"],"relics":["TheCursedMod:BlackMagic101","NeowsBlessing","Sundial","Medical Kit","Happy Flower","Ancient Tea Set","PreservedInsect","Golden Idol"],"acts_visited":["Exordium"],"potions_floor_usage":[],"damage_taken":[{"damage":0,"enemies":"Small Slimes","floor":1,"turns":1},{"damage":0,"enemies":"2 Louse","floor":5,"turns":1},{"damage":0,"enemies":"Cultist","floor":7,"turns":1},{"damage":31,"enemies":"Gremlin Nob","floor":10,"turns":4},{"damage":0,"enemies":"Exordium Wildlife","floor":11,"turns":2},{"damage":46,"enemies":"Hexaghost","floor":16,"turns":9}],"seed_played":"8904717281831399101","potions_obtained":[{"floor":1,"key":"EssenceOfSteel"},{"floor":10,"key":"sneckomod:MuddlingPotion"}],"is_trial":false,"path_per_floor":["M","?","?","$","M","R","M","R","T","E","M","T","?","?","R","B"],"character_chosen":"THE_CURSED","items_purchased":["TheCursedMod:AshesToAshes","TheCursedMod:HellsGateOpen","Medical Kit"],"campfire_rested":0,"item_purchase_floors":[4,4,4],"current_hp_per_floor":[75,75,75,75,75,75,75,75,75,44,44,44,44,44,44,0,0],"gold":191,"neow_bonus":"THREE_ENEMY_KILL","is_daily":false,"chose_seed":false,"campfire_upgraded":3,"win_rate":0.0,"timestamp":1607993136,"path_taken":["M","?","?","$","M","R","M","R","T","E","?","?","?","?","R","BOSS"],"items_purchased_type":["Card","Card","Relic"],"build_version":"2020-12-13","purchased_purges":1,"victory":false,"max_hp_per_floor":[75,75,75,75,75,75,75,75,75,75,75,75,75,75,75,75,75],"card_choices":[{"not_picked":["TheCursedMod:WearCloak","TheCursedMod:CircleOfBlood"],"picked":"TheCursedMod:CursedBoomerang","floor":1},{"not_picked":["TheCursedMod:Stigma","TheCursedMod:TacticalStrike"],"picked":"TheCursedMod:CursedSpellbook","floor":5},{"not_picked":["TheCursedMod:Stigma","TheCursedMod:ReleasedKnowledge"],"picked":"TheCursedMod:CircleOfFlame","floor":7},{"not_picked":["TheCursedMod:CircleOfCorruption","TheCursedMod:VitalStrike","TheCursedMod:WearCloak"],"picked":"SKIP","floor":10},{"not_picked":["TheCursedMod:AshesToAshes","TheCursedMod:WearCloak","TheCursedMod:Stretching"],"picked":"SKIP","floor":11}],"player_experience":602955,"relics_obtained":[{"floor":9,"key":"Happy Flower"},{"floor":10,"key":"Ancient Tea Set"},{"floor":12,"key":"PreservedInsect"}],"event_choices":[{"damage_healed":0,"gold_gain":0,"player_choice":"Box","damage_taken":0,"relics_obtained":["Sundial"],"max_hp_gain":0,"max_hp_loss":0,"event_name":"Big Fish","floor":2,"gold_loss":0,"cards_obtained":["Regret"]},{"damage_healed":0,"gold_gain":275,"player_choice":"Desecrate","damage_taken":0,"max_hp_gain":0,"max_hp_loss":0,"event_name":"Golden Shrine","floor":3,"gold_loss":0,"cards_obtained":["Regret"]},{"damage_healed":0,"gold_gain":0,"player_choice":"Take Wound","damage_taken":0,"relics_obtained":["Golden Idol"],"max_hp_gain":0,"max_hp_loss":0,"event_name":"Golden Idol","floor":13,"gold_loss":0,"cards_obtained":["Injury"]},{"cards_removed":["Injury","Regret","TheCursedMod:Dregs"],"damage_healed":0,"gold_gain":0,"player_choice":"Removed Curses","damage_taken":0,"max_hp_gain":0,"max_hp_loss":0,"event_name":"Fountain of Cleansing","floor":14,"gold_loss":0}],"is_beta":false,"boss_relics":[],"items_purged_floors":[4],"is_endless":false,"potions_floor_spawned":[1,10],"killed_by":"Hexaghost","ascension_level":0}}