{"host":"ks12kfi5c4d9hdxy","time":1608029119,"event":{"mods":["Act Like it!","BaseMod","Conspire","Gensokyo","GifTheSpireLib","Koishi","LagranYue(拉格朗・月)","Marisa（F雨　魔理沙）","Minty Spire (QoL Compilation)","Quick Restart","Reimu（博丽灵梦）","Remilia（蕾米莉亚）","Replay The Spire","RumiaBox-露米娅的神秘盒子","Shop Mod","StSLib","SuperFastMode","The Administrix","The Servant 0.9.4","Youmu（魂魄妖梦）","Yuyuko","【东方二次创作】八云紫mod","【功能Mod】混沌之环修复补丁","【功能Mod】聪明的最终Boss","篝火指南"],"gold_per_floor":[112,37,37,55,55,85,85,85,134,146,173,184,184,211,211,286,286,303,314,10,21,21,21,21],"floor_reached":23,"playtime":1633,"items_purged":["Defend_MRS"],"score":418,"play_id":"0ca9fffb-b3bc-455d-bcdf-86278c40eb5a","local_time":"20201215184519","is_ascension_mode":true,"campfire_choices":[{"data":"DeepEcoloBomb","floor":8.0,"key":"SMITH"},{"floor":15.0,"key":"REST"}],"circlet_count":0,"master_deck":["AscendersBane","Strike_MRS","Strike_MRS+1","Strike_MRS","Defend_MRS","Defend_MRS","Defend_MRS","MasterSpark+1","UpSweep+1","OortCloud","DeepEcoloBomb+1","UltimateShortwave","StarBarrage","CasketOfStar","Acceleration","SprinkleStarSeal","BlazeAway"],"relics":["MiniHakkero","LagranYue:RandomDrawCardRelic","NeowsBlessing","Gensokyo:LunaticRedEyes","GodSword5","Dream Catcher","PreservedInsect","MerchantsRug","Replay:Baseball"],"acts_visited":["Exordium","Gensokyo:Gensokyo"],"potions_floor_usage":[21,21],"damage_taken":[{"damage":0.0,"enemies":"Gensokyo:3_Fairies","floor":1.0,"turns":1.0},{"damage":0.0,"enemies":"Gensokyo:Gryphon","floor":4.0,"turns":1.0},{"damage":2.0,"enemies":"Gensokyo:Cirno","floor":6.0,"turns":2.0},{"damage":2.0,"enemies":"Gensokyo:2_Kodama","floor":10.0,"turns":3.0},{"damage":8.0,"enemies":"Gensokyo:Mamizou","floor":11.0,"turns":8.0},{"damage":13.0,"enemies":"Gensokyo:CorruptedTreant","floor":12.0,"turns":3.0},{"damage":23.0,"enemies":"Gensokyo:Aya","floor":14.0,"turns":5.0},{"damage":19.0,"enemies":"Gensokyo:Yukari","floor":16.0,"turns":12.0},{"damage":0.0,"enemies":"Gensokyo:2_Gloops","floor":18.0,"turns":5.0},{"damage":6.0,"enemies":"Gensokyo:Chomper","floor":19.0,"turns":4.0},{"damage":48,"enemies":"Gensokyo:Monolith_and_Dog","floor":21,"turns":8},{"damage":6,"enemies":"Gensokyo:Reisen","floor":23,"turns":3}],"seed_played":"5758827617544513529","potions_obtained":[{"floor":4.0,"key":"Adrenaline Potion"},{"floor":6.0,"key":"SpeedPotion"},{"floor":14.0,"key":"Swift Potion"},{"floor":16.0,"key":"Energy Potion"},{"floor":21,"key":"GrandPatriotsElixir:ReiMu"}],"is_trial":false,"path_per_floor":["M","$","?","M","$","E","$","R","T","M","E","M","?","E","R","B",null,"M","M","$","M","?","E"],"character_chosen":"MARISA","items_purchased":["MerchantsRug","Replay:Baseball"],"campfire_rested":1,"item_purchase_floors":[20,20],"current_hp_per_floor":[63,63,63,63,63,61,61,61,61,59,51,38,38,15,41,22,67,67,61,61,13,13,7,7],"gold":21,"neow_bonus":"THREE_ENEMY_KILL","is_daily":false,"chose_seed":false,"campfire_upgraded":1,"win_rate":0.0,"timestamp":1608029119,"path_taken":["M","$","?","M","$","E","?","R","T","?","E","M","?","E","R","BOSS","M","M","$","?","?","E"],"items_purchased_type":["Relic","Relic"],"build_version":"2020-12-13","purchased_purges":1,"victory":false,"max_hp_per_floor":[70,70,70,70,70,70,70,70,70,70,70,70,70,70,70,70,70,70,70,70,70,70,70,70],"card_choices":[{"not_picked":["IllusionStar","EventHorizon"],"picked":"OortCloud","floor":1.0},{"not_picked":["LuminesStrike","GalacticHalo"],"picked":"DeepEcoloBomb","floor":4.0},{"not_picked":["PulseMagic","PowerUp","OpenUniverse"],"picked":"SKIP","floor":6.0},{"not_picked":["Singularity","GasGiant","GravityBeat"],"picked":"SKIP","floor":10.0},{"not_picked":["DarkMatter","DC","WitchOfGreed"],"picked":"SKIP","floor":11.0},{"not_picked":["DC","6A","WitchOfGreed"],"picked":"SKIP","floor":12.0},{"not_picked":["GravityBeat","StarlightTyphoon"],"picked":"UltimateShortwave","floor":14.0},{"not_picked":["WitchLeyline","UnstableBomb"],"picked":"StarBarrage","floor":15.0},{"not_picked":["MaximisePower","JA"],"picked":"CasketOfStar","floor":16.0},{"not_picked":["MeteoricShower","LuminesStrike"],"picked":"Acceleration","floor":18.0},{"not_picked":["MagicChant","DarkSpark"],"picked":"SprinkleStarSeal","floor":19.0},{"not_picked":["OrrerysSun","Robbery"],"picked":"BlazeAway","floor":21}],"player_experience":503932,"relics_obtained":[{"floor":6.0,"key":"GodSword5"},{"floor":9.0,"key":"Whetstone"},{"floor":11.0,"key":"Dream Catcher"},{"floor":14.0,"key":"PreservedInsect"}],"event_choices":[],"is_beta":false,"boss_relics":[{"not_picked":["LagranYue:ContractPerformanceRelic","Honey Jar"],"picked":"Empty Cage"}],"items_purged_floors":[2],"is_endless":false,"potions_floor_spawned":[4,6,10,14,16,18,21],"killed_by":"Gensokyo:Reisen","ascension_level":18}}