{"host":"BK","time":1608076378,"event":{"mods":["BaseMod","Highlight Path","Minty Spire (QoL Compilation)","StSLib"],"gold_per_floor":[119,44,44,61,78,78,112,112,138,163,207,219,257,269,281,293,293],"floor_reached":16,"playtime":501,"items_purged":[],"score":240,"play_id":"8ff14897-58b0-427f-9c0f-f8e2ccb0ac16","local_time":"20201215165258","is_ascension_mode":true,"campfire_choices":[{"data":"Sweeping Beam","floor":6.0,"key":"SMITH"},{"floor":8.0,"key":"REST"},{"floor":15,"key":"REST"}],"circlet_count":0,"master_deck":["AscendersBane","Strike_B","Strike_B","Strike_B","Defend_B","Defend_B","Defend_B","Defend_B","Zap","Dualcast","Cold Snap","Sweeping Beam+1","Self Repair","Leap","Compile Driver"],"relics":["Cracked Core","NeowsBlessing","Regal Pillow","Boot","MawBank","MealTicket","Smiling Mask"],"acts_visited":["Exordium"],"potions_floor_usage":[11,14],"damage_taken":[{"damage":0.0,"enemies":"Jaw Worm","floor":1.0,"turns":1.0},{"damage":0.0,"enemies":"Small Slimes","floor":4.0,"turns":1.0},{"damage":0.0,"enemies":"Cultist","floor":5.0,"turns":1.0},{"damage":47.0,"enemies":"Lagavulin","floor":7.0,"turns":9.0},{"damage":13.0,"enemies":"3 Louse","floor":10.0,"turns":3.0},{"damage":9,"enemies":"3 Sentries","floor":11,"turns":7},{"damage":26,"enemies":"Gremlin Nob","floor":13,"turns":4},{"damage":0,"enemies":"Lots of Slimes","floor":14,"turns":1},{"damage":46,"enemies":"Slime Boss","floor":16,"turns":8}],"seed_played":"7721290215184169693","potions_obtained":[{"floor":4.0,"key":"SmokeBomb"},{"floor":5.0,"key":"ColorlessPotion"},{"floor":7.0,"key":"BlessingOfTheForge"},{"floor":11,"key":"EssenceOfDarkness"}],"is_trial":false,"path_per_floor":["M","?","?","M","M","R","E","R","T","M","E","?","E","M","R","B"],"character_chosen":"DEFECT","items_purchased":[],"campfire_rested":2,"item_purchase_floors":[],"current_hp_per_floor":[64,64,59,59,59,59,12,48,48,42,33,33,7,7,43,0,0],"gold":293,"neow_bonus":"THREE_ENEMY_KILL","is_daily":false,"chose_seed":false,"campfire_upgraded":1,"win_rate":0.0,"timestamp":1608076378,"path_taken":["M","?","?","?","M","R","E","R","T","?","E","?","E","M","R","BOSS"],"items_purchased_type":[],"build_version":"2020-12-07","purchased_purges":0,"victory":false,"max_hp_per_floor":[71,71,71,71,71,71,71,71,71,71,71,71,71,71,71,71,71],"card_choices":[{"not_picked":["Gash","Scrape"],"picked":"Cold Snap","floor":1.0},{"not_picked":["BootSequence","Chill"],"picked":"Sweeping Beam","floor":4.0},{"not_picked":["Redo","Double Energy","Capacitor"],"picked":"SKIP","floor":5.0},{"not_picked":["Force Field","Hyperbeam"],"picked":"Self Repair","floor":7.0},{"not_picked":["Rip and Tear","Steam"],"picked":"Leap","floor":10.0},{"not_picked":["Beam Cell","Conserve Battery"],"picked":"Compile Driver","floor":11},{"not_picked":["Steam Power","Turbo","Creative AI"],"picked":"SKIP","floor":13}],"player_experience":2365181,"relics_obtained":[{"floor":7.0,"key":"Boot"},{"floor":9.0,"key":"MawBank"},{"floor":11,"key":"MealTicket"},{"floor":13,"key":"Smiling Mask"}],"event_choices":[{"cards_removed":["Strike_B"],"damage_healed":0.0,"max_hp_gain":0.0,"max_hp_loss":0.0,"gold_gain":0.0,"event_name":"The Cleric","player_choice":"Card Removal","floor":2.0,"gold_loss":75.0,"damage_taken":0.0},{"damage_healed":0.0,"max_hp_gain":0.0,"max_hp_loss":0.0,"gold_gain":0.0,"event_name":"Scrap Ooze","player_choice":"Success","floor":3.0,"gold_loss":0.0,"damage_taken":5.0,"relics_obtained":["Regal Pillow"]},{"damage_healed":0,"gold_gain":0,"player_choice":"0 cards matched","damage_taken":0,"max_hp_gain":0,"max_hp_loss":0,"event_name":"Match and Keep!","floor":12,"gold_loss":0,"cards_obtained":[]}],"is_beta":true,"boss_relics":[],"items_purged_floors":[],"is_endless":false,"potions_floor_spawned":[4,5,7,10,11],"killed_by":"Slime Boss","ascension_level":20}}