{"host":"dntw6kil9p09eemm","time":1608069056,"event":{"mods":["Aspiration","BaseMod","Become a monster €›?Œ÷","Colored Powertips","Downfall","Hermit","Hubris","Keyboard Shortcuts","Minty Spire (QoL Compilation)","Shop Mod","StSLib","The Runesmith","Waifu the Spire"],"gold_per_floor":[99,118,293,311,323,323,348,360,360,435,460,474,308,321,336,336,439,439,451,304,314,333,333,333,333],"floor_reached":24,"playtime":1242,"items_purged":["Doubt","Strike_R"],"score":235,"play_id":"7fdfca72-f1fc-49ba-b1b6-6793cc10142e","local_time":"20201216065056","is_ascension_mode":false,"campfire_choices":[{"data":"Anger","floor":9,"key":"SMITH"},{"floor":16,"key":"REST"}],"circlet_count":0,"master_deck":["Strike_R","Strike_R","Defend_R","Defend_R","Defend_R","Bash","Seeing Red","Iron Wave","Glass Knife","Bouncing Flask","Dagger Throw","Combust","Anger+1","hubris:CleavingFinish","Reckless Charge","Cleave","Shrug It Off","Exhume","hubris:ReadiedAction","Sword Boomerang","Iron Wave","Demon Form"],"relics":["Burning Blood","CaptainsWheel","Gambling Chip","Potion Belt","MerchantsRug","Sozu"],"acts_visited":["Exordium","TheCity"],"potions_floor_usage":[7],"damage_taken":[{"damage":0,"enemies":"3 Shapes","floor":2,"turns":1},{"damage":15,"enemies":"Jaw Worm","floor":4,"turns":5},{"damage":1,"enemies":"Cultist","floor":5,"turns":4},{"damage":18,"enemies":"Lagavulin","floor":7,"turns":4},{"damage":13,"enemies":"Large Slime","floor":8,"turns":3},{"damage":21,"enemies":"3 Sentries","floor":11,"turns":5},{"damage":9,"enemies":"2 Fungi Beasts","floor":12,"turns":3},{"damage":5,"enemies":"Looter","floor":14,"turns":2},{"damage":0,"enemies":"Large Slime","floor":15,"turns":4},{"damage":49,"enemies":"Hexaghost","floor":17,"turns":9},{"damage":17,"enemies":"2 Thieves","floor":19,"turns":4},{"damage":0,"enemies":"Spheric Guardian","floor":21,"turns":3},{"damage":9,"enemies":"Cultist and Chosen","floor":22,"turns":6},{"damage":65,"enemies":"Slavers","floor":24,"turns":5}],"seed_played":"-8884511797422259549","potions_obtained":[{"floor":2,"key":"DuplicationPotion"},{"floor":4,"key":"Strength Potion"},{"floor":7,"key":"FearPotion"},{"floor":11,"key":"FearPotion"}],"is_trial":false,"path_per_floor":["M","M","?","M","M","?","E","M","R","T","E","M","$","M","M","R","B",null,"M","$","M","M","?","E"],"character_chosen":"IRONCLAD","items_purchased":["MerchantsRug","Sword Boomerang"],"campfire_rested":1,"item_purchase_floors":[13,20],"current_hp_per_floor":[72,72,72,63,68,68,56,49,49,49,34,31,31,32,38,59,16,72,61,61,67,64,64,0,0],"gold":333,"neow_bonus":"ONE_RARE_RELIC","is_daily":false,"chose_seed":false,"campfire_upgraded":1,"win_rate":0.0,"timestamp":1608069056,"path_taken":["M","?","M","M","?","E","M","R","T","E","M","$","M","M","R","BOSS","M","$","M","M","?","E"],"items_purchased_type":["Relic","Card"],"build_version":"2020-12-13","purchased_purges":2,"victory":false,"max_hp_per_floor":[72,72,72,72,72,72,72,72,72,72,72,72,72,72,72,72,72,72,72,72,72,72,72,72,72],"card_choices":[{"not_picked":["Armaments","Inflame"],"picked":"Seeing Red","floor":2},{"not_picked":["Pommel Strike","Sever Soul","Havoc"],"picked":"SKIP","floor":4},{"not_picked":["Clash","Disarm"],"picked":"Iron Wave","floor":5},{"not_picked":["Body Slam","Warcry"],"picked":"Combust","floor":7},{"not_picked":["Iron Wave","Ghostly Armor"],"picked":"Anger","floor":8},{"not_picked":["Armaments","Shockwave"],"picked":"hubris:CleavingFinish","floor":11},{"not_picked":["Dual Wield","Burning Pact"],"picked":"Reckless Charge","floor":12},{"not_picked":["Feel No Pain","Searing Blow"],"picked":"Cleave","floor":14},{"not_picked":["Metallicize","Heavy Blade"],"picked":"Shrug It Off","floor":15},{"not_picked":["Corruption","Limit Break"],"picked":"Exhume","floor":17},{"not_picked":["Anger","Body Slam+1"],"picked":"hubris:ReadiedAction","floor":19},{"not_picked":["Pommel Strike","Fire Breathing"],"picked":"Iron Wave","floor":21},{"not_picked":["Armaments","Bloodletting"],"picked":"Demon Form","floor":22}],"player_experience":362588,"relics_obtained":[{"floor":7,"key":"Gambling Chip"},{"floor":10,"key":"Sundial"},{"floor":11,"key":"Potion Belt"}],"event_choices":[{"damage_healed":0,"gold_gain":175,"player_choice":"AGREE","damage_taken":0,"max_hp_gain":0,"max_hp_loss":0,"event_name":"Liars Game","floor":3,"gold_loss":0,"cards_obtained":["Doubt"]},{"damage_healed":0,"gold_gain":0,"player_choice":"Ignored","damage_taken":0,"max_hp_gain":0,"max_hp_loss":0,"event_name":"NoteForYourself","floor":23,"gold_loss":0}],"is_beta":false,"boss_relics":[{"not_picked":["Fusion Hammer","Calling Bell"],"picked":"Sozu"}],"items_purged_floors":[13,20],"is_endless":false,"potions_floor_spawned":[2,4,7,11,19],"killed_by":"Slavers","ascension_level":0}}