{"host":"6bsan6hkua32tfq7","time":1608046757,"event":{"mods":["BaseMod","Better Third Choice","Colored Map","Highlight Path","Minty Spire (QoL Compilation)","StSLib"],"gold_per_floor":[112,130,110,120,133,133,145,145,145,145,156,188,202,227,227,306,306,306,321,44,44,44,44,62,62,62,77,109,109,123,142,142,220,220,237,237,237,249,297,297,297],"floor_reached":40,"playtime":6357,"items_purged":["Defend_G"],"score":840,"play_id":"09d2a9d4-0647-4a43-90a9-77768db518a8","local_time":"20201215163917","is_ascension_mode":true,"campfire_choices":[{"data":"Terror","floor":6,"key":"SMITH"},{"floor":10,"key":"REST"},{"data":"Neutralize","floor":15,"key":"SMITH"},{"floor":23,"key":"REST"},{"floor":29,"key":"REST"},{"floor":32,"key":"REST"}],"circlet_count":0,"master_deck":["AscendersBane","Strike_G","Strike_G","Strike_G","Strike_G","Strike_G","Defend_G","Survivor","Neutralize+1","Deflect","Deadly Poison","Infinite Blades","Terror+1","Deflect","Underhanded Strike","Prepared","PiercingWail","Crippling Poison","Phantasmal Killer","Reflex+1","PiercingWail","Infinite Blades","Blade Dance","Leg Sweep+1","Blade Dance","Phantasmal Killer","Finisher+1","PiercingWail","Noxious Fumes+1"],"relics":["Ring of the Snake","NeowsBlessing","Shuriken","Orichalcum","TungstenRod","Philosopher\u0027s Stone","DollysMirror","Ornamental Fan","Pen Nib","Runic Pyramid","Prayer Wheel"],"acts_visited":["Exordium","TheCity","TheBeyond"],"potions_floor_usage":[12,14,18,27,28,31,38,40],"damage_taken":[{"damage":0,"enemies":"Small Slimes","floor":1,"turns":1},{"damage":0,"enemies":"Cultist","floor":2,"turns":1},{"damage":0,"enemies":"Jaw Worm","floor":4,"turns":1},{"damage":4,"enemies":"3 Louse","floor":5,"turns":6},{"damage":8,"enemies":"Large Slime","floor":7,"turns":6},{"damage":1,"enemies":"2 Fungi Beasts","floor":11,"turns":3},{"damage":11,"enemies":"Gremlin Nob","floor":12,"turns":3},{"damage":16,"enemies":"Red Slaver","floor":13,"turns":4},{"damage":5,"enemies":"3 Sentries","floor":14,"turns":6},{"damage":10,"enemies":"Hexaghost","floor":16,"turns":9},{"damage":0,"enemies":"2 Thieves","floor":18,"turns":1},{"damage":13,"enemies":"Shell Parasite","floor":19,"turns":4},{"damage":7,"enemies":"Snake Plant","floor":24,"turns":5},{"damage":31,"enemies":"Snecko","floor":27,"turns":5},{"damage":30,"enemies":"Slavers","floor":28,"turns":5},{"damage":7,"enemies":"Sentry and Sphere","floor":30,"turns":4},{"damage":8,"enemies":"Snake Plant","floor":31,"turns":4},{"damage":15,"enemies":"Champ","floor":33,"turns":7},{"damage":1,"enemies":"3 Shapes","floor":35,"turns":8},{"damage":2,"enemies":"3 Darklings","floor":38,"turns":5},{"damage":20,"enemies":"2 Orb Walkers","floor":39,"turns":4},{"damage":39,"enemies":"Reptomancer","floor":40,"turns":6}],"seed_played":"6153302922804905997","potions_obtained":[{"floor":1,"key":"FearPotion"},{"floor":2,"key":"SneckoOil"},{"floor":3,"key":"ColorlessPotion"},{"floor":7,"key":"SteroidPotion"},{"floor":13,"key":"SmokeBomb"},{"floor":16,"key":"AttackPotion"},{"floor":19,"key":"DuplicationPotion"},{"floor":28,"key":"SteroidPotion"},{"floor":30,"key":"Block Potion"},{"floor":35,"key":"Energy Potion"}],"is_trial":false,"path_per_floor":["M","M","?","M","M","R","M","?","T","R","M","E","M","E","R","B",null,"M","M","$","?","$","R","M","?","T","M","E","R","M","M","R","B",null,"M","?","?","M","?","E"],"character_chosen":"THE_SILENT","items_purchased":["DollysMirror","Infinite Blades"],"campfire_rested":4,"item_purchase_floors":[20,20],"current_hp_per_floor":[59,59,59,59,55,55,47,47,47,66,65,54,38,33,33,23,55,55,42,42,42,42,61,54,66,66,35,5,24,17,9,28,13,53,52,52,52,50,30,0,0],"gold":297,"neow_bonus":"THREE_ENEMY_KILL","is_daily":false,"chose_seed":false,"campfire_upgraded":2,"win_rate":0.0,"timestamp":1608046757,"path_taken":["M","M","?","M","M","R","?","?","T","R","M","E","M","E","R","BOSS","M","?","?","?","$","R","M","?","T","M","E","R","M","M","R","BOSS","M","?","?","?","?","E"],"items_purchased_type":["Relic","Card"],"build_version":"2020-12-13","purchased_purges":1,"victory":false,"max_hp_per_floor":[66,66,66,66,66,66,66,66,66,66,66,66,66,66,66,66,66,66,66,66,66,66,66,66,66,66,66,66,66,66,66,66,66,66,66,66,66,66,66,66,66],"card_choices":[{"not_picked":["Distraction","PiercingWail"],"picked":"Deflect","floor":1},{"not_picked":["Deflect","Sucker Punch"],"picked":"Deadly Poison","floor":2},{"not_picked":["Underhanded Strike","Slice"],"picked":"Infinite Blades","floor":4},{"not_picked":["Outmaneuver","Skewer"],"picked":"Terror","floor":5},{"not_picked":["Quick Slash","Outmaneuver"],"picked":"Deflect","floor":7},{"not_picked":["Setup","Flechettes"],"picked":"Slice","floor":11},{"not_picked":["A Thousand Cuts","Caltrops"],"picked":"Prepared","floor":12},{"not_picked":["Dodge and Roll","Bouncing Flask"],"picked":"PiercingWail","floor":13},{"not_picked":["Catalyst","Bane"],"picked":"Crippling Poison","floor":14},{"not_picked":["Bullet Time","Night Terror"],"picked":"Phantasmal Killer","floor":16},{"not_picked":["Dodge and Roll","Sucker Punch"],"picked":"Reflex+1","floor":19},{"not_picked":["Flying Knee","Cloak And Dagger","Dagger Spray"],"picked":"SKIP","floor":24},{"not_picked":["Heel Hook","Dodge and Roll"],"picked":"Blade Dance","floor":27},{"not_picked":["Backflip","Masterful Stab"],"picked":"Leg Sweep+1","floor":28},{"not_picked":["Riddle With Holes","Slice"],"picked":"Blade Dance","floor":30},{"not_picked":["Dash","Dagger Spray","Deadly Poison"],"picked":"SKIP","floor":31},{"not_picked":["Venomology","Grand Finale"],"picked":"Phantasmal Killer","floor":33},{"not_picked":["Bane","Finisher+1","Dagger Throw+1"],"picked":"SKIP","floor":35},{"not_picked":["Bane","Dagger Throw+1"],"picked":"Finisher+1","floor":35},{"not_picked":["Catalyst","Calculated Gamble"],"picked":"PiercingWail","floor":38},{"not_picked":["Tactician","Quick Slash+1"],"picked":"Noxious Fumes+1","floor":39}],"player_experience":5165152,"relics_obtained":[{"floor":9,"key":"Shuriken"},{"floor":12,"key":"Orichalcum"},{"floor":14,"key":"TungstenRod"},{"floor":26,"key":"Ornamental Fan"},{"floor":28,"key":"Pen Nib"},{"floor":39,"key":"Prayer Wheel"}],"event_choices":[{"damage_healed":0,"gold_gain":0,"player_choice":"Bought 1 Potion","damage_taken":0,"max_hp_gain":0,"max_hp_loss":0,"event_name":"The Woman in Blue","floor":3,"gold_loss":0},{"damage_healed":0,"gold_gain":0,"cards_transformed":["Defend_G"],"player_choice":"Transformed","damage_taken":0,"max_hp_gain":0,"max_hp_loss":0,"event_name":"Transmorgrifier","floor":8,"gold_loss":0,"cards_obtained":["Underhanded Strike"]},{"cards_removed":["Defend_G"],"damage_healed":0,"gold_gain":0,"player_choice":"Elegance","damage_taken":0,"max_hp_gain":0,"max_hp_loss":0,"event_name":"betterThird:BetterWriting","floor":21,"gold_loss":0},{"damage_healed":13,"gold_gain":0,"player_choice":"Heal","damage_taken":0,"max_hp_gain":0,"max_hp_loss":0,"event_name":"The Library","floor":25,"gold_loss":0},{"cards_removed":["Slice"],"damage_healed":0,"gold_gain":0,"player_choice":"Removed Attack","damage_taken":0,"max_hp_gain":0,"max_hp_loss":0,"event_name":"Falling","floor":36,"gold_loss":0},{"cards_removed":["Defend_G"],"damage_healed":0,"gold_gain":0,"player_choice":"Card Removal","damage_taken":0,"max_hp_gain":0,"max_hp_loss":0,"event_name":"Wheel of Change","floor":37,"gold_loss":0},{"damage_healed":0,"gold_gain":0,"player_choice":"Fight","damage_taken":0,"max_hp_gain":0,"max_hp_loss":0,"event_name":"Mysterious Sphere","floor":39,"gold_loss":0}],"is_beta":false,"boss_relics":[{"not_picked":["Ectoplasm","Empty Cage"],"picked":"Philosopher\u0027s Stone"},{"not_picked":["SacredBark","Velvet Choker"],"picked":"Runic Pyramid"}],"items_purged_floors":[20],"is_endless":false,"potions_floor_spawned":[1,2,7,13,16,19,24,28,30,35],"killed_by":"Reptomancer","ascension_level":20}}