{"host":"ifd7sfhtlbe34qll","time":1608066956,"event":{"mods":["2.2 Compatiblity","BaseMod","Block Reminder","Colored Map","Downfall","Highlight Path","Minty Spire (QoL Compilation)","Potion Indicator Mod","Quick Restart","Random Character Button","Relic Stats","StSLib"],"gold_per_floor":[99,119,139,155,166,195,219,253,82,82,102,102,122,137,149,244,244,244,278,288,288,322,322,347,378,392,392,411,429,138,138,154,249,249,174,206,216,201,234,252,252,252,284,284,284,294,344,359,374,374],"floor_reached":51,"playtime":4025,"items_purged":["Guardian:Strike_Guardian","Guardian:PrimingBeam"],"score":1179,"play_id":"40d7fd58-f1fa-4d6c-92d1-eaec0b3fced2","local_time":"20201215151556","is_ascension_mode":true,"campfire_choices":[{"data":"Guardian:TwinSlam","floor":1.0,"key":"SMITH"},{"data":"Guardian:EvasiveProtocol","floor":10.0,"key":"SMITH"},{"data":"Guardian:GemFinder","floor":18.0,"key":"SMITH"},{"data":"Guardian:BaubleBeam","floor":21.0,"key":"SMITH"},{"floor":23.0,"key":"REST"},{"floor":27.0,"key":"REST"},{"data":"Guardian:BaubleBeam","floor":35.0,"key":"SMITH"},{"data":"Guardian:FuturePlans","floor":42,"key":"SMITH"},{"floor":44,"key":"REST"}],"circlet_count":0,"master_deck":["Guardian:CurlUp","Guardian:TwinSlam+1","Guardian:Reroute","Guardian:TimeBomb","Guardian:PiercingHide","Guardian:Incinerate","Guardian:BronzeArmor","Guardian:DecasProtection","Guardian:BaubleBeam","Guardian:EvasiveProtocol+1","Guardian:ChargeCore","Guardian:Orbwalk","Guardian:FastForward","Guardian:BaubleBeam+1","Guardian:GemFinder+1","Guardian:BaubleBeam+1","Guardian:Harden","Guardian:PrimingBeam","Guardian:Harden","Guardian:TemporalShield+1","Guardian:SpikerProtocol","Guardian:Suspension+1","Guardian:TimeCapacitor","Guardian:ExploitGems+1","Guardian:FuturePlans+1","Guardian:ShieldSpikes+1","Guardian:EvasiveProtocol+1","Guardian:WalkerClaw+1","Guardian:Recover+1","Guardian:Clone+1","Guardian:BronzeArmor+1","Guardian:Harden+1","Guardian:TemporalStrike+1","Guardian:Gem_Red","Guardian:Gem_Red"],"relics":["Guardian:ModeShifter","Pocketwatch","Guardian:DefensiveModeMoreBlock","MealTicket","Bag of Marbles","Pandora\u0027s Box","Bag of Preparation","Toxic Egg 2","Omamori","Juzu Bracelet","Membership Card","Philosopher\u0027s Stone","downfall:HeartBlessingBlue","sneckomod:BlankCard","Letter Opener","Question Card","Dream Catcher","Guardian:StasisEgg","Mango"],"acts_visited":["Exordium","TheCity","TheBeyond"],"potions_floor_usage":[40,43,49,50],"damage_taken":[{"damage":0.0,"enemies":"Cultist","floor":2.0,"turns":3.0},{"damage":1.0,"enemies":"Jaw Worm","floor":3.0,"turns":3.0},{"damage":3.0,"enemies":"2 Louse","floor":4.0,"turns":3.0},{"damage":5.0,"enemies":"Blue Slaver","floor":5.0,"turns":3.0},{"damage":10.0,"enemies":"3 Sentries","floor":6.0,"turns":4.0},{"damage":11.0,"enemies":"Gremlin Nob","floor":8.0,"turns":4.0},{"damage":0.0,"enemies":"downfall:FleeingMerchant","floor":9.0,"turns":4.0},{"damage":6.0,"enemies":"3 Louse","floor":11.0,"turns":3.0},{"damage":0.0,"enemies":"Exordium Wildlife","floor":13.0,"turns":3.0},{"damage":0.0,"enemies":"2 Fungi Beasts","floor":14.0,"turns":3.0},{"damage":0.0,"enemies":"Large Slime","floor":15.0,"turns":5.0},{"damage":17.0,"enemies":"downfall:Ironclad","floor":16.0,"turns":9.0},{"damage":23.0,"enemies":"Slavers","floor":19.0,"turns":5.0},{"damage":1.0,"enemies":"Shell Parasite","floor":20.0,"turns":5.0},{"damage":33.0,"enemies":"Book of Stabbing","floor":22.0,"turns":6.0},{"damage":20.0,"enemies":"Slavers","floor":25.0,"turns":6.0},{"damage":0.0,"enemies":"3 Cultists","floor":26.0,"turns":5.0},{"damage":7.0,"enemies":"Snecko","floor":28.0,"turns":4.0},{"damage":0.0,"enemies":"Chosen and Byrds","floor":29.0,"turns":8.0},{"damage":0.0,"enemies":"downfall:FleeingMerchant","floor":30.0,"turns":4.0},{"damage":4.0,"enemies":"3 Cultists","floor":32.0,"turns":6.0},{"damage":2.0,"enemies":"downfall:Silent","floor":33.0,"turns":6.0},{"damage":0.0,"enemies":"Reptomancer","floor":36.0,"turns":7.0},{"damage":4.0,"enemies":"3 Shapes","floor":37.0,"turns":4.0},{"damage":0.0,"enemies":"downfall:FleeingMerchant","floor":38.0,"turns":4.0},{"damage":10,"enemies":"Nemesis","floor":39,"turns":7},{"damage":0,"enemies":"3 Darklings","floor":40,"turns":5},{"damage":21,"enemies":"Reptomancer","floor":43,"turns":7},{"damage":1,"enemies":"Spire Growth","floor":46,"turns":6},{"damage":0,"enemies":"Mind Bloom Boss Battle","floor":47,"turns":7},{"damage":15,"enemies":"Sphere and 2 Shapes","floor":48,"turns":4},{"damage":3,"enemies":"3 Darklings","floor":49,"turns":7},{"damage":0,"enemies":"downfall:Watcher","floor":50,"turns":8}],"seed_played":"-3850655836840239151","potions_obtained":[{"floor":2.0,"key":"Fire Potion"},{"floor":4.0,"key":"Swift Potion"},{"floor":5.0,"key":"Ancient Potion"},{"floor":13.0,"key":"Strength Potion"},{"floor":25.0,"key":"Swift Potion"},{"floor":26.0,"key":"DistilledChaos"},{"floor":28.0,"key":"PowerPotion"},{"floor":36.0,"key":"hexamod:EctoCoolerPotion"},{"floor":43,"key":"Weak Potion"},{"floor":46,"key":"Explosive Potion"},{"floor":47,"key":"SkillPotion"}],"is_trial":false,"path_per_floor":["R","M","M","M","M","E","T","E","$","R","M","?","M","M","M","B",null,"R","E","M","R","E","R","T","E","M","R","M","M","$","T","M","B",null,"R","E","M","$","E","M","T","R","E","R","?","M","?","M","M","B",null],"character_chosen":"GUARDIAN","items_purchased":["Guardian:EvasiveProtocol","Membership Card","Guardian:ExploitGems+1"],"campfire_rested":3,"item_purchase_floors":[9,30,30],"current_hp_per_floor":[72,72,71,68,63,53,53,42,57,57,51,51,51,51,51,34,63,63,40,39,39,6,27,27,7,7,28,21,21,36,36,32,30,62,72,72,68,82,72,72,72,72,51,75,75,74,88,73,70,70],"gold":374,"neow_bonus":"ONE_RARE_RELIC","is_daily":false,"chose_seed":false,"campfire_upgraded":6,"win_rate":0.0,"timestamp":1608066956,"path_taken":["R","M","?","M","M","E","T","E","$","R","M","?","M","M","M","BOSS","R","E","M","R","E","R","T","E","M","R","M","M","$","?","M","BOSS","R","E","M","$","E","M","T","R","E","R","?","M","?","M","M","BOSS"],"items_purchased_type":["Card","Relic","Card"],"build_version":"2020-12-13","purchased_purges":2,"victory":true,"max_hp_per_floor":[72,72,72,72,72,72,72,72,72,72,72,72,72,72,72,72,72,72,72,72,72,72,72,72,72,72,72,72,72,72,72,72,72,72,82,82,82,82,82,82,82,82,82,82,82,82,96,96,96,96],"relic_stats":{"Dream Catcher":1,"counters":[33,166],"MealTicket":44,"Pandora\u0027s Box":["Guardian:BaubleBeam","Guardian:GemFinder","Guardian:BaubleBeam","Guardian:Harden","Guardian:PrimingBeam","Guardian:PrimingBeam","Guardian:Harden"],"Bag of Preparation":[40],"Juzu Bracelet":0,"Letter Opener":[152],"Question Card":11,"obtain_stats":[{"Guardian:DefensiveModeMoreBlock":6,"Guardian:StasisEgg":45,"sneckomod:BlankCard":36,"Guardian:ModeShifter":0,"Mango":47,"Bag of Preparation":19,"Omamori":24,"Juzu Bracelet":25,"Letter Opener":39,"Question Card":41,"Dream Catcher":43,"downfall:HeartBlessingBlue":35,"MealTicket":7,"Pandora\u0027s Box":17,"Philosopher\u0027s Stone":34,"Bag of Marbles":8,"Membership Card":30,"Toxic Egg 2":22,"Pocketwatch":0},{"Guardian:DefensiveModeMoreBlock":5,"Guardian:StasisEgg":28,"sneckomod:BlankCard":23,"Guardian:ModeShifter":0,"Mango":30,"Bag of Preparation":13,"Omamori":15,"Juzu Bracelet":16,"Letter Opener":26,"Question Card":27,"Dream Catcher":28,"downfall:HeartBlessingBlue":22,"MealTicket":5,"Pandora\u0027s Box":12,"Philosopher\u0027s Stone":22,"Bag of Marbles":6,"Membership Card":20,"Toxic Egg 2":15,"Pocketwatch":0},{"Guardian:DefensiveModeMoreBlock":16,"Guardian:StasisEgg":134,"sneckomod:BlankCard":107,"Guardian:ModeShifter":0,"Mango":147,"Bag of Preparation":51,"Omamori":62,"Juzu Bracelet":68,"Letter Opener":122,"Question Card":127,"Dream Catcher":134,"downfall:HeartBlessingBlue":100,"MealTicket":16,"Pandora\u0027s Box":46,"Philosopher\u0027s Stone":100,"Bag of Marbles":20,"Membership Card":88,"Toxic Egg 2":62,"Pocketwatch":0}],"Pocketwatch":[155]},"card_choices":[{"not_picked":["Guardian:Clone","Guardian:Gem_Cyan"],"picked":"Guardian:Reroute","floor":2.0},{"not_picked":["Guardian:ChargeCore","Guardian:Clone"],"picked":"Guardian:TimeBomb","floor":3.0},{"not_picked":["Guardian:Gem_Red","Guardian:Planning"],"picked":"Guardian:PiercingHide","floor":4.0},{"not_picked":["Guardian:Gem_Lightblue","Guardian:VentSteam"],"picked":"Guardian:Incinerate","floor":5.0},{"not_picked":["Guardian:BronzeOrb","Guardian:Gem_Red"],"picked":"Guardian:BronzeArmor","floor":6.0},{"not_picked":["Guardian:PrismaticBarrier","Guardian:CrystalBeam"],"picked":"Guardian:DecasProtection","floor":8.0},{"not_picked":["Guardian:Suspension","Guardian:ShieldSpikes"],"picked":"Guardian:BaubleBeam","floor":9.0},{"not_picked":["Guardian:Recover","Guardian:FloatingOrbs"],"picked":"Guardian:ChargeCore","floor":11.0},{"not_picked":["Guardian:Recover","Guardian:Suspension"],"picked":"Guardian:Gem_Lightblue","floor":13.0},{"not_picked":["Guardian:TemporalShield","Guardian:ChargeCore"],"picked":"Guardian:Orbwalk","floor":14.0},{"not_picked":["Guardian:VentSteam","Guardian:Suspension"],"picked":"Guardian:Gem_Lightblue","floor":15.0},{"not_picked":["Guardian:GemFire","Guardian:RevengeProtocol"],"picked":"Guardian:FastForward","floor":16.0},{"not_picked":["Guardian:Gem_Red","Guardian:Gem_Lightblue"],"picked":"Guardian:Gem_Green","floor":19.0},{"not_picked":["Guardian:Planning","Guardian:TemporalShield"],"picked":"Guardian:Gem_Purple","floor":19.0},{"not_picked":["Guardian:Gem_Green","Guardian:Gem_Red"],"picked":"Guardian:Gem_Cyan","floor":20.0},{"not_picked":["Guardian:Suspension","Guardian:ShieldCharger+1","Guardian:Planning"],"picked":"SKIP","floor":20.0},{"not_picked":["Guardian:Gem_Lightblue","Guardian:Gem_Cyan"],"picked":"Guardian:Gem_Green","floor":22.0},{"not_picked":["Guardian:SentryBeam","Guardian:CrystalBeam"],"picked":"Guardian:TemporalShield+1","floor":22.0},{"not_picked":["Guardian:Gem_Lightblue","Guardian:Gem_Green"],"picked":"Guardian:Gem_Red","floor":25.0},{"not_picked":["Guardian:PrimingBeam","Guardian:ShieldCharger+1"],"picked":"Guardian:SpikerProtocol","floor":25.0},{"not_picked":["Guardian:ShieldCharger+1","Guardian:Harden+1","Guardian:CrystalBeam"],"picked":"SKIP","floor":26.0},{"not_picked":["Guardian:ChargeCore","Guardian:Gem_Cyan"],"picked":"Guardian:Suspension+1","floor":28.0},{"not_picked":["Guardian:Suspension+1","Guardian:EvasiveProtocol"],"picked":"Guardian:Gem_Fragmented","floor":29.0},{"not_picked":["Guardian:VentSteam+1","Guardian:SentryBeam+1"],"picked":"Guardian:TimeCapacitor","floor":30.0},{"not_picked":["Guardian:Gem_Green","Guardian:Gem_Red"],"picked":"Guardian:Gem_Lightblue","floor":32.0},{"not_picked":["Guardian:ChargeCore","Guardian:PrimingBeam","Guardian:PiercingHide+1"],"picked":"SKIP","floor":32.0},{"not_picked":["Guardian:GemFinder","Guardian:CompilePackage+1"],"picked":"Guardian:Gem_Synthetic","floor":33.0},{"not_picked":["Guardian:Gem_Lightblue","Guardian:Gem_Cyan"],"picked":"Guardian:Gem_Green","floor":33.0},{"not_picked":["Guardian:WalkerClaw+1","Guardian:Gem_Green","Guardian:ShieldCharger+1"],"picked":"SKIP","floor":36.0},{"not_picked":["Guardian:VentSteam+1","Guardian:Gem_Red"],"picked":"Guardian:FuturePlans","floor":37.0},{"not_picked":["Guardian:PiercingHide+1","Guardian:RefractedBeam"],"picked":"Guardian:ShieldSpikes+1","floor":38},{"not_picked":["Guardian:Gem_Green","Guardian:Gem_Lightblue"],"picked":"Guardian:EvasiveProtocol+1","floor":39},{"not_picked":["Guardian:Gem_Red","Guardian:Gem_Green"],"picked":"Guardian:WalkerClaw+1","floor":40},{"not_picked":["Guardian:Gem_Red","Guardian:Gem_Lightblue"],"picked":"Guardian:Gem_Green","floor":43},{"not_picked":["Guardian:Suspension+1","Guardian:FuturePlans+1","Guardian:WalkerClaw+1"],"picked":"Guardian:Recover+1","floor":43},{"not_picked":["Guardian:Gem_Red","Guardian:Gem_Lightblue","Guardian:RollAttack+1"],"picked":"Guardian:Clone+1","floor":44},{"not_picked":["Guardian:PrimingBeam","Guardian:Gem_Red","Guardian:WalkerClaw+1"],"picked":"Guardian:BronzeArmor+1","floor":46},{"not_picked":["Guardian:PiercingHide+1","Guardian:Suspension+1","Guardian:PrismaticBarrier+1"],"picked":"Guardian:Harden+1","floor":48},{"not_picked":["Guardian:Suspension+1","Guardian:FuturePlans","Guardian:Gem_Blue"],"picked":"Guardian:TemporalStrike+1","floor":49},{"not_picked":["Guardian:Gem_Cyan","Guardian:Gem_Lightblue"],"picked":"Guardian:Gem_Red","floor":49},{"not_picked":["Guardian:Gem_Cyan","Guardian:Gem_Green"],"picked":"Guardian:Gem_Red","floor":49}],"player_experience":1553873,"relics_obtained":[{"floor":6.0,"key":"Guardian:DefensiveModeMoreBlock"},{"floor":7.0,"key":"MealTicket"},{"floor":8.0,"key":"Bag of Marbles"},{"floor":19.0,"key":"Bag of Preparation"},{"floor":22.0,"key":"Toxic Egg 2"},{"floor":24.0,"key":"Omamori"},{"floor":25.0,"key":"Juzu Bracelet"},{"floor":36.0,"key":"sneckomod:BlankCard"},{"floor":39,"key":"Letter Opener"},{"floor":41,"key":"Question Card"},{"floor":43,"key":"Dream Catcher"},{"floor":47,"key":"Mango"}],"event_choices":[],"is_beta":false,"boss_relics":[{"not_picked":["Tiny House","SacredBark"],"picked":"Pandora\u0027s Box"},{"not_picked":["Runic Pyramid","Coffee Dripper"],"picked":"Philosopher\u0027s Stone"}],"items_purged_floors":[9,30],"is_endless":false,"potions_floor_spawned":[2,4,5,13,15,19,25,26,28,29,36,43,46,47],"ascension_level":7}}