{"host":"jhryr5u2vj4vukky","time":1608072479,"event":{"mods":["Aspiration","BaseMod","CCEM","Colored Powertips","Conspire","Downfall","GifTheSpireLib","Halation","Highlight Path","Hubris","Minty Spire (QoL Compilation)","Quick Restart","RatMod","Relic Sorter","Replay The Spire","Spikes Relics","StSLib","Stuff the Spire","The Blue Laboratory","Trackpad","vexMod"],"gold_per_floor":[99,116,131,40,57,57,82,96,21,50,64,64,49,68,87,87,87],"floor_reached":16,"playtime":909,"items_purged":[],"score":104,"play_id":"39bb997a-fbae-49e4-a18c-1c7423ccb208","local_time":"20201215224759","is_ascension_mode":false,"campfire_choices":[{"data":"hexamod:Float","floor":1,"key":"SMITH"},{"floor":9,"key":"RECALL"}],"circlet_count":0,"master_deck":["hexamod:Strike","hexamod:Strike+1","hexamod:Strike+1","hexamod:Strike+1","hexamod:Defend","hexamod:Defend+1","hexamod:Defend","hexamod:Sear+1","hexamod:Float+1","hexamod:SixthSeal","hexamod:BurningTouch+1","hexamod:RainOfEmbers+1","hexamod:FlamesFromBeyond+1","hexamod:UnleashSpirits+1","hexamod:ThermalTransfer","hexamod:GhostOfSpirePresent"],"relics":["hexamod:SpiritBrand","downfall:HeartBlessingBlue","Happy Flower"],"acts_visited":["Exordium"],"potions_floor_usage":[10,10,11,16,16],"damage_taken":[{"damage":0,"enemies":"Cultist","floor":2,"turns":4},{"damage":2,"enemies":"conspire:RoseBush","floor":3,"turns":4},{"damage":4,"enemies":"downfall:FleeingMerchant","floor":4,"turns":4},{"damage":6,"enemies":"2 Louse","floor":5,"turns":2},{"damage":25,"enemies":"2 Fungi Beasts","floor":8,"turns":4},{"damage":8,"enemies":"3 Sentries","floor":10,"turns":4},{"damage":4,"enemies":"Gremlin Gang","floor":11,"turns":5},{"damage":0,"enemies":"downfall:FleeingMerchant","floor":13,"turns":4},{"damage":16,"enemies":"3 Louse","floor":14,"turns":4},{"damage":10,"enemies":"Exordium Wildlife","floor":15,"turns":4},{"damage":13,"enemies":"downfall:Watcher","floor":16,"turns":4}],"seed_played":"3943628976035909446","potions_obtained":[{"floor":3,"key":"blueLaboratory:StoneskinPotion"},{"floor":8,"key":"blueLaboratory:NullPotion"},{"floor":10,"key":"SkillPotion"},{"floor":11,"key":"blueLaboratory:AbyssPotion"},{"floor":14,"key":"blueLaboratory:BottledHope"},{"floor":15,"key":"DuplicationPotion"}],"is_trial":false,"path_per_floor":["R","M","M","$","M","?","T","M","R","E","M","?","$","M","M","B"],"character_chosen":"THE_SPIRIT","items_purchased":["hexamod:FlamesFromBeyond"],"campfire_rested":0,"item_purchase_floors":[4],"current_hp_per_floor":[70,70,68,64,58,58,58,33,43,35,31,31,31,15,5,0,0],"gold":87,"neow_bonus":"ONE_RANDOM_RARE_CARD","is_daily":false,"chose_seed":false,"campfire_upgraded":1,"win_rate":0.0,"timestamp":1608072479,"path_taken":["R","M","M","$","M","?","T","M","R","E","?","?","$","?","M","BOSS"],"items_purchased_type":["Card"],"build_version":"2020-12-13","purchased_purges":0,"victory":false,"max_hp_per_floor":[70,70,70,70,70,70,70,70,80,80,80,80,80,80,80,80,80],"card_choices":[{"not_picked":["hexamod:GhostLash","hexamod:ChargedBarrage"],"picked":"hexamod:BurningTouch","floor":2},{"not_picked":["hexamod:ThermalTransfer","hexamod:BurningTouch"],"picked":"hexamod:RainOfEmbers","floor":3},{"not_picked":["hexamod:BacktrackSmack","hexamod:SwordOfDarkness","hexamod:GhostOfSpirePast"],"picked":"SKIP","floor":4},{"not_picked":["hexamod:ShieldOfDarkness","hexamod:GhostLash","hexamod:CatchUp"],"picked":"SKIP","floor":5},{"not_picked":["hexamod:SuperheatedStrike","hexamod:SpectersWail","hexamod:RainOfEmbers"],"picked":"SKIP","floor":8},{"not_picked":["hexamod:InspiringFlames","hexamod:GhostLash"],"picked":"hexamod:ThermalTransfer","floor":10},{"not_picked":["hexamod:StepThrough","hexamod:RainOfEmbers","hexamod:SwordOfDarkness"],"picked":"SKIP","floor":11},{"not_picked":["hexamod:InspiringFlames","hexamod:SpectralSpark","hexamod:PhantomFireball"],"picked":"SKIP","floor":13},{"not_picked":["hexamod:Hexaguard","hexamod:HauntingEcho"],"picked":"hexamod:GhostOfSpirePresent","floor":14},{"not_picked":["hexamod:GhostOfSpirePast","hexamod:CrushingStance","hexamod:NecessarySacrifice"],"picked":"SKIP","floor":15}],"player_experience":622613,"relics_obtained":[{"floor":10,"key":"Happy Flower"}],"event_choices":[{"damage_healed":0,"gold_gain":0,"cards_transformed":["hexamod:Defend"],"player_choice":"Transformed","damage_taken":0,"max_hp_gain":0,"max_hp_loss":0,"event_name":"Transmorgrifier","floor":6,"gold_loss":0,"cards_obtained":["hexamod:UnleashSpirits"]}],"is_beta":false,"boss_relics":[],"items_purged_floors":[],"is_endless":false,"potions_floor_spawned":[3,8,10,11,14,15],"killed_by":"downfall:Watcher","ascension_level":0}}