{"host":"h0xw20cia6ppa69g","time":1608021192,"event":{"mods":["AchievementEnabler","BaseMod","Colored Map","Filter the Spire","Googly Eyes","Minty Spire (QoL Compilation)","Relic Stats","StSLib","The Awakened One except there are too many feathers","everything is the same but u backflip on backflip"],"gold_per_floor":[112,123,133,133,149,177,177,209,278,296,310,340,3,28,28,123,123,138,151,151,165,21,54,54,70,95,95,127,226,141,168,168,265,265,275,275,287,287,303,337,337,367,412,461,461,461,461],"floor_reached":46,"playtime":2747,"items_purged":[],"score":625,"play_id":"e0fc1e95-6a88-4ac5-a6bc-e930e236933b","local_time":"20201215023312","is_ascension_mode":true,"campfire_choices":[{"data":"Finisher","floor":7.0,"key":"SMITH"},{"data":"Caltrops","floor":15.0,"key":"SMITH"},{"data":"Wraith Form v2","floor":24.0,"key":"SMITH"},{"floor":32.0,"key":"REST"},{"floor":41,"key":"RECALL"}],"circlet_count":0,"master_deck":["Survivor","Neutralize","Finisher+1","Infinite Blades","Crippling Poison","Leg Sweep","Malaise","Sucker Punch","PiercingWail","Well Laid Plans","Tactician","Backstab","Dagger Spray","Deflect","Infinite Blades","Panacea","Predator","Wraith Form v2+1","Choke","Caltrops+1","Acrobatics","Accuracy","Outmaneuver","Night Terror","Leg Sweep+1","Cloak And Dagger","Acrobatics+1","Grand Finale","Adrenaline","Deflect+1","Tactician","Burst","Acrobatics+1","Blur","Cloak And Dagger+1","Envenom","Blur+1","Footwork","Panache","Apotheosis","Finesse"],"relics":["Pandora\u0027s Box","Blue Candle","WingedGreaves","Shuriken","Art of War","Meat on the Bone","Du-Vu Doll","Sozu","Ancient Tea Set","The Courier","Happy Flower","Pantograph","Bronze Scales","Coffee Dripper","StrikeDummy","Eternal Feather","Regal Pillow","Calipers"],"acts_visited":["Exordium","TheCity","TheBeyond"],"potions_floor_usage":[46],"damage_taken":[{"damage":0.0,"enemies":"Jaw Worm","floor":1.0,"turns":4.0},{"damage":0.0,"enemies":"Cultist","floor":2.0,"turns":4.0},{"damage":0.0,"enemies":"2 Louse","floor":3.0,"turns":2.0},{"damage":0.0,"enemies":"2 Fungi Beasts","floor":5.0,"turns":3.0},{"damage":14.0,"enemies":"3 Sentries","floor":6.0,"turns":5.0},{"damage":6.0,"enemies":"Lagavulin","floor":8.0,"turns":7.0},{"damage":4.0,"enemies":"Large Slime","floor":10.0,"turns":5.0},{"damage":4.0,"enemies":"Lots of Slimes","floor":11.0,"turns":3.0},{"damage":17.0,"enemies":"3 Sentries","floor":12.0,"turns":5.0},{"damage":4.0,"enemies":"Lagavulin","floor":14.0,"turns":6.0},{"damage":25.0,"enemies":"The Guardian","floor":16.0,"turns":9.0},{"damage":18.0,"enemies":"2 Thieves","floor":18.0,"turns":4.0},{"damage":16.0,"enemies":"3 Byrds","floor":19.0,"turns":2.0},{"damage":0.0,"enemies":"Snecko","floor":21.0,"turns":5.0},{"damage":32.0,"enemies":"Gremlin Leader","floor":23.0,"turns":10.0},{"damage":5.0,"enemies":"Centurion and Healer","floor":25.0,"turns":5.0},{"damage":19.0,"enemies":"Slavers","floor":28.0,"turns":8.0},{"damage":16.0,"enemies":"Automaton","floor":33.0,"turns":10.0},{"damage":7.0,"enemies":"3 Shapes","floor":35.0,"turns":5.0},{"damage":13.0,"enemies":"Orb Walker","floor":37.0,"turns":4.0},{"damage":8,"enemies":"Writhing Mass","floor":39,"turns":7},{"damage":13,"enemies":"Nemesis","floor":40,"turns":7},{"damage":0,"enemies":"Giant Head","floor":42,"turns":6},{"damage":42,"enemies":"2 Orb Walkers","floor":44,"turns":7},{"damage":7,"enemies":"Sphere and 2 Shapes","floor":46,"turns":1}],"seed_played":"-5571295045212783880","potions_obtained":[{"floor":1.0,"key":"SpeedPotion"},{"floor":6.0,"key":"CultistPotion"},{"floor":10.0,"key":"SpeedPotion"},{"floor":11.0,"key":"Fire Potion"}],"is_trial":false,"path_per_floor":["M","M","M","?","M","E","R","E","T","M","M","E","$","E","R","B",null,"M","M","?","M","$","E","R","M","T","?","E","?","?","T","R","B",null,"M","?","M","?","M","E","R","E","T","?","?","M"],"character_chosen":"THE_SILENT","items_purchased":["Accuracy","Meat on the Bone","Grand Finale"],"campfire_rested":1,"item_purchase_floors":[13,13,22],"current_hp_per_floor":[70,70,70,70,70,56,56,50,50,46,42,25,25,33,33,20,70,52,36,36,36,36,16,16,23,23,23,16,16,16,16,37,46,70,63,80,67,67,59,46,46,46,46,16,6,0,0],"gold":461,"neow_bonus":"BOSS_RELIC","is_daily":false,"chose_seed":false,"campfire_upgraded":3,"win_rate":0.0,"timestamp":1608021192,"path_taken":["M","M","M","?","?","E","R","E","T","M","M","E","$","E","R","BOSS","M","M","?","M","$","E","R","M","T","?","E","?","?","?","R","BOSS","M","?","?","?","M","E","R","E","T","?","?","?"],"items_purchased_type":["Card","Relic","Card"],"build_version":"2020-12-13","purchased_purges":0,"victory":false,"max_hp_per_floor":[70,70,70,70,70,70,70,70,70,70,70,70,70,70,70,70,70,70,70,70,70,70,70,70,70,70,70,70,70,70,70,70,70,70,70,80,80,76,76,76,76,76,76,76,76,76,76],"relic_stats":{"Regal Pillow":0,"Happy Flower":[18],"counters":[25,134],"Blue Candle":[0],"Eternal Feather":0,"Sozu":4,"Shuriken":[48],"Pantograph":25,"Bronze Scales":[144],"Pandora\u0027s Box":["Finisher","Infinite Blades","Crippling Poison","Leg Sweep","Malaise","Sucker Punch","PiercingWail","Well Laid Plans","Tactician","Backstab"],"Art of War":[13],"obtain_stats":[{"Regal Pillow":43,"Calipers":44,"Happy Flower":26,"Blue Candle":6,"Eternal Feather":42,"The Courier":23,"Ancient Tea Set":20,"Du-Vu Doll":14,"Sozu":17,"Shuriken":9,"Pantograph":28,"Bronze Scales":30,"Pandora\u0027s Box":0,"WingedGreaves":8,"Art of War":12,"Coffee Dripper":34,"StrikeDummy":40,"Ring of the Snake":0,"Meat on the Bone":13},{"Regal Pillow":23,"Calipers":24,"Happy Flower":16,"Blue Candle":5,"Eternal Feather":23,"The Courier":15,"Ancient Tea Set":13,"Du-Vu Doll":10,"Sozu":11,"Shuriken":6,"Pantograph":17,"Bronze Scales":17,"Pandora\u0027s Box":0,"WingedGreaves":6,"Art of War":9,"Coffee Dripper":18,"StrikeDummy":22,"Ring of the Snake":0,"Meat on the Bone":9},{"Regal Pillow":126,"Calipers":133,"Happy Flower":79,"Blue Candle":18,"Eternal Feather":126,"The Courier":74,"Ancient Tea Set":59,"Du-Vu Doll":44,"Sozu":53,"Shuriken":25,"Pantograph":87,"Bronze Scales":87,"Pandora\u0027s Box":0,"WingedGreaves":25,"Art of War":38,"Coffee Dripper":97,"StrikeDummy":120,"Ring of the Snake":0,"Meat on the Bone":38}],"Meat on the Bone":72},"card_choices":[{"not_picked":["Calculated Gamble","Heel Hook"],"picked":"Dagger Spray","floor":1.0},{"not_picked":["Quick Slash","Deadly Poison"],"picked":"Deflect","floor":2.0},{"not_picked":["Underhanded Strike","Predator"],"picked":"Infinite Blades","floor":3.0},{"not_picked":["Poisoned Stab","Catalyst"],"picked":"Predator","floor":5.0},{"not_picked":["Slice","Bouncing Flask"],"picked":"Wraith Form v2","floor":6.0},{"not_picked":["Expertise","Quick Slash"],"picked":"Choke","floor":8.0},{"not_picked":["Backflip","Escape Plan"],"picked":"Caltrops","floor":10.0},{"not_picked":["Flechettes","Deadly Poison","Sucker Punch"],"picked":"SKIP","floor":11.0},{"not_picked":["Flechettes","Deadly Poison","Sucker Punch"],"picked":"SKIP","floor":11.0},{"not_picked":["Well Laid Plans","Dagger Spray"],"picked":"Acrobatics","floor":12.0},{"not_picked":["Caltrops","Acrobatics"],"picked":"Outmaneuver","floor":14.0},{"not_picked":["Adrenaline","Wraith Form v2"],"picked":"Night Terror","floor":16.0},{"not_picked":["Infinite Blades","Quick Slash+1"],"picked":"Leg Sweep+1","floor":18.0},{"not_picked":["Backflip","Bane"],"picked":"Cloak And Dagger","floor":19.0},{"not_picked":["Choke","PiercingWail"],"picked":"Acrobatics+1","floor":21.0},{"not_picked":["Poisoned Stab","Deadly Poison"],"picked":"Adrenaline","floor":23.0},{"not_picked":["Leg Sweep","Deadly Poison"],"picked":"Deflect+1","floor":25.0},{"not_picked":["Catalyst+1","Underhanded Strike"],"picked":"Burst","floor":28.0},{"not_picked":["Corpse Explosion","Malaise"],"picked":"Adrenaline","floor":33.0},{"not_picked":["Bane+1","Skewer"],"picked":"Acrobatics+1","floor":35.0},{"not_picked":["Eviscerate+1","Underhanded Strike+1"],"picked":"Blur","floor":37},{"not_picked":["Quick Slash+1","PiercingWail"],"picked":"Cloak And Dagger+1","floor":39},{"not_picked":["Deadly Poison+1","Dodge and Roll"],"picked":"Envenom","floor":40},{"not_picked":["Blade Dance","Dodge and Roll"],"picked":"Blur+1","floor":42},{"not_picked":["Blade Dance","Heel Hook"],"picked":"Footwork","floor":44},{"not_picked":["Finesse","Discovery"],"picked":"Panache","floor":45},{"not_picked":["Impatience","Purity"],"picked":"Apotheosis","floor":45},{"not_picked":["Violence","Swift Strike"],"picked":"Finesse","floor":45}],"player_experience":3509173,"relics_obtained":[{"floor":6.0,"key":"Blue Candle"},{"floor":8.0,"key":"WingedGreaves"},{"floor":9.0,"key":"Shuriken"},{"floor":12.0,"key":"Art of War"},{"floor":14.0,"key":"Du-Vu Doll"},{"floor":23.0,"key":"The Courier"},{"floor":26.0,"key":"Happy Flower"},{"floor":28.0,"key":"Pantograph"},{"floor":40,"key":"StrikeDummy"},{"floor":42,"key":"Eternal Feather"},{"floor":43,"key":"Regal Pillow"},{"floor":44,"key":"Calipers"}],"event_choices":[{"damage_healed":0.0,"max_hp_gain":0.0,"max_hp_loss":0.0,"gold_gain":0.0,"event_name":"Match and Keep!","player_choice":"1 cards matched","floor":4.0,"gold_loss":0.0,"damage_taken":0.0,"cards_obtained":["Panacea"]},{"damage_healed":0.0,"max_hp_gain":0.0,"max_hp_loss":0.0,"gold_gain":0.0,"event_name":"The Mausoleum","player_choice":"Opened","floor":20.0,"gold_loss":0.0,"damage_taken":0.0,"relics_obtained":["Ancient Tea Set"]},{"damage_healed":0.0,"max_hp_gain":0.0,"max_hp_loss":0.0,"gold_gain":0.0,"event_name":"The Library","player_choice":"Read","floor":27.0,"gold_loss":0.0,"damage_taken":0.0,"cards_obtained":["Tactician"]},{"damage_healed":0.0,"max_hp_gain":0.0,"max_hp_loss":0.0,"gold_gain":99.0,"event_name":"Nest","player_choice":"Stole From Cult","floor":29.0,"gold_loss":0.0,"damage_taken":0.0},{"damage_healed":0.0,"max_hp_gain":0.0,"max_hp_loss":0.0,"gold_gain":0.0,"event_name":"Addict","player_choice":"Obtained Relic","floor":30.0,"gold_loss":85.0,"damage_taken":0.0,"relics_obtained":["Bronze Scales"]},{"cards_removed":["Adrenaline"],"damage_healed":7.0,"max_hp_gain":10.0,"max_hp_loss":0.0,"gold_gain":0.0,"event_name":"Bonfire Elementals","player_choice":"Offered Rare","floor":36.0,"gold_loss":0.0,"damage_taken":0.0},{"damage_healed":0,"gold_gain":0,"player_choice":"Max HP","damage_taken":0,"max_hp_gain":0,"max_hp_loss":4,"event_name":"Winding Halls","floor":38,"gold_loss":0},{"damage_healed":0,"gold_gain":0,"player_choice":"Fight","damage_taken":0,"max_hp_gain":0,"max_hp_loss":0,"event_name":"Mysterious Sphere","floor":44,"gold_loss":0},{"damage_healed":0,"gold_gain":0,"player_choice":"Memory 3","damage_taken":10,"max_hp_gain":0,"max_hp_loss":0,"event_name":"SensoryStone","floor":45,"gold_loss":0}],"is_beta":false,"boss_relics":[{"not_picked":["Snecko Eye","Astrolabe"],"picked":"Sozu"},{"not_picked":["WristBlade","Cursed Key"],"picked":"Coffee Dripper"}],"items_purged_floors":[],"is_endless":false,"potions_floor_spawned":[1,6,10,11,14,19,28,33,35,37],"killed_by":"Sphere and 2 Shapes","ascension_level":1}}