{"host":"6z6y4ky8uzsz1dpj","time":1608047640,"event":{"mods":["2.2 Compatiblity","AchievementEnabler","BaseMod","BetterRewards","Challenge The Spire","Colored Map","Hubris","Minty Spire (QoL Compilation)","Quick Restart","Replay The Spire","StSLib","The Bug Knight","The Construct","The Cursed","The Hierophant","The Necromancer","The Poker Player","The Runesmith","The Servant 0.9.4"],"gold_per_floor":[114,44,60,73,85,116,216,216,296,330,330,362,362,137,137,239,289,300,313,327,327,327,327,356,271,271,298,308,321,170,186,186,186,186],"floor_reached":33,"playtime":1694,"items_purged":["Strike_R"],"score":408,"play_id":"27addd06-94dc-4131-b2c3-a85b8dabb9a7","local_time":"20201215105400","is_ascension_mode":true,"campfire_choices":[{"data":"Body Slam","floor":8.0,"key":"SMITH"},{"data":"Body Slam","floor":11.0,"key":"SMITH"},{"data":"Entrench","floor":11.0,"key":"SMITH"},{"data":"Dual Wield","floor":13,"key":"SMITH"},{"data":"Combust","floor":13,"key":"SMITH"},{"data":"Iron Wave","floor":23,"key":"SMITH"},{"data":"Reaper","floor":23,"key":"SMITH"},{"floor":32,"key":"REST"}],"circlet_count":0,"master_deck":["Strike_R+1","Strike_R","Strike_R","Defend_R","Defend_R","Defend_R","Defend_R","Bash","Metallicize+1","Combust+1","Entrench+1","Body Slam+1","Body Slam+1","Ghostly Armor+1","Dual Wield+1","Thunderclap","Reaper+1","Immolate","Iron Wave+1","Leg Sweep","ReplayTheSpireMod:Muscle Training","Offering","Iron Wave","Havoc+1","Second Wind+1","ReplayTheSpireMod:Muscle Training"],"relics":["Burning Blood","Turnip","Guide Book","hubris:ToyBattleship","HollowMod:StagPassRelic","Replay:Arrowhead","ReplayFunnel","Sling","Tiny House","Smiling Mask","ReplayTheSpireMod:Lightbulb","Garlic","Replay:Wax Seal","Orrery"],"acts_visited":["Exordium","TheCity"],"potions_floor_usage":[16,20,20,28,28],"damage_taken":[{"damage":10.0,"enemies":"2 Louse","floor":1.0,"turns":3.0},{"damage":2.0,"enemies":"Cultist","floor":3.0,"turns":4.0},{"damage":5.0,"enemies":"Jaw Worm","floor":4.0,"turns":5.0},{"damage":20.0,"enemies":"Blue Slaver","floor":5.0,"turns":4.0},{"damage":26.0,"enemies":"3 Sentries","floor":6.0,"turns":6.0},{"damage":8.0,"enemies":"Gremlin Nob","floor":10.0,"turns":5.0},{"damage":9,"enemies":"3 Sentries","floor":12,"turns":8},{"damage":9,"enemies":"Hexaghost","floor":16,"turns":14},{"damage":45,"enemies":"Shell Parasite","floor":18,"turns":8},{"damage":17,"enemies":"Chosen","floor":19,"turns":5},{"damage":23,"enemies":"Shelled Parasite and Fungi","floor":20,"turns":11},{"damage":6,"enemies":"Replay:Snechameleon","floor":24,"turns":7},{"damage":27,"enemies":"HollowMod:Nosk","floor":27,"turns":10},{"damage":10,"enemies":"Snake Plant","floor":28,"turns":4},{"damage":18,"enemies":"Centurion and Healer","floor":29,"turns":11},{"damage":7,"enemies":"3 Cultists","floor":31,"turns":4},{"damage":61,"enemies":"hubris:MusketHawk","floor":33,"turns":8}],"seed_played":"-5072417198375240439","potions_obtained":[{"floor":1.0,"key":"LifebloodPotion"},{"floor":3.0,"key":"Explosive Potion"},{"floor":5.0,"key":"Flashbang"},{"floor":6.0,"key":"LiquidMemories"},{"floor":17,"key":"SteroidPotion"},{"floor":19,"key":"Weak Potion"},{"floor":27,"key":"Block Potion"},{"floor":28,"key":"Milkshake"}],"is_trial":false,"path_per_floor":["M","$","M","M","M","E","?","R","T","E","R","E","R","$","R_BF","B",null,"M","M","M","?","?","R","E","?","T","E","M","M","$","M","R","B"],"character_chosen":"IRONCLAD","items_purchased":["Metallicize","Guide Book","Entrench","Sling","Orrery"],"campfire_rested":1,"item_purchase_floors":[0,0,2,14,30],"current_hp_per_floor":[76,76,80,80,66,46,46,46,46,44,44,41,41,41,41,42,85,46,39,23,23,23,23,23,23,23,12,8,8,8,25,50,0,0],"gold":186,"neow_bonus":"","is_daily":false,"chose_seed":false,"campfire_upgraded":7,"win_rate":0.0,"timestamp":1608047640,"path_taken":["M","$","M","M","M","E","?","R","T","E","R","E","R","$","R_BF","BOSS","M","M","?","?","?","R","E","?","T","E","M","M","$","M","R","BOSS"],"items_purchased_type":["Card","Relic","Card","Relic","Relic"],"build_version":"2020-12-13","purchased_purges":1,"victory":false,"max_hp_per_floor":[80,80,80,80,80,80,80,80,80,80,80,80,80,80,80,80,85,85,85,85,85,85,85,85,85,85,85,85,85,85,85,85,85,85],"card_choices":[{"not_picked":["Sever Soul","Ghostly Armor"],"picked":"Combust","floor":1.0},{"not_picked":["Replay:Undeath\u0027s Touch","Evolve"],"picked":"Body Slam","floor":3.0},{"not_picked":["Pommel Strike","hubris:ReadiedAction","Clothesline"],"picked":"SKIP","floor":4.0},{"not_picked":["Dark Embrace","Dropkick"],"picked":"Body Slam","floor":5.0},{"not_picked":["Flex","Perfected Strike"],"picked":"Ghostly Armor","floor":6.0},{"not_picked":["Clash","ReplayTheSpireMod:Stacked"],"picked":"Dual Wield","floor":10.0},{"not_picked":["Abandon","Whirlwind"],"picked":"Thunderclap","floor":12},{"not_picked":["Feed","Eclipse"],"picked":"Immolate","floor":16},{"not_picked":["Flex","Carnage"],"picked":"Iron Wave","floor":18},{"not_picked":["Anger","ReplayTheSpireMod:Corrosion Curse","Cleave"],"picked":"SKIP","floor":19},{"not_picked":["hubris:ReadiedAction+1","Perfected Strike","Seeing Red+1"],"picked":"SKIP","floor":20},{"not_picked":["Sword Boomerang","Sentinel+1"],"picked":"ReplayTheSpireMod:Muscle Training","floor":24},{"not_picked":["ReplayTheSpireMod:Corrosion Curse","Clash"],"picked":"Offering","floor":27},{"not_picked":["Hemokinesis","Thunderclap","Life Link"],"picked":"SKIP","floor":28},{"not_picked":["Havoc","hubris:ReadiedAction"],"picked":"Iron Wave","floor":29},{"not_picked":["Battle Trance","Disarm"],"picked":"Havoc+1","floor":30},{"not_picked":["Clash","Pommel Strike"],"picked":"Second Wind","floor":30},{"not_picked":["Warcry","Massacre"],"picked":"ReplayTheSpireMod:Muscle Training","floor":31}],"player_experience":204307,"relics_obtained":[{"floor":6.0,"key":"hubris:ToyBattleship"},{"floor":9.0,"key":"HollowMod:StagPassRelic"},{"floor":10.0,"key":"Replay:Arrowhead"},{"floor":12,"key":"ReplayFunnel"},{"floor":24,"key":"Smiling Mask"},{"floor":26,"key":"Garlic"},{"floor":27,"key":"Replay:Wax Seal"}],"event_choices":[{"damage_healed":0.0,"max_hp_gain":0.0,"max_hp_loss":0.0,"gold_gain":100.0,"event_name":"Wheel of Change","player_choice":"Gold","floor":7.0,"gold_loss":0.0,"damage_taken":0.0},{"damage_healed":0,"gold_gain":0,"player_choice":"Ignored","damage_taken":0,"max_hp_gain":0,"max_hp_loss":0,"event_name":"Cursed Tome","floor":21,"gold_loss":0},{"damage_healed":0,"gold_gain":0,"player_choice":"Read","damage_taken":0,"max_hp_gain":0,"max_hp_loss":0,"event_name":"The Library","floor":22,"gold_loss":0,"cards_obtained":["Leg Sweep"]},{"damage_healed":0,"gold_gain":0,"player_choice":"Obtained Relic","damage_taken":0,"relics_obtained":["ReplayTheSpireMod:Lightbulb"],"max_hp_gain":0,"max_hp_loss":0,"event_name":"Addict","floor":25,"gold_loss":85}],"is_beta":false,"boss_relics":[{"not_picked":["Replay:Grab Bag","Runic Dome"],"picked":"Tiny House"}],"items_purged_floors":[14],"is_endless":false,"potions_floor_spawned":[1,3,5,6,19,27,28],"killed_by":"hubris:MusketHawk","ascension_level":3}}