{"host":"kjehzzhcyp0nyrrl","time":1608054057,"event":{"mods":["AchievementEnabler","BaseMod","Custom Start","Hermit","Keyboard Shortcuts","Koishi","Minty Spire (QoL Compilation)","Replay The Spire","StSLib","SuperFastMode","The Dragon Tamer","The Gatherer","everything is the same but u backflip on backflip"],"gold_per_floor":[117,135,135,60,60,60,93,93,148,178,196,196,206,221,221,326,426,438,451,376,395,412,412,446,446,494,494,421,440,460,478,478,577,577,589,604,651,651,651,677,677,704,704,704,721,750,750,750,750,750,750,750],"floor_reached":50,"playtime":1725,"items_purged":["DTMod:Strike"],"score":719,"play_id":"4c78b7b8-c740-430c-9ba7-39dcf8a951f6","local_time":"20201216024057","is_ascension_mode":true,"metric_token":863,"campfire_choices":[{"data":"DTMod:InvisibleFlame","floor":6,"key":"SMITH"},{"data":"DTMod:Training","floor":15,"key":"SMITH"},{"data":"DTMod:DragonDance","floor":23,"key":"SMITH"},{"data":"DTMod:CleansingStrike","floor":25,"key":"SMITH"},{"floor":32,"key":"REST"},{"floor":41,"key":"REST"},{"floor":44,"key":"RECALL"},{"data":"DTMod:RunningTactic","floor":47,"key":"SMITH"},{"floor":49,"key":"REST"}],"dtmod_dragon_data":[24,58,2,0,4,0],"circlet_count":0,"master_deck":["DTMod:Strike","DTMod:Strike","DTMod:DoubleHit+1","DTMod:TargetDefense","DTMod:TargetDefense","DTMod:TargetDefense","DTMod:SwitchingTactic","DTMod:InvisibleFlame+1","DTMod:ComboAttack","DTMod:Cover","DTMod:Training+1","DTMod:BlueScale","DTMod:Hide","DTMod:Safeguard","DTMod:Feint","DTMod:DragonDance+1","DTMod:CleansingStrike+1","DTMod:RunningTactic+1","DTMod:QuickFly","DTMod:FlameSlash+1","DTMod:RepeatStrike"],"relics":["DTMod:PactStone","NeowsBlessing","Ring of Fury","Ring of Panic","Orichalcum","Simple Rune","Replay:Wanted Poster","Letter Opener","Centennial Puzzle","Enchiridion","Sozu","Calipers","Lantern","ReplayTheSpireMod:Shallot","Iron Hammer","Bird Faced Urn"],"acts_visited":["Exordium","TheCity","TheBeyond"],"potions_floor_usage":[10,10,18,31,50,50],"damage_taken":[{"damage":0,"enemies":"Small Slimes","floor":1,"turns":1},{"damage":0,"enemies":"2 Louse","floor":2,"turns":1},{"damage":0,"enemies":"Gremlin Nob","floor":7,"turns":1},{"damage":2,"enemies":"Lagavulin","floor":10,"turns":4},{"damage":0,"enemies":"Jaw Worm","floor":11,"turns":2},{"damage":0,"enemies":"3 Louse","floor":13,"turns":4},{"damage":0,"enemies":"Exordium Wildlife","floor":14,"turns":2},{"damage":15,"enemies":"Fading Forest","floor":16,"turns":11},{"damage":0,"enemies":"2 Thieves","floor":18,"turns":4},{"damage":0,"enemies":"Chosen","floor":19,"turns":4},{"damage":0,"enemies":"Snecko","floor":21,"turns":6},{"damage":8,"enemies":"Cultist and Chosen","floor":22,"turns":5},{"damage":1,"enemies":"Book of Stabbing","floor":24,"turns":6},{"damage":0,"enemies":"Snake Plant","floor":29,"turns":3},{"damage":3,"enemies":"3 Cultists","floor":30,"turns":5},{"damage":0,"enemies":"Shelled Parasite and Fungi","floor":31,"turns":4},{"damage":0,"enemies":"Collector","floor":33,"turns":9},{"damage":0,"enemies":"3 Darklings","floor":35,"turns":4},{"damage":0,"enemies":"3 Shapes","floor":36,"turns":2},{"damage":10,"enemies":"2 Orb Walkers","floor":37,"turns":4},{"damage":8,"enemies":"Giant Head","floor":40,"turns":8},{"damage":0,"enemies":"R_Hoarder","floor":42,"turns":7},{"damage":18,"enemies":"Maw","floor":45,"turns":6},{"damage":0,"enemies":"Giant Head","floor":46,"turns":7},{"damage":39,"enemies":"Awakened One","floor":50,"turns":7}],"seed_played":"-7797444881329908535","potions_obtained":[{"floor":1,"key":"Adrenaline Potion"},{"floor":7,"key":"AttackPotion"},{"floor":10,"key":"Swift Potion"},{"floor":22,"key":"Languid Potion"},{"floor":24,"key":"EssenceOfSteel"},{"floor":30,"key":"LifebloodPotion"},{"floor":31,"key":"Ancient Potion"}],"is_trial":false,"path_per_floor":["M","M","?","$","?","R","E","?","T","E","M","?","M","M","R","B",null,"M","M","?","M","M","R","E","R","T","?","$","M","M","M","R","B",null,"M","M","?","?","?","E","R","E","T","R","M","E","R","?","R","B"],"character_chosen":"THE_DT","items_purchased":["DTMod:RunningTactic"],"campfire_rested":3,"item_purchase_floors":[28],"current_hp_per_floor":[45,45,45,45,45,45,45,45,45,43,43,36,36,36,36,21,45,45,45,45,45,37,37,36,36,36,20,20,20,17,17,30,30,45,45,45,35,35,35,27,39,39,39,39,21,21,21,21,33,0,0,0],"gold":750,"neow_bonus":"THREE_ENEMY_KILL","is_daily":false,"chose_seed":false,"campfire_upgraded":5,"win_rate":0.0,"timestamp":1608054057,"path_taken":["M","M","?","$","?","R","E","?","T","E","M","?","M","M","R","BOSS","M","M","?","M","M","R","E","R","T","?","?","?","M","M","R","BOSS","M","M","?","?","?","E","R","E","T","R","?","E","R","?","R","BOSS"],"items_purchased_type":["Card"],"build_version":"2020-12-13","purchased_purges":1,"victory":false,"max_hp_per_floor":[45,45,45,45,45,45,45,45,45,45,45,45,45,45,45,45,45,45,45,45,45,45,45,45,45,45,45,45,45,45,45,45,45,45,45,45,45,45,43,43,43,43,43,43,43,43,43,43,43,43,43,43],"card_choices":[{"not_picked":["DTMod:Adaptation","DTMod:BuildUp"],"picked":"DTMod:InvisibleFlame","floor":1},{"not_picked":["DTMod:Cover","DTMod:BuildUp"],"picked":"DTMod:ComboAttack","floor":2},{"not_picked":["DTMod:MasterPlan","DTMod:FlameSlash"],"picked":"DTMod:Cover","floor":7},{"not_picked":["DTMod:BlazingStrike","DTMod:CalculatedDefense"],"picked":"DTMod:Training","floor":10},{"not_picked":["DTMod:Conduct","DTMod:LastStand"],"picked":"DTMod:BlueScale","floor":11},{"not_picked":["DTMod:MaximumCharge","DTMod:Cover"],"picked":"DTMod:Hide","floor":13},{"not_picked":["DTMod:BurningEnergy","DTMod:BreakAttack","DTMod:MagicField"],"picked":"SKIP","floor":14},{"not_picked":["DTMod:GearUp","DTMod:Prediction"],"picked":"DTMod:Safeguard","floor":16},{"not_picked":["DTMod:Cover","DTMod:CrossStep","DTMod:BalancedStrike"],"picked":"SKIP","floor":18},{"not_picked":["DTMod:WarmUp","DTMod:TauntingStrike"],"picked":"DTMod:Feint","floor":19},{"not_picked":["DTMod:Astonish","DTMod:Cover"],"picked":"DTMod:DragonDance","floor":21},{"not_picked":["DTMod:Threaten+1","DTMod:Adaptation+1","DTMod:BlazingStrike"],"picked":"SKIP","floor":22},{"not_picked":["DTMod:FlameSlash","DTMod:ForkedFire"],"picked":"DTMod:CleansingStrike","floor":24},{"not_picked":["DTMod:CleansingStrike","DTMod:Threaten"],"picked":"DTMod:QuickFly","floor":29},{"not_picked":["DTMod:ForkedFire","DTMod:BuildUp","DTMod:TauntingStrike"],"picked":"SKIP","floor":30},{"not_picked":["DTMod:BuildUp","DTMod:Training+1"],"picked":"DTMod:FlameSlash+1","floor":31},{"not_picked":["DTMod:ShadowImage","DTMod:Prediction"],"picked":"DTMod:RepeatStrike","floor":33},{"not_picked":["DTMod:MasterPlan","DTMod:BizarreTactic+1","DTMod:Feint"],"picked":"SKIP","floor":35},{"not_picked":["DTMod:LastStand+1","DTMod:MagicField+1","DTMod:CrossStep+1"],"picked":"SKIP","floor":36},{"not_picked":["DTMod:MasterPlan+1","DTMod:MagicField+1","DTMod:Shift"],"picked":"SKIP","floor":40},{"not_picked":["DTMod:BreakAttack+1","DTMod:Training","DTMod:EchoTactic"],"picked":"SKIP","floor":42},{"not_picked":["DTMod:HeatWave","DTMod:BreakAttack","DTMod:SneakAttack"],"picked":"SKIP","floor":45},{"not_picked":["DTMod:BuildUp+1","DTMod:BizarreTactic","DTMod:QuickFly+1"],"picked":"SKIP","floor":46}],"player_experience":367830,"relics_obtained":[{"floor":5,"key":"Ring of Fury"},{"floor":5,"key":"Ring of Panic"},{"floor":7,"key":"Orichalcum"},{"floor":10,"key":"Simple Rune"},{"floor":24,"key":"Letter Opener"},{"floor":26,"key":"Centennial Puzzle"},{"floor":27,"key":"Enchiridion"},{"floor":37,"key":"Calipers"},{"floor":40,"key":"Lantern"},{"floor":42,"key":"ReplayTheSpireMod:Shallot"},{"floor":43,"key":"Iron Hammer"},{"floor":46,"key":"Bird Faced Urn"}],"event_choices":[{"damage_healed":0,"gold_gain":0,"player_choice":"Ignored","damage_taken":0,"max_hp_gain":0,"max_hp_loss":0,"event_name":"Liars Game","floor":8,"gold_loss":0},{"cards_removed":["Voices"],"damage_healed":0,"gold_gain":0,"player_choice":"Card Removal","damage_taken":7,"max_hp_gain":0,"max_hp_loss":0,"event_name":"Golden Wing","floor":12,"gold_loss":0},{"cards_removed":["DTMod:Strike"],"damage_healed":0,"gold_gain":0,"player_choice":"Gave Gold","damage_taken":0,"max_hp_gain":0,"max_hp_loss":0,"event_name":"Beggar","floor":20,"gold_loss":75},{"damage_healed":0,"gold_gain":0,"player_choice":"Obtained Book","damage_taken":16,"max_hp_gain":0,"max_hp_loss":0,"event_name":"Cursed Tome","floor":27,"gold_loss":0},{"damage_healed":0,"gold_gain":0,"player_choice":"Fight","damage_taken":0,"max_hp_gain":0,"max_hp_loss":0,"event_name":"Mysterious Sphere","floor":37,"gold_loss":0},{"cards_removed":["DTMod:TargetDefense"],"damage_healed":0,"gold_gain":0,"player_choice":"Removed Skill","damage_taken":0,"max_hp_gain":0,"max_hp_loss":0,"event_name":"Falling","floor":38,"gold_loss":0},{"damage_healed":0,"gold_gain":0,"player_choice":"Max HP","damage_taken":0,"max_hp_gain":0,"max_hp_loss":2,"event_name":"Winding Halls","floor":39,"gold_loss":0},{"damage_healed":0,"gold_gain":0,"player_choice":"Memory 1","damage_taken":0,"max_hp_gain":0,"max_hp_loss":0,"event_name":"SensoryStone","floor":48,"gold_loss":0}],"is_beta":false,"boss_relics":[{"not_picked":["Black Star","Calling Bell"],"picked":"Replay:Wanted Poster"},{"not_picked":["Replay:Bronze Core","Runic Pyramid"],"picked":"Sozu"}],"items_purged_floors":[4],"is_endless":false,"potions_floor_spawned":[1,7,10,22,24,30,31,35,36,37,46],"killed_by":"Awakened One","ascension_level":1}}