{"host":"mvw7i28zi3kj0eu9","time":1608039145,"event":{"mods":["AchievementEnabler","BaseMod","Better Third Choice","BetterRewards","Block Reminder","Conspire","Custom Start","Downfall","Energized Spire","Halation","Hermit","Hubris","Infinite Spire","Jorbs\u0027s Wanderer Trilogy","Minty Spire (QoL Compilation)","Replay The Spire","Shop Mod","Small Relic Pack","Spikes Relics","StSLib","The Blue Laboratory","The Necromancer","The Servant 0.9.4","Virulent Crown"],"gold_per_floor":[128,183,183,55,85,85,122,153,199,199,2,2,2,34,34,165,165,194,229,17,58,58,58,113,139,139,139,140,140,208,208,208,244,244],"floor_reached":33,"playtime":747,"items_purged":["Overencumbered","Defend_R","Strike_R","Strike_R"],"score":251,"play_id":"20e511bf-8027-438e-9daf-3643c4881fed","local_time":"20201215143225","is_ascension_mode":false,"campfire_choices":[{"data":"Pummel","floor":6,"key":"SMITH"},{"data":"Body Slam","floor":10,"key":"SMITH"},{"data":"Body Slam","floor":12,"key":"SMITH"},{"data":"Entrench","floor":15,"key":"SMITH"},{"data":"Defend_R","floor":23,"key":"SMITH"},{"data":"Defend_R","floor":27,"key":"SMITH"},{"data":"Shrug It Off","floor":29,"key":"SMITH"},{"floor":32,"key":"REST"}],"circlet_count":0,"master_deck":["Strike_R","Strike_R","Strike_R+1","Defend_R+1","Defend_R+1","Defend_R+1","Bash","Shrug It Off+1","Entrench+1","Pummel+1","Body Slam+1","Body Slam+1"],"relics":["Burning Blood","Membership Card","Vajra","conspire:TreasureMap","ReplayTheSpireMod:CursedCoin","Gremlin Food","Replay:Bandana","hubris:SphereOfDissonance","hubris:OldNail","Mummified Hand","Brimstone","MiniBlackHole","hubris:TerracottaHorce","Dead Branch","halation:IllGainedPizza","Anchor","infinitespire:EmpoweringShard","hubris:FruitBowl","hubris:EvacipatedBox","infinitespire:Broken Mirror"],"acts_visited":["Exordium","TheCity"],"potions_floor_usage":[8,16,16,33],"damage_taken":[{"damage":5,"enemies":"Jaw Worm","floor":1,"turns":4},{"damage":32,"enemies":"conspire:MimicChest","floor":2,"turns":7},{"damage":0,"enemies":"2 Louse","floor":5,"turns":1},{"damage":3,"enemies":"Small Slimes","floor":7,"turns":2},{"damage":0,"enemies":"Blue Slaver","floor":8,"turns":1},{"damage":2,"enemies":"Exordium Wildlife","floor":14,"turns":3},{"damage":18,"enemies":"Fading Forest","floor":16,"turns":11},{"damage":3,"enemies":"Shell Parasite","floor":18,"turns":2},{"damage":3,"enemies":"Spheric Guardian","floor":19,"turns":3},{"damage":18,"enemies":"conspire:HollyBat","floor":21,"turns":5},{"damage":22,"enemies":"Book of Stabbing","floor":24,"turns":3},{"damage":38,"enemies":"Pondfish","floor":33,"turns":3}],"seed_played":"4218066637217325937","potions_obtained":[{"floor":2,"key":"Energy Potion"},{"floor":5,"key":"Weak Potion"},{"floor":7,"key":"DistilledChaos"},{"floor":14,"key":"AttackPotion"}],"is_trial":false,"path_per_floor":["M","?","?","$","M","R","M","M","T","R","$","R","T","M","R","B",null,"M","M","$","M","?","R","E","T","T","R","$","R","T","?","R","B"],"character_chosen":"IRONCLAD","items_purchased":["Membership Card","Vajra","conspire:TreasureMap","Shrug It Off","Entrench","ReplayTheSpireMod:CursedCoin","Gremlin Food","Replay:Bandana","hubris:OldNail","Mummified Hand","Brimstone","Dead Branch","hubris:FruitBowl","hubris:EvacipatedBox"],"campfire_rested":1,"item_purchase_floors":[0,0,0,0,0,0,0,0,4,11,11,20,28,28],"current_hp_per_floor":[80,54,54,54,60,60,63,69,69,69,69,69,69,73,73,80,80,80,80,80,68,68,68,52,52,52,52,9,9,9,9,33,0,0],"gold":244,"neow_bonus":"","is_daily":false,"chose_seed":false,"campfire_upgraded":7,"win_rate":0.0,"timestamp":1608039145,"path_taken":["M","?","?","$","M","R","M","M","T","R","?","R","?","?","R","BOSS","M","M","$","M","?","R","E","?","T","R","?","R","?","?","R","BOSS"],"items_purchased_type":["Relic","Relic","Relic","Card","Card","Relic","Relic","Relic","Relic","Relic","Relic","Relic","Relic","Relic"],"build_version":"2020-12-13","purchased_purges":4,"victory":false,"max_hp_per_floor":[80,80,80,80,80,80,80,80,80,80,80,80,80,80,80,80,80,80,80,80,80,80,80,80,80,80,80,80,80,80,80,80,80,80],"card_choices":[{"not_picked":["ReplayTheSpireMod:Stacked","Anger"],"picked":"Pummel","floor":1},{"not_picked":["Warcry","Thunderclap","Perfected Strike"],"picked":"SKIP","floor":5},{"not_picked":["Metallicize","Flex"],"picked":"Body Slam","floor":7},{"not_picked":["Headbutt","Run Through"],"picked":"Body Slam","floor":8},{"not_picked":["Shrug It Off","Dual Wield","Seeing Red"],"picked":"SKIP","floor":14},{"not_picked":["conspire:Charge","Iron Wave","Sword Boomerang"],"picked":"SKIP","floor":18},{"not_picked":["Havoc","Wild Strike","Power Through"],"picked":"SKIP","floor":19},{"not_picked":["Clash","ReplayReversal","Armaments+1"],"picked":"SKIP","floor":21},{"not_picked":["Run Through","Battle Trance","Armaments+1"],"picked":"SKIP","floor":24}],"player_experience":862561,"relics_obtained":[{"floor":2,"key":"hubris:SphereOfDissonance"},{"floor":13,"key":"MiniBlackHole"},{"floor":24,"key":"halation:IllGainedPizza"},{"floor":25,"key":"Anchor"},{"floor":26,"key":"infinitespire:EmpoweringShard"},{"floor":30,"key":"infinitespire:Broken Mirror"}],"event_choices":[{"damage_healed":0,"gold_gain":0,"player_choice":"Ignored","damage_taken":0,"max_hp_gain":0,"max_hp_loss":0,"event_name":"Transmorgrifier","floor":31,"gold_loss":0}],"is_beta":false,"boss_relics":[{"not_picked":["energizedSpire:HugeHouse","conspire:RoyalGoblet"],"picked":"hubris:TerracottaHorce"}],"items_purged_floors":[0,4,20,28],"is_endless":false,"potions_floor_spawned":[2,5,7,14,18,19,21],"killed_by":"Pondfish","ascension_level":0}}