{"host":"daa8jqyg4gqfaysm","time":1608035035,"event":{"mods":["BaseMod","Colored Powertips","Minty Spire (QoL Compilation)","StSLib"],"gold_per_floor":[114,125,275,22,33,58,58,93,141,161,161,179,204,204,204,293,293,308,308,323,16,30,64,102,125,125,40,64,64,95,110,110,206,269,285,285,310,643,255,255,289,289,289,289,321,332,332,332,332,332,332,332,41,72,72,72],"floor_reached":55,"playtime":2398,"items_purged":["Doubt","Strike_G","Strike_G","Strike_G+1"],"score":1577,"play_id":"730a0d00-138a-49a9-abd4-7c8f1e553227","local_time":"20201215202355","is_ascension_mode":true,"campfire_choices":[{"data":"Blade Dance","floor":7.0,"key":"SMITH"},{"data":"Cloak And Dagger","floor":11.0,"key":"SMITH"},{"data":"Cloak And Dagger","floor":15.0,"key":"SMITH"},{"data":"Wraith Form v2","floor":29.0,"key":"SMITH"},{"data":"Accuracy","floor":32.0,"key":"SMITH"},{"data":"Thinking Ahead","floor":40.0,"key":"SMITH"},{"data":"Infinite Blades","floor":42.0,"key":"SMITH"},{"floor":44,"key":"RECALL"}],"circlet_count":0,"master_deck":["AscendersBane","Strike_G+1","Strike_G+1","Defend_G+1","Defend_G+1","Defend_G+1","Defend_G+1","Defend_G+1","Survivor+1","Neutralize+1","Slice+1","Quick Slash+1","Cloak And Dagger+1","Footwork+1","Flash of Steel+1","Backflip+1","Blade Dance+1","Backstab+1","Cloak And Dagger+1","Blade Dance+1","Finisher+1","Adrenaline+1","Backflip+1","Acrobatics+1","Backflip+1","Impatience+1","Terror+1","Finisher+1","Accuracy+1","PiercingWail+1","Wraith Form v2+1","Dodge and Roll+1","Prepared+1","A Thousand Cuts+1","Expertise+1","Blur+1","Thinking Ahead+1","Backflip+1","PiercingWail+1","Leg Sweep+1","Trip"],"relics":["WristBlade","Question Card","Oddly Smooth Stone","PreservedInsect","Lantern","Coffee Dripper","Orichalcum","Red Mask","Vajra","Blood Vial","Mummified Hand","Tiny House","Smiling Mask","Dead Branch","Mark of the Bloom","ClockworkSouvenir","HornCleat"],"acts_visited":["Exordium","TheCity","TheBeyond","TheEnding"],"potions_floor_usage":[55,55],"damage_taken":[{"damage":2.0,"enemies":"Cultist","floor":1.0,"turns":5.0},{"damage":2.0,"enemies":"Jaw Worm","floor":2.0,"turns":4.0},{"damage":0.0,"enemies":"Small Slimes","floor":5.0,"turns":2.0},{"damage":3.0,"enemies":"Lagavulin","floor":6.0,"turns":7.0},{"damage":12.0,"enemies":"3 Sentries","floor":8.0,"turns":9.0},{"damage":0.0,"enemies":"Looter","floor":10.0,"turns":1.0},{"damage":0.0,"enemies":"Exordium Thugs","floor":12.0,"turns":2.0},{"damage":0.0,"enemies":"Gremlin Nob","floor":13.0,"turns":2.0},{"damage":0.0,"enemies":"Slime Boss","floor":16.0,"turns":4.0},{"damage":0.0,"enemies":"Spheric Guardian","floor":18.0,"turns":2.0},{"damage":0.0,"enemies":"2 Thieves","floor":20.0,"turns":2.0},{"damage":0.0,"enemies":"Snake Plant","floor":22.0,"turns":3.0},{"damage":0.0,"enemies":"Slavers","floor":23.0,"turns":2.0},{"damage":6.0,"enemies":"Masked Bandits","floor":24.0,"turns":4.0},{"damage":3.0,"enemies":"3 Cultists","floor":25.0,"turns":4.0},{"damage":0.0,"enemies":"Snecko","floor":28.0,"turns":2.0},{"damage":5.0,"enemies":"Book of Stabbing","floor":30.0,"turns":3.0},{"damage":5.0,"enemies":"Snake Plant","floor":31.0,"turns":2.0},{"damage":3.0,"enemies":"Collector","floor":33.0,"turns":7.0},{"damage":0.0,"enemies":"3 Shapes","floor":35.0,"turns":3.0},{"damage":0.0,"enemies":"Orb Walker","floor":37.0,"turns":2.0},{"damage":6.0,"enemies":"Giant Head","floor":41.0,"turns":3.0},{"damage":0,"enemies":"Reptomancer","floor":45,"turns":2},{"damage":3,"enemies":"Writhing Mass","floor":46,"turns":5},{"damage":34,"enemies":"Awakened One","floor":50,"turns":15},{"damage":3,"enemies":"Shield and Spear","floor":54,"turns":6},{"damage":25,"enemies":"The Heart","floor":55,"turns":8}],"seed_played":"-2916238586055331076","potions_obtained":[{"floor":2.0,"key":"Poison Potion"},{"floor":12.0,"key":"Swift Potion"},{"floor":13.0,"key":"SmokeBomb"},{"floor":16.0,"key":"EntropicBrew"},{"floor":18.0,"key":"GhostInAJar"},{"floor":28.0,"key":"SteroidPotion"}],"is_trial":false,"path_per_floor":["M","M","?","$","M","E","R","E","T","M","R","M","E","?","R","B",null,"M","?","M","$","M","E","?","M","T","?","M","R","E","M","R","B",null,"M","?","M","?","$","R","E","R","T","R","E","M","?","?","R","B",null,"R","$","E","B"],"character_chosen":"THE_SILENT","items_purchased":["Cloak And Dagger","Footwork","Flash of Steel","Infinite Blades","Impatience","Terror","Blur","Thinking Ahead","ClockworkSouvenir","Trip"],"campfire_rested":0,"item_purchase_floors":[4,4,4,21,21,21,39,39,53,53],"current_hp_per_floor":[57,55,55,55,55,52,52,40,40,40,40,40,40,17,17,17,54,54,54,54,54,54,54,48,45,45,45,47,47,44,41,41,40,65,67,67,67,67,67,67,61,61,61,61,63,62,62,62,62,28,28,28,28,25,0,0],"gold":72,"neow_bonus":"BOSS_RELIC","is_daily":false,"chose_seed":false,"campfire_upgraded":7,"win_rate":0.0,"timestamp":1608035035,"path_taken":["M","M","?","?","M","E","R","E","T","?","R","?","E","?","R","BOSS","M","?","M","$","M","E","?","?","T","?","M","R","E","M","R","BOSS","M","?","M","?","$","R","E","R","T","R","E","M","?","?","R","BOSS","R","$","E","BOSS"],"items_purchased_type":["Card","Card","Card","Card","Card","Card","Card","Card","Relic","Card"],"build_version":"2020-12-13","purchased_purges":4,"victory":false,"max_hp_per_floor":[66,66,66,66,66,66,66,66,66,66,66,66,66,66,66,66,66,66,66,66,66,66,66,66,66,66,66,66,66,66,66,66,66,71,71,67,67,67,67,67,67,67,67,67,67,67,67,67,67,67,67,67,67,67,67,67],"card_choices":[{"not_picked":["Crippling Poison","Dagger Spray"],"picked":"Slice","floor":1.0},{"not_picked":["Catalyst","Dagger Throw"],"picked":"Quick Slash","floor":2.0},{"not_picked":["Slice","Acrobatics"],"picked":"Backflip","floor":5.0},{"not_picked":["Dodge and Roll","Tactician"],"picked":"Blade Dance","floor":6.0},{"not_picked":["Footwork","Poisoned Stab","Backflip"],"picked":"Backstab","floor":8.0},{"not_picked":["Flying Knee","Dagger Spray","Caltrops"],"picked":"Cloak And Dagger","floor":10.0},{"not_picked":["Caltrops","Dagger Spray","Malaise"],"picked":"Blade Dance","floor":12.0},{"not_picked":["Flying Knee","PiercingWail","Crippling Poison"],"picked":"Finisher","floor":13.0},{"not_picked":["Bullet Time","Malaise","Tools of the Trade"],"picked":"Adrenaline","floor":16.0},{"not_picked":["Finisher","Outmaneuver+1","Sucker Punch+1"],"picked":"Backflip","floor":18.0},{"not_picked":["Sucker Punch","Finisher","Prepared"],"picked":"Backflip+1","floor":20.0},{"not_picked":["Deadly Poison","Tactician","Heel Hook"],"picked":"Finisher+1","floor":22.0},{"not_picked":["Eviscerate","Flechettes","Deadly Poison"],"picked":"Accuracy","floor":23.0},{"not_picked":["Deadly Poison","Calculated Gamble+1","Dagger Spray"],"picked":"PiercingWail","floor":24.0},{"not_picked":["Bane+1","Quick Slash","Poisoned Stab","Dash"],"picked":"SKIP","floor":25.0},{"not_picked":["Reflex","Flying Knee","Catalyst"],"picked":"Wraith Form v2","floor":28.0},{"not_picked":["Deadly Poison","Dash","Bane"],"picked":"Dodge and Roll","floor":30.0},{"not_picked":["Masterful Stab","All Out Attack","Finisher"],"picked":"Prepared+1","floor":31.0},{"not_picked":["Unload","Night Terror","Corpse Explosion"],"picked":"A Thousand Cuts","floor":33.0},{"not_picked":["Bouncing Flask","Concentrate+1","Eviscerate+1","Reflex"],"picked":"SKIP","floor":35.0},{"not_picked":["Crippling Poison+1","PiercingWail","Backflip"],"picked":"Expertise","floor":37.0},{"not_picked":["Predator","Setup+1","Dagger Throw+1"],"picked":"Backflip+1","floor":41.0},{"not_picked":["Dagger Throw","Venomology","Blade Dance"],"picked":"PiercingWail","floor":45},{"not_picked":["Slice","Prepared","Deflect"],"picked":"Leg Sweep+1","floor":46},{"not_picked":["Riddle With Holes+1","Choke+1","Deflect+1","Dagger Spray+1"],"picked":"SKIP","floor":54}],"player_experience":677421,"relics_obtained":[{"floor":6.0,"key":"Question Card"},{"floor":8.0,"key":"Oddly Smooth Stone"},{"floor":9.0,"key":"PreservedInsect"},{"floor":13.0,"key":"Lantern"},{"floor":23.0,"key":"Orichalcum"},{"floor":24.0,"key":"Red Mask"},{"floor":26.0,"key":"Vajra"},{"floor":30.0,"key":"Mummified Hand"},{"floor":41.0,"key":"Smiling Mask"},{"floor":45,"key":"Dead Branch"},{"floor":54,"key":"HornCleat"}],"event_choices":[{"damage_healed":0.0,"max_hp_gain":0.0,"max_hp_loss":0.0,"gold_gain":150.0,"event_name":"Liars Game","player_choice":"AGREE","floor":3.0,"gold_loss":0.0,"damage_taken":0.0,"cards_obtained":["Doubt"]},{"damage_healed":0.0,"max_hp_gain":0.0,"max_hp_loss":0.0,"gold_gain":0.0,"event_name":"Golden Idol","player_choice":"Take Damage","floor":14.0,"gold_loss":0.0,"damage_taken":23.0,"relics_obtained":["Golden Idol"]},{"damage_healed":0.0,"max_hp_gain":0.0,"max_hp_loss":0.0,"gold_gain":0.0,"event_name":"The Library","player_choice":"Read","floor":19.0,"gold_loss":0.0,"damage_taken":0.0,"cards_obtained":["Acrobatics"]},{"damage_healed":0.0,"max_hp_gain":0.0,"max_hp_loss":0.0,"gold_gain":0.0,"event_name":"Masked Bandits","player_choice":"Fought Bandits","floor":24.0,"gold_loss":0.0,"damage_taken":0.0},{"damage_healed":0.0,"max_hp_gain":0.0,"max_hp_loss":0.0,"gold_gain":0.0,"event_name":"Addict","player_choice":"Obtained Relic","floor":27.0,"gold_loss":85.0,"damage_taken":0.0,"relics_obtained":["Blood Vial"]},{"damage_healed":0.0,"max_hp_gain":0.0,"max_hp_loss":4.0,"gold_gain":0.0,"event_name":"Winding Halls","player_choice":"Max HP","floor":36.0,"gold_loss":0.0,"damage_taken":0.0},{"damage_healed":0.0,"max_hp_gain":0.0,"max_hp_loss":0.0,"gold_gain":333.0,"event_name":"The Moai Head","player_choice":"Gave Idol","floor":38.0,"relics_lost":["Golden Idol"],"gold_loss":0.0,"damage_taken":0.0},{"cards_removed":["Infinite Blades"],"damage_healed":0,"gold_gain":0,"player_choice":"Removed Power","damage_taken":0,"max_hp_gain":0,"max_hp_loss":0,"event_name":"Falling","floor":47,"gold_loss":0},{"damage_healed":0,"gold_gain":0,"player_choice":"Upgrade","damage_taken":0,"relics_obtained":["Mark of the Bloom"],"max_hp_gain":0,"max_hp_loss":0,"event_name":"MindBloom","floor":48,"gold_loss":0,"cards_upgraded":["Strike_G","Strike_G","Strike_G","Defend_G","Defend_G","Defend_G","Defend_G","Defend_G","Survivor","Neutralize","Slice","Quick Slash","Footwork","Flash of Steel","Backflip","Backstab","Blade Dance","Finisher","Adrenaline","Backflip","Acrobatics","Impatience","PiercingWail","Dodge and Roll","A Thousand Cuts","Expertise","Blur","PiercingWail"]}],"is_beta":false,"boss_relics":[{"not_picked":["Ectoplasm","Cursed Key"],"picked":"Coffee Dripper"},{"not_picked":["Pandora\u0027s Box","Fusion Hammer"],"picked":"Tiny House"}],"items_purged_floors":[4,21,39,53],"is_endless":false,"potions_floor_spawned":[2,12,13,16,18,25,28,30,31,41],"killed_by":"The Heart","ascension_level":15}}