{"host":"dntw6kil9p09eemm","time":1608067767,"event":{"mods":["Aspiration","BaseMod","Become a monster €›?Œ÷","Colored Powertips","Downfall","Hermit","Hubris","Keyboard Shortcuts","Minty Spire (QoL Compilation)","Shop Mod","StSLib","The Runesmith","Waifu the Spire"],"gold_per_floor":[99,119,134,151,165,175,175,205,215,215,231,231,183,202,188,188,284,284,304,35,35,51,65,65,65],"floor_reached":24,"playtime":1291,"items_purged":["Strike_R"],"score":227,"play_id":"7aaf0af9-a5d6-4e4b-9ad7-8749660591c9","local_time":"20201216062927","is_ascension_mode":false,"campfire_choices":[{"data":"Sword Boomerang","floor":7,"key":"SMITH"},{"data":"Anger","floor":12,"key":"SMITH"},{"data":"Anger","floor":16,"key":"SMITH"}],"circlet_count":0,"master_deck":["Strike_R","Strike_R","Strike_R","Defend_R","Defend_R","Defend_R","Bash","Sword Boomerang+1","Anger+1","Shrug It Off","Anger+1","Combust","Bloodletting","Reckless Charge+1","The Bomb","Headbutt","Rupture+1"],"relics":["Burning Blood","Self Forming Clay","MerchantsRug","Sozu"],"acts_visited":["Exordium","TheCity"],"potions_floor_usage":[11],"damage_taken":[{"damage":0,"enemies":"3 Shapes","floor":2,"turns":1},{"damage":0,"enemies":"Small Slimes","floor":3,"turns":3},{"damage":0,"enemies":"Cultist","floor":4,"turns":2},{"damage":12,"enemies":"Exordium Wildlife","floor":5,"turns":4},{"damage":3,"enemies":"Red Slaver","floor":6,"turns":4},{"damage":15,"enemies":"3 Sentries","floor":8,"turns":8},{"damage":13,"enemies":"Large Slime","floor":9,"turns":5},{"damage":6,"enemies":"3 Louse","floor":11,"turns":3},{"damage":3,"enemies":"Red Slaver","floor":14,"turns":3},{"damage":68,"enemies":"Hexaghost","floor":17,"turns":11},{"damage":18,"enemies":"2 Thieves","floor":19,"turns":4},{"damage":8,"enemies":"Shell Parasite","floor":22,"turns":4},{"damage":18,"enemies":"Sentry and Sphere","floor":23,"turns":4},{"damage":47,"enemies":"Book of Stabbing","floor":24,"turns":5}],"seed_played":"-7650334093025379078","potions_obtained":[{"floor":3,"key":"BlessingOfTheForge"},{"floor":4,"key":"Ancient Potion"},{"floor":9,"key":"BloodPotion"},{"floor":14,"key":"Ancient Potion"}],"is_trial":false,"path_per_floor":["M","M","M","M","M","M","R","E","M","T","M","R","$","M","$","R","B",null,"M","$","?","M","M","E"],"character_chosen":"IRONCLAD","items_purchased":["MerchantsRug","Bloodletting","The Bomb"],"campfire_rested":0,"item_purchase_floors":[13,15,20],"current_hp_per_floor":[72,72,72,72,66,69,69,60,53,53,67,67,67,70,70,70,8,72,60,60,60,58,46,0,0],"gold":65,"neow_bonus":"REMOVE_TWO","is_daily":false,"chose_seed":false,"campfire_upgraded":3,"win_rate":0.0,"timestamp":1608067767,"path_taken":["M","M","M","M","M","R","E","M","T","M","R","$","M","$","R","BOSS","M","$","?","M","M","E"],"items_purchased_type":["Relic","Card","Card"],"build_version":"2020-12-13","purchased_purges":1,"victory":false,"max_hp_per_floor":[72,72,72,72,72,72,72,72,72,72,72,72,72,72,72,72,72,72,72,72,72,72,72,72,72],"card_choices":[{"not_picked":["Clothesline","Dropkick"],"picked":"Sword Boomerang","floor":2},{"not_picked":["Armaments","Perfected Strike"],"picked":"Anger","floor":3},{"not_picked":["Flex","Heavy Blade","Juggernaut"],"picked":"SKIP","floor":4},{"not_picked":["Flex","Heavy Blade","Juggernaut"],"picked":"SKIP","floor":4},{"not_picked":["Dual Wield","hubris:ReadiedAction"],"picked":"Shrug It Off","floor":5},{"not_picked":["Armaments","Body Slam"],"picked":"Anger","floor":6},{"not_picked":["Wild Strike","Metallicize"],"picked":"Combust","floor":8},{"not_picked":["Wild Strike","Sever Soul","Shockwave"],"picked":"SKIP","floor":9},{"not_picked":["Infernal Blade","Body Slam","Feel No Pain"],"picked":"SKIP","floor":11},{"not_picked":["Whirlwind","Evolve","Anger"],"picked":"SKIP","floor":14},{"not_picked":["Battle Trance","Whirlwind"],"picked":"Reckless Charge+1","floor":19},{"not_picked":["Perfected Strike","Ghostly Armor","Flex+1"],"picked":"SKIP","floor":22},{"not_picked":["Anger","Dual Wield"],"picked":"Rupture+1","floor":23}],"player_experience":361297,"relics_obtained":[{"floor":8,"key":"Self Forming Clay"},{"floor":10,"key":"hubris:TinFlute"}],"event_choices":[],"is_beta":false,"boss_relics":[{"not_picked":["hubris:VirtuousBlindfold","Cursed Key"],"picked":"Sozu"}],"items_purged_floors":[20],"is_endless":false,"potions_floor_spawned":[3,4,9,14,23],"killed_by":"Book of Stabbing","ascension_level":0}}