{"host":"d1za9dvx43o9v494","time":1608039722,"event":{"mods":["2.2 Compatiblity","BaseMod","Better-Laid Plans","Colored Map","Downfall","Emptier Cage","Minty Spire (QoL Compilation)","Permanent Neow","StSLib"],"gold_per_floor":[99,129,146,160,160,188,212,137,150,75,89,74,74,85,103,201,201,201,43,60,60,77,162,162,73,173,200,200,220,230,249,268,371,371,296,310,96,110,110,144,197,357,385,397,423,423,150,165,181,181,181,206,12,12,12],"floor_reached":56,"playtime":5749,"items_purged":["champ:Defend","champ:Defend","champ:Defend","champ:Defend","champ:Strike+1"],"score":1340,"play_id":"dd24caa1-acd4-4c03-909d-58a1e5bfdca2","local_time":"20201215164202","is_ascension_mode":true,"campfire_choices":[{"data":"champ:Taunt","floor":1.0,"key":"SMITH"},{"data":"champ:Lariat","floor":5.0,"key":"SMITH"},{"floor":8.0,"key":"RECALL"},{"data":"champ:Lariat","floor":10.0,"key":"SMITH"},{"data":"champ:HoldFirm","floor":18,"key":"SMITH"},{"data":"champ:EnragedBash","floor":21,"key":"SMITH"},{"data":"champ:CalledShot","floor":35,"key":"SMITH"},{"data":"champ:Improvising","floor":39,"key":"SMITH"},{"data":"expansioncontent:DashGenerateEvil","floor":54,"key":"SMITH"}],"circlet_count":0,"master_deck":["champ:Strike+1","champ:Execute","champ:Taunt+1","champ:EnragedBash+1","champ:Lariat+1","champ:EnragedBash","champ:Lariat+1","champ:HoldFirm+1","champ:AdrenalArmor","champ:IgnorePain","champ:Aggression+1","champ:EndlessRage","champ:CalledShot+1","champ:Improvising+1","champ:BerserkerStyle","champ:DeathBlow+1","champ:FaceSlap+1","champ:FocusedBerserking+1","champ:BerserkerStyle","champ:EnchantSword","expansioncontent:DashGenerateEvil+1"],"relics":["champ:ChampionCrown","Centennial Puzzle","champ:FightingForDummies","sneckomod:BlankCard","downfall:HeartBlessingGreen","downfall:HeartBlessingRed","sneckomod:SneckoTalon","champ:BlackKnightHelmet","Bottled Flame","Smiling Mask","champ:DefensiveTrainingManual","SlaversCollar","downfall:HeartBlessingBlue","Membership Card","Pen Nib","Whetstone","Happy Flower","champ:BerserkersGuideToSlaughter","champ:GladiatorsBookOfMartialProwess","CeramicFish","Strange Spoon","StoneCalendar","champ:SignatureFinisher"],"acts_visited":["Exordium","TheCity","TheBeyond","TheEnding"],"potions_floor_usage":[16,16,40,55],"damage_taken":[{"damage":82.0,"enemies":"3 Sentries","floor":2.0,"turns":11.0},{"damage":20.0,"enemies":"Cultist","floor":3.0,"turns":5.0},{"damage":28.0,"enemies":"Jaw Worm","floor":4.0,"turns":4.0},{"damage":79.0,"enemies":"Lagavulin","floor":6.0,"turns":9.0},{"damage":27.0,"enemies":"Small Slimes","floor":9.0,"turns":5.0},{"damage":25.0,"enemies":"2 Fungi Beasts","floor":11.0,"turns":3.0},{"damage":21.0,"enemies":"downfall:FleeingMerchant","floor":12.0,"turns":4.0},{"damage":30,"enemies":"3 Louse","floor":14,"turns":5},{"damage":43,"enemies":"Exordium Wildlife","floor":15,"turns":7},{"damage":77,"enemies":"downfall:Ironclad","floor":16,"turns":10},{"damage":37,"enemies":"downfall:FleeingMerchant","floor":19,"turns":4},{"damage":58,"enemies":"Shell Parasite","floor":20,"turns":6},{"damage":82,"enemies":"Sentry and Sphere","floor":22,"turns":7},{"damage":34,"enemies":"downfall:FleeingMerchant","floor":25,"turns":4},{"damage":146,"enemies":"downfall:FleeingMerchant","floor":26,"turns":8},{"damage":85,"enemies":"Slavers","floor":27,"turns":5},{"damage":74,"enemies":"Shelled Parasite and Fungi","floor":29,"turns":4},{"damage":56,"enemies":"Centurion and Healer","floor":30,"turns":4},{"damage":35,"enemies":"3 Cultists","floor":31,"turns":2},{"damage":23,"enemies":"Cultist and Chosen","floor":32,"turns":4},{"damage":60,"enemies":"downfall:Silent","floor":33,"turns":6},{"damage":60,"enemies":"3 Darklings","floor":36,"turns":4},{"damage":63,"enemies":"downfall:FleeingMerchant","floor":37,"turns":4},{"damage":69,"enemies":"3 Shapes","floor":38,"turns":6},{"damage":90,"enemies":"Giant Head","floor":40,"turns":6},{"damage":35,"enemies":"downfall:FleeingMerchant","floor":42,"turns":2},{"damage":146,"enemies":"Nemesis","floor":43,"turns":5},{"damage":86,"enemies":"Transient","floor":44,"turns":5},{"damage":84,"enemies":"4 Shapes","floor":48,"turns":8},{"damage":50,"enemies":"Writhing Mass","floor":49,"turns":4},{"damage":57,"enemies":"downfall:Watcher","floor":50,"turns":4},{"damage":112,"enemies":"downfall:CharBossMerchant","floor":52,"turns":6},{"damage":218,"enemies":"downfall:NeowBoss","floor":55,"turns":16}],"seed_played":"6832056327190386449","potions_obtained":[{"floor":3.0,"key":"DistilledChaos"},{"floor":4.0,"key":"FairyPotion"},{"floor":11.0,"key":"BlessingOfTheForge"},{"floor":14,"key":"SmokeBomb"},{"floor":15,"key":"SteroidPotion"},{"floor":16,"key":"SteroidPotion"},{"floor":20,"key":"Fire Potion"},{"floor":43,"key":"SkillPotion"},{"floor":49,"key":"champ:UltimateStancePotion"}],"is_trial":false,"path_per_floor":["R","E","M","M","R","E","T","R","M","R","M","$","?","M","M","B",null,"R","$","M","R","M","?","T","$","?","E","?","M","M","M","M","B",null,"R","M","$","M","R","E","T","$","E","M","T","?","$","M","M","B",null,"E","$","R","B",null],"character_chosen":"THE_CHAMP","items_purchased":["champ:EndlessRage","champ:BerserkerStyle","Membership Card","Happy Flower","champ:BerserkersGuideToSlaughter","Strange Spoon","champ:EnchantSword","expansioncontent:DashGenerateEvil","champ:SignatureFinisher"],"campfire_rested":0,"item_purchase_floors":[19,25,37,42,42,47,47,47,53],"current_hp_per_floor":[90,42,42,36,36,44,44,44,44,44,44,44,44,44,44,24,90,90,90,90,90,90,72,72,90,90,89,89,90,90,90,90,90,90,100,100,100,100,100,100,100,100,100,100,100,100,100,100,100,100,100,100,100,100,100],"gold":12,"neow_bonus":"TRANSFORM_CARD","is_daily":false,"chose_seed":false,"campfire_upgraded":8,"win_rate":0.0,"timestamp":1608039722,"path_taken":["R","E","?","M","R","E","T","R","M","R","M","$","?","?","M","BOSS","R","$","M","R","M","?","T","$","?","E","?","M","M","?","M","BOSS","R","M","?","M","R","E","T","$","E","?","?","?","$","M","M","BOSS","E","$","R","BOSS"],"items_purchased_type":["Card","Card","Relic","Relic","Relic","Relic","Card","Card","Relic"],"build_version":"2020-12-13","purchased_purges":5,"victory":true,"max_hp_per_floor":[90,90,90,90,90,90,90,90,90,90,90,90,90,90,90,90,90,90,90,90,90,90,90,90,90,90,90,90,90,90,90,90,90,90,100,100,100,100,100,100,100,100,100,100,100,100,100,100,100,100,100,100,100,100,100],"card_choices":[{"not_picked":["champ:FalseCounter","champ:PerfectedStrike"],"picked":"champ:Lariat","floor":2.0},{"not_picked":["champ:BerserkersShout","champ:SwordSigil"],"picked":"champ:EnragedBash","floor":3.0},{"not_picked":["champ:Backstep","champ:DefensiveShout","champ:RapidStrikes"],"picked":"SKIP","floor":4.0},{"not_picked":["champ:TornadoPunch","champ:EnGarde"],"picked":"champ:Lariat","floor":6.0},{"not_picked":["champ:FaceSlap","champ:BladeFlurry","champ:GladiatorStyle"],"picked":"SKIP","floor":9.0},{"not_picked":["champ:Encircle","champ:RageSigil","champ:FaceSlap"],"picked":"SKIP","floor":11.0},{"not_picked":["champ:DeathBlow","champ:Haymaker"],"picked":"champ:HoldFirm","floor":12.0},{"not_picked":["champ:Circumvent","champ:Riposte"],"picked":"champ:AdrenalArmor","floor":14},{"not_picked":["champ:GladiatorsShout","champ:ShieldSigil","champ:Haymaker"],"picked":"SKIP","floor":15},{"not_picked":["champ:HeavySlash","champ:EnchantCrown"],"picked":"champ:IgnorePain","floor":16},{"not_picked":["champ:LastStand","champ:GutPunch+1"],"picked":"champ:Aggression+1","floor":19},{"not_picked":["champ:BladeFlurry","champ:SwordSigil+1","champ:PerfectedStrike"],"picked":"SKIP","floor":20},{"not_picked":["champ:BladeFlurry","champ:TornadoPunch"],"picked":"champ:CalledShot","floor":22},{"not_picked":["champ:FocusedDefense+1","champ:DeathBlow+1"],"picked":"champ:Improvising","floor":25},{"not_picked":["champ:DefensiveShout+1","champ:BladeFlurry"],"picked":"champ:DeathBlow+1","floor":26},{"not_picked":["champ:ShieldThrow","champ:AdrenalArmor+1","champ:PreciseThrust+1"],"picked":"SKIP","floor":27},{"not_picked":["champ:Encircle","champ:TornadoPunch"],"picked":"champ:FaceSlap+1","floor":29},{"not_picked":["champ:DeathBlow","champ:Haymaker","champ:DefensiveStyle"],"picked":"SKIP","floor":30},{"not_picked":["champ:FalseCounter","champ:ShieldSigil+1","champ:GladiatorsShout+1"],"picked":"SKIP","floor":31},{"not_picked":["champ:EnGarde","champ:GladiatorStyle","champ:CalledShot"],"picked":"SKIP","floor":32},{"not_picked":["champ:BringItOn+1","champ:BladeFlurry+1","champ:Haymaker+1"],"picked":"SKIP","floor":36},{"not_picked":["champ:RecklessLeap","champ:StanceDance","champ:SkillfulDodge+1"],"picked":"SKIP","floor":37},{"not_picked":["champ:SwordSigil+1","champ:FanOfKnives+1","champ:Haymaker"],"picked":"SKIP","floor":38},{"not_picked":["champ:FanOfKnives","champ:MurderStrike"],"picked":"champ:FocusedBerserking+1","floor":40},{"not_picked":["champ:ShieldSigil","champ:AdrenalArmor+1","champ:TornadoPunch"],"picked":"SKIP","floor":42},{"not_picked":["champ:BladeFlurry","champ:FanOfKnives"],"picked":"champ:BerserkerStyle","floor":43},{"not_picked":["champ:PreciseThrust","champ:BringItOn+1","champ:ViciousMockery"],"picked":"SKIP","floor":44},{"not_picked":["champ:Duel+1","champ:Backstep","champ:BladeFlurry+1"],"picked":"SKIP","floor":48},{"not_picked":["champ:Haymaker+1","champ:FalseCounter+1","champ:Encircle"],"picked":"SKIP","floor":49},{"not_picked":["champ:HoldFirm","champ:Backstep+1","champ:Shatter"],"picked":"SKIP","floor":52}],"player_experience":592926,"relics_obtained":[{"floor":2.0,"key":"Centennial Puzzle"},{"floor":6.0,"key":"champ:FightingForDummies"},{"floor":7.0,"key":"sneckomod:BlankCard"},{"floor":26,"key":"champ:BlackKnightHelmet"},{"floor":26,"key":"Bottled Flame"},{"floor":27,"key":"Smiling Mask"},{"floor":40,"key":"Pen Nib"},{"floor":41,"key":"Whetstone"},{"floor":43,"key":"champ:GladiatorsBookOfMartialProwess"},{"floor":45,"key":"CeramicFish"},{"floor":52,"key":"StoneCalendar"}],"event_choices":[{"cards_removed":["champ:Strike"],"damage_healed":0.0,"max_hp_gain":0.0,"max_hp_loss":0.0,"gold_gain":0.0,"event_name":"Bonfire Elementals","player_choice":"Offered Basic","floor":13.0,"gold_loss":0.0,"damage_taken":0.0}],"is_beta":false,"boss_relics":[{"not_picked":["Astrolabe","Snecko Eye"],"picked":"sneckomod:SneckoTalon"},{"not_picked":["Velvet Choker","Runic Pyramid"],"picked":"SlaversCollar"}],"items_purged_floors":[19,37,42,47,53],"is_endless":false,"potions_floor_spawned":[3,4,11,14,15,16,20,26,30,31,32,33,38,43,48,49],"ascension_level":1}}