{"host":"cyh4fejqtcjbfr7k","time":1608015656,"event":{"mods":["2.2 Compatiblity","AchievementEnabler","BaseMod","Colored Map","Colored Powertips","DeckTracker","Downfall","Googly Eyes","Hubris","Infinite Spire","Minty Spire (QoL Compilation)","Replay The Spire","Shop Mod","StSLib","SuperFastMode","The Disciple","Unceasing Turn Reminder"],"gold_per_floor":[112,112,112,127,127,127,158,186,198,243,255,287,299,339,351,458,470,494,506,219,233,233,233,233,233,233,233,233,243,243,243,243],"floor_reached":31,"playtime":894,"items_purged":[],"score":288,"play_id":"7414ef25-8cc9-4ff3-a8c3-03c13ca244ba","local_time":"20201215000056","is_ascension_mode":true,"campfire_choices":[{"data":"Zap","floor":6,"key":"SMITH"},{"floor":11,"key":"REST"},{"floor":13,"key":"REST"},{"data":"Defragment","floor":15,"key":"SMITH"},{"floor":23,"key":"REST"},{"floor":25,"key":"REST"}],"circlet_count":0,"master_deck":["Strike_B+1","Strike_B+1","Strike_B+1","Strike_B+1","Defend_B+1","Defend_B+1","Defend_B+1","Defend_B+1","Zap+1","Dualcast","Streamline","Ball Lightning","White Noise","Capacitor","Defragment+1","Barrage","Heatsinks","Creative AI+1","Hello World","FIFO Queue+1","Ball Lightning","Steam","infinitespire:Fortify"],"relics":["Cracked Core","NeowsBlessing","MawBank","Geode","PreservedInsect","Du-Vu Doll","Bottled Tornado","Replay:Mystery Machine","hubris:Backtick","Mummified Hand","TungstenRod"],"acts_visited":["Exordium","TheCity"],"potions_floor_usage":[18,21,29],"damage_taken":[{"damage":0,"enemies":"Jaw Worm","floor":1,"turns":1},{"damage":0,"enemies":"Cultist","floor":4,"turns":1},{"damage":0,"enemies":"Lagavulin","floor":7,"turns":1},{"damage":0,"enemies":"Small Slimes","floor":8,"turns":2},{"damage":31,"enemies":"3 Sentries","floor":10,"turns":5},{"damage":13,"enemies":"Exordium Wildlife","floor":12,"turns":4},{"damage":13,"enemies":"Lagavulin","floor":14,"turns":4},{"damage":42,"enemies":"Fading Forest","floor":16,"turns":11},{"damage":24,"enemies":"Shell Parasite","floor":18,"turns":7},{"damage":35,"enemies":"Spheric Guardian","floor":21,"turns":5},{"damage":34,"enemies":"Colosseum Slavers","floor":28,"turns":5},{"damage":22,"enemies":"Centurion and Healer","floor":29,"turns":7},{"damage":5,"enemies":"Shelled Parasite and Fungi","floor":31,"turns":1}],"seed_played":"3853513606299301187","potions_obtained":[{"floor":4,"key":"DuplicationPotion"},{"floor":8,"key":"Toxic Potion"},{"floor":12,"key":"champ:CounterPotion"},{"floor":16,"key":"Block Potion"},{"floor":21,"key":"Fire Potion"}],"is_trial":false,"path_per_floor":["M","$","?","M","$","R","E","M","T","E","R","M","R","E","R","B",null,"M","?","$","M","?","R","?","R","T","?","?","M","AVR","M"],"character_chosen":"DEFECT","items_purchased":["FIFO Queue+1","Bottled Tornado"],"campfire_rested":4,"item_purchase_floors":[20,20],"current_hp_per_floor":[75,75,75,75,75,75,75,75,75,44,66,53,75,62,62,30,75,51,51,51,16,16,38,38,60,60,60,26,4,4,0,0],"gold":243,"neow_bonus":"THREE_ENEMY_KILL","is_daily":false,"chose_seed":false,"campfire_upgraded":2,"win_rate":0.0,"timestamp":1608015656,"path_taken":["M","$","?","M","?","R","E","M","T","E","R","M","R","E","R","BOSS","M","?","$","?","?","R","?","R","T","?","?","M","AVR","M"],"items_purchased_type":["Card","Relic"],"build_version":"2020-12-13","purchased_purges":0,"victory":false,"max_hp_per_floor":[75,75,75,75,75,75,75,75,75,75,75,75,75,75,75,75,75,75,75,75,75,75,75,75,75,75,75,75,75,75,75,75],"card_choices":[{"not_picked":["ReplayTheSpireMod:System Scan","Panic Button"],"picked":"Streamline","floor":1},{"not_picked":["Genetic Algorithm","Stack"],"picked":"Ball Lightning","floor":4},{"not_picked":["Barrage","Ball Lightning"],"picked":"White Noise","floor":7},{"not_picked":["Barrage","Glacier"],"picked":"Capacitor","floor":8},{"not_picked":["Coolheaded","Hyperbeam"],"picked":"Defragment","floor":10},{"not_picked":["Leap","ReplayTheSpireMod:Reroute Power"],"picked":"Barrage","floor":12},{"not_picked":["Rebound","Beam Cell"],"picked":"Heatsinks","floor":14},{"not_picked":["Rainbow","Electrodynamics"],"picked":"Creative AI","floor":16},{"not_picked":["Consume+1","Barrage"],"picked":"Hello World","floor":18},{"not_picked":["Streamline+1","Coolheaded+1"],"picked":"Ball Lightning","floor":21},{"not_picked":["Rebound","Turbo+1"],"picked":"Steam","floor":29}],"player_experience":579404,"relics_obtained":[{"floor":7,"key":"MawBank"},{"floor":9,"key":"Geode"},{"floor":10,"key":"PreservedInsect"},{"floor":14,"key":"Du-Vu Doll"},{"floor":26,"key":"Replay:Mystery Machine"}],"event_choices":[{"damage_healed":0,"gold_gain":0,"player_choice":"Leave","damage_taken":0,"max_hp_gain":0,"max_hp_loss":0,"event_name":"FaceTrader","floor":3,"gold_loss":0},{"damage_healed":0,"gold_gain":0,"player_choice":"Forge","damage_taken":0,"max_hp_gain":0,"max_hp_loss":0,"event_name":"Accursed Blacksmith","floor":19,"gold_loss":0,"cards_upgraded":["Creative AI"]},{"damage_healed":0,"gold_gain":0,"player_choice":"Simplicity","damage_taken":0,"max_hp_gain":0,"max_hp_loss":0,"event_name":"Back to Basics","floor":22,"gold_loss":0,"cards_upgraded":["Strike_B","Strike_B","Strike_B","Strike_B","Defend_B","Defend_B","Defend_B","Defend_B"]},{"damage_healed":0,"gold_gain":0,"player_choice":"Fight","damage_taken":0,"max_hp_gain":0,"max_hp_loss":0,"event_name":"Colosseum","floor":28,"gold_loss":0},{"damage_healed":0,"gold_gain":0,"player_choice":"Fled From Nobs","damage_taken":0,"max_hp_gain":0,"max_hp_loss":0,"event_name":"Colosseum","floor":28,"gold_loss":0}],"is_beta":false,"boss_relics":[{"not_picked":["hubris:RunicObelisk","Calling Bell","FrozenCore"]}],"items_purged_floors":[],"is_endless":false,"potions_floor_spawned":[4,8,12,14,16,21,28],"killed_by":"Shelled Parasite and Fungi","ascension_level":1}}