{"host":"32dedufnxebqtmo3","time":1608001416,"event":{"mods":["AchievementEnabler","BaseMod","Better Third Choice","Card Filter","Colored Powertips","Defuse TimeMaze Blight","Downfall","GifTheSpireLib","Minty Spire (QoL Compilation)","Permanent Neow","Relic Filter","Relic Stats","Remove Card Discount Mod","Shop Mod","StSLib","The Cursed","Unceasing Turn Reminder"],"gold_per_floor":[99,118,135,185,204,235,235,257,257,292,292,306,229,67,85,188,188,113,123,150,150,165,5,5,5,21,53,71,412,427,454,467,565,565,415,431,202,202,216,249,321,332,332,332,352,366,206,206,219,219,219,249,133,133,133],"floor_reached":56,"playtime":5556,"items_purged":["champ:Strike","champ:Strike","champ:Strike","champ:Defend","champ:Strike","champ:Defend","champ:HeavySlash","champ:Defend+1","Shame","champ:CrookedStrike","champ:BerserkerStyle"],"score":1279,"play_id":"9975395c-b89e-45d7-b42a-e559595568bb","local_time":"20201214190336","is_ascension_mode":false,"campfire_choices":[{"data":"champ:Taunt","floor":1,"key":"SMITH"},{"data":"champ:Duel","floor":9,"key":"SMITH"},{"floor":18,"key":"RECALL"},{"data":"champ:Encircle","floor":25,"key":"SMITH"},{"data":"champ:AdrenalArmor","floor":35,"key":"SMITH"},{"data":"champ:AdrenalArmor","floor":38,"key":"SMITH"},{"data":"champ:Improvising","floor":44,"key":"SMITH"},{"data":"champ:EnragedBash","floor":54,"key":"SMITH"}],"circlet_count":0,"master_deck":["champ:Defend+1","champ:Execute","champ:Taunt+1","champ:Duel+1","champ:RisingSlash","champ:RisingSlash","champ:ShieldWall","champ:EnragedBash+1","champ:Circumvent","champ:Encircle+1","champ:Circumvent","champ:Circumvent","champ:AdrenalArmor+1","champ:AdrenalArmor+1","champ:Improvising+1","champ:AdrenalArmor+1","champ:GutPunch","champ:Duel+1","champ:Taunt+1"],"relics":["champ:ChampionCrown","Nunchaku","Gremlin Horn","CaptainsWheel","Odd Mushroom","Mummified Hand","Philosopher\u0027s Stone","downfall:HeartBlessingGreen","Medical Kit","Eternal Feather","Anchor","Cursed Key","downfall:HeartBlessingRed","downfall:HeartBlessingBlue","Guardian:PocketSentry","Thread and Needle","Kunai","champ:BerserkersGuideToSlaughter","Bottled Lightning","MerchantsRug"],"acts_visited":["Exordium","TheCity","TheBeyond","TheEnding"],"potions_floor_usage":[13,29,52],"damage_taken":[{"damage":11,"enemies":"Cultist","floor":2,"turns":4},{"damage":0,"enemies":"2 Louse","floor":3,"turns":3},{"damage":6,"enemies":"Jaw Worm","floor":5,"turns":2},{"damage":25,"enemies":"Gremlin Nob","floor":6,"turns":4},{"damage":18,"enemies":"The Mushroom Lair","floor":8,"turns":4},{"damage":58,"enemies":"3 Sentries","floor":10,"turns":9},{"damage":12,"enemies":"Blue Slaver","floor":12,"turns":3},{"damage":5,"enemies":"downfall:FleeingMerchant","floor":13,"turns":4},{"damage":21,"enemies":"downfall:FleeingMerchant","floor":14,"turns":4},{"damage":26,"enemies":"Exordium Thugs","floor":15,"turns":4},{"damage":95,"enemies":"downfall:Silent","floor":16,"turns":9},{"damage":27,"enemies":"3 Byrds","floor":19,"turns":4},{"damage":87,"enemies":"Gremlin Leader","floor":20,"turns":10},{"damage":31,"enemies":"Centurion and Healer","floor":22,"turns":6},{"damage":46,"enemies":"downfall:FleeingMerchant","floor":23,"turns":4},{"damage":51,"enemies":"Cultist and Chosen","floor":26,"turns":5},{"damage":22,"enemies":"Book of Stabbing","floor":27,"turns":5},{"damage":2,"enemies":"Snake Plant","floor":28,"turns":3},{"damage":43,"enemies":"downfall:FleeingMerchant","floor":29,"turns":3},{"damage":41,"enemies":"Centurion and Healer","floor":30,"turns":6},{"damage":47,"enemies":"Cultist and Chosen","floor":32,"turns":4},{"damage":98,"enemies":"downfall:Watcher","floor":33,"turns":7},{"damage":81,"enemies":"3 Darklings","floor":36,"turns":5},{"damage":38,"enemies":"Orb Walker","floor":39,"turns":3},{"damage":69,"enemies":"Reptomancer","floor":40,"turns":4},{"damage":95,"enemies":"3 Darklings","floor":42,"turns":5},{"damage":76,"enemies":"Writhing Mass","floor":45,"turns":6},{"damage":106,"enemies":"Maw","floor":46,"turns":6},{"damage":124,"enemies":"Transient","floor":49,"turns":5},{"damage":82,"enemies":"downfall:Defect","floor":50,"turns":6},{"damage":110,"enemies":"downfall:CharBossMerchant","floor":52,"turns":8},{"damage":136,"enemies":"downfall:NeowBoss","floor":55,"turns":20}],"seed_played":"-8267829957982057412","potions_obtained":[{"floor":2,"key":"Ancient Potion"},{"floor":3,"key":"FairyPotion"},{"floor":12,"key":"Fire Potion"},{"floor":15,"key":"SpeedPotion"},{"floor":16,"key":"champ:UltimateStancePotion"},{"floor":30,"key":"sneckomod:MuddlingPotion"},{"floor":33,"key":"champ:CounterPotion"},{"floor":52,"key":"FairyPotion"}],"is_trial":false,"path_per_floor":["R","M","M","T","M","E","T","?","R","E","?","M","$","$","M","B",null,"R","M","E","?","M","$","T","R","M","E","M","$","M","T","M","B",null,"R","M","$","R","M","E","T","M","?","R","M","M","$","?","M","B",null,"E","$","R","B",null],"character_chosen":"THE_CHAMP","items_purchased":["champ:Circumvent","Lee\u0027s Waffle","Medical Kit","Guardian:PocketSentry","champ:GutPunch","champ:BerserkersGuideToSlaughter","MerchantsRug"],"campfire_rested":0,"item_purchase_floors":[13,14,23,37,37,47,53],"current_hp_per_floor":[90,89,89,89,89,75,75,69,69,37,34,22,22,97,85,26,97,97,93,80,80,78,71,71,77,67,61,61,59,59,59,59,51,102,112,87,87,96,96,96,96,78,78,87,87,78,78,78,78,78,112,75,75,84,62],"gold":133,"neow_bonus":"ONE_RANDOM_RARE_CARD","is_daily":false,"chose_seed":false,"campfire_upgraded":7,"win_rate":0.0,"timestamp":1608001416,"path_taken":["R","M","M","?","M","E","T","?","R","E","?","M","?","$","M","BOSS","R","M","E","?","M","$","T","R","M","E","M","?","M","?","M","BOSS","R","M","$","R","M","E","T","M","?","R","M","M","$","?","M","BOSS","E","$","R","BOSS"],"items_purchased_type":["Card","Relic","Relic","Relic","Card","Relic","Relic"],"build_version":"2020-12-13","purchased_purges":11,"victory":true,"max_hp_per_floor":[90,90,90,90,90,90,90,90,90,90,90,90,90,97,97,97,97,97,97,102,102,102,102,102,102,102,102,102,102,102,102,102,102,102,112,112,112,112,112,112,112,112,112,112,112,112,112,112,112,112,112,112,112,112,112],"relic_stats":{"Nunchaku":[47],"Gremlin Horn":[29,29],"counters":[32,174],"Mummified Hand":[43],"Eternal Feather":33,"Kunai":[36],"Medical Kit":[2],"Cursed Key":1,"obtain_stats":[{"MerchantsRug":53,"Lee\u0027s Waffle":14,"Gremlin Horn":6,"downfall:HeartBlessingRed":35,"champ:ChampionCrown":0,"downfall:HeartBlessingGreen":18,"Eternal Feather":24,"Thread and Needle":40,"Guardian:PocketSentry":37,"Odd Mushroom":8,"War Paint":20,"Medical Kit":23,"Cursed Key":34,"Nunchaku":4,"CaptainsWheel":7,"Anchor":27,"Mummified Hand":10,"downfall:HeartBlessingBlue":35,"DollysMirror":52,"Philosopher\u0027s Stone":17,"Kunai":41,"champ:BerserkersGuideToSlaughter":47,"Bottled Lightning":52},{"MerchantsRug":31,"Lee\u0027s Waffle":9,"Gremlin Horn":4,"downfall:HeartBlessingRed":22,"champ:ChampionCrown":0,"downfall:HeartBlessingGreen":11,"Eternal Feather":15,"Thread and Needle":25,"Guardian:PocketSentry":23,"Odd Mushroom":5,"War Paint":13,"Medical Kit":15,"Cursed Key":22,"Nunchaku":2,"CaptainsWheel":4,"Anchor":17,"Mummified Hand":6,"downfall:HeartBlessingBlue":22,"DollysMirror":31,"Philosopher\u0027s Stone":11,"Kunai":25,"champ:BerserkersGuideToSlaughter":28,"Bottled Lightning":31},{"MerchantsRug":154,"Lee\u0027s Waffle":37,"Gremlin Horn":13,"downfall:HeartBlessingRed":107,"champ:ChampionCrown":0,"downfall:HeartBlessingGreen":50,"Eternal Feather":74,"Thread and Needle":118,"Guardian:PocketSentry":112,"Odd Mushroom":17,"War Paint":64,"Medical Kit":74,"Cursed Key":107,"Nunchaku":7,"CaptainsWheel":13,"Anchor":84,"Mummified Hand":26,"downfall:HeartBlessingBlue":107,"DollysMirror":154,"Philosopher\u0027s Stone":50,"Kunai":118,"champ:BerserkersGuideToSlaughter":135,"Bottled Lightning":154}]},"card_choices":[{"not_picked":["champ:DefensiveShout","champ:SkillfulDodge"],"picked":"champ:Duel","floor":2},{"not_picked":["champ:Haymaker","champ:FanOfKnives"],"picked":"champ:RisingSlash","floor":3},{"not_picked":["champ:PerfectedStrike","champ:DefensiveShout"],"picked":"champ:RisingSlash","floor":5},{"not_picked":["champ:FalseCounter","champ:Shatter"],"picked":"champ:FightOn","floor":6},{"not_picked":["champ:HeartStrike","champ:Haymaker"],"picked":"champ:ShieldWall","floor":10},{"not_picked":["champ:GutPunch","champ:ViciousMockery"],"picked":"champ:EnragedBash","floor":12},{"not_picked":["champ:FalseCounter","champ:EnGarde","champ:FanOfKnives"],"picked":"SKIP","floor":13},{"not_picked":["champ:IronFortress","champ:FanOfKnives","champ:FightOn"],"picked":"SKIP","floor":14},{"not_picked":["champ:ShieldWall","champ:GladiatorsShout"],"picked":"champ:Encircle","floor":15},{"not_picked":["champ:GladiatorsShout","champ:Haymaker"],"picked":"champ:Circumvent","floor":19},{"not_picked":["champ:FaceSlap","champ:Lariat","champ:TornadoPunch"],"picked":"SKIP","floor":20},{"not_picked":["champ:StanceDance","champ:HeartStrike+1","champ:FalseCounter+1"],"picked":"SKIP","floor":22},{"not_picked":["champ:Lariat","champ:FanOfKnives+1","champ:DefensiveShout"],"picked":"SKIP","floor":23},{"not_picked":["champ:BerserkersShout","champ:FaceSlap","champ:DefensiveShout"],"picked":"SKIP","floor":26},{"not_picked":["champ:MurderStrike","champ:FalseCounter+1"],"picked":"champ:Circumvent","floor":27},{"not_picked":["champ:RecklessLeap","champ:PreciseThrust"],"picked":"champ:AdrenalArmor+1","floor":28},{"not_picked":["champ:PerfectedStrike","champ:ShieldWall"],"picked":"champ:AdrenalArmor","floor":29},{"not_picked":["champ:RisingSlash","champ:PerfectedStrike"],"picked":"champ:CrookedStrike","floor":30},{"not_picked":["champ:PreciseThrust","champ:CrookedStrike","champ:BerserkersShout"],"picked":"SKIP","floor":32},{"not_picked":["champ:PerfectForm","champ:SteelEdge"],"picked":"champ:Improvising","floor":33},{"not_picked":["champ:RapidStrikes","champ:FanOfKnives+1"],"picked":"champ:AdrenalArmor","floor":36},{"not_picked":["champ:EnGarde+1","champ:RisingSlash","champ:IronFortress"],"picked":"SKIP","floor":39},{"not_picked":["champ:ViciousMockery","champ:Lariat","champ:BerserkersShout+1"],"picked":"SKIP","floor":40},{"not_picked":["champ:RecklessLeap+1","champ:DeathBlow","champ:ArenaPreparation"],"picked":"SKIP","floor":42},{"not_picked":["champ:RapidStrikes","champ:HeartStrike+1"],"picked":"champ:BerserkerStyle","floor":45},{"not_picked":["champ:Haymaker+1","champ:FanOfKnives+1","champ:Encircle+1"],"picked":"SKIP","floor":46},{"not_picked":["champ:PreciseThrust","champ:ViciousMockery","champ:EnGarde+1"],"picked":"SKIP","floor":49},{"not_picked":["champ:HeartStrike+1","champ:DefensiveShout+1"],"picked":"champ:Duel+1","floor":52}],"player_experience":777452,"relics_obtained":[{"floor":4,"key":"Nunchaku"},{"floor":6,"key":"Gremlin Horn"},{"floor":7,"key":"CaptainsWheel"},{"floor":8,"key":"Odd Mushroom"},{"floor":10,"key":"Mummified Hand"},{"floor":20,"key":"War Paint"},{"floor":24,"key":"Eternal Feather"},{"floor":27,"key":"Anchor"},{"floor":40,"key":"Thread and Needle"},{"floor":41,"key":"Kunai"},{"floor":52,"key":"DollysMirror"},{"floor":52,"key":"Bottled Lightning"}],"event_choices":[{"damage_healed":0,"gold_gain":0,"player_choice":"Fought Mushrooms","damage_taken":0,"max_hp_gain":0,"max_hp_loss":0,"event_name":"Mushrooms","floor":8,"gold_loss":0},{"damage_healed":0,"gold_gain":0,"player_choice":"LEAVE","damage_taken":3,"max_hp_gain":0,"max_hp_loss":0,"event_name":"betterThird:BetterScrap","floor":11,"gold_loss":0,"cards_obtained":["SpiritShield"]},{"damage_healed":0,"gold_gain":0,"player_choice":"Got Potions","damage_taken":0,"max_hp_gain":0,"max_hp_loss":0,"event_name":"Lab","floor":21,"gold_loss":0}],"is_beta":false,"boss_relics":[{"not_picked":["Ectoplasm","Pandora\u0027s Box"],"picked":"Philosopher\u0027s Stone"},{"not_picked":["Snecko Eye","Astrolabe"],"picked":"Cursed Key"}],"items_purged_floors":[13,13,13,13,23,29,29,37,47,47,47],"is_endless":false,"potions_floor_spawned":[2,3,12,15,16,20,27,28,30,33,36,42,46,52],"ascension_level":0}}