{"host":"pvedlq59if0kbxhz","time":1608067095,"event":{"mods":["Act Like it!","BaseMod","Downfall","Duelist Mod","Friendly Minions","GifTheSpireLib","Gold Saver","Hubris","Koishi","Minty Spire (QoL Compilation)","Replay The Spire","StSLib","The Bug Knight","The Servant 0.9.4"],"gold_per_floor":[157,177,193,204,204,204,204,204,230,271,271,286,301,59,59,180,180,201,219,243,257,111,111,111,111],"floor_reached":24,"playtime":1593,"items_purged":[],"score":200,"play_id":"51d17ee2-346f-46c1-ac2d-52abd24de9bd","local_time":"20201215161815","is_ascension_mode":false,"campfire_choices":[{"data":"Thunderclap","floor":6,"key":"SMITH"},{"data":"Run Through","floor":8,"key":"SMITH"},{"data":"Massacre","floor":11,"key":"SMITH"},{"data":"expansioncontent:DecasProtection","floor":15,"key":"SMITH"},{"data":"Replay:Many Hands","floor":23,"key":"SMITH"}],"circlet_count":0,"master_deck":["Strike_R","Strike_R","Strike_R","Strike_R","Defend_R","Defend_R","Defend_R","Defend_R","Bash","ReplayTheSpireMod:Stacked","ReplayTheSpireMod:Stacked","Armaments","Run Through+1","Thunderclap+1","Injury","Massacre+1","ReplayTheSpireMod:Limb From Limb","Iron Wave","expansioncontent:DecasProtection+1","Replay:Many Hands+1","Replay:Undeath\u0027s Touch","Entrench"],"relics":["Burning Blood","Golden Idol","Bag of Marbles","Shuriken","Happy Flower","Painkiller Herb","Blue Doll"],"acts_visited":["Exordium","TheCity"],"potions_floor_usage":[10,10,19,19,19,24],"damage_taken":[{"damage":7,"enemies":"2 Louse","floor":1,"turns":3},{"damage":0,"enemies":"Small Slimes","floor":2,"turns":3},{"damage":1,"enemies":"Jaw Worm","floor":3,"turns":7},{"damage":3,"enemies":"2 Fungi Beasts","floor":4,"turns":6},{"damage":20,"enemies":"3 Sentries","floor":10,"turns":6},{"damage":9,"enemies":"Exordium Wildlife","floor":12,"turns":4},{"damage":8,"enemies":"Large Slime","floor":13,"turns":6},{"damage":43,"enemies":"Hexaghost","floor":16,"turns":9},{"damage":21,"enemies":"Spheric Guardian","floor":18,"turns":5},{"damage":0,"enemies":"Chosen","floor":19,"turns":2},{"damage":47,"enemies":"Shelled Parasite and Fungi","floor":20,"turns":5},{"damage":10,"enemies":"Cultist and Chosen","floor":21,"turns":5},{"damage":53,"enemies":"Book of Stabbing","floor":24,"turns":7}],"seed_played":"3437998251735710388","potions_obtained":[{"floor":3,"key":"PowerPotion"},{"floor":4,"key":"Explosive Potion"},{"floor":12,"key":"Dexterity Potion"},{"floor":18,"key":"EntropicBrew"},{"floor":19,"key":"champ:CounterPotion"}],"is_trial":false,"path_per_floor":["M","M","M","M","?","R","?","R","T","E","R","M","M","$","R","B",null,"?","?","?","?","T","T","E"],"character_chosen":"IRONCLAD","items_purchased":["Happy Flower","expansioncontent:DecasProtection","Blue Doll"],"campfire_rested":0,"item_purchase_floors":[14,14,22],"current_hp_per_floor":[87,88,88,88,88,88,88,88,88,74,74,71,69,69,69,32,88,73,79,38,34,34,34,0,0],"gold":111,"neow_bonus":"TEN_PERCENT_HP_BONUS","is_daily":false,"chose_seed":false,"campfire_upgraded":5,"win_rate":0.0,"timestamp":1608067095,"path_taken":["M","M","M","M","?","R","?","R","T","E","R","M","M","$","R","BOSS","?","?","?","?","T","T","E"],"items_purchased_type":["Relic","Card","Relic"],"build_version":"2020-12-13","purchased_purges":0,"victory":false,"max_hp_per_floor":[88,88,88,88,88,88,88,88,88,88,88,88,88,88,88,88,88,88,88,88,88,88,88,88,88],"card_choices":[{"not_picked":["Twin Strike","Uppercut"],"picked":"ReplayTheSpireMod:Stacked","floor":1},{"not_picked":["Pommel Strike","Body Slam"],"picked":"ReplayTheSpireMod:Stacked","floor":2},{"not_picked":["Headbutt","Iron Wave"],"picked":"Armaments","floor":3},{"not_picked":["Perfected Strike","Intimidate"],"picked":"Run Through","floor":4},{"not_picked":["True Grit","ReplayTheSpireMod:Limb From Limb"],"picked":"Massacre","floor":10},{"not_picked":["Cleave","Second Wind"],"picked":"ReplayTheSpireMod:Limb From Limb","floor":12},{"not_picked":["Uppercut","Sword Boomerang"],"picked":"Iron Wave","floor":13},{"not_picked":["Berserk","Impervious"],"picked":"Replay:Many Hands","floor":16},{"not_picked":["ReplayTheSpireMod:Muscle Training","Searing Blow+1"],"picked":"Replay:Undeath\u0027s Touch","floor":18},{"not_picked":["Clothesline","Second Wind","Anger"],"picked":"SKIP","floor":19},{"not_picked":["Twin Strike+1","Perfected Strike"],"picked":"Entrench","floor":20},{"not_picked":["Second Wind","Whirlwind","Shrug It Off"],"picked":"SKIP","floor":21}],"player_experience":4307,"relics_obtained":[{"floor":9,"key":"Bag of Marbles"},{"floor":10,"key":"Shuriken"}],"event_choices":[{"damage_healed":0,"gold_gain":0,"cards_transformed":["Strike_R"],"player_choice":"Change","damage_taken":0,"max_hp_gain":0,"max_hp_loss":0,"event_name":"Living Wall","floor":5,"gold_loss":0,"cards_obtained":["Thunderclap"]},{"damage_healed":0,"gold_gain":0,"player_choice":"Take Wound","damage_taken":0,"relics_obtained":["Golden Idol"],"max_hp_gain":0,"max_hp_loss":0,"event_name":"Golden Idol","floor":7,"gold_loss":0,"cards_obtained":["Injury"]}],"is_beta":false,"boss_relics":[{"not_picked":["Philosopher\u0027s Stone","hubris:ScarierMask"],"picked":"Painkiller Herb"}],"items_purged_floors":[],"is_endless":false,"potions_floor_spawned":[3,4,12,18,19,21],"killed_by":"Book of Stabbing","ascension_level":0}}