{"host":"90jl2h70xtuoeg0i","time":1608019253,"event":{"mods":["AchievementEnabler","BaseMod","Colored Map","Colored Powertips","Minty Spire (QoL Compilation)","Relic Stats","ojb\u0027s Better Paths Mod","ojb\u0027s Info Mod"],"gold_per_floor":[119,138,63,75,85,117,117,144,218,218,218,233,233,247,247,326,326,340,357,8,26,40,40,40,40,40,67,67,95,195,223,223,302,302,315,333,71,86,105,139,139,186,212,212,238,252,252,272,272,272,272,272,16,46,46,46],"floor_reached":55,"playtime":7802,"items_purged":["Pain","Strike_G"],"score":1460,"play_id":"ec493361-ff82-421e-aac4-aab48dfe8ce1","local_time":"20201215030053","is_ascension_mode":true,"campfire_choices":[{"floor":7.0,"key":"REST"},{"data":"1","floor":11.0,"key":"LIFT"},{"data":"2","floor":13.0,"key":"LIFT"},{"data":"3","floor":15.0,"key":"LIFT"},{"floor":23.0,"key":"REST"},{"floor":25.0,"key":"REST"},{"floor":28.0,"key":"REST"},{"floor":32.0,"key":"REST"},{"data":"Wraith Form v2","floor":41.0,"key":"SMITH"},{"floor":44.0,"key":"RECALL"},{"data":"Storm of Steel","floor":49.0,"key":"SMITH"},{"floor":52.0,"key":"REST"}],"circlet_count":0,"master_deck":["AscendersBane","Strike_G","Strike_G","Strike_G","Defend_G","Defend_G","Defend_G","Survivor","Neutralize","Dagger Spray","Flying Knee","Endless Agony","Predator","Backflip+1","Escape Plan+1","Corpse Explosion","Deflect+1","Distraction","Footwork","Escape Plan","Escape Plan","Storm of Steel+1","Noxious Fumes+1","Backflip+1","Outmaneuver+1","A Thousand Cuts","Wraith Form v2+1","PiercingWail+1","PiercingWail+1","Backflip+1","Night Terror+1","Calculated Gamble+1","Accuracy+1","Purity+1","Caltrops+1"],"relics":["Empty Cage","Incense Burner","Girya","Mercury Hourglass","WarpedTongs","Runic Pyramid","TwistedFunnel","Toxic Egg 2","War Paint","The Courier","Du-Vu Doll","Matryoshka","Centennial Puzzle","WristBlade","Shuriken","StrikeDummy","Unceasing Top","Bag of Marbles","Smiling Mask","Bag of Preparation","Blood Vial"],"acts_visited":["Exordium","TheCity","TheBeyond","TheEnding"],"potions_floor_usage":[55,55],"damage_taken":[{"damage":8.0,"enemies":"Small Slimes","floor":1.0,"turns":5.0},{"damage":3.0,"enemies":"2 Louse","floor":2.0,"turns":2.0},{"damage":0.0,"enemies":"Cultist","floor":4.0,"turns":4.0},{"damage":0.0,"enemies":"Gremlin Gang","floor":5.0,"turns":5.0},{"damage":12.0,"enemies":"Gremlin Nob","floor":6.0,"turns":4.0},{"damage":21.0,"enemies":"Lagavulin","floor":8.0,"turns":8.0},{"damage":0.0,"enemies":"3 Louse","floor":12.0,"turns":2.0},{"damage":5.0,"enemies":"Blue Slaver","floor":14.0,"turns":2.0},{"damage":26.0,"enemies":"Hexaghost","floor":16.0,"turns":9.0},{"damage":22.0,"enemies":"2 Thieves","floor":18.0,"turns":3.0},{"damage":6.0,"enemies":"Chosen","floor":19.0,"turns":3.0},{"damage":1.0,"enemies":"Snecko","floor":21.0,"turns":4.0},{"damage":14.0,"enemies":"Snake Plant","floor":22.0,"turns":4.0},{"damage":27.0,"enemies":"Book of Stabbing","floor":27.0,"turns":5.0},{"damage":0.0,"enemies":"Gremlin Leader","floor":29.0,"turns":4.0},{"damage":16.0,"enemies":"Colosseum Slavers","floor":30.0,"turns":3.0},{"damage":17.0,"enemies":"Colosseum Nobs","floor":30.0,"turns":3.0},{"damage":21.0,"enemies":"Slavers","floor":31.0,"turns":2.0},{"damage":12.0,"enemies":"Collector","floor":33.0,"turns":6.0},{"damage":0.0,"enemies":"3 Shapes","floor":35.0,"turns":1.0},{"damage":4.0,"enemies":"Orb Walker","floor":36.0,"turns":4.0},{"damage":10.0,"enemies":"Transient","floor":38.0,"turns":5.0},{"damage":0.0,"enemies":"Maw","floor":39.0,"turns":7.0},{"damage":5.0,"enemies":"Reptomancer","floor":40.0,"turns":6.0},{"damage":28.0,"enemies":"2 Orb Walkers","floor":42.0,"turns":9.0},{"damage":6.0,"enemies":"Giant Head","floor":45.0,"turns":9.0},{"damage":0.0,"enemies":"4 Shapes","floor":46.0,"turns":5.0},{"damage":0.0,"enemies":"Transient","floor":48.0,"turns":5.0},{"damage":13.0,"enemies":"Donu and Deca","floor":50.0,"turns":6.0},{"damage":22.0,"enemies":"Shield and Spear","floor":54.0,"turns":4.0},{"damage":43,"enemies":"The Heart","floor":55,"turns":4}],"seed_played":"-4224672198068309073","potions_obtained":[{"floor":4.0,"key":"SneckoOil"},{"floor":8.0,"key":"Energy Potion"},{"floor":16.0,"key":"ColorlessPotion"},{"floor":29.0,"key":"FairyPotion"},{"floor":31.0,"key":"FearPotion"},{"floor":33.0,"key":"Regen Potion"},{"floor":36.0,"key":"Regen Potion"},{"floor":45.0,"key":"CultistPotion"},{"floor":48.0,"key":"Fire Potion"}],"is_trial":false,"path_per_floor":["M","M","?","M","M","E","R","E","T","?","R","M","R","M","R","B",null,"M","M","$","M","M","R","?","R","T","E","R","E","?","E","R","B",null,"M","M","$","M","M","E","R","?","T","R","E","M","?","M","R","B",null,"R","$","E","B"],"character_chosen":"THE_SILENT","items_purchased":["Footwork","Escape Plan","TwistedFunnel","Shuriken","PiercingWail+1","Purity+1","Bag of Preparation"],"campfire_rested":6,"item_purchase_floors":[20,20,20,37,37,53,53],"current_hp_per_floor":[51,48,48,48,48,36,55,34,34,34,34,34,34,29,29,3,50,28,22,22,21,7,26,26,45,45,18,37,37,4,5,24,12,53,53,49,49,39,39,34,34,51,51,51,45,45,45,45,45,32,55,63,63,41,0,0],"gold":46,"neow_bonus":"BOSS_RELIC","is_daily":false,"chose_seed":false,"campfire_upgraded":2,"win_rate":0.0,"timestamp":1608019253,"path_taken":["M","M","?","M","M","E","R","E","T","?","R","?","R","?","R","BOSS","M","M","$","M","?","R","?","R","T","E","R","E","?","E","R","BOSS","M","M","$","M","M","E","R","?","T","R","E","M","?","M","R","BOSS","R","$","E","BOSS"],"items_purchased_type":["Card","Card","Relic","Relic","Card","Card","Relic"],"build_version":"2020-12-13","purchased_purges":2,"victory":false,"max_hp_per_floor":[66,66,66,66,66,66,66,66,66,66,66,66,66,66,66,66,66,66,66,66,66,66,66,66,66,66,66,66,66,66,66,66,66,66,66,66,66,66,66,66,66,66,66,66,66,66,63,63,63,63,63,63,63,63,63,63],"relic_stats":{"Blood Vial":2,"Centennial Puzzle":[25],"counters":[31,142],"Shuriken":[25],"Bag of Preparation":[4],"War Paint":["Escape Plan","Backflip"],"Smiling Mask":30,"obtain_stats":[{"TwistedFunnel":20,"Girya":8,"The Courier":29,"Incense Burner":6,"Bag of Preparation":53,"War Paint":27,"Empty Cage":0,"Smiling Mask":45,"Mercury Hourglass":9,"WarpedTongs":10,"Du-Vu Doll":30,"Blood Vial":54,"Centennial Puzzle":31,"Matryoshka":30,"WristBlade":34,"Shuriken":37,"Bag of Marbles":43,"Toxic Egg 2":26,"StrikeDummy":40,"Unceasing Top":42,"Ring of the Snake":0,"Runic Pyramid":17},{"TwistedFunnel":11,"Girya":6,"The Courier":15,"Incense Burner":5,"Bag of Preparation":29,"War Paint":14,"Empty Cage":0,"Smiling Mask":26,"Mercury Hourglass":6,"WarpedTongs":6,"Du-Vu Doll":17,"Blood Vial":30,"Centennial Puzzle":18,"Matryoshka":17,"WristBlade":19,"Shuriken":21,"Bag of Marbles":25,"Toxic Egg 2":13,"StrikeDummy":24,"Unceasing Top":25,"Ring of the Snake":0,"Runic Pyramid":9},{"TwistedFunnel":46,"Girya":28,"The Courier":63,"Incense Burner":20,"Bag of Preparation":134,"War Paint":59,"Empty Cage":0,"Smiling Mask":118,"Mercury Hourglass":28,"WarpedTongs":28,"Du-Vu Doll":69,"Blood Vial":138,"Centennial Puzzle":71,"Matryoshka":69,"WristBlade":77,"Shuriken":82,"Bag of Marbles":109,"Toxic Egg 2":54,"StrikeDummy":100,"Unceasing Top":109,"Ring of the Snake":0,"Runic Pyramid":40}],"Unceasing Top":[4],"Mercury Hourglass":[503],"WarpedTongs":[113]},"card_choices":[{"not_picked":["Slice","Catalyst"],"picked":"Dagger Spray","floor":1.0},{"not_picked":["Quick Slash","Well Laid Plans"],"picked":"Flying Knee","floor":2.0},{"not_picked":["Dodge and Roll","Setup"],"picked":"Endless Agony","floor":4.0},{"not_picked":["PiercingWail","Eviscerate"],"picked":"Predator","floor":5.0},{"not_picked":["Dagger Throw","Underhanded Strike","Poisoned Stab"],"picked":"SKIP","floor":6.0},{"not_picked":["Dagger Throw","Underhanded Strike","Night Terror"],"picked":"SKIP","floor":8.0},{"not_picked":["Dagger Spray","Prepared"],"picked":"Backflip","floor":12.0},{"not_picked":["Prepared","Sucker Punch"],"picked":"Escape Plan","floor":14.0},{"not_picked":["Envenom","Malaise"],"picked":"Corpse Explosion","floor":16.0},{"not_picked":["Quick Slash","Dagger Spray+1"],"picked":"Deflect+1","floor":18.0},{"not_picked":["Outmaneuver","Acrobatics"],"picked":"Distraction","floor":19.0},{"not_picked":["Endless Agony","Flying Knee"],"picked":"Escape Plan","floor":21.0},{"not_picked":["Quick Slash","Underhanded Strike","Slice"],"picked":"SKIP","floor":22.0},{"not_picked":["Well Laid Plans","Venomology+1"],"picked":"Noxious Fumes+1","floor":27.0},{"not_picked":["Sucker Punch","Doppelganger+1"],"picked":"Backflip+1","floor":29.0},{"not_picked":["Finisher","Acrobatics+1"],"picked":"Outmaneuver+1","floor":30.0},{"not_picked":["Backflip+1","Unload"],"picked":"A Thousand Cuts","floor":31.0},{"not_picked":["Storm of Steel+1","A Thousand Cuts"],"picked":"Wraith Form v2","floor":33.0},{"not_picked":["Riddle With Holes","Dodge and Roll+1"],"picked":"PiercingWail+1","floor":35.0},{"not_picked":["Backflip+1","Quick Slash+1","Poisoned Stab+1"],"picked":"SKIP","floor":36.0},{"not_picked":["Finisher","Dagger Throw","Endless Agony"],"picked":"SKIP","floor":38.0},{"not_picked":["Deadly Poison+1","Poisoned Stab+1"],"picked":"Backflip+1","floor":39.0},{"not_picked":["Quick Slash","Predator"],"picked":"Night Terror+1","floor":40.0},{"not_picked":["Well Laid Plans+1","Poisoned Stab"],"picked":"Calculated Gamble+1","floor":42.0},{"not_picked":["Reflex+1","Footwork","Backflip+1"],"picked":"SKIP","floor":45.0},{"not_picked":["Deflect+1","Distraction+1"],"picked":"Accuracy+1","floor":46.0},{"not_picked":["Prepared+1","Acrobatics+1","Glass Knife"],"picked":"SKIP","floor":48.0},{"not_picked":["All Out Attack","Blade Dance+1"],"picked":"Caltrops+1","floor":54.0}],"player_experience":1270272,"relics_obtained":[{"floor":6.0,"key":"Incense Burner"},{"floor":8.0,"key":"Girya"},{"floor":9.0,"key":"Mercury Hourglass"},{"floor":26.0,"key":"Toxic Egg 2"},{"floor":27.0,"key":"War Paint"},{"floor":29.0,"key":"The Courier"},{"floor":30.0,"key":"Du-Vu Doll"},{"floor":30.0,"key":"Matryoshka"},{"floor":31.0,"key":"Centennial Puzzle"},{"floor":40.0,"key":"StrikeDummy"},{"floor":42.0,"key":"Unceasing Top"},{"floor":43.0,"key":"Bag of Marbles"},{"floor":45.0,"key":"Smiling Mask"},{"floor":54.0,"key":"Blood Vial"}],"event_choices":[{"cards_removed":["Defend_G"],"damage_healed":0.0,"max_hp_gain":0.0,"max_hp_loss":0.0,"gold_gain":0.0,"event_name":"The Cleric","player_choice":"Card Removal","floor":3.0,"gold_loss":75.0,"damage_taken":0.0},{"damage_healed":0.0,"max_hp_gain":0.0,"max_hp_loss":0.0,"gold_gain":0.0,"event_name":"Accursed Blacksmith","player_choice":"Rummage","floor":10.0,"gold_loss":0.0,"damage_taken":0.0,"relics_obtained":["WarpedTongs"],"cards_obtained":["Pain"]},{"damage_healed":0.0,"max_hp_gain":0.0,"max_hp_loss":0.0,"gold_gain":0.0,"event_name":"The Library","player_choice":"Read","floor":24.0,"gold_loss":0.0,"damage_taken":0.0,"cards_obtained":["Storm of Steel"]},{"damage_healed":0.0,"max_hp_gain":0.0,"max_hp_loss":0.0,"gold_gain":0.0,"event_name":"Colosseum","player_choice":"Fight","floor":30.0,"gold_loss":0.0,"damage_taken":0.0},{"damage_healed":0.0,"max_hp_gain":0.0,"max_hp_loss":0.0,"gold_gain":0.0,"event_name":"Colosseum","player_choice":"Fought Nobs","floor":30.0,"gold_loss":0.0,"damage_taken":0.0},{"damage_healed":0.0,"max_hp_gain":0.0,"max_hp_loss":0.0,"gold_gain":0.0,"event_name":"Mysterious Sphere","player_choice":"Fight","floor":42.0,"gold_loss":0.0,"damage_taken":0.0},{"damage_healed":0.0,"max_hp_gain":0.0,"max_hp_loss":3.0,"gold_gain":0.0,"event_name":"Winding Halls","player_choice":"Max HP","floor":47.0,"gold_loss":0.0,"damage_taken":0.0}],"is_beta":false,"boss_relics":[{"not_picked":["HoveringKite","Ectoplasm"],"picked":"Runic Pyramid"},{"not_picked":["Sozu","Pandora\u0027s Box"],"picked":"WristBlade"}],"items_purged_floors":[20,53],"is_endless":false,"potions_floor_spawned":[4,8,16,18,29,31,33,36,39,45,48],"killed_by":"The Heart","ascension_level":16}}