{"host":"m1rkaonj58i1iiux","time":1608027968,"event":{"mods":["BaseMod","CatGirl Mod","Colored Map","Friendly Minions","Highlight Path","Minty Spire (QoL Compilation)","Rare Cards Sparkle","StSLib"],"gold_per_floor":[110,35,35,1,11,11,43,43,66,97,97,126,141,155,155,251,251,270,289,289,53,53,53,87,99,126,126,143,143,143,163,163,267,267,280,295,345,345,345,380,162,162,162],"floor_reached":42,"playtime":8007,"items_purged":["theCatGirl:Strike","theCatGirl:Strike","theCatGirl:Defend"],"score":487,"play_id":"b42d08f1-7666-46f0-82f1-e166f92227ef","local_time":"20201215192608","is_ascension_mode":false,"campfire_choices":[{"data":"theCatGirl:ClawStrike","floor":6,"key":"SMITH"},{"data":"theCatGirl:UnrelentingAssault","floor":11,"key":"SMITH"},{"data":"theCatGirl:Parry","floor":15,"key":"SMITH"},{"data":"Apotheosis","floor":23,"key":"SMITH"},{"data":"RitualDagger","floor":27,"key":"SMITH"},{"data":"theCatGirl:PoiseStance","floor":29,"key":"SMITH"},{"data":"theCatGirl:Evasion","floor":32,"key":"SMITH"}],"circlet_count":0,"master_deck":["theCatGirl:Strike","theCatGirl:Defend","theCatGirl:Defend+1","theCatGirl:Defend+1","theCatGirl:ClawStrike+1","theCatGirl:Evasion+1","theCatGirl:FinishingMove+1","theCatGirl:FocusedStrike","theCatGirl:UnrelentingAssault+1","theCatGirl:FumblingBlow","theCatGirl:BodyBlow","theCatGirl:Meow","theCatGirl:Parry+1","theCatGirl:PoiseStance+1","theCatGirl:SmellFear","RitualDagger+1","Apotheosis+1","theCatGirl:Misfire+1","theCatGirl:BleedingWounds+1","theCatGirl:SevenLives","theCatGirl:PerfectBlock","theCatGirl:BleedingWounds+1"],"relics":["theCatGirl:TrainedRelic","NeowsBlessing","War Paint","The Courier","Oddly Smooth Stone","theCatGirl:Ambush","Sozu","Eternal Feather","Meat on the Bone","Nloth\u0027s Gift","Empty Cage","FossilizedHelix","Frozen Egg 2","theCatGirl:DriedFish","DollysMirror"],"acts_visited":["Exordium","TheCity","TheBeyond"],"potions_floor_usage":[16,24],"damage_taken":[{"damage":0,"enemies":"Jaw Worm","floor":1,"turns":1},{"damage":0,"enemies":"2 Louse","floor":5,"turns":1},{"damage":0,"enemies":"Gremlin Nob","floor":7,"turns":1},{"damage":18,"enemies":"3 Sentries","floor":10,"turns":8},{"damage":6,"enemies":"Gremlin Nob","floor":12,"turns":3},{"damage":0,"enemies":"Cultist","floor":13,"turns":2},{"damage":0,"enemies":"Looter","floor":14,"turns":2},{"damage":25,"enemies":"The Guardian","floor":16,"turns":12},{"damage":0,"enemies":"2 Thieves","floor":18,"turns":4},{"damage":0,"enemies":"Spheric Guardian","floor":19,"turns":2},{"damage":15,"enemies":"Gremlin Leader","floor":24,"turns":5},{"damage":7,"enemies":"Cultist and Chosen","floor":25,"turns":5},{"damage":9,"enemies":"Snake Plant","floor":28,"turns":4},{"damage":15,"enemies":"Shelled Parasite and Fungi","floor":31,"turns":5},{"damage":49,"enemies":"Collector","floor":33,"turns":10},{"damage":21,"enemies":"3 Darklings","floor":35,"turns":5},{"damage":0,"enemies":"Orb Walker","floor":36,"turns":3},{"damage":0,"enemies":"Mind Bloom Boss Battle","floor":37,"turns":5},{"damage":48,"enemies":"Reptomancer","floor":40,"turns":9},{"damage":20,"enemies":"Transient","floor":42,"turns":3}],"seed_played":"-1068690443317758930","potions_obtained":[{"floor":1,"key":"LiquidBronze"},{"floor":16,"key":"Explosive Potion"}],"is_trial":false,"path_per_floor":["M","$","?","$","M","R","E","?","T","E","R","E","M","M","R","B",null,"M","M","?","$","?","R","E","M","T","R","M","R","?","M","R","B",null,"M","M","?","T","?","E","$","M"],"character_chosen":"THE_CATGIRL","items_purchased":["theCatGirl:FocusedStrike","Apotheosis","DollysMirror"],"campfire_rested":0,"item_purchase_floors":[4,21,41],"current_hp_per_floor":[70,70,70,70,70,70,70,67,67,49,49,43,43,43,43,23,70,70,70,64,64,64,70,60,53,53,65,56,68,68,53,65,28,70,49,49,49,49,49,13,13,0,0],"gold":162,"neow_bonus":"THREE_ENEMY_KILL","is_daily":false,"chose_seed":false,"campfire_upgraded":7,"win_rate":0.0,"timestamp":1608027968,"path_taken":["M","$","?","$","M","R","E","?","T","E","R","E","M","M","R","BOSS","M","M","?","$","?","R","E","M","T","R","M","R","?","M","R","BOSS","M","?","?","?","?","E","$","?"],"items_purchased_type":["Card","Card","Relic"],"build_version":"2020-12-13","purchased_purges":3,"victory":false,"max_hp_per_floor":[70,70,70,70,70,70,70,70,70,70,70,70,70,70,70,70,70,70,70,70,70,70,70,70,70,70,70,70,70,70,70,70,70,70,70,70,70,70,70,70,70,70,70],"card_choices":[{"not_picked":["theCatGirl:UnrelentingAssault","theCatGirl:ClawScratch"],"picked":"theCatGirl:FinishingMove","floor":1},{"not_picked":["theCatGirl:RecoveryBlow","theCatGirl:GoddessOfMisfortune"],"picked":"theCatGirl:UnrelentingAssault","floor":5},{"not_picked":["theCatGirl:Parry","theCatGirl:LuckyBlow"],"picked":"theCatGirl:FumblingBlow","floor":7},{"not_picked":["theCatGirl:TryingMyBest","theCatGirl:ComboAttack"],"picked":"theCatGirl:BodyBlow","floor":10},{"not_picked":["theCatGirl:KeepAlert","theCatGirl:Prepared"],"picked":"theCatGirl:Meow","floor":12},{"not_picked":["theCatGirl:ThatWasntIt","theCatGirl:DecliningDefenses"],"picked":"theCatGirl:Parry","floor":13},{"not_picked":["theCatGirl:ExtremeSpeed","theCatGirl:FocusedStrike","theCatGirl:Stalk"],"picked":"SKIP","floor":14},{"not_picked":["theCatGirl:LearnThePattern","theCatGirl:AccidentalHeadbutt"],"picked":"theCatGirl:PoiseStance","floor":16},{"not_picked":["theCatGirl:TryingMyBest","theCatGirl:ThatWasntIt"],"picked":"theCatGirl:SmellFear","floor":18},{"not_picked":["theCatGirl:SmellFear+1","theCatGirl:Stalk","theCatGirl:ClenchYourTeeth"],"picked":"SKIP","floor":19},{"not_picked":["theCatGirl:KeepAlert","theCatGirl:SpinningStrike","theCatGirl:AllIn"],"picked":"SKIP","floor":24},{"not_picked":["theCatGirl:UnrelentingAssault+1","theCatGirl:SpinningStrike+1","theCatGirl:AccidentalSlap+1"],"picked":"SKIP","floor":25},{"not_picked":["theCatGirl:ClawScratch","theCatGirl:EmergencyParry"],"picked":"theCatGirl:Misfire+1","floor":28},{"not_picked":["theCatGirl:Claws","theCatGirl:PoisedStrike+1","theCatGirl:SmellFear+1"],"picked":"SKIP","floor":31},{"not_picked":["theCatGirl:Insane","theCatGirl:PerfectBlock"],"picked":"theCatGirl:BleedingWounds","floor":33},{"not_picked":["theCatGirl:RecoveryBlow+1","theCatGirl:SmellFear+1","theCatGirl:FinishingMove"],"picked":"SKIP","floor":35},{"not_picked":["theCatGirl:EmergencyParry","theCatGirl:LostTrinket+1","theCatGirl:TripLunge+1"],"picked":"SKIP","floor":36},{"not_picked":["theCatGirl:PoisedStrike","theCatGirl:Stalk+1"],"picked":"theCatGirl:SevenLives","floor":37},{"not_picked":["theCatGirl:SpinningStrike","theCatGirl:FinishingMove+1"],"picked":"theCatGirl:PerfectBlock","floor":40}],"player_experience":940691,"relics_obtained":[{"floor":7,"key":"War Paint"},{"floor":9,"key":"Toy Ornithopter"},{"floor":10,"key":"Oddly Smooth Stone"},{"floor":12,"key":"theCatGirl:Ambush"},{"floor":24,"key":"Meat on the Bone"},{"floor":37,"key":"FossilizedHelix"},{"floor":38,"key":"Frozen Egg 2"},{"floor":40,"key":"theCatGirl:DriedFish"}],"event_choices":[{"damage_healed":0,"gold_gain":0,"player_choice":"Grow","damage_taken":0,"max_hp_gain":0,"max_hp_loss":0,"event_name":"Living Wall","floor":3,"gold_loss":0,"cards_upgraded":["theCatGirl:FinishingMove"]},{"damage_healed":0,"gold_gain":0,"player_choice":"Success","damage_taken":3,"relics_obtained":["The Courier"],"max_hp_gain":0,"max_hp_loss":0,"event_name":"Scrap Ooze","floor":8,"gold_loss":0},{"damage_healed":0,"gold_gain":0,"player_choice":"Joined the Cult","damage_taken":6,"max_hp_gain":0,"max_hp_loss":0,"event_name":"Nest","floor":20,"gold_loss":0,"cards_obtained":["RitualDagger"]},{"damage_healed":0,"gold_gain":0,"player_choice":"Opened","damage_taken":0,"relics_obtained":["Eternal Feather"],"max_hp_gain":0,"max_hp_loss":0,"event_name":"The Mausoleum","floor":22,"gold_loss":0,"cards_obtained":["Writhe"]},{"damage_healed":0,"gold_gain":0,"player_choice":"Traded Relic","damage_taken":0,"relics_obtained":["Nloth\u0027s Gift"],"max_hp_gain":0,"max_hp_loss":0,"event_name":"N\u0027loth","floor":30,"relics_lost":["Toy Ornithopter"],"gold_loss":0},{"damage_healed":0,"gold_gain":0,"player_choice":"Fight","damage_taken":0,"max_hp_gain":0,"max_hp_loss":0,"event_name":"MindBloom","floor":37,"gold_loss":0},{"damage_healed":0,"gold_gain":0,"player_choice":"Forge","damage_taken":0,"max_hp_gain":0,"max_hp_loss":0,"event_name":"Accursed Blacksmith","floor":39,"gold_loss":0,"cards_upgraded":["theCatGirl:BleedingWounds"]}],"is_beta":false,"boss_relics":[{"not_picked":["Tiny House","Calling Bell"],"picked":"Sozu"},{"not_picked":["Runic Pyramid","Philosopher\u0027s Stone"],"picked":"Empty Cage"}],"items_purged_floors":[2,21,41],"is_endless":false,"potions_floor_spawned":[1,16,18,24,33,37,40],"killed_by":"Transient","ascension_level":0}}