{"host":"gbop6m4qugddaz18","time":1608050505,"event":{"mods":["2.2 Compatiblity","BaseMod","Better Third Choice","Block Reminder","Downfall","GifTheSpireLib","Highlight Path","Minty Spire (QoL Compilation)","Replay The Spire","StSLib"],"gold_per_floor":[99,99,99,139,173,173,173,207,207,241,261,261,274,24,41,138,138,138,166,166,166,166],"floor_reached":21,"playtime":969,"items_purged":[],"score":287,"play_id":"6576089e-7272-4800-aa32-c9365e83ab9d","local_time":"20201215114145","is_ascension_mode":true,"campfire_choices":[{"data":"Zap","floor":1,"key":"SMITH"},{"floor":6,"key":"REST"},{"data":"Fusion","floor":9,"key":"SMITH"},{"data":"ReplayTheSpireMod:Fabricate Wheel","floor":18,"key":"SMITH"},{"floor":20,"key":"REST"}],"circlet_count":0,"master_deck":["Strike_B","Strike_B","Strike_B","Strike_B","Defend_B","Defend_B","Defend_B","Defend_B","Zap+1","Dualcast","Sweeping Beam","Streamline","Fusion+1","BootSequence","Mirror Shield","Time Bomb","Sweeping Beam","Rebound","Genetic Algorithm","Go for the Eyes","Buffer","Ball Lightning+1"],"relics":["Cracked Core","downfall:HeartsMalice","Blood Vial","Juzu Bracelet","Shovel","Replay:Bottled Snecko","PreservedInsect","Blue Candle","ReplayFunnel","Inserter","Prayer Wheel","Prayer Wheel"],"acts_visited":["Exordium","TheCity"],"potions_floor_usage":[16,16,19],"damage_taken":[{"damage":0,"enemies":"Small Slimes","floor":3,"turns":1},{"damage":0,"enemies":"Gremlin Nob","floor":5,"turns":1},{"damage":0,"enemies":"3 Sentries","floor":8,"turns":1},{"damage":6,"enemies":"Replay:BlueRogue","floor":10,"turns":4},{"damage":0,"enemies":"Jaw Worm","floor":11,"turns":3},{"damage":0,"enemies":"2 Louse","floor":13,"turns":2},{"damage":5,"enemies":"downfall:FleeingMerchant","floor":14,"turns":4},{"damage":0,"enemies":"Gremlin Gang","floor":15,"turns":3},{"damage":38,"enemies":"Fading Forest","floor":16,"turns":11},{"damage":90,"enemies":"Slavers","floor":19,"turns":6},{"damage":35,"enemies":"Book of Stabbing","floor":21,"turns":4}],"seed_played":"-7654006458447206327","potions_obtained":[{"floor":4,"key":"Strength Potion"},{"floor":4,"key":"Weak Potion"},{"floor":8,"key":"Elixir"},{"floor":10,"key":"EssenceOfSteel"},{"floor":11,"key":"FairyPotion"},{"floor":16,"key":"champ:CounterPotion"}],"is_trial":false,"path_per_floor":["R","?","M","?","E","R","T","E","R","E","M","?","M","$","M","B",null,"R","E","R","E"],"character_chosen":"DEFECT","items_purchased":["ReplayFunnel","Genetic Algorithm"],"campfire_rested":2,"item_purchase_floors":[14,14],"current_hp_per_floor":[75,42,44,26,28,50,50,52,52,48,50,50,52,49,51,25,75,75,10,32,0,0],"gold":166,"neow_bonus":"THREE_ENEMY_KILL","is_daily":false,"chose_seed":false,"campfire_upgraded":3,"win_rate":0.0,"timestamp":1608050505,"path_taken":["R","?","M","?","E","R","T","E","R","E","M","?","M","$","M","BOSS","R","E","R","E"],"items_purchased_type":["Relic","Card"],"build_version":"2020-12-13","purchased_purges":0,"victory":false,"max_hp_per_floor":[75,75,75,75,75,75,75,75,75,75,75,75,75,75,75,75,75,75,75,75,75,75],"card_choices":[{"not_picked":["Stack","Cold Snap"],"picked":"Sweeping Beam","floor":3},{"not_picked":["Stack","Turbo"],"picked":"Streamline","floor":4},{"not_picked":["ReplayRNGCard","Turbo"],"picked":"Fusion","floor":5},{"not_picked":["Fission","Skim"],"picked":"BootSequence","floor":8},{"not_picked":["Undo","Go for the Eyes"],"picked":"Mirror Shield","floor":10},{"not_picked":["Fusion","Stack"],"picked":"Time Bomb","floor":11},{"not_picked":["Barrage","Streamline"],"picked":"Sweeping Beam","floor":13},{"not_picked":["Sunder","Recycle"],"picked":"Rebound","floor":14},{"not_picked":["Beam Cell","Steam"],"picked":"Go for the Eyes","floor":15},{"not_picked":["Meteor Strike","Seek"],"picked":"ReplayTheSpireMod:Fabricate Wheel","floor":16},{"not_picked":["Sunder","Static Discharge+1"],"picked":"Ball Lightning+1","floor":19}],"player_experience":431209,"relics_obtained":[{"floor":4,"key":"Juzu Bracelet"},{"floor":5,"key":"Shovel"},{"floor":7,"key":"Replay:Bottled Snecko"},{"floor":8,"key":"PreservedInsect"},{"floor":10,"key":"Blue Candle"},{"floor":19,"key":"Prayer Wheel"}],"event_choices":[{"damage_healed":0,"gold_gain":0,"player_choice":"Relic ","damage_taken":33,"max_hp_gain":0,"max_hp_loss":0,"event_name":"betterThird:BetterScrap","floor":2,"gold_loss":0,"cards_obtained":["Storm of Steel"]}],"is_beta":false,"boss_relics":[{"not_picked":["Tiny House","SacredBark"],"picked":"Inserter"}],"items_purged_floors":[],"is_endless":false,"potions_floor_spawned":[8,10,11,16],"killed_by":"Book of Stabbing","ascension_level":2}}