{"host":"pzqkpx9vzgz8he4w","time":1608060341,"event":{"mods":["2.2 Compatiblity","BaseMod","DeckTracker","Minty Spire (QoL Compilation)","StSLib","The Edgeheg"],"gold_per_floor":[87,87,87,36,55,80,80,80,80,80,109,128,52,68,68,68,68],"floor_reached":16,"playtime":1694,"items_purged":[],"score":158,"play_id":"ba26e8db-6c57-4ae2-800a-3ec7ffe1f51c","local_time":"20201215142541","is_ascension_mode":false,"campfire_choices":[{"data":"theEdgeheg:Reload","floor":7,"key":"SMITH"},{"data":"theEdgeheg:ChaosWhip","floor":10,"key":"SMITH"},{"data":"theEdgeheg:Girlfriend","floor":15,"key":"SMITH"}],"circlet_count":0,"master_deck":["theEdgeheg:StarterShootAttack","theEdgeheg:StarterShootAttack","theEdgeheg:StarterShootAttack","theEdgeheg:StarterDodgeSkill","theEdgeheg:StarterDodgeSkill","theEdgeheg:StarterDodgeSkill","theEdgeheg:BloodyKatana","theEdgeheg:ChaosControlSkill","theEdgeheg:GatherChaos","theEdgeheg:Reload+1","theEdgeheg:ChaosWhip+1","theEdgeheg:Shotgun","theEdgeheg:EmeraldGirlfriend","theEdgeheg:TeleportsAbove","theEdgeheg:Girlfriend+1","theEdgeheg:GirlWithGun","theEdgeheg:Fastness","theEdgeheg:Shotgun","theEdgeheg:RegularGun"],"relics":["theEdgeheg:UltimateLifeformRelic","theEdgeheg:GreenEmeraldRelic","GremlinMask","Sundial","Shuriken","FossilizedHelix"],"acts_visited":["Exordium"],"potions_floor_usage":[11,16],"damage_taken":[{"damage":0,"enemies":"2 Louse","floor":1,"turns":3},{"damage":0,"enemies":"Jaw Worm","floor":5,"turns":4},{"damage":1,"enemies":"Lagavulin","floor":6,"turns":8},{"damage":2,"enemies":"3 Sentries","floor":11,"turns":7},{"damage":0,"enemies":"Cultist","floor":12,"turns":3},{"damage":1,"enemies":"Large Slime","floor":14,"turns":8},{"damage":5,"enemies":"The Guardian","floor":16,"turns":7}],"seed_played":"3019646736951654425","potions_obtained":[{"floor":5,"key":"SpeedPotion"},{"floor":6,"key":"Block Potion"},{"floor":14,"key":"ColorlessPotion"}],"is_trial":false,"path_per_floor":["M","?","?","$","M","E","R","?","T","R","E","M","$","M","R","B"],"character_chosen":"THE_DEFAULT","items_purchased":["theEdgeheg:ChaosWhip","theEdgeheg:Fastness","theEdgeheg:Shotgun"],"campfire_rested":0,"item_purchase_floors":[4,13,13],"current_hp_per_floor":[5,5,5,5,5,4,4,4,4,4,2,3,3,4,4,0,0],"gold":68,"neow_bonus":"RANDOM_COLORLESS","is_daily":false,"chose_seed":false,"campfire_upgraded":3,"win_rate":0.0,"timestamp":1608060341,"path_taken":["M","?","?","?","?","E","R","?","T","R","E","M","$","M","R","BOSS"],"items_purchased_type":["Card","Card","Card"],"build_version":"2020-12-13","purchased_purges":0,"victory":false,"max_hp_per_floor":[5,5,5,5,5,5,5,5,5,5,5,5,5,5,5,5,5],"card_choices":[{"not_picked":["Flash of Steel","Madness"],"picked":"Finesse","floor":0.0},{"not_picked":["theEdgeheg:TimmyBackflip","theEdgeheg:QuickKatana"],"picked":"theEdgeheg:Reload","floor":1},{"not_picked":["theEdgeheg:SelfHarmIsNotCool","theEdgeheg:BlackKatana"],"picked":"theEdgeheg:Shotgun","floor":5},{"not_picked":["theEdgeheg:Heh","theEdgeheg:BetterDodge"],"picked":"theEdgeheg:EmeraldGirlfriend","floor":6},{"not_picked":["theEdgeheg:DodgeKatana","theEdgeheg:MachineGun"],"picked":"theEdgeheg:Girlfriend","floor":11},{"not_picked":["theEdgeheg:CSGun","theEdgeheg:EmeraldGirlfriend"],"picked":"theEdgeheg:GirlWithGun","floor":12},{"not_picked":["theEdgeheg:RollAndShoot","theEdgeheg:Heh"],"picked":"theEdgeheg:RegularGun","floor":14}],"player_experience":132551,"relics_obtained":[{"floor":6,"key":"Sundial"},{"floor":9,"key":"Shuriken"},{"floor":11,"key":"FossilizedHelix"}],"event_choices":[{"damage_healed":0,"gold_gain":0,"cards_transformed":["theEdgeheg:StarterShootAttack"],"player_choice":"Transformed","damage_taken":0,"max_hp_gain":0,"max_hp_loss":0,"event_name":"Transmorgrifier","floor":8,"gold_loss":0,"cards_obtained":["theEdgeheg:TeleportsAbove"]}],"is_beta":false,"boss_relics":[],"items_purged_floors":[],"is_endless":false,"potions_floor_spawned":[5,6,14],"killed_by":"The Guardian","ascension_level":0}}