{"host":"cwd5s03r1oaxs6mx","time":1608046009,"event":{"mods":["Act Like it!","BaseMod","Better Third Choice","BetterRewards","CapriCore","Card Filter","Colored Map","Custom Start","DeckTracker","Friendly Minions","Hubris","Infinite Spire","Minty Spire (QoL Compilation)","Quick Restart","Relic Stats","Shop Mod","Spicy Shops","StSLib","SuperFastMode"],"gold_per_floor":[119,135,135,35,35,35,50,84,134,134,134,134,134,145,145,145,145],"floor_reached":16,"playtime":317,"items_purged":["Strike_R","Strike_R"],"score":196,"play_id":"4c654391-75c9-4d22-82e9-6b17f2d88252","local_time":"20201216002649","is_ascension_mode":true,"campfire_choices":[{"data":"Apotheosis","floor":6,"key":"SMITH"},{"data":"infinitespire:OneForAll","floor":10,"key":"SMITH"},{"data":"Deep Breath","floor":13,"key":"SMITH"},{"data":"infinitespire:Fortify","floor":15,"key":"SMITH"}],"circlet_count":0,"master_deck":["AscendersBane","Strike_R","Strike_R","Strike_R","Defend_R","Defend_R","Defend_R","Defend_R","Bash","Evolve","Whirlwind","Apotheosis+1","Deep Breath+1","infinitespire:OneForAll+1","infinitespire:Fortify+1","Disarm"],"relics":["Burning Blood","Magic Flower","infinitespire:WardingShard","hubris:Towel"],"acts_visited":["Exordium"],"potions_floor_usage":[8],"damage_taken":[{"damage":0.0,"enemies":"2 Louse","floor":1.0,"turns":1.0},{"damage":10.0,"enemies":"Small Slimes","floor":2.0,"turns":4.0},{"damage":0,"enemies":"Jaw Worm","floor":7,"turns":3},{"damage":30,"enemies":"3 Sentries","floor":8,"turns":6},{"damage":11,"enemies":"Gremlin Gang","floor":14,"turns":3},{"damage":68,"enemies":"Hexaghost","floor":16,"turns":11}],"seed_played":"8084285179639148680","potions_obtained":[{"floor":2.0,"key":"BloodPotion"},{"floor":7,"key":"Explosive Potion"}],"is_trial":false,"path_per_floor":["M","M","?","$","?","R","M","E","T","R","?","?","R","M","R","B"],"character_chosen":"IRONCLAD","items_purchased":["Magic Flower","Evolve","Whirlwind","Apotheosis","Deep Breath","BloodPotion"],"campfire_rested":0,"item_purchase_floors":[0,0,0,0,0,0],"current_hp_per_floor":[75,74,56,56,56,56,65,67,67,67,67,67,67,65,65,0,0],"gold":145,"neow_bonus":"","is_daily":false,"chose_seed":false,"campfire_upgraded":4,"win_rate":0.0,"timestamp":1608046009,"path_taken":["M","M","?","$","?","R","M","E","T","R","?","?","R","M","R","BOSS"],"items_purchased_type":["Relic","Card","Card","Card","Card","Potion"],"build_version":"2020-12-13","purchased_purges":2,"victory":false,"max_hp_per_floor":[75,75,75,75,75,75,75,75,75,75,75,75,75,75,75,75,75],"relic_stats":{"counters":[65,236],"Magic Flower":[20],"obtain_stats":[{"Magic Flower":0,"hubris:SlimyHat":0,"Bottled Tornado":55,"hubris:MysteriousPyramids":6,"Empty Cage":17,"Burning Blood":0,"Old Coin":9,"Centennial Puzzle":7,"hubris:Backtick":34,"Matryoshka":26,"Mummified Hand":8,"MealTicket":21,"Red Mask":19,"Chemical X":0,"Kunai":0,"infinitespire:Eraser":46,"InkBottle":42,"Paper Frog":26,"Runic Pyramid":17,"Girya":37,"hubris:DisguiseKit":9,"Blue Candle":23,"Oddly Smooth Stone":9,"PreservedInsect":3,"Pen Nib":6,"hubris:MedicalManual":40,"infinitespire:Joker Card":8,"infinitespire:Magic Flask":0,"Frozen Egg 2":0,"hubris:Towel":11,"Medical Kit":12,"infinitespire:WardingShard":8,"hubris:TenFootPole":11,"Membership Card":0,"hubris:OldNail":12,"hubris:Potato":34,"infinitespire:PuzzleCube":0,"Meat on the Bone":0,"hubris:Reverence":27},{"Magic Flower":59,"hubris:SlimyHat":29,"Bottled Tornado":28,"hubris:MysteriousPyramids":34,"Empty Cage":10,"Burning Blood":0,"Old Coin":48,"Centennial Puzzle":54,"hubris:Backtick":18,"Matryoshka":44,"Mummified Hand":35,"MealTicket":58,"Red Mask":40,"Chemical X":0,"Kunai":51,"infinitespire:Eraser":24,"InkBottle":22,"Paper Frog":15,"Runic Pyramid":57,"Girya":20,"hubris:DisguiseKit":54,"Blue Candle":14,"Oddly Smooth Stone":6,"PreservedInsect":2,"Pen Nib":5,"hubris:MedicalManual":21,"infinitespire:Joker Card":48,"infinitespire:Magic Flask":29,"Frozen Egg 2":29,"hubris:Towel":63,"Medical Kit":7,"infinitespire:WardingShard":63,"hubris:TenFootPole":7,"Membership Card":29,"hubris:OldNail":7,"hubris:Potato":18,"infinitespire:PuzzleCube":29,"Meat on the Bone":29,"hubris:Reverence":45},{"Magic Flower":208,"hubris:SlimyHat":67,"Bottled Tornado":62,"hubris:MysteriousPyramids":79,"Empty Cage":23,"Burning Blood":0,"Old Coin":131,"Centennial Puzzle":172,"hubris:Backtick":39,"Matryoshka":115,"Mummified Hand":83,"MealTicket":200,"Red Mask":100,"Chemical X":0,"Kunai":149,"infinitespire:Eraser":52,"InkBottle":48,"Paper Frog":32,"Runic Pyramid":190,"Girya":44,"hubris:DisguiseKit":172,"Blue Candle":31,"Oddly Smooth Stone":15,"PreservedInsect":6,"Pen Nib":11,"hubris:MedicalManual":46,"infinitespire:Joker Card":131,"infinitespire:Magic Flask":67,"Frozen Egg 2":67,"hubris:Towel":222,"Medical Kit":16,"infinitespire:WardingShard":222,"hubris:TenFootPole":16,"Membership Card":67,"hubris:OldNail":16,"hubris:Potato":39,"infinitespire:PuzzleCube":67,"Meat on the Bone":67,"hubris:Reverence":118}],"Burning Blood":349},"card_choices":[{"not_picked":["Twin Strike","Cleave"],"picked":"infinitespire:OneForAll","floor":1.0},{"not_picked":["Wild Strike","Evolve","Cleave"],"picked":"SKIP","floor":2.0},{"not_picked":["infinitespire:FutureSight","infinitespire:SealOfDarkness+"],"picked":"infinitespire:Fortify","floor":3.0},{"not_picked":["Twin Strike","Headbutt","Wild Strike"],"picked":"SKIP","floor":7},{"not_picked":["Infernal Blade","Corruption","Cleave"],"picked":"SKIP","floor":8},{"not_picked":["Heavy Blade","Clothesline"],"picked":"Disarm","floor":14}],"player_experience":914252,"relics_obtained":[{"floor":8,"key":"infinitespire:WardingShard"}],"event_choices":[{"damage_healed":0,"gold_gain":0,"player_choice":"Ignored","damage_taken":35,"max_hp_gain":0,"max_hp_loss":0,"event_name":"betterThird:BetterSerpent","floor":5,"gold_loss":0}],"is_beta":false,"boss_relics":[],"items_purged_floors":[0,4],"is_endless":false,"potions_floor_spawned":[2,7],"killed_by":"Hexaghost","ascension_level":20}}