{"host":"c59zqhrgluvxuu0k","time":1608069159,"event":{"mods":["BaseMod","Better Altar","Better Third Choice","BetterRewards","Downfall","Friendly Minions","Highlight Path","Minty Spire (QoL Compilation)","READ ME - Guardian Mod","Replay The Spire","Shop Mod","Spicy Shops","StSLib","Td1madao Mod","The Blackbeard","The Runesmith"],"gold_per_floor":[112,123,141,156,156,156,189,189,189,206,206,224,259,42,42,146,146,161,161,173,173,187,213,213,245,271,282,294,308,308,308,308,404,404,418,418,437,492,506,541,541,560,583,602,602,613,644,27,27,27,27,27,27,59,59],"floor_reached":56,"playtime":91335,"items_purged":[],"score":1386,"play_id":"bb0f1d9e-364c-4fd6-b228-e64bb4cf1b0c","local_time":"20201215135239","is_ascension_mode":false,"campfire_choices":[{"data":"Runesmith:Grindstone","floor":6.0,"key":"SMITH"},{"data":"Runesmith:Fortify","floor":8.0,"key":"SMITH"},{"data":"Runesmith:CraftMagma","floor":15,"key":"SMITH"},{"data":"Runesmith:Malloc","floor":24,"key":"SMITH"},{"floor":30,"key":"REST"},{"data":"RitualDagger","floor":32,"key":"SMITH"},{"floor":41,"key":"RECALL"},{"floor":49,"key":"REST"},{"data":"Runesmith:RunicBlueprint","floor":52,"key":"SMITH"}],"circlet_count":0,"master_deck":["Runesmith:Strike_RS+1","Runesmith:Strike_RS+1","Runesmith:Strike_RS+1","Runesmith:Defend_RS+1","Runesmith:Defend_RS+1","Runesmith:CraftFirestone+1","Runesmith:Fortify+1","Runesmith:LithiumIon","Runesmith:RunicBlueprint+1","Runesmith:Firestorm","Runesmith:Grindstone+1","Terror+1","Runesmith:PoweredAnvil","Runesmith:HammerThrow+1","Runesmith:GoWithTheFlow","Runesmith:PerfectChisel","Runesmith:CraftMagma+1","Runesmith:MetallurgicalResearch","Runesmith:NanitesCloud+1","Runesmith:CraftMagma+1","Runesmith:NegativeSpace+1","RitualDagger+1","Runesmith:Malloc+1","Runesmith:LithiumIon+1","Runesmith:RunicBlueprint+1","Runesmith:EnergizedChisel+1","Runesmith:RunicBlueprint+1","Runesmith:CraftPrismatica","Runesmith:Prism","Runesmith:PoweredAnvil","Runesmith:DoubleUp+1","Runesmith:Accelerate+1","Runesmith:CraftMagma+1","Runesmith:Augment+1","Pot Of Greed","Pot Of Greed","Pot Of Greed","Runesmith:EnergizedChisel+1"],"relics":["Runesmith:BrokenRuby","NeowsBlessing","Replay:Rubber Ducky","Calipers","Quantum Egg","Ornamental Fan","Replay:Baseball","Astrolabe","Incense Burner","PreservedInsect","The Courier","expansioncontent:StudyCardRelic","Turnip","Anchor","Regal Pillow","Blue Candle","MawBank","Potion Belt","Onion Ring","War Paint","Grinning Jar","Ice Cream"],"acts_visited":["Exordium","TheCity","TheBeyond","TheEnding"],"potions_floor_usage":[16,22,23,23,27,33,38,39,42,55],"damage_taken":[{"damage":0.0,"enemies":"Cultist","floor":1.0,"turns":1.0},{"damage":0.0,"enemies":"Small Slimes","floor":2.0,"turns":1.0},{"damage":0.0,"enemies":"2 Louse","floor":3.0,"turns":2.0},{"damage":10.0,"enemies":"Lots of Slimes","floor":4.0,"turns":6.0},{"damage":1.0,"enemies":"Lagavulin","floor":7.0,"turns":6.0},{"damage":1,"enemies":"2 Fungi Beasts","floor":10,"turns":4},{"damage":0,"enemies":"Looter","floor":12,"turns":4},{"damage":0,"enemies":"Replay:BlueRogue","floor":13,"turns":4},{"damage":5,"enemies":"Slime Boss","floor":16,"turns":5},{"damage":1,"enemies":"Chosen","floor":18,"turns":4},{"damage":4,"enemies":"Shell Parasite","floor":20,"turns":5},{"damage":4,"enemies":"Chosen and Byrds","floor":22,"turns":5},{"damage":1,"enemies":"Gremlin Leader","floor":23,"turns":5},{"damage":25,"enemies":"Replay:Snechameleon","floor":25,"turns":6},{"damage":9,"enemies":"Snake Plant","floor":27,"turns":5},{"damage":11,"enemies":"Shelled Parasite and Fungi","floor":28,"turns":5},{"damage":0,"enemies":"Chosen and Byrds","floor":29,"turns":5},{"damage":1,"enemies":"Champ","floor":33,"turns":7},{"damage":5,"enemies":"3 Darklings","floor":35,"turns":5},{"damage":0,"enemies":"Orb Walker","floor":37,"turns":4},{"damage":17,"enemies":"2 Orb Walkers","floor":38,"turns":5},{"damage":2,"enemies":"Sphere and 2 Shapes","floor":39,"turns":3},{"damage":0,"enemies":"Nemesis","floor":40,"turns":9},{"damage":1,"enemies":"3 Darklings","floor":42,"turns":4},{"damage":19,"enemies":"Jaw Worm Horde","floor":44,"turns":5},{"damage":0,"enemies":"Transient","floor":46,"turns":5},{"damage":0,"enemies":"Giant Head","floor":47,"turns":6},{"damage":0,"enemies":"Donu and Deca","floor":50,"turns":8},{"damage":0,"enemies":"Shield and Spear","floor":54,"turns":6},{"damage":5,"enemies":"The Heart","floor":55,"turns":10}],"seed_played":"-5344182065450400908","potions_obtained":[{"floor":1.0,"key":"Slimebound:ThreeZeroPotion"},{"floor":7.0,"key":"AttackPotion"},{"floor":10,"key":"Flashbang"},{"floor":13,"key":"Ancient Potion"},{"floor":16,"key":"Dexterity Potion"},{"floor":22,"key":"PowerPotion"},{"floor":25,"key":"EssenceOfSteel"},{"floor":29,"key":"EssenceOfSteel"},{"floor":35,"key":"SpeedPotion"},{"floor":38,"key":"PowerPotion"},{"floor":39,"key":"Swift Potion"},{"floor":47,"key":"Ancient Potion"},{"floor":54,"key":"Languid Potion"}],"is_trial":false,"path_per_floor":["M","M","M","M","?","R","E","R","T","M","?","M","E","$","R","B",null,"M","?","M","?","M","E","R","E","T","M","M","M","R","?","R","B",null,"M","?","M","?","M","E","R","M","T","M","T","M","E","$","R","B",null,"R","$","E","B",null],"character_chosen":"RUNESMITH_CLASS","items_purchased":["Runesmith:CraftMagma","Replay:Baseball","Potion Belt","Onion Ring","War Paint","Grinning Jar","Runesmith:EnergizedChisel+1"],"campfire_rested":2,"item_purchase_floors":[14,14,48,48,48,48,48],"current_hp_per_floor":[70,70,70,60,54,54,53,53,53,52,52,52,52,52,52,47,70,69,63,59,59,55,54,54,29,29,20,9,9,30,30,30,29,70,65,65,65,48,46,46,46,45,45,26,26,26,26,26,62,62,70,70,70,70,65],"gold":59,"neow_bonus":"THREE_ENEMY_KILL","is_daily":false,"chose_seed":false,"campfire_upgraded":6,"win_rate":0.0,"timestamp":1608069159,"path_taken":["M","?","M","M","?","R","E","R","T","M","?","?","E","$","R","BOSS","M","?","M","?","M","E","R","E","T","M","M","M","R","?","R","BOSS","M","?","M","?","M","E","R","M","T","M","?","?","E","$","R","BOSS","R","$","E","BOSS"],"items_purchased_type":["Card","Relic","Relic","Relic","Relic","Relic","Card"],"build_version":"2020-12-13","purchased_purges":0,"victory":true,"max_hp_per_floor":[70,70,70,70,70,70,70,70,70,70,70,70,70,70,70,70,70,70,70,70,70,70,70,70,70,70,70,70,70,70,70,70,70,70,70,70,70,70,70,70,70,70,70,70,70,70,70,70,70,70,70,70,70,70,70],"card_choices":[{"not_picked":["Runesmith:ShiftingStrike","Runesmith:EarthShield"],"picked":"Runesmith:LithiumIon","floor":1.0},{"not_picked":["Runesmith:UnstableHammer","Runesmith:WhiteBalance"],"picked":"Runesmith:RunicBlueprint","floor":2.0},{"not_picked":["Runesmith:BackupBattery","Runesmith:EnergizedChisel"],"picked":"Runesmith:Firestorm","floor":3.0},{"not_picked":["Runesmith:Augment","Runesmith:PerfectChisel"],"picked":"Runesmith:Grindstone","floor":4.0},{"not_picked":["Runesmith:CraftObretio","Runesmith:Overpower"],"picked":"Runesmith:PoweredAnvil","floor":7.0},{"not_picked":["Runesmith:BackupBattery","Runesmith:RuneHurl"],"picked":"Runesmith:HammerThrow","floor":10},{"not_picked":["Runesmith:EnergizedChisel","Runesmith:Repurpose"],"picked":"Runesmith:GoWithTheFlow","floor":12},{"not_picked":["Runesmith:NegativeSpace","Runesmith:Supernova"],"picked":"Runesmith:PerfectChisel","floor":13},{"not_picked":["Runesmith:CraftMedicinae","Runesmith:Duplicate"],"picked":"Runesmith:MetallurgicalResearch","floor":16},{"not_picked":["Runesmith:HeatExchange+1","Runesmith:CraftMagma","Runesmith:HeatedChisel"],"picked":"SKIP","floor":18},{"not_picked":["Runesmith:MakeshiftArmor","Runesmith:NanitesCloud","Runesmith:ShiftingStrike"],"picked":"SKIP","floor":20},{"not_picked":["Runesmith:Overpower+1","Runesmith:Attraction"],"picked":"Runesmith:Malloc","floor":22},{"not_picked":["Runesmith:CraftMedicinae","Runesmith:ChargedHammer+1"],"picked":"Runesmith:LithiumIon+1","floor":23},{"not_picked":["Runesmith:Accelerate","Runesmith:Grindstone"],"picked":"Runesmith:RunicBlueprint","floor":25},{"not_picked":["Runesmith:MakeshiftArmor","Runesmith:Discharge"],"picked":"Runesmith:EnergizedChisel+1","floor":27},{"not_picked":["Runesmith:Prism","Runesmith:Grindstone+1"],"picked":"Runesmith:RunicBlueprint+1","floor":28},{"not_picked":["Runesmith:UnstableHammer","Runesmith:RuneHurl","Runesmith:EnergizedChisel"],"picked":"SKIP","floor":29},{"not_picked":["Runesmith:UnlimitedPower","Runesmith:ArcReactor"],"picked":"Runesmith:CraftPrismatica","floor":33},{"not_picked":["Runesmith:HammerThrow+1","Runesmith:ShiftingStrike+1"],"picked":"Runesmith:Prism","floor":35},{"not_picked":["Runesmith:Overpower+1","Runesmith:Firestorm","Runesmith:HammerTime"],"picked":"SKIP","floor":37},{"not_picked":["Runesmith:ChiselStab","Runesmith:EnergizedChisel"],"picked":"Runesmith:PoweredAnvil","floor":39},{"not_picked":["Runesmith:CraftVitae","Runesmith:Repurpose+1"],"picked":"Runesmith:DoubleUp+1","floor":40},{"not_picked":["Runesmith:HeatedChisel+1","Runesmith:Reinforce"],"picked":"Runesmith:Accelerate+1","floor":42},{"not_picked":["Runesmith:NanitesCloud+1","Runesmith:ShiftingStrike+1"],"picked":"Runesmith:CraftMagma+1","floor":44},{"not_picked":["Runesmith:Grindstone+1","Runesmith:StaticCage","Runesmith:Discharge+1"],"picked":"SKIP","floor":46},{"not_picked":["Runesmith:CraftIncendium+1","Runesmith:CraftObretio"],"picked":"Runesmith:Augment+1","floor":47},{"not_picked":["Runesmith:CraftProtectio","Runesmith:ShiftingStrike+1","Runesmith:HeatExchange+1"],"picked":"SKIP","floor":54}],"player_experience":1621030,"relics_obtained":[{"floor":7.0,"key":"Calipers"},{"floor":9.0,"key":"Quantum Egg"},{"floor":13,"key":"Ornamental Fan"},{"floor":23,"key":"Incense Burner"},{"floor":25,"key":"PreservedInsect"},{"floor":38,"key":"Turnip"},{"floor":40,"key":"Anchor"},{"floor":43,"key":"Regal Pillow"},{"floor":45,"key":"Blue Candle"},{"floor":47,"key":"MawBank"},{"floor":54,"key":"Ice Cream"}],"event_choices":[{"damage_healed":0,"gold_gain":0,"player_choice":"Forge","damage_taken":0,"max_hp_gain":0,"max_hp_loss":0,"event_name":"Accursed Blacksmith","floor":11,"gold_loss":0,"cards_upgraded":["Runesmith:HammerThrow"]},{"damage_healed":0,"gold_gain":0,"player_choice":"Dagger","damage_taken":6,"max_hp_gain":0,"max_hp_loss":0,"event_name":"betterThird:BetterNest","floor":19,"gold_loss":0,"cards_obtained":["RitualDagger"]},{"damage_healed":0,"gold_gain":0,"player_choice":"Simplicity","damage_taken":0,"max_hp_gain":0,"max_hp_loss":5,"event_name":"betterThird:BetterWriting","floor":21,"gold_loss":0},{"damage_healed":0,"gold_gain":0,"player_choice":"Gave Potion","damage_taken":0,"relics_obtained":["The Courier"],"max_hp_gain":0,"max_hp_loss":0,"event_name":"WeMeetAgain","floor":31,"gold_loss":0},{"damage_healed":0,"gold_gain":0,"player_choice":"Ignored","damage_taken":0,"max_hp_gain":0,"max_hp_loss":0,"event_name":"Tomb of Lord Red Mask","floor":36,"gold_loss":0},{"damage_healed":0,"gold_gain":0,"player_choice":"Fight","damage_taken":0,"max_hp_gain":0,"max_hp_loss":0,"event_name":"Mysterious Sphere","floor":38,"gold_loss":0}],"is_beta":false,"boss_relics":[{"not_picked":["Replay:Drink Me","Snecko Eye"],"picked":"Astrolabe"},{"not_picked":["Calling Bell","Sozu"],"picked":"expansioncontent:StudyCardRelic"}],"items_purged_floors":[],"is_endless":false,"potions_floor_spawned":[1,7,10,13,16,22,25,29,35,38,39,47,54],"ascension_level":0}}