{"host":"7j4buewktimyywfk","time":1608004567,"event":{"mods":["BaseMod","Colored Powertips","Minty Spire (QoL Compilation)"],"gold_per_floor":[110,128,203,218,218,218,234,275,328,367,388,75,75,100,100,225,225,243,243,243,262,20,20,33,68,68,68,81,206,240,240,240,359,359,384,166,166,182,182,182,197,530,530,185,198,198,198,66,66,66,66,66,42,75,75,75],"floor_reached":55,"playtime":4913,"items_purged":["Injury","Gash"],"score":879,"play_id":"dd724f21-d548-4f45-87fa-c669503670a1","local_time":"20201214225607","is_ascension_mode":true,"campfire_choices":[{"floor":6.0,"key":"REST"},{"data":"Beam Cell","floor":13.0,"key":"SMITH"},{"floor":15.0,"key":"REST"},{"data":"Creative AI","floor":23.0,"key":"SMITH"},{"floor":27.0,"key":"REST"},{"floor":32.0,"key":"REST"},{"data":"Zap","floor":40.0,"key":"SMITH"},{"data":"Coolheaded","floor":46.0,"key":"SMITH"},{"floor":49.0,"key":"RECALL"},{"floor":52.0,"key":"REST"}],"circlet_count":0,"master_deck":["Strike_B+1","Strike_B+1","Strike_B+1","Defend_B+1","Defend_B+1","Defend_B+1","Defend_B+1","Zap+1","Dualcast","Beam Cell+1","FTL","Cold Snap","Steam","Rainbow","Redo","Self Repair","Capacitor","Creative AI+1","BootSequence+1","RitualDagger","Go for the Eyes+1","Coolheaded+1","Doom and Gloom","Steam+1","Fusion+1","Sweeping Beam","Echo Form+1","Coolheaded+1","Defragment+1","All For One","Glacier+1","Fission+1","Storm+1","Consume+1","Lockon","Turbo+1"],"relics":["SlaversCollar","Meat on the Bone","Orichalcum","PreservedInsect","Oddly Smooth Stone","Runic Pyramid","Frozen Egg 2","Sundial","Toxic Egg 2","Du-Vu Doll","HornCleat","Smiling Mask","Enchiridion","Nuclear Battery","Happy Flower","Blood Vial","Art of War"],"acts_visited":["TheBeyond","TheEnding"],"potions_floor_usage":[55],"damage_taken":[{"damage":7.0,"enemies":"Small Slimes","floor":1.0,"turns":4.0},{"damage":1.0,"enemies":"2 Louse","floor":2.0,"turns":2.0},{"damage":7.0,"enemies":"Jaw Worm","floor":4.0,"turns":3.0},{"damage":6.0,"enemies":"3 Louse","floor":7.0,"turns":2.0},{"damage":16.0,"enemies":"3 Sentries","floor":8.0,"turns":5.0},{"damage":30.0,"enemies":"Gremlin Nob","floor":10.0,"turns":6.0},{"damage":5.0,"enemies":"Looter","floor":11.0,"turns":3.0},{"damage":14.0,"enemies":"2 Fungi Beasts","floor":14.0,"turns":4.0},{"damage":42.0,"enemies":"The Guardian","floor":16.0,"turns":11.0},{"damage":11.0,"enemies":"Spheric Guardian","floor":18.0,"turns":4.0},{"damage":8.0,"enemies":"Chosen","floor":21.0,"turns":7.0},{"damage":25.0,"enemies":"Snecko","floor":24.0,"turns":6.0},{"damage":18.0,"enemies":"Book of Stabbing","floor":25.0,"turns":7.0},{"damage":9.0,"enemies":"Snake Plant","floor":28.0,"turns":7.0},{"damage":16.0,"enemies":"Colosseum Slavers","floor":29.0,"turns":5.0},{"damage":17.0,"enemies":"Colosseum Nobs","floor":29.0,"turns":4.0},{"damage":27.0,"enemies":"Gremlin Leader","floor":30.0,"turns":7.0},{"damage":24.0,"enemies":"Automaton","floor":33.0,"turns":8.0},{"damage":0.0,"enemies":"3 Shapes","floor":35.0,"turns":6.0},{"damage":5.0,"enemies":"3 Darklings","floor":38.0,"turns":6.0},{"damage":2.0,"enemies":"Spire Growth","floor":41.0,"turns":6.0},{"damage":0.0,"enemies":"Maw","floor":45.0,"turns":8.0},{"damage":32.0,"enemies":"Donu and Deca","floor":50.0,"turns":5.0},{"damage":9.0,"enemies":"Shield and Spear","floor":54.0,"turns":5.0},{"damage":76,"enemies":"The Heart","floor":55,"turns":5}],"seed_played":"8921707907576263301","potions_obtained":[{"floor":2.0,"key":"DistilledChaos"},{"floor":4.0,"key":"DistilledChaos"},{"floor":7.0,"key":"EssenceOfDarkness"},{"floor":18.0,"key":"Fire Potion"},{"floor":25.0,"key":"Swift Potion"},{"floor":28.0,"key":"BlessingOfTheForge"},{"floor":33.0,"key":"DistilledChaos"},{"floor":38.0,"key":"SpeedPotion"},{"floor":45.0,"key":"PotionOfCapacity"}],"is_trial":false,"path_per_floor":["M","M","?","M","?","R","M","E","T","E","M","$","R","M","R","B",null,"M","?","?","M","$","R","M","E","T","R","M","?","E","?","R","B",null,"M","$","?","M","?","R","M","?","T","$","M","R","T","$","R","B",null,"R","$","E","B"],"character_chosen":"DEFECT","items_purchased":["Self Repair","Oddly Smooth Stone","Frozen Egg 2","Defragment+1","All For One","Happy Flower","Fission+1","Storm+1","Lockon","Turbo+1"],"campfire_rested":5,"item_purchase_floors":[12,12,22,36,36,44,44,44,48,53],"current_hp_per_floor":[68,67,56,49,49,71,65,49,49,31,38,38,38,43,65,42,67,63,57,57,49,49,49,36,37,37,59,50,55,47,31,53,48,68,75,75,75,70,70,70,75,75,75,75,75,75,75,75,75,43,67,75,75,75,0,0],"gold":75,"neow_bonus":"BOSS_RELIC","is_daily":false,"chose_seed":false,"campfire_upgraded":4,"win_rate":0.0,"timestamp":1608004567,"path_taken":["M","M","?","M","?","R","M","E","T","E","M","$","R","M","R","BOSS","M","?","?","M","$","R","M","E","T","R","M","?","E","?","R","BOSS","M","$","?","M","?","R","M","?","T","$","M","R","?","$","R","BOSS","R","$","E","BOSS"],"items_purchased_type":["Card","Relic","Relic","Card","Card","Relic","Card","Card","Card","Card"],"build_version":"2020-12-13","purchased_purges":2,"victory":false,"max_hp_per_floor":[75,75,75,75,75,75,75,75,75,75,75,75,75,75,75,75,75,75,75,75,75,75,75,75,75,75,75,75,75,75,75,75,75,75,75,75,75,75,75,75,75,75,75,75,75,75,75,75,75,75,75,75,75,75,75,75],"card_choices":[{"not_picked":["Compile Driver","Undo"],"picked":"Beam Cell","floor":1.0},{"not_picked":["Fusion","Rebound"],"picked":"FTL","floor":2.0},{"not_picked":["Go for the Eyes","Genetic Algorithm"],"picked":"Gash","floor":4.0},{"not_picked":["Skim","Go for the Eyes"],"picked":"Cold Snap","floor":7.0},{"not_picked":["Skim","FTL"],"picked":"Steam","floor":8.0},{"not_picked":["Compile Driver","Undo"],"picked":"Rainbow","floor":10.0},{"not_picked":["Beam Cell","Reprogram"],"picked":"Redo","floor":11.0},{"not_picked":["Loop","Sweeping Beam"],"picked":"Capacitor","floor":14.0},{"not_picked":["Meteor Strike","Reboot"],"picked":"Creative AI","floor":16.0},{"not_picked":["Redo","Melter"],"picked":"BootSequence+1","floor":18.0},{"not_picked":["Auto Shields+1","Sweeping Beam+1"],"picked":"Go for the Eyes+1","floor":21.0},{"not_picked":["Stack+1","Scrape"],"picked":"Coolheaded","floor":24.0},{"not_picked":["Redo","Sunder"],"picked":"Doom and Gloom","floor":25.0},{"not_picked":["Beam Cell","Leap+1"],"picked":"Steam+1","floor":28.0},{"not_picked":["Streamline","Coolheaded+1"],"picked":"Fusion+1","floor":29.0},{"not_picked":["Compile Driver+1","Stack+1"],"picked":"Sweeping Beam","floor":30.0},{"not_picked":["Fission+1","Reboot+1"],"picked":"Echo Form+1","floor":33.0},{"not_picked":["Gash+1","Cold Snap"],"picked":"Coolheaded+1","floor":35.0},{"not_picked":["Darkness+1","Stack+1"],"picked":"Glacier+1","floor":38.0},{"not_picked":["Compile Driver+1","Sweeping Beam","Conserve Battery+1"],"picked":"SKIP","floor":41.0},{"not_picked":["Double Energy+1","Doom and Gloom"],"picked":"Consume+1","floor":45.0},{"not_picked":["Melter+1","Stack+1","Reprogram+1"],"picked":"SKIP","floor":54.0}],"player_experience":155768,"relics_obtained":[{"floor":8.0,"key":"Meat on the Bone"},{"floor":9.0,"key":"Orichalcum"},{"floor":10.0,"key":"PreservedInsect"},{"floor":25.0,"key":"Sundial"},{"floor":26.0,"key":"Toxic Egg 2"},{"floor":29.0,"key":"Du-Vu Doll"},{"floor":29.0,"key":"HornCleat"},{"floor":30.0,"key":"Smiling Mask"},{"floor":31.0,"key":"Enchiridion"},{"floor":47.0,"key":"Blood Vial"},{"floor":54.0,"key":"Art of War"}],"event_choices":[{"damage_healed":0.0,"max_hp_gain":0.0,"max_hp_loss":0.0,"gold_gain":75.0,"event_name":"World of Goop","player_choice":"Gather Gold","floor":3.0,"gold_loss":0.0,"damage_taken":11.0},{"damage_healed":0.0,"max_hp_gain":0.0,"max_hp_loss":0.0,"gold_gain":0.0,"event_name":"Golden Idol","player_choice":"Take Wound","floor":5.0,"gold_loss":0.0,"damage_taken":0.0,"relics_obtained":["Golden Idol"],"cards_obtained":["Injury"]},{"damage_healed":0.0,"max_hp_gain":0.0,"max_hp_loss":0.0,"gold_gain":0.0,"event_name":"Nest","player_choice":"Joined the Cult","floor":19.0,"gold_loss":0.0,"damage_taken":6.0,"cards_obtained":["RitualDagger"]},{"damage_healed":0.0,"max_hp_gain":0.0,"max_hp_loss":0.0,"gold_gain":0.0,"event_name":"Back to Basics","player_choice":"Simplicity","floor":20.0,"gold_loss":0.0,"damage_taken":0.0,"cards_upgraded":["Strike_B","Strike_B","Strike_B","Strike_B","Defend_B","Defend_B","Defend_B","Defend_B"]},{"damage_healed":0.0,"max_hp_gain":0.0,"max_hp_loss":0.0,"gold_gain":0.0,"event_name":"Colosseum","player_choice":"Fight","floor":29.0,"gold_loss":0.0,"damage_taken":0.0},{"damage_healed":0.0,"max_hp_gain":0.0,"max_hp_loss":0.0,"gold_gain":0.0,"event_name":"Colosseum","player_choice":"Fought Nobs","floor":29.0,"gold_loss":0.0,"damage_taken":0.0},{"damage_healed":0.0,"max_hp_gain":0.0,"max_hp_loss":0.0,"gold_gain":0.0,"event_name":"Cursed Tome","player_choice":"Obtained Book","floor":31.0,"gold_loss":0.0,"damage_taken":16.0},{"cards_removed":["Strike_B"],"damage_healed":0.0,"max_hp_gain":0.0,"max_hp_loss":0.0,"gold_gain":0.0,"event_name":"Falling","player_choice":"Removed Attack","floor":37.0,"gold_loss":0.0,"damage_taken":0.0},{"damage_healed":0.0,"max_hp_gain":0.0,"max_hp_loss":0.0,"gold_gain":0.0,"event_name":"Mysterious Sphere","player_choice":"Ignored","floor":39.0,"gold_loss":0.0,"damage_taken":0.0},{"damage_healed":0.0,"max_hp_gain":0.0,"max_hp_loss":0.0,"gold_gain":333.0,"event_name":"The Moai Head","player_choice":"Gave Idol","floor":42.0,"relics_lost":["Golden Idol"],"gold_loss":0.0,"damage_taken":0.0}],"is_beta":false,"boss_relics":[{"not_picked":["Runic Dome","Tiny House"],"picked":"Runic Pyramid"},{"not_picked":["Pandora\u0027s Box","Philosopher\u0027s Stone"],"picked":"Nuclear Battery"}],"items_purged_floors":[12,48],"is_endless":false,"potions_floor_spawned":[2,4,7,18,25,28,33,38,45],"killed_by":"The Heart","ascension_level":5}}