{"host":"jgyoyy5iuhtvyvtg","time":1608029326,"event":{"mods":["2.2 Compatiblity","BaseMod","Challenge The Spire","Colored Map","Conspire","Downfall","Hermit","Highlight Path","Infinite Spire","Lobotomy","LobotomyExtend","Minty Spire (QoL Compilation)","Quick Restart","Replay The Spire","Spikes Relics","StSLib","The Construct","The Disciple","The Jungle","Yuri Mod"],"gold_per_floor":[99,110,110,120,131,141,141,141,141,141,159,59,4,22,35,140,140,140,140,140,156,156,156,156,167,184,218,218,232,249,268,286,286,286],"floor_reached":33,"playtime":1954,"items_purged":[],"score":263,"play_id":"9bd94069-a337-448a-8ef0-47f00bb8740e","local_time":"20201215024846","is_ascension_mode":false,"campfire_choices":[{"data":"champ:Taunt","floor":1,"key":"SMITH"},{"data":"champ:EnragedBash","floor":3,"key":"SMITH"},{"data":"champ:FaceSlap","floor":10,"key":"SMITH"},{"data":"champ:BerserkerStyle","floor":18,"key":"SMITH"},{"data":"champ:Encircle","floor":20,"key":"SMITH"},{"data":"champ:ShieldWall","floor":23,"key":"SMITH"}],"circlet_count":0,"master_deck":["champ:Strike","champ:Strike","champ:Strike","champ:Defend","champ:Defend","champ:Defend","champ:Defend","champ:Execute","champ:Taunt+1","champ:EnragedBash+1","champ:ShieldWall+1","champ:FaceSlap+1","champ:TornadoPunch","Ghostly","champ:Encircle+1","champ:HeartStrike","champ:BerserkerStyle+1","champ:SwordThrow+1","champ:FocusedGladiator","champ:StanceDance+1","champ:HoldFirm","champ:Encircle","champ:FanOfKnives","champ:Shatter","champ:DeathBlow"],"relics":["champ:ChampionCrown","LetterFromLob","HornCleat","CosmicIsotope","Ornamental Fan","Blue Doll"],"acts_visited":["Exordium","Exordium"],"potions_floor_usage":[5,16,16,27,27,27,27,30,32,33,33,33],"damage_taken":[{"damage":5,"enemies":"Small Slimes","floor":2,"turns":5},{"damage":12,"enemies":"Jaw Worm","floor":4,"turns":6},{"damage":11,"enemies":"Cultist","floor":5,"turns":5},{"damage":13,"enemies":"Large Slime","floor":6,"turns":6},{"damage":13,"enemies":"Lots of Slimes","floor":11,"turns":4},{"damage":12,"enemies":"downfall:FleeingMerchant","floor":13,"turns":4},{"damage":4,"enemies":"2 Fungi Beasts","floor":14,"turns":5},{"damage":15,"enemies":"3 Louse","floor":15,"turns":2},{"damage":71,"enemies":"downfall:Defect","floor":16,"turns":8},{"damage":18,"enemies":"theJungle:GiantWrat","floor":21,"turns":3},{"damage":42,"enemies":"theJungle:Flameango_and_Byrd","floor":25,"turns":6},{"damage":41,"enemies":"theJungle:SlimyTreeVines","floor":26,"turns":5},{"damage":70,"enemies":"theJungle:MamaSnecko","floor":27,"turns":9},{"damage":19,"enemies":"theJungle:JungleHuntersEncounter","floor":29,"turns":6},{"damage":32,"enemies":"theJungle:Lyon","floor":30,"turns":5},{"damage":57,"enemies":"theJungle:2_Flameangoes","floor":31,"turns":6},{"damage":11,"enemies":"theJungle:2_Snecko_Cultists","floor":32,"turns":3},{"damage":24,"enemies":"downfall:Silent","floor":33,"turns":4}],"seed_played":"8771803724336033519","potions_obtained":[{"floor":2,"key":"Energy Potion"},{"floor":4,"key":"EntropicBrew"},{"floor":5,"key":"Fruit Juice"},{"floor":15,"key":"Adrenaline Potion"},{"floor":16,"key":"Weak Potion"},{"floor":21,"key":"FearPotion"},{"floor":29,"key":"LiquidBronze"},{"floor":31,"key":"champ:CounterPotion"},{"floor":32,"key":"Weak Potion"}],"is_trial":false,"path_per_floor":["R","M","R","M","M","M","T","E","?","R","M","?","$","M","M","B",null,"R","?","R","M","?","R","T","M","M","E","?","M","M","M","M","B"],"character_chosen":"THE_CHAMP","items_purchased":["champ:HeartStrike"],"campfire_rested":0,"item_purchase_floors":[13],"current_hp_per_floor":[99,99,99,98,99,99,99,99,99,99,91,91,91,89,76,19,104,104,104,104,104,104,104,104,80,70,30,44,54,40,12,19,0,0],"gold":286,"neow_bonus":"TEN_PERCENT_HP_BONUS","is_daily":false,"chose_seed":false,"campfire_upgraded":6,"win_rate":0.0,"timestamp":1608029326,"path_taken":["R","M","R","M","M","M","T","E","?","R","M","?","?","M","M","BOSS","R","?","R","?","?","R","T","?","M","E","?","M","M","M","M","BOSS"],"items_purchased_type":["Card"],"build_version":"2020-12-13","purchased_purges":0,"victory":false,"max_hp_per_floor":[99,99,99,99,104,104,104,104,104,104,104,104,104,104,104,104,104,104,104,104,104,104,104,104,104,104,104,104,104,104,104,104,104,104],"card_choices":[{"not_picked":["champ:Circumvent","champ:AdrenalArmor"],"picked":"champ:EnragedBash","floor":2},{"not_picked":["champ:CalledShot","champ:BerserkersShout"],"picked":"champ:ShieldWall","floor":4},{"not_picked":["champ:BerserkersShout","champ:Circumvent","champ:FlashCut"],"picked":"SKIP","floor":5},{"not_picked":["champ:PerfectedStrike","champ:AdrenalArmor"],"picked":"champ:FaceSlap","floor":6},{"not_picked":["champ:FocusedBerserking","champ:Duel"],"picked":"champ:TornadoPunch","floor":11},{"not_picked":["champ:DancingMaster","champ:GladiatorStyle"],"picked":"champ:Encircle","floor":13},{"not_picked":["champ:PerfectedStrike","champ:BringItOn"],"picked":"champ:BerserkerStyle","floor":14},{"not_picked":["champ:TornadoPunch","champ:DefensiveShout","champ:BladeFlurry"],"picked":"SKIP","floor":15},{"not_picked":["champ:CheapShot","champ:CrownThrow"],"picked":"champ:SwordThrow","floor":16},{"not_picked":["champ:GladiatorsShout","champ:CrookedStrike","champ:DefensiveStyle"],"picked":"SKIP","floor":21},{"not_picked":["champ:FocusedGladiator","champ:Haymaker+1"],"picked":"champ:StanceDance+1","floor":25},{"not_picked":["champ:PerfectedStrike+1","champ:Haymaker+1"],"picked":"champ:HoldFirm","floor":26},{"not_picked":["champ:Haymaker","champ:IronFortress"],"picked":"champ:Encircle","floor":27},{"not_picked":["champ:Encircle+1","champ:Duel+1"],"picked":"champ:FanOfKnives","floor":29},{"not_picked":["champ:Backstep","champ:FocusedGladiator+1","champ:FanOfKnives"],"picked":"SKIP","floor":30},{"not_picked":["champ:IronFortress","champ:PerfectedStrike"],"picked":"champ:Shatter","floor":31},{"not_picked":["champ:BerserkerStyle","champ:CrookedStrike"],"picked":"champ:DeathBlow","floor":32}],"player_experience":3113863,"relics_obtained":[{"floor":2,"key":"LetterFromLob"},{"floor":7,"key":"HornCleat"},{"floor":24,"key":"Ornamental Fan"},{"floor":27,"key":"Blue Doll"}],"event_choices":[{"damage_healed":0,"gold_gain":0,"player_choice":"Argue","damage_taken":0,"max_hp_gain":0,"max_hp_loss":0,"event_name":"conspire:LoneGhost","floor":12,"gold_loss":0},{"damage_healed":0,"gold_gain":0,"player_choice":"Forge","damage_taken":0,"max_hp_gain":0,"max_hp_loss":0,"event_name":"Accursed Blacksmith","floor":19,"gold_loss":0,"cards_upgraded":["champ:SwordThrow"]},{"damage_healed":0,"gold_gain":0,"cards_transformed":["champ:Strike"],"player_choice":"Transformed","damage_taken":0,"max_hp_gain":0,"max_hp_loss":0,"event_name":"Transmorgrifier","floor":22,"gold_loss":0,"cards_obtained":["champ:FocusedGladiator"]}],"is_beta":false,"boss_relics":[{"not_picked":["Replay:Bronze Core","Fusion Hammer"],"picked":"CosmicIsotope"}],"items_purged_floors":[],"is_endless":false,"potions_floor_spawned":[2,4,5,15,16,21,29,31,32],"killed_by":"downfall:Silent","ascension_level":0}}