{"host":"0cm5wy4nhuju7tij","time":1608008740,"event":{"mods":["2.2 Compatiblity","AchievementEnabler","BaseMod","Better Third Choice","BetterRewards","CCEM","Colored Powertips","Custom Start","Displayed Cursed Tome","Downfall","Filter the Spire","Fireblade Mod","Hermit","Highlight Path","Minty Spire (QoL Compilation)","Permanent Neow","Pikachu Mod","Railgun Mod","Shop Mod","Spicy Shops","StSLib","The Bladedancer","The Elementalist","TheWitcher"],"gold_per_floor":[110,126,138,138,138,173,173,192,216,216,216,231,251,285,285,385,385,405,425,39,53,69,101,101,115,115,115,149,149,149,149],"floor_reached":30,"playtime":1610,"items_purged":["TheRailgun:Strike"],"score":296,"play_id":"4240dcd9-26af-4cbf-ba6c-71b1514dfaff","local_time":"20201215000540","is_ascension_mode":true,"campfire_choices":[{"data":"TheRailgun:Magnetic_Movement","floor":7,"key":"SMITH"},{"floor":11,"key":"REST"},{"floor":15,"key":"REST"},{"floor":24,"key":"REST"},{"data":"Dark Shackles","floor":27,"key":"SMITH"}],"circlet_count":0,"master_deck":["TheRailgun:Strike","TheRailgun:Strike","TheRailgun:Defend","TheRailgun:Defend","TheRailgun:Defend","TheRailgun:Defend","TheRailgun:Discharge","TheRailgun:Static","TheRailgun:Zip","TheRailgun:Thunderbolt","TheRailgun:Sister_Noise","TheRailgun:Positive_Field+1","TheRailgun:Magnetic_Movement+1","TheRailgun:Stun_Shock","TheRailgun:Magnetic_Flight","TheRailgun:Iron_Dust_Field","TheRailgun:Electric_Fence","TheRailgun:Magnetic_Flight","TheRailgun:Electric_Fence+1","TheRailgun:Battery_Pack","TheRailgun:Thundershock","TheRailgun:Negative_Field","Dark Shackles+1","TheRailgun:Biribiri","TheRailgun:Iron_Dust_Sword","TheRailgun:Lightningbolt"],"relics":["TheRailgun:CoinRelic","Ginger","CCEMRelics:CocoNut","Centennial Puzzle","Orichalcum","CCEMRelics:Barrel","Busted Crown","CCEMRelics:SpiritsEdge","PreservedInsect","Smiling Mask","Oddly Smooth Stone","Enchiridion"],"acts_visited":["Exordium","TheCity"],"potions_floor_usage":[],"damage_taken":[{"damage":0,"enemies":"Cultist","floor":1,"turns":2},{"damage":0,"enemies":"Small Slimes","floor":2,"turns":2},{"damage":0,"enemies":"Jaw Worm","floor":3,"turns":2},{"damage":14,"enemies":"Gremlin Nob","floor":6,"turns":3},{"damage":15,"enemies":"Blue Slaver","floor":8,"turns":3},{"damage":8,"enemies":"Lots of Slimes","floor":12,"turns":3},{"damage":0,"enemies":"Large Slime","floor":13,"turns":5},{"damage":10,"enemies":"Lagavulin","floor":14,"turns":6},{"damage":8,"enemies":"Hexaghost","floor":16,"turns":10},{"damage":11,"enemies":"2 Thieves","floor":18,"turns":4},{"damage":3,"enemies":"Chosen","floor":19,"turns":4},{"damage":13,"enemies":"Shelled Parasite and Fungi","floor":21,"turns":5},{"damage":3,"enemies":"Snecko","floor":22,"turns":5},{"damage":30,"enemies":"Gremlin Leader","floor":23,"turns":9},{"damage":13,"enemies":"Snake Plant","floor":25,"turns":4},{"damage":7,"enemies":"Book of Stabbing","floor":28,"turns":5},{"damage":17,"enemies":"Slavers","floor":30,"turns":1}],"seed_played":"-1828372504285602403","potions_obtained":[{"floor":1,"key":"Strength Potion"},{"floor":2,"key":"Ancient Potion"},{"floor":8,"key":"sneckomod:MuddlingPotion"},{"floor":12,"key":"Energy Potion"}],"is_trial":false,"path_per_floor":["M","M","M","?","T","E","R","M","T","?","R","M","M","E","R","B",null,"M","M","$","M","M","E","R","M","T","R","E","?","E"],"character_chosen":"THE_DEFAULT","items_purchased":["TheRailgun:Thundershock","TheRailgun:Negative_Field","CCEMRelics:SpiritsEdge","Dark Shackles"],"campfire_rested":3,"item_purchase_floors":[20,20,20,20],"current_hp_per_floor":[49,49,49,49,54,40,40,25,25,25,47,39,39,29,51,43,75,64,61,61,56,53,23,45,32,32,32,25,9,0,0],"gold":149,"neow_bonus":"ONE_RARE_RELIC","is_daily":false,"chose_seed":false,"campfire_upgraded":2,"win_rate":0.0,"timestamp":1608008740,"path_taken":["M","M","?","?","?","E","R","M","T","?","R","M","?","E","R","BOSS","M","M","$","M","M","E","R","M","T","R","E","?","E"],"items_purchased_type":["Card","Card","Relic","Card"],"build_version":"2020-12-13","purchased_purges":1,"victory":false,"max_hp_per_floor":[70,70,70,70,75,75,75,75,75,75,75,75,75,75,75,75,75,75,75,75,75,75,75,75,75,75,75,75,75,75,75],"card_choices":[{"not_picked":["TheRailgun:Gekotamania","TheRailgun:Sister_Network"],"picked":"TheRailgun:Thunderbolt","floor":1},{"not_picked":["TheRailgun:Aerial_Shot","TheRailgun:Mental_Out"],"picked":"TheRailgun:Sister_Noise","floor":2},{"not_picked":["TheRailgun:Battery_Pack","TheRailgun:Zip"],"picked":"TheRailgun:Positive_Field","floor":3},{"not_picked":["TheRailgun:Pull","TheRailgun:Token_Collection"],"picked":"TheRailgun:Magnetic_Movement","floor":6},{"not_picked":["TheRailgun:Hypercharge","TheRailgun:Electrical_Fire"],"picked":"TheRailgun:Stun_Shock","floor":8},{"not_picked":["TheRailgun:Gekota_Phone","TheRailgun:Static"],"picked":"TheRailgun:Magnetic_Flight","floor":12},{"not_picked":["TheRailgun:Thunderbolt","TheRailgun:Gekotamania"],"picked":"TheRailgun:Iron_Dust_Field","floor":13},{"not_picked":["TheRailgun:Recharge","TheRailgun:Discharge"],"picked":"TheRailgun:Electric_Fence","floor":14},{"not_picked":["TheRailgun:Thunder","TheRailgun:Circuitous"],"picked":"TheRailgun:Magnetic_Flight","floor":16},{"not_picked":[],"picked":"TheRailgun:Electric_Fence+1","floor":18},{"not_picked":[],"picked":"TheRailgun:Battery_Pack","floor":19},{"not_picked":[],"picked":"TheRailgun:Biribiri","floor":21},{"not_picked":[],"picked":"TheRailgun:Iron_Dust_Sword","floor":22},{"not_picked":["TheRailgun:Rewiring"],"picked":"SKIP","floor":23},{"not_picked":["TheRailgun:Crack"],"picked":"SKIP","floor":25},{"not_picked":[],"picked":"TheRailgun:Lightningbolt","floor":28}],"player_experience":214336,"relics_obtained":[{"floor":5,"key":"CCEMRelics:CocoNut"},{"floor":6,"key":"Centennial Puzzle"},{"floor":9,"key":"Orichalcum"},{"floor":14,"key":"CCEMRelics:Barrel"},{"floor":23,"key":"PreservedInsect"},{"floor":26,"key":"Smiling Mask"},{"floor":28,"key":"Oddly Smooth Stone"}],"event_choices":[{"damage_healed":0,"gold_gain":0,"player_choice":"Grow","damage_taken":0,"max_hp_gain":0,"max_hp_loss":0,"event_name":"Living Wall","floor":4,"gold_loss":0,"cards_upgraded":["TheRailgun:Positive_Field"]},{"cards_removed":["TheRailgun:Strike"],"damage_healed":0,"gold_gain":0,"player_choice":"Purged","damage_taken":0,"max_hp_gain":0,"max_hp_loss":0,"event_name":"Purifier","floor":10,"gold_loss":0},{"damage_healed":0,"gold_gain":0,"player_choice":"Obtained Book","damage_taken":16,"max_hp_gain":0,"max_hp_loss":0,"event_name":"Cursed Tome","floor":29,"gold_loss":0}],"is_beta":false,"boss_relics":[{"not_picked":["SlaversCollar","Tiny House"],"picked":"Busted Crown"}],"items_purged_floors":[20],"is_endless":false,"potions_floor_spawned":[1,2,8,12,19,21,28],"killed_by":"Slavers","ascension_level":1}}