{"host":"csaqw07vjsqfysdp","time":1608075100,"event":{"mods":["AchievementEnabler","BaseMod","Colored Powertips","Downfall","Googly Eyes","Minty Spire (QoL Compilation)","Permanent Neow","Quick Restart","StSLib","Unceasing Turn Reminder"],"gold_per_floor":[99,134,134,164,164,196,196,196,207,207,225,238,338,358,374,471,471,471,499,499,499,499],"floor_reached":21,"playtime":686,"items_purged":[],"score":290,"play_id":"a57e18ec-1bfa-4b88-a57a-a98569d5bcc3","local_time":"20201215183140","is_ascension_mode":false,"campfire_choices":[{"data":"champ:Taunt","floor":1,"key":"SMITH"},{"data":"champ:RapidStrikes","floor":5,"key":"SMITH"},{"data":"champ:TornadoPunch","floor":8,"key":"SMITH"},{"data":"champ:Shatter","floor":10,"key":"SMITH"},{"data":"champ:SteelEdge","floor":18,"key":"SMITH"}],"circlet_count":0,"master_deck":["champ:Strike+1","champ:Strike+1","champ:Defend","champ:Defend","champ:Defend","champ:Defend","champ:Execute","champ:Taunt+1","champ:TornadoPunch+1","champ:RapidStrikes+1","champ:Backstep","champ:Shatter+1","champ:HeartStrike","champ:TornadoPunch+1","champ:ArenaPreparation","champ:LastStand","champ:Encircle","champ:SteelEdge+1","champ:Riposte"],"relics":["champ:ChampionCrown","downfall:HeartsMalice","Eternal Feather","Art of War","Ice Cream","Whetstone","Sozu","Thread and Needle"],"acts_visited":["Exordium","TheCity"],"potions_floor_usage":[11],"damage_taken":[{"damage":0,"enemies":"Lagavulin","floor":2,"turns":1},{"damage":0,"enemies":"3 Sentries","floor":4,"turns":1},{"damage":0,"enemies":"Gremlin Nob","floor":6,"turns":1},{"damage":4,"enemies":"Jaw Worm","floor":9,"turns":3},{"damage":5,"enemies":"Cultist","floor":11,"turns":3},{"damage":0,"enemies":"2 Louse","floor":12,"turns":2},{"damage":7,"enemies":"downfall:Heads","floor":13,"turns":6},{"damage":15,"enemies":"Exordium Wildlife","floor":14,"turns":3},{"damage":10,"enemies":"Large Slime","floor":15,"turns":3},{"damage":41,"enemies":"downfall:Silent","floor":16,"turns":9},{"damage":74,"enemies":"Slavers","floor":19,"turns":5},{"damage":3,"enemies":"Shell Parasite","floor":21,"turns":2}],"seed_played":"1182474615468244887","potions_obtained":[{"floor":4,"key":"Explosive Potion"},{"floor":9,"key":"FairyPotion"},{"floor":11,"key":"Fruit Juice"},{"floor":12,"key":"Regen Potion"},{"floor":14,"key":"FairyPotion"}],"is_trial":false,"path_per_floor":["R","E","?","E","R","E","T","R","M","R","M","M","?","M","M","B",null,"R","E","?","M"],"character_chosen":"THE_CHAMP","items_purchased":[],"campfire_rested":0,"item_purchase_floors":[],"current_hp_per_floor":[90,90,90,90,90,90,90,90,86,90,95,95,88,78,73,40,95,95,28,9,6,6],"gold":499,"neow_bonus":"THREE_ENEMY_KILL","is_daily":false,"chose_seed":false,"campfire_upgraded":5,"win_rate":0.0,"timestamp":1608075100,"path_taken":["R","E","?","E","R","E","T","R","M","R","M","?","?","M","M","BOSS","R","E","?","M"],"items_purchased_type":[],"build_version":"2020-12-13","purchased_purges":0,"victory":false,"max_hp_per_floor":[90,90,90,90,90,90,90,90,90,90,95,95,95,95,95,95,95,95,95,100,100,100],"card_choices":[{"not_picked":["champ:IronFortress","champ:Haymaker"],"picked":"champ:TornadoPunch","floor":2},{"not_picked":["champ:MurderStrike","champ:Backstep"],"picked":"champ:RapidStrikes","floor":4},{"not_picked":["champ:HeartStrike","champ:CrookedStrike"],"picked":"champ:Backstep","floor":6},{"not_picked":["champ:DefensiveStyle","champ:ShieldWall"],"picked":"champ:Shatter","floor":9},{"not_picked":["champ:FalseCounter","champ:AdrenalArmor"],"picked":"champ:HeartStrike","floor":11},{"not_picked":["champ:CrookedStrike","champ:FalseCounter"],"picked":"champ:TornadoPunch","floor":12},{"not_picked":["champ:RecklessLeap","champ:EnragedBash"],"picked":"champ:ArenaPreparation","floor":13},{"not_picked":["champ:CrookedStrike","champ:RecklessLeap"],"picked":"champ:Encircle","floor":14},{"not_picked":["champ:Haymaker","champ:DeathBlow","champ:Encircle"],"picked":"SKIP","floor":15},{"not_picked":["champ:HoldFirm","champ:HeavySlash"],"picked":"champ:SteelEdge","floor":16},{"not_picked":["champ:TornadoPunch+1","champ:BerserkersShout"],"picked":"champ:Riposte","floor":19}],"player_experience":375767,"relics_obtained":[{"floor":2,"key":"Eternal Feather"},{"floor":4,"key":"Art of War"},{"floor":6,"key":"Ice Cream"},{"floor":7,"key":"Whetstone"},{"floor":19,"key":"Thread and Needle"}],"event_choices":[{"damage_healed":0,"gold_gain":0,"player_choice":"Ignored","damage_taken":0,"max_hp_gain":0,"max_hp_loss":0,"event_name":"NoteForYourself","floor":3,"gold_loss":0}],"is_beta":false,"boss_relics":[{"not_picked":["Fusion Hammer","SlaversCollar"],"picked":"Sozu"}],"items_purged_floors":[],"is_endless":false,"potions_floor_spawned":[4,9,11,12,14,16,19],"killed_by":"Shell Parasite","ascension_level":0}}