{"host":"c2f2v4g0x0pdj4uy","time":1608058963,"event":{"mods":["Aspiration","BaseMod","Better Note","BetterRewards","Challenge The Spire","Colored Map","Downfall","Luminous","Minty Spire (QoL Compilation)","MostiFishMod","Relic Stats","RumiaBox-露米娅的神秘盒子","Shop Mod","Spicy Shops","Spire Birthday Party","StSLib","The Servant 0.9.4","WarShipGirlsR/战舰少女R mod","【遗物卡牌】REMEMod"],"gold_per_floor":[119,136,153,103,103,131,131,156,156,95,105,118,118,132,132,237,237,252,252,252,167,4,36,47,47,47,76,6,26,38,54,54,155,155,166,166,185,212,230,230,264,275,275,308,319,319,0,14,14,14,14,14,10,40,40],"floor_reached":56,"playtime":3254,"items_purged":["Shame","Strike_S","Strike_S"],"score":1359,"play_id":"027673ac-ce42-48fb-9d3c-9a33e04e337d","local_time":"20201216030243","is_ascension_mode":false,"campfire_choices":[{"data":"MostiFishMod:NightSea","floor":7,"key":"SMITH"},{"data":"KidneyShot","floor":13,"key":"SMITH"},{"data":"Moonlight","floor":15,"key":"SMITH"},{"data":"MoonPhase","floor":25,"key":"SMITH"},{"data":"KillingDoll","floor":32,"key":"SMITH"},{"floor":40,"key":"RECALL"},{"data":"Moonlight","floor":46,"key":"SMITH"},{"data":"SilverBlades","floor":49,"key":"SMITH"},{"data":"SilverBlades","floor":52,"key":"SMITH"}],"circlet_count":0,"master_deck":["Strike_S","Defend_S","Defend_S","Defend_S","Defend_S","KidneyShot+1","Exchange","MostiFishMod:NightSea+1","ShiftingGears","Moonlight+1","SilverBlades+1","Dilation+1","SilverBlades+1","BottledTime+1","FastForward+1","MoonPhase+1","KillingDoll+1","BottledTime+1","Defy+1","Ricochet","Revamp+1","Luminosity","Rearm+1","Moondial+1","ForgedInTime+1","MoonPhase+1","Orbit+1","FanOfKnives+1","SpecialFormula+1","Moonlight+1","BottledTime+1","FanOfKnives","MostiFishMod:Awakening+1"],"relics":["Uniform","DaveBox","REME_ComplimentaryCards","NeowsBlessing","Eternal Feather","Toxic Egg 2","aspiration:TrustyKnives","Lantern","MerchantsRug","ImportantClient","ChiXiaoBlade","NlothsMask","Ice Cream","ChiLing","Chi","Ling","Happy Flower","Kunai","ImprovedEquipment","Bronze Scales","Pantograph"],"acts_visited":["Exordium","TheCity","TheBeyond","TheEnding"],"potions_floor_usage":[6,17],"damage_taken":[{"damage":0,"enemies":"Cultist","floor":1,"turns":1},{"damage":1,"enemies":"Jaw Worm","floor":2,"turns":2},{"damage":2,"enemies":"2 Louse","floor":3,"turns":2},{"damage":19,"enemies":"3 Sentries","floor":6,"turns":12},{"damage":7,"enemies":"Gremlin Nob","floor":8,"turns":5},{"damage":0,"enemies":"Exordium Wildlife","floor":11,"turns":3},{"damage":0,"enemies":"2 Fungi Beasts","floor":12,"turns":3},{"damage":3,"enemies":"Lots of Slimes","floor":14,"turns":4},{"damage":11,"enemies":"Hexaghost","floor":16,"turns":11},{"damage":0,"enemies":"2 Thieves","floor":18,"turns":4},{"damage":18,"enemies":"Slavers","floor":23,"turns":4},{"damage":1,"enemies":"Shell Parasite","floor":24,"turns":4},{"damage":1,"enemies":"Book of Stabbing","floor":27,"turns":4},{"damage":2,"enemies":"Snake Plant","floor":29,"turns":3},{"damage":0,"enemies":"3 Cultists","floor":30,"turns":2},{"damage":2,"enemies":"Cultist and Chosen","floor":31,"turns":3},{"damage":7,"enemies":"Collector","floor":33,"turns":5},{"damage":3,"enemies":"3 Darklings","floor":35,"turns":1},{"damage":2,"enemies":"3 Shapes","floor":37,"turns":3},{"damage":7,"enemies":"Spire Growth","floor":39,"turns":4},{"damage":0,"enemies":"Giant Head","floor":41,"turns":5},{"damage":5,"enemies":"4 Shapes","floor":42,"turns":2},{"damage":2,"enemies":"Reptomancer","floor":44,"turns":4},{"damage":15,"enemies":"Sphere and 2 Shapes","floor":45,"turns":4},{"damage":2,"enemies":"Jaw Worm Horde","floor":48,"turns":2},{"damage":32,"enemies":"Awakened One","floor":50,"turns":9},{"damage":0,"enemies":"Shield and Spear","floor":54,"turns":4},{"damage":12,"enemies":"The Heart","floor":55,"turns":7}],"seed_played":"-7493331863151280587","potions_obtained":[{"floor":2,"key":"SneckoOil"},{"floor":3,"key":"SteroidPotion"},{"floor":6,"key":"Energy Potion"},{"floor":8,"key":"FairyPotion"},{"floor":16,"key":"Fruit Juice"},{"floor":24,"key":"Weak Potion"},{"floor":27,"key":"champ:CounterPotion"},{"floor":30,"key":"DuplicationPotion"},{"floor":31,"key":"Fire Potion"},{"floor":54,"key":"SpeedPotion"}],"is_trial":false,"path_per_floor":["M","M","M","?","?","E","R","E","T","$","M","M","R","M","R","B",null,"M","?","?","?","$","E","M","R","T","E","$","M","M","M","R","B",null,"M","?","M","T","M","R","E","M","T","E","M","R","?","M","R","B",null,"R","$","E","B",null],"character_chosen":"THE_SERVANT","items_purchased":["MerchantsRug","Ice Cream","ChiLing","Defy+1","Rearm+1","Bag of Preparation","FanOfKnives","MostiFishMod:Awakening+1"],"campfire_rested":0,"item_purchase_floors":[10,22,22,22,28,28,53,53],"current_hp_per_floor":[65,64,62,62,67,48,54,47,47,47,47,47,56,53,62,51,75,75,75,75,82,82,64,63,75,75,74,74,72,72,70,82,75,82,79,79,77,77,70,82,82,77,77,75,68,82,82,80,82,50,82,82,82,82,70],"gold":40,"neow_bonus":"THREE_ENEMY_KILL","is_daily":false,"chose_seed":false,"campfire_upgraded":8,"win_rate":0.0,"timestamp":1608058963,"path_taken":["M","?","M","?","?","E","R","E","T","?","M","M","R","M","R","BOSS","M","?","?","?","$","E","M","R","T","E","?","M","?","M","R","BOSS","M","?","M","?","M","R","E","M","T","E","M","R","?","M","R","BOSS","R","$","E","BOSS"],"items_purchased_type":["Relic","Relic","Relic","Card","Card","Relic","Card","Card"],"build_version":"2020-12-13","purchased_purges":3,"victory":true,"max_hp_per_floor":[65,65,65,65,70,70,70,70,70,70,70,70,70,70,70,70,75,75,75,75,82,82,82,82,82,82,82,82,82,82,82,82,82,82,82,82,82,82,82,82,82,82,82,82,82,82,82,82,82,82,82,82,82,82,82],"relic_stats":{"Happy Flower":[14],"counters":[28,117],"Bronze Scales":[144],"Pantograph":0,"Eternal Feather":76,"Kunai":[6],"obtain_stats":[{"Ice Cream":22,"Lantern":9,"aspiration:Lifesprig":44,"DaveBox":0,"Chi":22,"Uniform":0,"Bag of Preparation":28,"Strawberry":21,"Pantograph":54,"Tiny Chest":23,"Red Mask":47,"Kunai":41,"Toxic Egg 2":6,"ImportantClient":16,"MerchantsRug":10,"NeowsBlessing":0,"Happy Flower":38,"ImprovedEquipment":41,"Eternal Feather":0,"aspiration:TrustyKnives":8,"Question Card":1,"Ling":22,"Bronze Scales":44,"ChiXiaoBlade":17,"Black Star":34,"REME_ComplimentaryCards":0,"NlothsMask":19,"ChiLing":22,"Meat on the Bone":27},{"Ice Cream":10,"Lantern":5,"aspiration:Lifesprig":23,"DaveBox":0,"Chi":10,"Uniform":0,"Bag of Preparation":13,"Strawberry":10,"Pantograph":27,"Tiny Chest":11,"Red Mask":24,"Kunai":21,"Toxic Egg 2":4,"ImportantClient":9,"MerchantsRug":5,"NeowsBlessing":0,"Happy Flower":19,"ImprovedEquipment":21,"Eternal Feather":0,"aspiration:TrustyKnives":5,"Question Card":1,"Ling":10,"Bronze Scales":23,"ChiXiaoBlade":9,"Black Star":17,"REME_ComplimentaryCards":0,"NlothsMask":10,"ChiLing":10,"Meat on the Bone":13},{"Ice Cream":47,"Lantern":22,"aspiration:Lifesprig":91,"DaveBox":0,"Chi":47,"Uniform":0,"Bag of Preparation":59,"Strawberry":47,"Pantograph":110,"Tiny Chest":51,"Red Mask":95,"Kunai":85,"Toxic Egg 2":17,"ImportantClient":43,"MerchantsRug":22,"NeowsBlessing":0,"Happy Flower":76,"ImprovedEquipment":85,"Eternal Feather":0,"aspiration:TrustyKnives":22,"Question Card":1,"Ling":47,"Bronze Scales":91,"ChiXiaoBlade":43,"Black Star":72,"REME_ComplimentaryCards":0,"NlothsMask":47,"ChiLing":47,"Meat on the Bone":59}]},"card_choices":[{"not_picked":["Revamp","FastForward"],"picked":"ShiftingGears","floor":1},{"not_picked":["ShatteredReality","Gouge","DoubleEdge"],"picked":"Moonlight","floor":2},{"not_picked":["Spin","DualDimension","BottledTime"],"picked":"SilverBlades","floor":3},{"not_picked":["SilverMatrix","Alleviate+1","FloweringNight"],"picked":"Dilation+1","floor":6},{"not_picked":["Potential","BottledTime+1","Revamp+1"],"picked":"SilverBlades","floor":8},{"not_picked":["Revamp+1","FastForward+1","DoubleEdge"],"picked":"BottledTime+1","floor":11},{"not_picked":["GearUp+1","Snipe","SurpressingFire"],"picked":"FastForward+1","floor":12},{"not_picked":["Starlight","Defy+1","Alleviate+1"],"picked":"MoonPhase","floor":14},{"not_picked":["Duplication+1","SoulSculpture","PendulumOfEternity"],"picked":"KillingDoll","floor":16},{"not_picked":["Defy+1","Spin","DoubleEdge"],"picked":"BottledTime+1","floor":18},{"not_picked":["Defy+1","Alleviate+1","TimeWarp"],"picked":"Ricochet","floor":23},{"not_picked":["Unruled","Desolation","Replace+1"],"picked":"Revamp+1","floor":24},{"not_picked":["Desolation","Manipulate+1","Read+1"],"picked":"Luminosity","floor":27},{"not_picked":["FloweringNight","ShatteredReality","GearUp+1","Alleviate+1"],"picked":"SKIP","floor":29},{"not_picked":["FastForward+1","Sabotage","Manipulate+1","Unruled"],"picked":"SKIP","floor":30},{"not_picked":["Hightail+1","InstantArmor+1","Manipulate+1"],"picked":"Moondial+1","floor":31},{"not_picked":["Dilation+1","FlawlessForm","Solidify+1"],"picked":"ForgedInTime+1","floor":33},{"not_picked":["Collapse+1","Rearm+1","Sabotage"],"picked":"MoonPhase+1","floor":35},{"not_picked":["FanOfKnives+1","Starlight","Read+1"],"picked":"Orbit+1","floor":37},{"not_picked":["Alleviate+1","Manipulate+1","Replace+1","ShatteredReality"],"picked":"SKIP","floor":39},{"not_picked":["Alleviate+1","FastForward+1","DualDimension+1"],"picked":"FanOfKnives+1","floor":41},{"not_picked":["Shuttle+1","Misdirection+1","GearUp+1"],"picked":"SpecialFormula+1","floor":42},{"not_picked":["Rewind+1","Starlight","Hightail+1"],"picked":"Moonlight","floor":44},{"not_picked":["Ricochet","ShatteredReality+1","Alleviate+1","FloweringNight"],"picked":"SKIP","floor":45},{"not_picked":["Moonlight+1","SpecialFormula+1","RealityMarble"],"picked":"BottledTime+1","floor":48},{"not_picked":["Defy+1","ShatteredReality","Unruled"],"picked":"SKIP","floor":54}],"player_experience":142513,"relics_obtained":[{"floor":1,"key":"Question Card"},{"floor":6,"key":"Toxic Egg 2"},{"floor":8,"key":"aspiration:TrustyKnives"},{"floor":9,"key":"Lantern"},{"floor":16,"key":"ImportantClient"},{"floor":23,"key":"Tiny Chest"},{"floor":27,"key":"Meat on the Bone"},{"floor":38,"key":"Happy Flower"},{"floor":41,"key":"Kunai"},{"floor":41,"key":"ImprovedEquipment"},{"floor":44,"key":"Bronze Scales"},{"floor":44,"key":"aspiration:Lifesprig"},{"floor":54,"key":"Pantograph"}],"event_choices":[{"cards_removed":["Strike_S"],"damage_healed":0,"gold_gain":0,"player_choice":"Card Removal","damage_taken":0,"max_hp_gain":0,"max_hp_loss":0,"event_name":"The Cleric","floor":4,"gold_loss":50},{"damage_healed":0,"gold_gain":0,"player_choice":"Donut","damage_taken":0,"max_hp_gain":5,"max_hp_loss":0,"event_name":"Big Fish","floor":5,"gold_loss":0},{"damage_healed":0,"gold_gain":0,"player_choice":"Trade","damage_taken":0,"relics_obtained":["NlothsMask"],"max_hp_gain":0,"max_hp_loss":0,"event_name":"FaceTrader","floor":19,"gold_loss":0},{"damage_healed":0,"gold_gain":0,"player_choice":"Ignored","damage_taken":0,"max_hp_gain":0,"max_hp_loss":0,"event_name":"betterNote:BetterNote","floor":20,"gold_loss":0,"cards_obtained":["Eruption"]},{"damage_healed":0,"gold_gain":0,"player_choice":"Obtained Relic","damage_taken":0,"relics_obtained":["Strawberry"],"max_hp_gain":0,"max_hp_loss":0,"event_name":"Addict","floor":21,"gold_loss":85},{"damage_healed":0,"gold_gain":0,"player_choice":"Paid","damage_taken":0,"relics_obtained":["Red Mask"],"max_hp_gain":0,"max_hp_loss":0,"event_name":"Tomb of Lord Red Mask","floor":47,"gold_loss":319}],"is_beta":false,"boss_relics":[{"not_picked":["Transparent","Runic Pyramid"],"picked":"ChiXiaoBlade"},{"not_picked":["OneHitWonderSystem","TimeKeys"],"picked":"Black Star"}],"items_purged_floors":[22,53,53],"is_endless":false,"potions_floor_spawned":[2,3,6,8,16,24,27,30,31,33,37,41,48,54],"ascension_level":0}}