{"host":"ryj1bk6ra0180tiy","time":1608018650,"event":{"mods":["BaseMod","Colored Map","Colored Powertips","Downfall","Highlight Path","Infinite Spire","Marisa????????","Minty Spire (QoL Compilation)","READ ME - Guardian Mod","Remilia??????","StSLib","The Bug Knight"],"gold_per_floor":[99,110,122,122,32,32,32,62,62,95,113,113,131,131,144,245,245,170,170,195,195,195,224,250,175,204,204,218,237,237,256,266,366,366,366,382,399,415,444,454,454,454,471,396,496,507,523,538,538,538],"floor_reached":49,"playtime":3160,"items_purged":["hexamod:Strike","Regret"],"score":642,"play_id":"1db7f2ae-3868-4858-bb6e-5c05829d184a","local_time":"20201215175050","is_ascension_mode":true,"campfire_choices":[{"data":"hexamod:Float","floor":1,"key":"SMITH"},{"data":"hexamod:RainOfEmbers","floor":4,"key":"SMITH"},{"floor":9,"key":"REST"},{"data":"hexamod:UnlimitedPower","floor":18,"key":"SMITH"},{"floor":25,"key":"REST"},{"data":"hexamod:HeatShield","floor":27,"key":"SMITH"},{"floor":35,"key":"RECALL"},{"floor":44,"key":"REST"}],"circlet_count":0,"master_deck":["hexamod:Strike+1","hexamod:Strike+1","hexamod:Defend","hexamod:Defend","hexamod:Defend","hexamod:Sear+1","hexamod:Float+1","hexamod:RainOfEmbers+1","hexamod:FlamesFromBeyond","infinitespire:NeuralNetwork","hexamod:ExtraCrispy","hexamod:HeatShield+1","hexamod:SpectralSpark","hexamod:SpectralSpark","hexamod:UnlimitedPower+1","hexamod:BurningTouch","hexamod:BurningTouch+1"],"relics":["hexamod:SpiritBrand","The Courier","hexamod:SoulConsumer","Ancient Tea Set","Busted Crown","downfall:HeartBlessingGreen","White Beast Statue","Nunchaku","downfall:HeartBlessingBlue","infinitespire:Beetle Shell","Mango","hexamod:IceCube","Guardian:PocketSentry","Bottled Flame","downfall:HeartBlessingRed","downfall:GremlinWheel"],"acts_visited":["Exordium","TheCity","TheBeyond"],"potions_floor_usage":[16,16,29,32,32,33,33,33,33,33,38,38,39,43,47,47,48],"damage_taken":[{"damage":0,"enemies":"Cultist","floor":2,"turns":3},{"damage":6,"enemies":"Jaw Worm","floor":3,"turns":3},{"damage":0,"enemies":"downfall:FleeingMerchant","floor":5,"turns":4},{"damage":4,"enemies":"HollowMod:MossKnight","floor":8,"turns":6},{"damage":4,"enemies":"Lagavulin","floor":10,"turns":6},{"damage":0,"enemies":"2 Louse","floor":11,"turns":4},{"damage":9,"enemies":"Lots of Slimes","floor":13,"turns":5},{"damage":16,"enemies":"3 Louse","floor":15,"turns":3},{"damage":35,"enemies":"downfall:Silent","floor":16,"turns":9},{"damage":21,"enemies":"Slavers","floor":20,"turns":5},{"damage":13,"enemies":"HollowMod:Nosk","floor":23,"turns":6},{"damage":12,"enemies":"Book of Stabbing","floor":26,"turns":3},{"damage":10,"enemies":"Chosen","floor":28,"turns":4},{"damage":0,"enemies":"Snecko","floor":29,"turns":3},{"damage":10,"enemies":"Sentry and Sphere","floor":31,"turns":4},{"damage":0,"enemies":"3 Cultists","floor":32,"turns":4},{"damage":35,"enemies":"downfall:Watcher","floor":33,"turns":6},{"damage":0,"enemies":"3 Shapes","floor":36,"turns":5},{"damage":12,"enemies":"Orb Walker","floor":37,"turns":4},{"damage":2,"enemies":"Jaw Worm Horde","floor":38,"turns":5},{"damage":40,"enemies":"Nightmare","floor":39,"turns":6},{"damage":14,"enemies":"Transient","floor":40,"turns":5},{"damage":0,"enemies":"Spire Growth","floor":43,"turns":4},{"damage":0,"enemies":"Spire Growth","floor":45,"turns":3},{"damage":50,"enemies":"Sphere and 2 Shapes","floor":46,"turns":4},{"damage":17,"enemies":"3 Darklings","floor":47,"turns":5},{"damage":10,"enemies":"Spire Growth","floor":48,"turns":4},{"damage":2,"enemies":"Sphere and 2 Shapes","floor":49,"turns":2}],"seed_played":"6849034510940577208","potions_obtained":[{"floor":2,"key":"EssenceOfSteel"},{"floor":8,"key":"Swift Potion"},{"floor":10,"key":"GamblersBrew"},{"floor":23,"key":"hexamod:DoubleChargePotion"},{"floor":26,"key":"Energy Potion"},{"floor":28,"key":"Dexterity Potion"},{"floor":29,"key":"SkillPotion"},{"floor":31,"key":"EntropicBrew"},{"floor":32,"key":"sneckomod:MuddlingPotion"},{"floor":33,"key":"hexamod:InfernoChargePotion"},{"floor":36,"key":"BlessingOfTheForge"},{"floor":37,"key":"Dexterity Potion"},{"floor":38,"key":"AttackPotion"},{"floor":39,"key":"PowerPotion"},{"floor":40,"key":"Explosive Potion"},{"floor":43,"key":"champ:CounterPotion"},{"floor":46,"key":"Regen Potion"},{"floor":47,"key":"Block Potion"},{"floor":48,"key":"Weak Potion"}],"is_trial":false,"path_per_floor":["R","M","M","R","$","?","T","E","R","E","M","?","M","?","M","B",null,"R","?","E","?","?","E","T","R","E","R","M","M","AVR","M","M","B",null,"R","M","M","M","NM","M","T","?","M","R","?","M","M","M","M"],"character_chosen":"THE_SPIRIT","items_purchased":[],"campfire_rested":3,"item_purchase_floors":[],"current_hp_per_floor":[77,77,71,71,71,52,52,48,71,67,67,67,58,58,42,7,77,77,77,56,56,40,27,27,63,51,51,41,41,55,45,45,10,101,101,101,89,87,47,33,33,33,33,63,63,13,11,1,0,0],"gold":538,"neow_bonus":"TEN_PERCENT_HP_BONUS","is_daily":false,"chose_seed":false,"campfire_upgraded":4,"win_rate":0.0,"timestamp":1608018650,"path_taken":["R","M","M","R","?","?","T","E","R","E","M","?","?","?","M","BOSS","R","?","E","?","?","E","T","R","E","R","M","M","AVR","M","M","BOSS","R","M","M","M","NM","M","T","?","M","R","?","M","M","?","M"],"items_purchased_type":[],"build_version":"2020-12-13","purchased_purges":2,"victory":false,"max_hp_per_floor":[77,77,77,77,77,77,77,77,77,77,77,77,77,77,77,77,77,77,77,77,77,77,77,77,87,87,87,87,87,101,101,101,101,101,101,101,101,101,101,101,101,101,101,101,101,101,101,101,101,101],"card_choices":[{"not_picked":["hexamod:HeatCrush","hexamod:ShieldOfDarkness"],"picked":"hexamod:RainOfEmbers","floor":2},{"not_picked":["hexamod:NightmareStrike","hexamod:NecessarySacrifice"],"picked":"hexamod:FlamesFromBeyond","floor":3},{"not_picked":["hexamod:EtherealExpedition","hexamod:NightmareGuise","hexamod:Firestarter"],"picked":"SKIP","floor":5},{"not_picked":["infinitespire:UltimateForm","infinitespire:Oblivion"],"picked":"infinitespire:NeuralNetwork","floor":6},{"not_picked":["hexamod:GhostOfSpirePresent","hexamod:SwordOfDarkness"],"picked":"hexamod:ExtraCrispy","floor":8},{"not_picked":["hexamod:SecondSeal","hexamod:SkipABeat"],"picked":"hexamod:HeatShield","floor":10},{"not_picked":["hexamod:HauntingEcho","hexamod:NightmareStrike"],"picked":"hexamod:SpectralSpark","floor":11},{"not_picked":["hexamod:SkipABeat","hexamod:SoulSteal","hexamod:FastForward"],"picked":"SKIP","floor":13},{"not_picked":["hexamod:BacktrackSmack","hexamod:RainOfEmbers","hexamod:StepThrough"],"picked":"SKIP","floor":15},{"not_picked":["hexamod:EmpoweringStance","hexamod:ApocalypseNow"],"picked":"hexamod:UnlimitedPower","floor":16},{"not_picked":["hexamod:AdvancingGuard"],"picked":"SKIP","floor":20},{"not_picked":["hexamod:RainOfEmbers"],"picked":"SKIP","floor":23},{"not_picked":["hexamod:GhostShield"],"picked":"SKIP","floor":26},{"not_picked":[],"picked":"hexamod:BurningTouch","floor":28},{"not_picked":["hexamod:AdvancingGuard"],"picked":"SKIP","floor":29},{"not_picked":["hexamod:InspiringFlames"],"picked":"SKIP","floor":31},{"not_picked":["hexamod:ThermalTransfer+1"],"picked":"SKIP","floor":32},{"not_picked":["hexamod:EtherealExpedition"],"picked":"SKIP","floor":36},{"not_picked":[],"picked":"hexamod:BurningTouch+1","floor":37},{"not_picked":["hexamod:RainOfEmbers"],"picked":"SKIP","floor":38},{"not_picked":["hexamod:ShieldOfDarkness"],"picked":"SKIP","floor":39},{"not_picked":["hexamod:HeatMetal+1"],"picked":"SKIP","floor":40},{"not_picked":["hexamod:Hexaguard"],"picked":"SKIP","floor":43},{"not_picked":["hexamod:SecondSeal"],"picked":"SKIP","floor":46},{"not_picked":["hexamod:Firestarter+1"],"picked":"SKIP","floor":47},{"not_picked":["hexamod:EtherealExpedition"],"picked":"SKIP","floor":48}],"player_experience":3177090,"relics_obtained":[{"floor":7,"key":"The Courier"},{"floor":8,"key":"hexamod:SoulConsumer"},{"floor":10,"key":"Ancient Tea Set"},{"floor":20,"key":"White Beast Statue"},{"floor":23,"key":"Nunchaku"},{"floor":26,"key":"infinitespire:Beetle Shell"},{"floor":39,"key":"Guardian:PocketSentry"},{"floor":41,"key":"Bottled Flame"},{"floor":45,"key":"downfall:GremlinWheel"}],"event_choices":[{"damage_healed":0,"gold_gain":0,"cards_transformed":["hexamod:Defend"],"player_choice":"Transformed","damage_taken":0,"max_hp_gain":0,"max_hp_loss":0,"event_name":"Transmorgrifier","floor":12,"gold_loss":0,"cards_obtained":["hexamod:SpectralSpark"]},{"damage_healed":0,"gold_gain":0,"player_choice":"Ignored","damage_taken":0,"max_hp_gain":0,"max_hp_loss":0,"event_name":"Vampires","floor":19,"gold_loss":0},{"cards_removed":["hexamod:Strike"],"damage_healed":0,"gold_gain":0,"player_choice":"Elegance","damage_taken":0,"max_hp_gain":0,"max_hp_loss":0,"event_name":"Back to Basics","floor":21,"gold_loss":0}],"is_beta":false,"boss_relics":[{"not_picked":["Calling Bell","Astrolabe"],"picked":"Busted Crown"},{"not_picked":["SlaversCollar","Black Star"],"picked":"hexamod:IceCube"}],"items_purged_floors":[5,30],"is_endless":true,"potions_floor_spawned":[2,8,10,15,23,26,28,29,31,32,33,36,37,38,39,40,43,45,46,47,48],"killed_by":"Sphere and 2 Shapes","ascension_level":1}}