{"host":"g86tzja0f4rljy89","time":1608049496,"event":{"mods":["Bard","BaseMod","Conspire","Hermit","Infinite Spire","Marisa????????","Minty Spire (QoL Compilation)","Remilia??????","Replay The Spire","StSLib","Td1madao Mod","The Cursed","The Hierophant","The Servant 0.9.4"],"gold_per_floor":[109,34,78,78,78,112,128,128,128,154,154,172,172,347,347,448,448,461,168,168,168,187,187,187,187,187],"floor_reached":25,"playtime":1654,"items_purged":["hermit:Defend_Hermit","hermit:Strike_Hermit"],"score":205,"play_id":"ee435e41-2be2-456f-aef2-10de0001bfd1","local_time":"20201215232456","is_ascension_mode":false,"campfire_choices":[{"floor":11,"key":"REST"},{"floor":13,"key":"REST"},{"floor":15,"key":"REST"},{"floor":23,"key":"REST"}],"circlet_count":0,"master_deck":["hermit:Strike_Hermit+1","hermit:Strike_Hermit+1","hermit:Defend_Hermit","hermit:Defend_Hermit","hermit:Defend_Hermit","hermit:Snapshot","hermit:Covet","hermit:SprayPray","hermit:Dive","hermit:FlashPowder","hermit:Determination","Pot Of Greed","Pot Of Greed","hermit:NoHoldsBarred+1","hermit:Malice","Doubt","hermit:RoundhouseKick","hermit:Snipe","hermit:TrackingShot","hermit:Deadeye+1","hermit:Dive"],"relics":["hermit:Momento","infinitespire:Joker Card","Gremlin Food","Grinning Jar","Peace Pipe","Ring of Chaos","Juzu Bracelet"],"acts_visited":["Exordium","TheCity"],"potions_floor_usage":[10,10],"damage_taken":[{"damage":10.0,"enemies":"Small Slimes","floor":1.0,"turns":3.0},{"damage":35.0,"enemies":"conspire:MimicChest","floor":3.0,"turns":7.0},{"damage":17.0,"enemies":"Lagavulin","floor":6.0,"turns":6.0},{"damage":11.0,"enemies":"Jaw Worm","floor":7.0,"turns":4.0},{"damage":20,"enemies":"Gremlin Nob","floor":10,"turns":4},{"damage":0,"enemies":"conspire:RoseBush","floor":12,"turns":3},{"damage":34,"enemies":"Slime Boss","floor":16,"turns":5},{"damage":5,"enemies":"3 Byrds","floor":18,"turns":5},{"damage":45,"enemies":"Shell Parasite","floor":22,"turns":6},{"damage":32,"enemies":"Slavers","floor":25,"turns":2}],"seed_played":"6320310718507163820","potions_obtained":[{"floor":1.0,"key":"BlessingOfTheForge"},{"floor":6.0,"key":"BlessingOfTheForge"},{"floor":7.0,"key":"Adrenaline Potion"},{"floor":18,"key":"Ancient Potion"}],"is_trial":false,"path_per_floor":["M","$","?","?","$","E","M","?","T","E","R","M","R","?","R","B",null,"M","$","?","?","M","R","?","E"],"character_chosen":"HERMIT","items_purchased":["Juzu Bracelet","hermit:TrackingShot"],"campfire_rested":4,"item_purchase_floors":[19,19],"current_hp_per_floor":[65,65,30,55,55,38,27,27,27,7,29,29,51,51,73,39,75,70,70,70,70,25,47,47,15,15],"gold":187,"neow_bonus":"REMOVE_CARD","is_daily":false,"chose_seed":false,"campfire_upgraded":0,"win_rate":0.0,"timestamp":1608049496,"path_taken":["M","$","?","?","?","E","M","?","T","E","R","?","R","?","R","BOSS","M","$","?","?","M","R","?","E"],"items_purchased_type":["Relic","Card"],"build_version":"2020-11-29","purchased_purges":2,"victory":false,"max_hp_per_floor":[75,75,75,75,75,75,75,75,75,75,75,75,75,75,75,75,75,75,75,75,75,75,75,75,75,75],"card_choices":[{"not_picked":["hermit:Coalescence","hermit:Virtue"],"picked":"hermit:SprayPray","floor":1.0},{"not_picked":["hermit:Spite","hermit:BodyArmor"],"picked":"hermit:Dive","floor":3.0},{"not_picked":["hermit:BodyArmor","hermit:Maintenance"],"picked":"hermit:FlashPowder","floor":6.0},{"not_picked":["hermit:Grudge","hermit:GhostlyPresence"],"picked":"hermit:Determination","floor":7.0},{"not_picked":["hermit:TakeCover","hermit:HighNoon"],"picked":"hermit:NoHoldsBarred","floor":10},{"not_picked":["hermit:Glare","hermit:Vantage"],"picked":"hermit:Malice","floor":12},{"not_picked":["hermit:Gambit","hermit:FatalDesire"],"picked":"hermit:RoundhouseKick","floor":16},{"not_picked":["hermit:Brawl","hermit:Coalescence"],"picked":"hermit:Snipe","floor":18},{"not_picked":["hermit:Glare+1","hermit:Gestalt","hermit:Roulette"],"picked":"SKIP","floor":22}],"player_experience":203320,"relics_obtained":[{"floor":3.0,"key":"infinitespire:Joker Card"},{"floor":6.0,"key":"Gremlin Food"},{"floor":9.0,"key":"Grinning Jar"},{"floor":10,"key":"Peace Pipe"}],"event_choices":[{"damage_healed":25.0,"max_hp_gain":0.0,"max_hp_loss":0.0,"gold_gain":0.0,"event_name":"Big Fish","player_choice":"Banana","floor":4.0,"gold_loss":0.0,"damage_taken":0.0},{"damage_healed":0.0,"max_hp_gain":0.0,"max_hp_loss":0.0,"gold_gain":0.0,"event_name":"conspire:LoneGhost","player_choice":"Disagree","floor":8.0,"gold_loss":0.0,"damage_taken":0.0},{"damage_healed":0,"gold_gain":175,"player_choice":"AGREE","damage_taken":0,"max_hp_gain":0,"max_hp_loss":0,"event_name":"Liars Game","floor":14,"gold_loss":0,"cards_obtained":["Doubt"]},{"damage_healed":0,"gold_gain":0,"player_choice":"Read","damage_taken":0,"max_hp_gain":0,"max_hp_loss":0,"event_name":"The Library","floor":20,"gold_loss":0,"cards_obtained":["hermit:Deadeye"]},{"damage_healed":0,"gold_gain":0,"player_choice":"Copied","damage_taken":0,"max_hp_gain":0,"max_hp_loss":0,"event_name":"Duplicator","floor":21,"gold_loss":0,"cards_obtained":["hermit:Dive"]}],"is_beta":false,"boss_relics":[{"not_picked":["Honey Jar","Tiny House"],"picked":"Ring of Chaos"}],"items_purged_floors":[2,19],"is_endless":false,"potions_floor_spawned":[1,6,7,18],"killed_by":"Slavers","ascension_level":0}}