{"host":"rwzz6mk6bpmb57ql","time":1608001674,"event":{"mods":["BaseMod","BetterRewards","Colored Map","Highlight Path","Hubris","Minty Spire (QoL Compilation)","Replay The Spire","StSLib"],"gold_per_floor":[3415,3435,2643,2653,1944,1944,1970,1970,1970,1970,1970,1984,1380,1480,1509,1521,1521,1616,1616,1631,1541,1491,1516,723,723,822,853,906,920,920,939,271,283,283,386,386,398,398,412,426,29,29,44,44,44,44,44,44,70,88,88,88],"floor_reached":53,"playtime":3485,"items_purged":["Strike_G","Strike_G","Strike_G","Strike_G","Dagger Throw","Defend_G"],"score":933,"play_id":"5ba0d49a-97aa-4c17-a4cb-4c34bc77999d","local_time":"20201214210754","is_ascension_mode":false,"campfire_choices":[{"data":"Replay:Poison Smokescreen","floor":6,"key":"SMITH"},{"data":"After Image","floor":10,"key":"SMITH"},{"data":"Adrenaline","floor":25,"key":"SMITH"},{"data":"Footwork","floor":30,"key":"SMITH"},{"data":"Madness","floor":42,"key":"SMITH"},{"data":"Chrysalis","floor":48,"key":"SMITH"}],"circlet_count":0,"master_deck":["Defend_G","Defend_G+1","Defend_G+1","Defend_G","Survivor","Dagger Throw","After Image+1","Draining Mist","Outmaneuver","Fluid Movement","Replay:Poison Smokescreen+1","Dodge and Roll","Footwork","Dodge and Roll","Toxin Wave+1","Toxin Wave","hubris:EnhanceAbility","Replay:Bootleg Shield Generator+1","Dark Shackles","Outmaneuver","Draining Mist","Adrenaline+1","Footwork+1","Backflip","Replay:Bag of Tricks+1","Deadly Poison","Noxious Fumes","ReplayTheSpireMod:Tripwire+1","Envenom","Poisoned Stab+1","Madness+1","Madness","Venomology","Escape Plan","Outmaneuver+1","Dark Shackles","Specialist","Chrysalis+1","Deadly Poison"],"relics":["Ring of the Snake","NeowsBlessing","Bronze Scales","Regal Pillow","ClockworkSouvenir","Juzu Bracelet","Bag of Preparation","Lee\u0027s Waffle","ReplayFunnel","Pear","Replay:Wax Seal","hubris:OldNail","ReplayTheSpireMod:ShopPack","Anchor","Replay:Bronze Core","Vajra","Potion Belt","hubris:EmptyBottle","Strawberry","Simple Rune","hubris:SlimyHat","Replay:WaspNest","HoveringKite","ReplayTheSpireMod:Shallot","Oddly Smooth Stone"],"acts_visited":["Exordium","TheCity","TheBeyond"],"potions_floor_usage":[4,7,7,16,27,27,35,35,35,35,35,35,35,35,40,40,40,40,43,43,43,43,50,50,52,52,52,52,52,52,52,52,52,52],"damage_taken":[{"damage":0,"enemies":"2 Louse","floor":1,"turns":1},{"damage":0,"enemies":"Cultist","floor":2,"turns":1},{"damage":0,"enemies":"Jaw Worm","floor":4,"turns":1},{"damage":15,"enemies":"Gremlin Nob","floor":7,"turns":4},{"damage":7,"enemies":"Looter","floor":12,"turns":3},{"damage":6,"enemies":"3 Sentries","floor":15,"turns":9},{"damage":0,"enemies":"Lots of Slimes","floor":16,"turns":2},{"damage":14,"enemies":"Slime Boss","floor":18,"turns":17},{"damage":0,"enemies":"Shell Parasite","floor":20,"turns":6},{"damage":0,"enemies":"Slavers","floor":27,"turns":3},{"damage":3,"enemies":"2 Thieves","floor":29,"turns":5},{"damage":4,"enemies":"Centurion and Healer","floor":31,"turns":10},{"damage":0,"enemies":"Chosen and Byrds","floor":33,"turns":8},{"damage":0,"enemies":"Automaton","floor":35,"turns":11},{"damage":3,"enemies":"3 Shapes","floor":37,"turns":7},{"damage":19,"enemies":"Orb Walker","floor":39,"turns":6},{"damage":11,"enemies":"Jaw Worm Horde","floor":40,"turns":5},{"damage":3,"enemies":"3 Darklings","floor":43,"turns":4},{"damage":0,"enemies":"Writhing Mass","floor":50,"turns":7},{"damage":46,"enemies":"Donu and Deca","floor":52,"turns":12}],"seed_played":"7836963748306498104","potions_obtained":[{"floor":2,"key":"GamblersBrew"},{"floor":4,"key":"Explosive Potion"},{"floor":12,"key":"Block Potion"},{"floor":20,"key":"EssenceOfSteel"},{"floor":33,"key":"FearPotion"},{"floor":34,"key":"Explosive Potion"},{"floor":34,"key":"PowerPotion"},{"floor":39,"key":"Dexterity Potion"},{"floor":43,"key":"Poison Potion"},{"floor":51,"key":"Regen Potion"},{"floor":51,"key":"GhostInAJar"}],"is_trial":false,"path_per_floor":["M","M","$","M","$","R","E","PTL","PTL","R","T","M","$","?","E","M","R_BF","B",null,"M","?","?","T","$","R","?","E","T","M","R","M","$","M","R_BF","B",null,"M","?","M","M","$","R","M","NS","T","?","?","R","T","M","R_BF","B",null],"character_chosen":"THE_SILENT","items_purchased":["After Image","Draining Mist","Bronze Scales","Regal Pillow","ClockworkSouvenir","Poison Potion","Fluid Movement","Replay:Poison Smokescreen","Juzu Bracelet","Bag of Preparation","Lee\u0027s Waffle","Footwork","Dodge and Roll","Toxin Wave","Replay:Wax Seal","hubris:OldNail","ReplayTheSpireMod:ShopPack","Potion Belt","hubris:EmptyBottle","Footwork","Backflip","Replay:Bag of Tricks+1","SpeedPotion","Explosive Potion","Noxious Fumes","hubris:SlimyHat","Replay:WaspNest","Escape Plan","Energy Potion","DistilledChaos"],"campfire_rested":0,"item_purchase_floors":[3,3,3,3,3,3,5,5,5,5,5,13,13,13,13,13,13,24,24,24,24,24,24,24,32,32,32,41,41,41],"current_hp_per_floor":[140,140,140,140,147,147,132,132,132,132,142,135,135,135,129,129,129,115,157,157,157,157,157,157,157,157,164,164,161,161,157,157,157,157,157,164,161,140,121,110,110,110,107,107,107,97,97,97,97,97,97,106],"gold":88,"neow_bonus":"THREE_ENEMY_KILL","is_daily":false,"chose_seed":false,"campfire_upgraded":6,"win_rate":0.0,"timestamp":1608001674,"path_taken":["M","M","$","M","$","R","E","PTL","PTL","R","T","M","$","?","E","M","R_BF","BOSS","M","?","?","?","$","R","?","E","T","M","R","M","$","M","R_BF","BOSS","M","?","M","M","$","R","M","NS","T","?","?","R","?","M","R_BF","BOSS"],"items_purchased_type":["Card","Card","Relic","Relic","Relic","Potion","Card","Card","Relic","Relic","Relic","Card","Card","Card","Relic","Relic","Relic","Relic","Relic","Card","Card","Card","Potion","Potion","Card","Relic","Relic","Card","Potion","Potion"],"build_version":"2020-12-13","purchased_purges":6,"victory":true,"max_hp_per_floor":[140,140,140,140,147,147,147,147,147,147,157,157,157,157,157,157,157,157,157,157,157,157,157,157,157,157,164,164,164,164,164,164,164,164,164,164,164,164,164,164,164,164,164,164,164,164,164,164,164,164,164,164],"card_choices":[{"not_picked":["Sucker Punch","hubris:SlightOfHand"],"picked":"Dagger Throw","floor":1},{"not_picked":["Reflex","Predator"],"picked":"Dagger Throw","floor":2},{"not_picked":["PiercingWail","Infinite Blades"],"picked":"Outmaneuver","floor":4},{"not_picked":["Tools of the Trade","Outmaneuver"],"picked":"Dodge and Roll","floor":7},{"not_picked":["ReplayTheSpireMod:The Works","Slice","Prepared"],"picked":"SKIP","floor":12},{"not_picked":["Crow Ritual","Magnetism"],"picked":"hubris:EnhanceAbility","floor":13},{"not_picked":["Replay:Sssssssssstrike","Finesse"],"picked":"Replay:Bootleg Shield Generator","floor":13},{"not_picked":["Enlightenment","hubris:Insight"],"picked":"Dark Shackles","floor":13},{"not_picked":["Deflect","Distraction"],"picked":"Outmaneuver","floor":15},{"not_picked":["Flying Knee","Slice"],"picked":"Draining Mist","floor":16},{"not_picked":["Replay:Bag of Tricks","Unload"],"picked":"Adrenaline","floor":18},{"not_picked":["Leg Sweep","Dagger Throw","Riddle With Holes"],"picked":"SKIP","floor":20},{"not_picked":["Slice","Dagger Spray"],"picked":"Deadly Poison","floor":27},{"not_picked":["Flying Knee","Slice","Acrobatics"],"picked":"SKIP","floor":29},{"not_picked":["Poisoned Stab","Backflip","ReplayTheSpireMod:The Works"],"picked":"SKIP","floor":31},{"not_picked":["Backflip+1","Acrobatics"],"picked":"ReplayTheSpireMod:Tripwire","floor":33},{"not_picked":["Bullet Time","Atom Bomb"],"picked":"Envenom","floor":35},{"not_picked":["Flying Knee","Blade Dance"],"picked":"Poisoned Stab+1","floor":37},{"not_picked":["Reflex+1","Deflect"],"picked":"Venomology","floor":39},{"not_picked":["Quick Slash+1","Hidden Blade","Finisher"],"picked":"SKIP","floor":40},{"not_picked":["Dagger Throw","Flying Knee+1"],"picked":"Outmaneuver+1","floor":43},{"not_picked":["Thinking Ahead","Trip"],"picked":"Dark Shackles","floor":46},{"not_picked":["Replay:BasicMightCard","Panacea"],"picked":"Specialist","floor":46},{"not_picked":["Purity","Dark Shackles"],"picked":"Chrysalis","floor":46},{"not_picked":["Masterful Stab","Heel Hook"],"picked":"Deadly Poison","floor":50}],"player_experience":5998,"relics_obtained":[{"floor":7,"key":"ReplayFunnel"},{"floor":11,"key":"Pear"},{"floor":15,"key":"Anchor"},{"floor":23,"key":"Vajra"},{"floor":27,"key":"Strawberry"},{"floor":28,"key":"Simple Rune"},{"floor":45,"key":"ReplayTheSpireMod:Shallot"},{"floor":49,"key":"Oddly Smooth Stone"}],"event_choices":[{"damage_healed":0,"gold_gain":100,"player_choice":"Gold","damage_taken":0,"max_hp_gain":0,"max_hp_loss":0,"event_name":"Wheel of Change","floor":14,"gold_loss":0},{"damage_healed":0,"gold_gain":0,"player_choice":"Forge","damage_taken":0,"max_hp_gain":0,"max_hp_loss":0,"event_name":"Accursed Blacksmith","floor":17,"gold_loss":0,"cards_upgraded":["Replay:Bootleg Shield Generator"]},{"cards_removed":["Strike_G"],"damage_healed":0,"gold_gain":0,"player_choice":"Upgrade and Remove","damage_taken":0,"max_hp_gain":0,"max_hp_loss":0,"event_name":"Designer","floor":21,"gold_loss":90,"cards_upgraded":["Toxin Wave"]},{"damage_healed":0,"gold_gain":0,"player_choice":"Bet on Murderer","damage_taken":0,"max_hp_gain":0,"max_hp_loss":0,"event_name":"The Joust","floor":22,"gold_loss":50},{"damage_healed":0,"gold_gain":99,"player_choice":"Stole From Cult","damage_taken":0,"max_hp_gain":0,"max_hp_loss":0,"event_name":"Nest","floor":26,"gold_loss":0},{"damage_healed":0,"gold_gain":0,"player_choice":"Embrace Madness","damage_taken":21,"max_hp_gain":0,"max_hp_loss":0,"event_name":"Winding Halls","floor":38,"gold_loss":0,"cards_obtained":["Madness","Madness"]},{"damage_healed":0,"gold_gain":0,"player_choice":"Memory 3","damage_taken":10,"max_hp_gain":0,"max_hp_loss":0,"event_name":"SensoryStone","floor":46,"gold_loss":0},{"cards_removed":["Neutralize"],"damage_healed":0,"gold_gain":0,"player_choice":"Removed Attack","damage_taken":0,"max_hp_gain":0,"max_hp_loss":0,"event_name":"Falling","floor":47,"gold_loss":0}],"is_beta":false,"boss_relics":[{"not_picked":["hubris:ScarierMask","Snecko Scales"],"picked":"Replay:Bronze Core"},{"not_picked":["WristBlade","hubris:HollowSoul"],"picked":"HoveringKite"}],"items_purged_floors":[3,5,13,24,32,41],"is_endless":false,"potions_floor_spawned":[2,4,12,20,33,39,43],"ascension_level":0}}