{"host":"6ko66ogg91i6g7xq","time":1608027007,"event":{"mods":["AchievementEnabler","Act Like it!","BaseMod","Colored Map","Colored Powertips","Downfall","Hermit","Minty Spire (QoL Compilation)","Quick Restart","Relic Stats","StSLib","The Jungle","everything is the same but u backflip on backflip"],"gold_per_floor":[116,116,116,116,130,162,181,207,259,259,269,369,87,120,120,225,225,243,342,342,257,160,190,201,235,288,316,316,316,351,351,351,450,450,450,450],"floor_reached":35,"playtime":1173,"items_purged":["Regret"],"score":629,"play_id":"28275e41-338e-477f-bfd2-b8081bdfaff4","local_time":"20201215051007","is_ascension_mode":true,"campfire_choices":[{"floor":10.0,"key":"RECALL"},{"data":"Apotheosis","floor":15.0,"key":"SMITH"},{"data":"Envenom","floor":29.0,"key":"SMITH"},{"data":"Caltrops","floor":32.0,"key":"SMITH"}],"circlet_count":0,"master_deck":["Strike_G+1","Strike_G+1","Strike_G+1","Strike_G+1","Strike_G+1","Defend_G+1","Defend_G+1","Defend_G+1","Defend_G+1","Defend_G+1","Survivor","Neutralize","Footwork+1","Caltrops+1","Bouncing Flask","Dodge and Roll","Dodge and Roll","Apotheosis+1","Infinite Blades","Bouncing Flask","Venomology","Deadly Poison","Backflip+1","Envenom+1","Venomology","Corpse Explosion"],"relics":["Ring of the Snake","NeowsBlessing","Mummified Hand","Oddly Smooth Stone","StoneCalendar","Happy Flower","SacredBark","Bag of Preparation","Vajra","Meat on the Bone","Art of War","Mercury Hourglass","Shuriken","StrikeDummy"],"acts_visited":["Exordium","TheCity","TheBeyond"],"potions_floor_usage":[],"damage_taken":[{"damage":0.0,"enemies":"2 Louse","floor":1.0,"turns":1.0},{"damage":0.0,"enemies":"Small Slimes","floor":5.0,"turns":1.0},{"damage":0.0,"enemies":"Lagavulin","floor":6.0,"turns":1.0},{"damage":2.0,"enemies":"Cultist","floor":7.0,"turns":4.0},{"damage":15.0,"enemies":"Gremlin Nob","floor":8.0,"turns":5.0},{"damage":2.0,"enemies":"Blue Slaver","floor":11.0,"turns":4.0},{"damage":0.0,"enemies":"Lagavulin","floor":14.0,"turns":7.0},{"damage":0.0,"enemies":"The Guardian","floor":16.0,"turns":7.0},{"damage":0.0,"enemies":"Shell Parasite","floor":18.0,"turns":4.0},{"damage":2.0,"enemies":"Book of Stabbing","floor":23.0,"turns":6.0},{"damage":0.0,"enemies":"Spheric Guardian","floor":24.0,"turns":2.0},{"damage":13.0,"enemies":"Slavers","floor":25.0,"turns":5.0},{"damage":5.0,"enemies":"Gremlin Leader","floor":27.0,"turns":7.0},{"damage":0.0,"enemies":"Slavers","floor":30.0,"turns":4.0},{"damage":25.0,"enemies":"Champ","floor":33.0,"turns":10.0},{"damage":0,"enemies":"3 Shapes","floor":35,"turns":1}],"seed_played":"-1216746864559988565","potions_obtained":[{"floor":5.0,"key":"Fire Potion"},{"floor":6.0,"key":"Energy Potion"},{"floor":7.0,"key":"Guardian:BlockOnCardUsePotion"},{"floor":8.0,"key":"CunningPotion"},{"floor":16.0,"key":"PowerPotion"},{"floor":25.0,"key":"EssenceOfSteel"},{"floor":33.0,"key":"SmokeBomb"}],"is_trial":false,"path_per_floor":["M","$","?","?","M","E","M","E","T","R","M","?","$","E","R","B",null,"M","?","?","?","$","E","M","E","T","E","?","R","E","T","R","B",null,"M"],"character_chosen":"THE_SILENT","items_purchased":["Apotheosis","Infinite Blades","Fruit Juice"],"campfire_rested":0,"item_purchase_floors":[13,13,22],"current_hp_per_floor":[70,70,70,70,70,70,68,53,53,53,51,51,51,51,51,51,70,70,70,70,70,80,78,78,65,65,60,60,60,60,60,60,47,80,80,80],"gold":450,"neow_bonus":"THREE_ENEMY_KILL","is_daily":false,"chose_seed":false,"campfire_upgraded":3,"win_rate":0.0,"timestamp":1608027007,"path_taken":["M","$","?","?","M","E","M","E","T","R","M","?","$","E","R","BOSS","M","?","?","?","$","E","M","E","T","E","?","R","E","?","R","BOSS","M"],"items_purchased_type":["Card","Card","Potion"],"build_version":"2020-12-13","purchased_purges":1,"victory":false,"max_hp_per_floor":[70,70,70,70,70,70,70,70,70,70,70,70,70,70,70,70,70,70,70,70,70,80,80,80,80,80,80,80,80,80,80,80,80,80,80,80],"relic_stats":{"Happy Flower":[15],"counters":[16,69],"Mummified Hand":[40],"Shuriken":[3],"StoneCalendar":[136],"Bag of Preparation":[14],"Art of War":[1],"obtain_stats":[{"NeowsBlessing":0,"Happy Flower":14,"SacredBark":17,"Oddly Smooth Stone":6,"Vajra":23,"StoneCalendar":8,"Bag of Preparation":21,"Mercury Hourglass":27,"Mummified Hand":3,"Shuriken":30,"Art of War":26,"StrikeDummy":31,"Ring of the Snake":0,"Meat on the Bone":25},{"NeowsBlessing":0,"Happy Flower":7,"SacredBark":8,"Oddly Smooth Stone":3,"Vajra":10,"StoneCalendar":5,"Bag of Preparation":9,"Mercury Hourglass":13,"Mummified Hand":1,"Shuriken":14,"Art of War":12,"StrikeDummy":14,"Ring of the Snake":0,"Meat on the Bone":12},{"NeowsBlessing":0,"Happy Flower":23,"SacredBark":30,"Oddly Smooth Stone":3,"Vajra":40,"StoneCalendar":12,"Bag of Preparation":34,"Mercury Hourglass":54,"Mummified Hand":1,"Shuriken":58,"Art of War":47,"StrikeDummy":58,"Ring of the Snake":0,"Meat on the Bone":47}],"Ring of the Snake":[32],"Meat on the Bone":12,"Mercury Hourglass":[45]},"card_choices":[{"not_picked":["Deflect","Sucker Punch"],"picked":"Footwork","floor":1.0},{"not_picked":["Eviscerate","Poisoned Stab"],"picked":"Caltrops","floor":5.0},{"not_picked":["Expertise","Quick Slash"],"picked":"Bouncing Flask","floor":6.0},{"not_picked":["Blade Dance","Outmaneuver"],"picked":"Dodge and Roll","floor":7.0},{"not_picked":["Masterful Stab","Quick Slash","Finisher"],"picked":"SKIP","floor":8.0},{"not_picked":["Outmaneuver","Quick Slash"],"picked":"Dodge and Roll","floor":11.0},{"not_picked":["Bane","Footwork"],"picked":"Bouncing Flask","floor":14.0},{"not_picked":["Malaise","Tools of the Trade"],"picked":"Venomology","floor":16.0},{"not_picked":["Predator","Heel Hook+1"],"picked":"Deadly Poison","floor":18.0},{"not_picked":["PiercingWail","Grand Finale"],"picked":"Backflip+1","floor":23.0},{"not_picked":["Blade Dance","Backflip","Cloak And Dagger+1"],"picked":"SKIP","floor":24.0},{"not_picked":["Accuracy","Skewer"],"picked":"Envenom","floor":25.0},{"not_picked":["Flechettes","Infinite Blades"],"picked":"Venomology","floor":27.0},{"not_picked":["Setup","Dagger Spray","Blade Dance+1"],"picked":"SKIP","floor":30.0},{"not_picked":["Venomology","Unload"],"picked":"Corpse Explosion","floor":33.0}],"player_experience":270888,"relics_obtained":[{"floor":6.0,"key":"Oddly Smooth Stone"},{"floor":8.0,"key":"StoneCalendar"},{"floor":14.0,"key":"Happy Flower"},{"floor":23.0,"key":"Vajra"},{"floor":25.0,"key":"Meat on the Bone"},{"floor":26.0,"key":"Art of War"},{"floor":27.0,"key":"Mercury Hourglass"},{"floor":30.0,"key":"Shuriken"},{"floor":31.0,"key":"StrikeDummy"}],"event_choices":[{"damage_healed":0.0,"max_hp_gain":0.0,"max_hp_loss":0.0,"gold_gain":0.0,"event_name":"Big Fish","player_choice":"Box","floor":3.0,"gold_loss":0.0,"damage_taken":0.0,"relics_obtained":["Mummified Hand"],"cards_obtained":["Regret"]},{"damage_healed":0.0,"max_hp_gain":0.0,"max_hp_loss":0.0,"gold_gain":0.0,"event_name":"Living Wall","player_choice":"Grow","floor":4.0,"gold_loss":0.0,"damage_taken":0.0,"cards_upgraded":["Footwork"]},{"damage_healed":0.0,"max_hp_gain":0.0,"max_hp_loss":0.0,"gold_gain":100.0,"event_name":"Wheel of Change","player_choice":"Gold","floor":12.0,"gold_loss":0.0,"damage_taken":0.0},{"damage_healed":0.0,"max_hp_gain":0.0,"max_hp_loss":0.0,"gold_gain":99.0,"event_name":"Nest","player_choice":"Stole From Cult","floor":19.0,"gold_loss":0.0,"damage_taken":0.0},{"damage_healed":0.0,"max_hp_gain":0.0,"max_hp_loss":0.0,"gold_gain":0.0,"event_name":"Addict","player_choice":"Obtained Relic","floor":21.0,"gold_loss":85.0,"damage_taken":0.0,"relics_obtained":["Bag of Preparation"]},{"damage_healed":0.0,"max_hp_gain":0.0,"max_hp_loss":0.0,"gold_gain":0.0,"event_name":"Back to Basics","player_choice":"Simplicity","floor":28.0,"gold_loss":0.0,"damage_taken":0.0,"cards_upgraded":["Strike_G","Strike_G","Strike_G","Strike_G","Strike_G","Defend_G","Defend_G","Defend_G","Defend_G","Defend_G"]}],"is_beta":false,"boss_relics":[{"not_picked":["HoveringKite","Runic Dome"],"picked":"SacredBark"},{"not_picked":["Astrolabe","Coffee Dripper","Snecko Eye"]}],"items_purged_floors":[13],"is_endless":false,"potions_floor_spawned":[5,6,7,8,16,25,33],"killed_by":"3 Shapes","ascension_level":2}}