{"host":"f7rb14kzcw8hx1r1","time":1608072001,"event":{"mods":["BaseMod","Better Note","Better Third Choice","Colored Map","Highlight Path","Hubris","Minty Spire (QoL Compilation)","Replay The Spire","StSLib"],"gold_per_floor":[118,118,118,43,43,77,92,92,92,116,135,135,168,186,186,311,311,332,165,165,165,181,181,225,31,85,94,94,103,141,141,150,263,263,286,286,314,314,329,329,179,214,214,214,237,13,13,38,38,38],"floor_reached":51,"playtime":1652,"items_purged":["Strike_G","Strike_G","Defend_G","Masterful Stab"],"score":794,"play_id":"e7849907-25b1-4d6c-8216-05dce7366a26","local_time":"20201215234001","is_ascension_mode":false,"campfire_choices":[{"data":"Neutralize","floor":8.0,"key":"SMITH"},{"data":"Backflip","floor":12.0,"key":"SMITH"},{"data":"All Out Attack","floor":15.0,"key":"SMITH"},{"data":"Malaise","floor":23.0,"key":"SMITH"},{"data":"After Image","floor":27.0,"key":"SMITH"},{"data":"Footwork","floor":29.0,"key":"SMITH"},{"data":"Catalyst","floor":32.0,"key":"SMITH"},{"data":"Leg Sweep","floor":40,"key":"SMITH"},{"data":"Survivor","floor":44,"key":"SMITH"},{"data":"Calculated Gamble","floor":47,"key":"SMITH"},{"data":"Deadly Poison","floor":49,"key":"SMITH"}],"circlet_count":0,"master_deck":["Defend_G+1","Defend_G+1","Survivor+1","Neutralize+1","Flying Knee","Backflip+1","All Out Attack+1","Hidden Blade","Deadly Poison","Deadly Poison","Backflip","After Image+1","Terror","Footwork+1","Leg Sweep+1","Malaise+1","Deadly Poison+1","Noxious Fumes+1","Backflip","Catalyst+1","Corpse Explosion","Hidden Blade","Caltrops+1","PiercingWail","Cloak And Dagger+1","Calculated Gamble+1","Hidden Blade+1"],"relics":["Ring of the Serpent","NeowsBlessing","Bloody Idol","Replay:PocketPolymizer","hubris:Icosahedron","HornCleat","hubris:ToyBattleship","Juzu Bracelet","SlaversCollar","CeramicFish","Tiny Chest","Dream Catcher","Iron Hammer","TungstenRod","Nunchaku","Simple Rune"],"acts_visited":["Exordium","TheCity","TheBeyond"],"potions_floor_usage":[42,42,45],"damage_taken":[{"damage":0.0,"enemies":"2 Louse","floor":1.0,"turns":1.0},{"damage":0.0,"enemies":"Gremlin Nob","floor":6.0,"turns":1.0},{"damage":0.0,"enemies":"Small Slimes","floor":7.0,"turns":1.0},{"damage":0.0,"enemies":"Cultist","floor":10.0,"turns":3.0},{"damage":0.0,"enemies":"Blue Slaver","floor":11.0,"turns":5.0},{"damage":6.0,"enemies":"Lagavulin","floor":13.0,"turns":6.0},{"damage":2.0,"enemies":"Exordium Wildlife","floor":14.0,"turns":4.0},{"damage":12.0,"enemies":"The Guardian","floor":16.0,"turns":8.0},{"damage":5.0,"enemies":"Shell Parasite","floor":18.0,"turns":6.0},{"damage":16.0,"enemies":"2 Thieves","floor":22.0,"turns":4.0},{"damage":3.0,"enemies":"Book of Stabbing","floor":24.0,"turns":6.0},{"damage":0.0,"enemies":"Gremlin Leader","floor":30.0,"turns":5.0},{"damage":4.0,"enemies":"Automaton","floor":33.0,"turns":8.0},{"damage":6.0,"enemies":"Orb Walker","floor":35.0,"turns":5.0},{"damage":17,"enemies":"3 Shapes","floor":37,"turns":4},{"damage":4,"enemies":"Spire Growth","floor":39,"turns":6},{"damage":14,"enemies":"Reptomancer","floor":42,"turns":7},{"damage":2,"enemies":"4 Shapes","floor":45,"turns":6},{"damage":0,"enemies":"Maw","floor":48,"turns":6},{"damage":17,"enemies":"Time Eater","floor":50,"turns":6}],"seed_played":"-3961175521233731458","potions_obtained":[{"floor":1.0,"key":"BlessingOfTheForge"},{"floor":6.0,"key":"Venom Potion"},{"floor":11.0,"key":"CunningPotion"},{"floor":16.0,"key":"SteroidPotion"},{"floor":24.0,"key":"SpeedPotion"},{"floor":33.0,"key":"Toxic Potion"},{"floor":35.0,"key":"FearPotion"},{"floor":39,"key":"Poison Potion"},{"floor":42,"key":"CunningPotion"}],"is_trial":false,"path_per_floor":["M","?","?","$","?","E","M","R","T","M","M","R","E","M","R","B",null,"M","$","?","?","M","R","E","$","T","R","?","R","E","?","R","B",null,"M","?","M","T","M","R","$","E","T","R","M","$","R","M","R","B",null],"character_chosen":"THE_SILENT","items_purchased":["Footwork","Noxious Fumes","Simple Rune","Calculated Gamble"],"campfire_rested":0,"item_purchase_floors":[19,25,46,46],"current_hp_per_floor":[70,53,50,50,50,50,50,50,50,50,50,50,44,42,42,30,70,65,65,65,65,49,49,46,46,46,46,46,51,61,61,66,70,70,70,70,63,63,64,64,64,60,60,60,68,70,70,70,70,53],"gold":38,"neow_bonus":"THREE_ENEMY_KILL","is_daily":false,"chose_seed":false,"campfire_upgraded":11,"win_rate":0.0,"timestamp":1608072001,"path_taken":["M","?","?","$","?","E","M","R","T","M","M","R","E","M","R","BOSS","M","$","?","?","M","R","E","$","T","R","?","R","E","?","R","BOSS","M","?","M","?","M","R","$","E","T","R","M","$","R","M","R","BOSS"],"items_purchased_type":["Card","Card","Relic","Card"],"build_version":"2020-12-13","purchased_purges":4,"victory":true,"max_hp_per_floor":[70,70,70,70,70,70,70,70,70,70,70,70,70,70,70,70,70,70,70,70,70,70,70,70,70,70,70,70,70,70,70,70,70,70,70,70,70,70,70,70,70,70,70,70,70,70,70,70,70,70],"card_choices":[{"not_picked":["Distraction","Bane"],"picked":"Flying Knee","floor":1.0},{"not_picked":["Dagger Throw","Outmaneuver","ReplayTheSpireMod:Scrap Shanks"],"picked":"SKIP","floor":6.0},{"not_picked":["Quick Slash","Expertise"],"picked":"Backflip","floor":7.0},{"not_picked":["Poisoned Stab","Flying Knee"],"picked":"Hidden Blade","floor":10.0},{"not_picked":["Crippling Poison","Prepared","Setup"],"picked":"SKIP","floor":11.0},{"not_picked":["ReplayTheSpireMod:Exploit Weakness","Night Terror"],"picked":"Deadly Poison","floor":13.0},{"not_picked":["Deadly Poison","Sucker Punch"],"picked":"Backflip","floor":14.0},{"not_picked":["Storm of Steel","Unload"],"picked":"After Image","floor":16.0},{"not_picked":["Choke+1","Replay:Poison Smokescreen"],"picked":"Terror","floor":18.0},{"not_picked":["Flying Knee","Backflip"],"picked":"Leg Sweep","floor":22.0},{"not_picked":["Sucker Punch","Riddle With Holes"],"picked":"Deadly Poison","floor":24.0},{"not_picked":["Dash","Caltrops"],"picked":"Catalyst","floor":30.0},{"not_picked":["Night Terror","Tools of the Trade"],"picked":"Corpse Explosion","floor":33.0},{"not_picked":["Endless Agony+1","Leg Sweep+1"],"picked":"Hidden Blade","floor":35.0},{"not_picked":["Backstab","Dagger Throw+1"],"picked":"Caltrops+1","floor":37},{"not_picked":["Masterful Stab+1","Underhanded Strike+1","Skewer"],"picked":"SKIP","floor":39},{"not_picked":["Dagger Throw+1","ReplayTheSpireMod:Scrap Shanks+1"],"picked":"PiercingWail","floor":42},{"not_picked":["Noxious Fumes","Masterful Stab"],"picked":"Cloak And Dagger+1","floor":45},{"not_picked":["Tactician","ReplayTheSpireMod:Speed Training+1"],"picked":"Hidden Blade+1","floor":48}],"player_experience":827739,"relics_obtained":[{"floor":6.0,"key":"HornCleat"},{"floor":9.0,"key":"hubris:ToyBattleship"},{"floor":13.0,"key":"Juzu Bracelet"},{"floor":24.0,"key":"CeramicFish"},{"floor":26.0,"key":"Tiny Chest"},{"floor":30.0,"key":"Dream Catcher"},{"floor":38,"key":"Iron Hammer"},{"floor":42,"key":"TungstenRod"},{"floor":43,"key":"Nunchaku"}],"event_choices":[{"damage_healed":0.0,"max_hp_gain":0.0,"max_hp_loss":0.0,"gold_gain":0.0,"event_name":"Golden Idol","player_choice":"Take Damage","floor":2.0,"gold_loss":0.0,"damage_taken":17.0,"relics_obtained":["Golden Idol"]},{"damage_healed":0.0,"max_hp_gain":0.0,"max_hp_loss":0.0,"gold_gain":0.0,"event_name":"betterThird:BetterScrap","player_choice":"Relic ","floor":3.0,"gold_loss":0.0,"damage_taken":3.0,"cards_obtained":["Corruption"]},{"cards_removed":["After Image"],"damage_healed":0.0,"max_hp_gain":0.0,"max_hp_loss":0.0,"gold_gain":0.0,"event_name":"betterNote:BetterNote","player_choice":"Give","floor":20.0,"gold_loss":0.0,"damage_taken":0.0,"cards_obtained":["Strike_G"]},{"damage_healed":0.0,"max_hp_gain":0.0,"max_hp_loss":0.0,"gold_gain":0.0,"event_name":"Forgotten Altar","player_choice":"Gave Idol","floor":28.0,"relics_lost":["Golden Idol"],"gold_loss":0.0,"damage_taken":0.0,"relics_obtained":["Bloody Idol"]}],"is_beta":false,"boss_relics":[{"not_picked":["Honey Jar","Replay:Wanted Poster"],"picked":"SlaversCollar"},{"not_picked":["Runic Dome","Cursed Key"],"picked":"Ring of the Serpent"}],"items_purged_floors":[4,19,25,41],"is_endless":false,"potions_floor_spawned":[1,6,11,16,24,33,35,39,42],"ascension_level":0}}