{"host":"mvw7i28zi3kj0eu9","time":1608043812,"event":{"mods":["AchievementEnabler","BaseMod","Better Third Choice","BetterRewards","Block Reminder","Conspire","Custom Start","Downfall","Energized Spire","Halation","Hermit","Hubris","Infinite Spire","Jorbs\u0027s Wanderer Trilogy","Minty Spire (QoL Compilation)","Replay The Spire","Shop Mod","Small Relic Pack","Spikes Relics","StSLib","The Blue Laboratory","The Necromancer","The Servant 0.9.4","Virulent Crown"],"gold_per_floor":[110,10,10,23,98,98,116,116,167,167,167,17,81,91,91,190,190,201,76,87,87,87,87,106,106,106,106,120,120,149,163,163,265,265,285,135,135,135,135,162,175,175,227,227,227,256,267,286,286,387,387,396,404,409,164,164,164,164,175,229,229,246,246,261,288,288,371,371,372,380,391,391,391,416,416,415,415,427,106,129,138,157,157,240,240,242,256,262,262,267,267,270,270,270,274,274,289,289,313,313,395,395,411,411,427,427,434,434,450,206,206,215,233,233,233,233,233,322,322,339,348,348,348,355,355,372,383,383,411,421,341,341,191,191,289,289,303,316,216,226,238,238,264,264,264,264,285,285,297,312,312,399,399,399,399,431,514],"floor_reached":158,"playtime":2637,"items_purged":["Strike_R","Strike_R","Bash","Defend_R","Defend_R","Defend_R"],"score":4365,"play_id":"e5106bcd-e1ea-4080-b5c5-69d5cfb553b4","local_time":"20201215155012","is_ascension_mode":false,"campfire_choices":[{"data":"Body Slam","floor":6,"key":"SMITH"},{"data":"Body Slam","floor":10,"key":"SMITH"},{"data":"Defend_R","floor":15,"key":"SMITH"},{"data":"Defend_R+1","floor":25,"key":"SMITH"},{"data":"Defend_R+2","floor":27,"key":"SMITH"},{"data":"Defend_R+3","floor":29,"key":"SMITH"},{"data":"Defend_R+4","floor":32,"key":"SMITH"},{"data":"Defend_R+5","floor":42,"key":"SMITH"},{"data":"Defend_R+6","floor":45,"key":"SMITH"},{"data":"Defend_R+7","floor":49,"key":"SMITH"},{"data":"Defend_R+8","floor":57,"key":"SMITH"},{"data":"Defend_R+9","floor":61,"key":"SMITH"},{"data":"Defend_R+10","floor":63,"key":"SMITH"},{"data":"Defend_R+12","floor":66,"key":"SMITH"},{"data":"Defend_R+13","floor":66,"key":"SMITH"},{"data":"Defend_R+14","floor":75,"key":"SMITH"},{"data":"Defend_R+15","floor":75,"key":"SMITH"},{"data":"Defend_R+16","floor":83,"key":"SMITH"},{"data":"Defend_R+17","floor":83,"key":"SMITH"},{"data":"Parasite","floor":91,"key":"SMITH"},{"data":"Defend_R+18","floor":91,"key":"SMITH"},{"data":"Defend_R+19","floor":93,"key":"SMITH"},{"data":"Impervious","floor":93,"key":"SMITH"},{"data":"Impervious+1","floor":96,"key":"SMITH"},{"data":"Impervious+2","floor":96,"key":"SMITH"},{"data":"Impervious+3","floor":100,"key":"SMITH"},{"data":"Impervious+4","floor":100,"key":"SMITH"},{"data":"Impervious+5","floor":108,"key":"SMITH"},{"data":"Impervious+6","floor":108,"key":"SMITH"},{"data":"Impervious+7","floor":115,"key":"SMITH"},{"data":"Impervious+8","floor":115,"key":"SMITH"},{"data":"Impervious+9","floor":117,"key":"SMITH"},{"data":"Impervious+10","floor":117,"key":"SMITH"},{"data":"Impervious+12","floor":125,"key":"SMITH"},{"data":"Impervious+13","floor":125,"key":"SMITH"},{"data":"Impervious+15","floor":132,"key":"SMITH"},{"data":"hubris:DuctTapeCard+23","floor":132,"key":"SMITH"},{"data":"Feed","floor":134,"key":"SMITH"},{"data":"Dark Embrace","floor":134,"key":"SMITH"},{"data":"Impervious+16","floor":142,"key":"SMITH"},{"data":"Impervious+17","floor":142,"key":"SMITH"},{"data":"Impervious+18","floor":148,"key":"SMITH"},{"data":"Impervious+19","floor":148,"key":"SMITH"},{"data":"Impervious+20","floor":151,"key":"SMITH"},{"data":"Impervious+21","floor":151,"key":"SMITH"},{"data":"Impervious+22","floor":154,"key":"SMITH"},{"data":"Impervious+23","floor":154,"key":"SMITH"}],"circlet_count":0,"master_deck":["Body Slam+1","Juggernaut+1","Body Slam+1","Impervious+24","hubris:DuctTapeCard+25"],"relics":["Burning Blood","Tiny Chest","conspire:InfiniteJournal","ZombieTooth","Vajra","halation:EternalFortune","Bag of Preparation","Shovel","conspire:RunicOctahedron","Sundial","Calipers","Philosopher\u0027s Stone","Replay:Mystery Machine","Self Forming Clay","Replay:Kaleidoscope","Busted Crown","conspire:Dentures","infinitespire:Satchel","Odd Mushroom","Replay:Arrowhead","halation:PrussianBluePaint","conspire:TreasureMap","Anchor","conspire:RoyalGoblet","MerchantsRug","energizedSpire:NeverEndingSparkler","halation:KoshaPiece","SpikesRelics:ToyHorsey","infinitespire:Bottled Soul","SacredBark","ReplayFunnel","hubris:MysteriousPyramids","halation:PromiseList","ShockBauble","hubris:OldNail","Coffee Dripper","conspire:Flyswatter","hubris:Metronome","War Paint","hubris:Backtick","LugNut","Pen Nib","The Courier","Blood Vial","Black Star","halation:TwoAmDonut"],"acts_visited":["Exordium","TheCity","TheBeyond","Exordium","TheCity","TheBeyond","Exordium","TheCity","TheBeyond","TheEnding"],"potions_floor_usage":[16,20,33,101,157],"damage_taken":[{"damage":2,"enemies":"2 Louse","floor":1,"turns":4},{"damage":10,"enemies":"Jaw Worm","floor":4,"turns":5},{"damage":0,"enemies":"Cultist","floor":7,"turns":3},{"damage":20,"enemies":"Lagavulin Event","floor":13,"turns":5},{"damage":0,"enemies":"Exordium Thugs","floor":14,"turns":4},{"damage":21,"enemies":"The Guardian","floor":16,"turns":10},{"damage":4,"enemies":"Shell Parasite","floor":18,"turns":4},{"damage":3,"enemies":"Chosen","floor":20,"turns":5},{"damage":5,"enemies":"Sentry and Sphere","floor":24,"turns":4},{"damage":0,"enemies":"Centurion and Healer","floor":28,"turns":3},{"damage":0,"enemies":"Gremlin Leader","floor":30,"turns":3},{"damage":0,"enemies":"3 Cultists","floor":31,"turns":2},{"damage":0,"enemies":"Automaton","floor":33,"turns":3},{"damage":0,"enemies":"Orb Walker","floor":35,"turns":2},{"damage":0,"enemies":"R_Hoarder","floor":40,"turns":6},{"damage":0,"enemies":"3 Darklings","floor":41,"turns":2},{"damage":0,"enemies":"Nightmare","floor":46,"turns":5},{"damage":0,"enemies":"Maw","floor":47,"turns":4},{"damage":0,"enemies":"4 Shapes","floor":48,"turns":2},{"damage":0,"enemies":"Time Eater","floor":50,"turns":6},{"damage":0,"enemies":"Jaw Worm","floor":52,"turns":1},{"damage":0,"enemies":"2 Louse","floor":53,"turns":1},{"damage":0,"enemies":"Small Slimes","floor":54,"turns":2},{"damage":0,"enemies":"Looter","floor":59,"turns":1},{"damage":0,"enemies":"The Mushroom Lair","floor":62,"turns":1},{"damage":44,"enemies":"Nightmare","floor":64,"turns":4},{"damage":0,"enemies":"The Guardian","floor":67,"turns":2},{"damage":0,"enemies":"Chosen","floor":69,"turns":1},{"damage":0,"enemies":"Spheric Guardian","floor":70,"turns":1},{"damage":0,"enemies":"Snake Plant","floor":71,"turns":1},{"damage":0,"enemies":"Slavers","floor":74,"turns":1},{"damage":0,"enemies":"Centurion and Healer","floor":76,"turns":2},{"damage":0,"enemies":"Sentry and Sphere","floor":78,"turns":1},{"damage":0,"enemies":"Gremlin Leader","floor":80,"turns":1},{"damage":0,"enemies":"Shelled Parasite and Fungi","floor":81,"turns":1},{"damage":0,"enemies":"Book of Stabbing","floor":82,"turns":1},{"damage":0,"enemies":"conspire:MysteriousRune","floor":84,"turns":2},{"damage":0,"enemies":"3 Shapes","floor":86,"turns":2},{"damage":0,"enemies":"Orb Walker","floor":88,"turns":1},{"damage":0,"enemies":"Writhing Mass","floor":90,"turns":2},{"damage":0,"enemies":"Maw","floor":92,"turns":2},{"damage":0,"enemies":"Jaw Worm Horde","floor":95,"turns":2},{"damage":0,"enemies":"Sphere and 2 Shapes","floor":97,"turns":1},{"damage":0,"enemies":"R_Hoarder","floor":99,"turns":1},{"damage":0,"enemies":"hubris:GrandSnecko","floor":101,"turns":3},{"damage":0,"enemies":"Small Slimes","floor":103,"turns":1},{"damage":0,"enemies":"Cultist","floor":105,"turns":1},{"damage":0,"enemies":"2 Louse","floor":107,"turns":1},{"damage":0,"enemies":"3 Sentries","floor":109,"turns":1},{"damage":0,"enemies":"Exordium Wildlife","floor":112,"turns":1},{"damage":0,"enemies":"Looter","floor":113,"turns":1},{"damage":0,"enemies":"Fading Forest","floor":118,"turns":2},{"damage":0,"enemies":"Shell Parasite","floor":120,"turns":1},{"damage":0,"enemies":"2 Thieves","floor":121,"turns":1},{"damage":0,"enemies":"3 Cultists","floor":124,"turns":1},{"damage":0,"enemies":"Nightmare","floor":126,"turns":1},{"damage":0,"enemies":"Snake Plant","floor":127,"turns":1},{"damage":0,"enemies":"Slavers","floor":129,"turns":1},{"damage":0,"enemies":"Shelled Parasite and Fungi","floor":130,"turns":1},{"damage":0,"enemies":"Champ","floor":135,"turns":1},{"damage":0,"enemies":"Orb Walker","floor":137,"turns":1},{"damage":0,"enemies":"3 Shapes","floor":138,"turns":1},{"damage":0,"enemies":"Sphere and 2 Shapes","floor":140,"turns":1},{"damage":0,"enemies":"Transient","floor":141,"turns":1},{"damage":0,"enemies":"R_Hoarder","floor":147,"turns":1},{"damage":0,"enemies":"Spire Growth","floor":149,"turns":1},{"damage":0,"enemies":"3 Darklings","floor":150,"turns":1},{"damage":0,"enemies":"infinitespire:LordOfFortification","floor":152,"turns":2},{"damage":0,"enemies":"Shield and Spear","floor":156,"turns":1},{"damage":0,"enemies":"The Heart","floor":157,"turns":5}],"seed_played":"4751971113947472558","potions_obtained":[{"floor":1,"key":"blueLaboratory:IronCompound"},{"floor":13,"key":"Block Potion"},{"floor":24,"key":"blueLaboratory:CorrosionFlask"},{"floor":30,"key":"PowerPotion"},{"floor":31,"key":"blueLaboratory:BubblePotion"},{"floor":35,"key":"blueLaboratory:AbyssPotion"},{"floor":82,"key":"LiquidBronze"},{"floor":95,"key":"CultistPotion"},{"floor":103,"key":"blueLaboratory:BottledHope"},{"floor":127,"key":"FairyPotion"}],"is_trial":false,"path_per_floor":["M","$","?","M","?","R","M","T","T","R","?","$","?","M","R","B",null,"M","$","M","T","$","AVR","M","R","T","R","M","R","E","M","R","B",null,"M","$","?","$","$","E","M","R","T","T","R","NM","M","M","R","B",null,"M","M","M","$","?","R","?","M","T","R","?","R","NM","T","R","B",null,"M","M","M","?","?","E","R","M","T","M","$","E","M","E","R","B",null,"M","$","M","AVR","M","R","M","R","T","M","R","M","T","E","R","B",null,"M","?","M","?","M","R","E","$","T","M","M","T","R","T","R","B",null,"M","M","?","?","M","R","NM","M","T","E","M","$","R","$","R","B",null,"M","M","NS","M","M","R","T","?","T","?","E","R","M","M","R","B",null,"R","$","E","B",null],"character_chosen":"IRONCLAD","items_purchased":["Body Slam","Tiny Chest","conspire:InfiniteJournal","Bag of Preparation","conspire:Dentures","conspire:TreasureMap","MerchantsRug","hubris:MysteriousPyramids","War Paint","Feed","Dark Embrace"],"campfire_rested":0,"item_purchase_floors":[0,0,0,12,55,79,87,110,131,133,133],"current_hp_per_floor":[80,80,73,69,61,61,67,67,67,67,70,70,56,62,62,50,86,86,86,89,89,89,89,89,89,89,89,89,89,89,89,89,89,89,89,89,89,89,89,89,89,89,89,89,89,89,89,89,89,89,89,89,89,89,89,94,94,94,94,94,94,94,94,56,56,56,62,94,94,94,94,94,94,94,94,94,94,94,97,97,97,97,97,97,97,97,97,97,97,97,94,94,94,94,94,94,94,94,94,94,97,97,97,97,97,97,97,97,97,97,97,97,97,97,97,97,97,97,97,97,97,97,97,100,100,100,100,100,100,100,100,100,100,100,100,100,100,100,100,103,103,103,103,103,103,103,103,103,103,103,103,103,103,103,103,103,103],"gold":514,"neow_bonus":"","is_daily":false,"chose_seed":false,"campfire_upgraded":47,"win_rate":0.0,"timestamp":1608043812,"path_taken":["M","$","?","M","?","R","?","?","T","R","?","?","?","M","R","BOSS","M","$","M","?","?","AVR","M","R","T","R","M","R","E","M","R","BOSS","M","$","?","?","$","E","M","R","T","?","R","NM","M","M","R","BOSS","M","M","M","$","?","R","?","M","T","R","?","R","NM","?","R","BOSS","M","M","M","?","?","E","R","M","T","?","$","E","M","E","R","BOSS","M","$","M","AVR","M","R","M","R","T","M","R","M","?","E","R","BOSS","M","?","M","?","M","R","E","$","T","M","M","?","R","?","R","BOSS","M","M","?","?","M","R","NM","?","T","E","M","$","R","$","R","BOSS","M","M","NS","M","M","R","?","?","T","?","E","R","?","M","R","BOSS","R","$","E","BOSS"],"items_purchased_type":["Card","Relic","Relic","Relic","Relic","Relic","Relic","Relic","Relic","Card","Card"],"build_version":"2020-12-13","purchased_purges":6,"victory":true,"max_hp_per_floor":[80,80,80,80,80,80,80,80,80,80,83,83,83,83,83,86,86,86,86,89,89,89,89,89,89,89,89,89,89,89,89,89,89,89,89,89,89,89,89,89,89,89,89,89,89,89,89,89,89,89,89,89,89,89,89,94,94,94,94,94,94,94,94,94,94,94,94,94,94,94,94,94,94,94,94,94,94,94,97,97,97,97,97,97,97,97,97,97,97,97,94,94,94,94,94,94,94,94,94,94,97,97,97,97,97,97,97,97,97,97,97,97,97,97,97,97,97,97,97,97,97,97,97,100,100,100,100,100,100,100,100,100,100,100,100,100,100,100,100,103,103,103,103,103,103,103,103,103,103,103,103,103,103,103,103,103,103],"card_choices":[{"not_picked":["Sentinel","Clothesline","Combust"],"picked":"SKIP","floor":1},{"not_picked":["Battle Trance","Second Wind"],"picked":"Body Slam","floor":4},{"not_picked":["Clothesline","Sword Boomerang","conspire:ExplosiveBarrier"],"picked":"SKIP","floor":7},{"not_picked":["BarbarianYell","Hemokinesis","Iron Wave"],"picked":"SKIP","floor":14},{"not_picked":["Headbutt","Absolvement","Run Through+1"],"picked":"SKIP","floor":18},{"not_picked":["True Grit","Havoc","Clothesline"],"picked":"SKIP","floor":20},{"not_picked":["Iron Wave+1","Armaments","Headbutt"],"picked":"SKIP","floor":24},{"not_picked":["Shockwave","Perfected Strike+1","Dual Wield"],"picked":"SKIP","floor":28},{"not_picked":["conspire:Purge","Perfected Strike+1","Shockwave"],"picked":"SKIP","floor":30},{"not_picked":["Uppercut","Iron Wave"],"picked":"Flex","floor":31},{"not_picked":["Run Through+1","Feel No Pain","Iron Wave"],"picked":"SKIP","floor":35},{"not_picked":["Flex+1","Sentinel+1","Bloodletting+1"],"picked":"SKIP","floor":40},{"not_picked":["Anger+1","Clash+1","Replay:Undeath\u0027s Touch+1"],"picked":"SKIP","floor":41},{"not_picked":["Heavy Blade+1","Perfected Strike+1","hubris:ReadiedAction"],"picked":"SKIP","floor":46},{"not_picked":["Replay:Undeath\u0027s Touch+1","Perfected Strike","Shockwave"],"picked":"SKIP","floor":47},{"not_picked":["Flex+1","Inflame","Havoc+1"],"picked":"SKIP","floor":48},{"not_picked":["True Grit"],"picked":"SKIP","floor":52},{"not_picked":["Iron Wave"],"picked":"SKIP","floor":53},{"not_picked":["Warcry"],"picked":"SKIP","floor":54},{"not_picked":["Whirlwind"],"picked":"SKIP","floor":59},{"not_picked":["Iron Wave"],"picked":"SKIP","floor":64},{"not_picked":["hubris:ReadiedAction"],"picked":"SKIP","floor":69},{"not_picked":["Pommel Strike"],"picked":"SKIP","floor":70},{"not_picked":["Clothesline"],"picked":"SKIP","floor":71},{"not_picked":["Demon Form"],"picked":"SKIP","floor":74},{"not_picked":["ReplayTheSpireMod:Muscle Training"],"picked":"SKIP","floor":76},{"not_picked":["Flex"],"picked":"SKIP","floor":78},{"not_picked":["Battle Trance"],"picked":"SKIP","floor":80},{"not_picked":["Pommel Strike"],"picked":"SKIP","floor":81},{"not_picked":["ReplayTheSpireMod:Muscle Training"],"picked":"SKIP","floor":82},{"not_picked":[],"picked":"Impervious","floor":84},{"not_picked":["Clothesline"],"picked":"SKIP","floor":86},{"not_picked":["Wild Strike+1"],"picked":"SKIP","floor":88},{"not_picked":["Thunderclap+1"],"picked":"SKIP","floor":90},{"not_picked":["hubris:ReadiedAction"],"picked":"SKIP","floor":92},{"not_picked":["Body Slam"],"picked":"SKIP","floor":95},{"not_picked":["Thunderclap"],"picked":"SKIP","floor":97},{"not_picked":["Warcry"],"picked":"SKIP","floor":99},{"not_picked":["Warcry"],"picked":"SKIP","floor":103},{"not_picked":["Thunderclap"],"picked":"SKIP","floor":105},{"not_picked":["Second Wind"],"picked":"SKIP","floor":107},{"not_picked":["True Grit"],"picked":"SKIP","floor":109},{"not_picked":["Pommel Strike"],"picked":"SKIP","floor":112},{"not_picked":["Sword Boomerang"],"picked":"SKIP","floor":113},{"not_picked":["Run Through+1"],"picked":"SKIP","floor":120},{"not_picked":["ReplayTheSpireMod:Muscle Training"],"picked":"SKIP","floor":121},{"not_picked":["Dropkick+1"],"picked":"SKIP","floor":124},{"not_picked":["Thunderclap"],"picked":"SKIP","floor":126},{"not_picked":["Flex"],"picked":"SKIP","floor":127},{"not_picked":["Rage"],"picked":"SKIP","floor":129},{"not_picked":["Sever Soul"],"picked":"SKIP","floor":130},{"not_picked":["Anger+1"],"picked":"SKIP","floor":137},{"not_picked":["Sword Boomerang+1"],"picked":"SKIP","floor":138},{"not_picked":["Disarm+1"],"picked":"SKIP","floor":140},{"not_picked":["Shrug It Off"],"picked":"SKIP","floor":141},{"not_picked":["ReplayTheSpireMod:Stacked+1"],"picked":"SKIP","floor":147},{"not_picked":["hubris:ReadiedAction"],"picked":"SKIP","floor":149},{"not_picked":["Shrug It Off"],"picked":"SKIP","floor":150},{"not_picked":["Headbutt+1"],"picked":"SKIP","floor":156}],"player_experience":865261,"relics_obtained":[{"floor":8,"key":"hubris:BottledRain"},{"floor":9,"key":"Vajra"},{"floor":16,"key":"halation:EternalFortune"},{"floor":20,"key":"halation:EternalFortune"},{"floor":21,"key":"Shovel"},{"floor":26,"key":"Calipers"},{"floor":30,"key":"infinitespire:Midas Blood"},{"floor":40,"key":"halation:AfternoonTea"},{"floor":43,"key":"Replay:Mystery Machine"},{"floor":44,"key":"Self Forming Clay"},{"floor":46,"key":"Replay:Kaleidoscope"},{"floor":60,"key":"infinitespire:Satchel"},{"floor":62,"key":"Odd Mushroom"},{"floor":64,"key":"Replay:Arrowhead"},{"floor":65,"key":"War Paint"},{"floor":74,"key":"halation:Toothbrush"},{"floor":77,"key":"halation:PrussianBluePaint"},{"floor":80,"key":"Anchor"},{"floor":82,"key":"infinitespire:Magic Flask"},{"floor":94,"key":"halation:KoshaPiece"},{"floor":98,"key":"SpikesRelics:ToyHorsey"},{"floor":99,"key":"infinitespire:Bottled Soul"},{"floor":101,"key":"halation:EternalFortune"},{"floor":109,"key":"ReplayFunnel"},{"floor":111,"key":"halation:PromiseList"},{"floor":114,"key":"ShockBauble"},{"floor":116,"key":"hubris:OldNail"},{"floor":124,"key":"halation:EternalFortune"},{"floor":126,"key":"conspire:Flyswatter"},{"floor":128,"key":"hubris:DuctTape"},{"floor":129,"key":"hubris:Metronome"},{"floor":140,"key":"halation:EternalFortune"},{"floor":143,"key":"Pen Nib"},{"floor":145,"key":"The Courier"},{"floor":147,"key":"Blood Vial"},{"floor":156,"key":"halation:TwoAmDonut"}],"event_choices":[{"damage_healed":0,"gold_gain":0,"player_choice":"Relic ","damage_taken":7,"max_hp_gain":0,"max_hp_loss":0,"event_name":"betterThird:BetterScrap","floor":3,"gold_loss":0,"cards_obtained":["SignatureMove"]},{"damage_healed":0,"gold_gain":75,"player_choice":"Touch","damage_taken":8,"max_hp_gain":0,"max_hp_loss":0,"event_name":"FaceTrader","floor":5,"gold_loss":0},{"damage_healed":0,"gold_gain":0,"player_choice":"Searched \u00272\u0027 times","damage_taken":0,"relics_obtained":["Replay:Wax Seal"],"max_hp_gain":0,"max_hp_loss":0,"event_name":"Dead Adventurer","floor":13,"gold_loss":0},{"damage_healed":0,"gold_gain":0,"player_choice":"Ignored","damage_taken":0,"max_hp_gain":0,"max_hp_loss":0,"event_name":"NoteForYourself","floor":37,"gold_loss":0},{"damage_healed":0,"gold_gain":0,"player_choice":"Donut","damage_taken":0,"max_hp_gain":5,"max_hp_loss":0,"event_name":"Big Fish","floor":56,"gold_loss":0},{"damage_healed":0,"gold_gain":0,"player_choice":"Fought Mushrooms","damage_taken":0,"max_hp_gain":0,"max_hp_loss":0,"event_name":"Mushrooms","floor":62,"gold_loss":0},{"damage_healed":0,"gold_gain":0,"player_choice":"Ignored","damage_taken":0,"max_hp_gain":0,"max_hp_loss":0,"event_name":"Transmorgrifier","floor":73,"gold_loss":0},{"damage_healed":0,"gold_gain":0,"player_choice":"Ignored","damage_taken":0,"max_hp_gain":0,"max_hp_loss":0,"event_name":"The Mausoleum","floor":122,"gold_loss":0},{"damage_healed":0,"gold_gain":0,"player_choice":"Forge","damage_taken":0,"max_hp_gain":0,"max_hp_loss":0,"event_name":"Accursed Blacksmith","floor":123,"gold_loss":0,"cards_upgraded":["Impervious"]},{"damage_healed":0,"gold_gain":0,"player_choice":"Ignored","damage_taken":0,"max_hp_gain":0,"max_hp_loss":0,"event_name":"Tomb of Lord Red Mask","floor":144,"gold_loss":0},{"damage_healed":0,"gold_gain":0,"player_choice":"Ignored","damage_taken":0,"max_hp_gain":0,"max_hp_loss":0,"event_name":"NoteForYourself","floor":146,"gold_loss":0}],"is_beta":false,"boss_relics":[{"not_picked":["halation:PinkAlligatorPlush","Replay:Ancient Bell"],"picked":"Empty Cage"},{"not_picked":["Mark of Pain","energizedSpire:OgreHead"],"picked":"Philosopher\u0027s Stone"},{"not_picked":["hubris:Stopwatch","Black Blood"],"picked":"Busted Crown"},{"not_picked":["Snecko Eye","Astrolabe","halation:PinkAlligatorPlush"]},{"not_picked":["energizedSpire:SpiderWeb","Fusion Hammer"],"picked":"conspire:RoyalGoblet"},{"not_picked":["Pandora\u0027s Box","halation:CatFaceCupcake"],"picked":"SacredBark"},{"not_picked":["energizedSpire:RedRose","energizedSpire:DecayingSkull"],"picked":"Coffee Dripper"},{"not_picked":["relicPack:KazumaCape","Sozu"],"picked":"hubris:Backtick"},{"not_picked":["Replay:Bronze Core","Runic Dome"],"picked":"Black Star"}],"items_purged_floors":[0,2,19,36,79,87],"is_endless":true,"potions_floor_spawned":[1,13,24,30,31,35,41,50,53,62,67,69,74,78,80,82,86,88,95,99,103,107,120,127,135,141,147,149,150,156],"ascension_level":0}}