{"host":"6p0attdrtjqaih7v","time":1608012408,"event":{"mods":["2.2 Compatiblity","AchievementEnabler","Bard","BaseMod","Better Skull","Better Third Choice","Colored Powertips","Hermit","Highlight Path","Jorbs\u0027s Wanderer Trilogy","Key Reminder","Minty Spire (QoL Compilation)","Permanent Neow","Quick Restart","Random Character Button","Relic Stats","Replay The Spire","StSLib","The Construct"],"gold_per_floor":[219,236,236,161,179,179,1,1,1,1,13,13,13,42,42,42,42],"floor_reached":16,"playtime":619,"items_purged":["hermit:Purgatory"],"score":200,"play_id":"f5de68ba-72b4-4a2a-9db1-f0b02ccf0204","local_time":"20201215010648","is_ascension_mode":true,"campfire_choices":[{"data":"hermit:CalledShot","floor":8,"key":"SMITH"},{"data":"hermit:CalledShot","floor":10,"key":"SMITH"},{"floor":12,"key":"REST"},{"floor":15,"key":"REST"}],"circlet_count":0,"master_deck":["AscendersBane","hermit:Strike_Hermit","hermit:Strike_Hermit","hermit:Strike_Hermit","hermit:Defend_Hermit+1","hermit:Defend_Hermit","hermit:Defend_Hermit","hermit:Defend_Hermit","hermit:Snapshot","hermit:Covet","hermit:CalledShot+1","hermit:Snipe","hermit:CalledShot+1","hermit:Magnum","hermit:LowProfile","hermit:Vantage","hermit:Spite"],"relics":["hermit:Momento","construct:RocketBooster","Golden Egg","Shuriken"],"acts_visited":["Exordium"],"potions_floor_usage":[6,16],"damage_taken":[{"damage":4,"enemies":"Jaw Worm","floor":1,"turns":4},{"damage":1,"enemies":"Cultist","floor":2,"turns":3},{"damage":1,"enemies":"2 Louse","floor":5,"turns":2},{"damage":40,"enemies":"Gremlin Nob","floor":6,"turns":4},{"damage":11,"enemies":"Gremlin Gang","floor":11,"turns":6},{"damage":26,"enemies":"3 Sentries","floor":14,"turns":10},{"damage":24,"enemies":"Hexaghost","floor":16,"turns":9}],"seed_played":"2870608756565529523","potions_obtained":[{"floor":2,"key":"SmokeBomb"},{"floor":14,"key":"AttackPotion"}],"is_trial":false,"path_per_floor":["M","M","?","$","M","E","$","R","T","R","M","R","T","E","R","B"],"character_chosen":"HERMIT","items_purchased":["hermit:Magnum","hermit:LowProfile"],"campfire_rested":2,"item_purchase_floors":[7,7],"current_hp_per_floor":[60,59,59,59,58,18,18,18,18,18,7,28,28,2,23,0,0],"gold":42,"neow_bonus":"HUNDRED_GOLD","is_daily":false,"chose_seed":false,"campfire_upgraded":2,"win_rate":0.0,"timestamp":1608012408,"path_taken":["M","M","?","$","M","E","?","R","T","R","?","R","?","E","R","BOSS"],"items_purchased_type":["Card","Card"],"build_version":"2020-12-13","purchased_purges":1,"victory":false,"max_hp_per_floor":[71,71,71,71,71,71,71,71,71,71,71,71,71,71,71,71,71],"relic_stats":{"counters":[7,38],"Shuriken":[5],"obtain_stats":[{"Golden Egg":13,"construct:RocketBooster":9,"Shuriken":14,"hermit:Momento":0},{"Golden Egg":5,"construct:RocketBooster":4,"Shuriken":6,"hermit:Momento":0},{"Golden Egg":19,"construct:RocketBooster":13,"Shuriken":29,"hermit:Momento":0}]},"card_choices":[{"not_picked":["hermit:Dive","hermit:SprayPray"],"picked":"hermit:CalledShot","floor":1},{"not_picked":["hermit:Headshot","hermit:Roulette"],"picked":"hermit:Snipe","floor":2},{"not_picked":["hermit:Cheat","hermit:Headshot"],"picked":"hermit:CalledShot","floor":5},{"not_picked":["hermit:Maintenance","hermit:Cheat"],"picked":"hermit:Vantage","floor":11},{"not_picked":["hermit:Misfire","hermit:Virtue"],"picked":"hermit:Spite","floor":14}],"player_experience":843667,"relics_obtained":[{"floor":9,"key":"construct:RocketBooster"},{"floor":13,"key":"Golden Egg"},{"floor":14,"key":"Shuriken"}],"event_choices":[{"damage_healed":0,"gold_gain":0,"cards_transformed":["hermit:Strike_Hermit"],"player_choice":"Transformed","damage_taken":0,"max_hp_gain":0,"max_hp_loss":0,"event_name":"Transmorgrifier","floor":3,"gold_loss":0,"cards_obtained":["hermit:Purgatory"]}],"is_beta":false,"boss_relics":[],"items_purged_floors":[4],"is_endless":false,"potions_floor_spawned":[2,14],"killed_by":"Hexaghost","ascension_level":17}}