{"host":"fqid566djxhwi0rl","time":1608063270,"event":{"mods":["2.2 Compatiblity","AchievementEnabler","Aspiration","BaseMod","Downfall","Energized Spire","Faster Ascension Climbing","GifTheSpireLib","Minty Spire (QoL Compilation)","Replay The Spire","Robot Space Explorer","StSLib","The Blackbeard","The Gatherer","Trackpad","Yuri Mod"],"gold_per_floor":[118,131,148,164,183,183,183,183],"floor_reached":7,"playtime":495,"items_purged":[],"score":79,"play_id":"d6ec6f72-666a-4141-bccc-73a0adf066b4","local_time":"20201215221430","is_ascension_mode":true,"campfire_choices":[{"data":"champ:Taunt","floor":6,"key":"SMITH"}],"circlet_count":0,"master_deck":["AscendersBane","champ:Strike","champ:Strike","champ:Strike","champ:Strike","champ:Defend","champ:Defend","champ:Defend","champ:Defend","champ:Execute","champ:Taunt+1","champ:BringItOn","champ:RisingSlash","champ:AdrenalArmor","champ:BerserkerStyle","champ:Lariat"],"relics":["Ring of Chaos"],"acts_visited":["Exordium"],"potions_floor_usage":[7],"damage_taken":[{"damage":16,"enemies":"Cultist","floor":1,"turns":6},{"damage":0,"enemies":"Jaw Worm","floor":2,"turns":5},{"damage":16,"enemies":"2 Louse","floor":3,"turns":4},{"damage":12,"enemies":"Blue Slaver","floor":4,"turns":5},{"damage":22,"enemies":"Lots of Slimes","floor":5,"turns":6},{"damage":50,"enemies":"Gremlin Nob","floor":7,"turns":5}],"seed_played":"8705360657721583280","potions_obtained":[{"floor":1,"key":"Languid Potion"},{"floor":2,"key":"Milkshake"}],"is_trial":false,"path_per_floor":["M","M","M","M","M","R","E"],"character_chosen":"THE_CHAMP","items_purchased":[],"campfire_rested":0,"item_purchase_floors":[],"current_hp_per_floor":[70,70,60,58,48,48,0,0],"gold":183,"neow_bonus":"BOSS_RELIC","is_daily":false,"chose_seed":false,"campfire_upgraded":1,"win_rate":0.0,"timestamp":1608063270,"path_taken":["M","M","M","M","?","R","E"],"items_purchased_type":[],"build_version":"2020-12-13","purchased_purges":0,"victory":false,"max_hp_per_floor":[81,81,81,81,81,81,81,81],"card_choices":[{"not_picked":["champ:FocusedDefense","champ:Encircle"],"picked":"champ:BringItOn","floor":1},{"not_picked":["champ:CrookedStrike","champ:ShieldSigil"],"picked":"champ:RisingSlash","floor":2},{"not_picked":["champ:PerfectedStrike","champ:CalledShot"],"picked":"champ:AdrenalArmor","floor":3},{"not_picked":["champ:Backstep","champ:FocusedGladiator"],"picked":"champ:BerserkerStyle","floor":4},{"not_picked":["champ:SwordSigil","champ:ShieldSlam"],"picked":"champ:Lariat","floor":5}],"player_experience":686348,"relics_obtained":[],"event_choices":[],"is_beta":false,"boss_relics":[],"items_purged_floors":[],"is_endless":false,"potions_floor_spawned":[1,2],"killed_by":"Gremlin Nob","ascension_level":15}}