{"host":"yecadp3kwkksam5a","time":1608048766,"event":{"mods":["BaseMod","Minty Spire (QoL Compilation)","Replay The Spire","StSLib"],"gold_per_floor":[115,115,172,183,199,225,241,241,241],"floor_reached":8,"playtime":464,"items_purged":[],"score":70,"play_id":"f64c47bf-75df-4f84-b28e-bbb3b3b17453","local_time":"20201216011246","is_ascension_mode":true,"campfire_choices":[],"circlet_count":0,"master_deck":["Strike_R","Strike_R","Strike_R","Strike_R","Strike_R","Defend_R","Defend_R","Defend_R","Defend_R","Bash","Shrug It Off","Disarm","Shrug It Off","Reckless Charge","Barricade","Uppercut"],"relics":["Burning Blood","King of Hearts","Lizard Tail"],"acts_visited":["Exordium"],"potions_floor_usage":[8],"damage_taken":[{"damage":1,"enemies":"Cultist","floor":1,"turns":4},{"damage":0,"enemies":"2 Louse","floor":4,"turns":3},{"damage":6,"enemies":"Jaw Worm","floor":5,"turns":4},{"damage":56,"enemies":"Gremlin Nob","floor":6,"turns":6},{"damage":0,"enemies":"Red Slaver","floor":7,"turns":6},{"damage":24,"enemies":"3 Sentries","floor":8,"turns":8}],"seed_played":"7003696131035152374","potions_obtained":[{"floor":3,"key":"Weak Potion"},{"floor":5,"key":"LiquidBronze"}],"is_trial":false,"path_per_floor":["M","?","?","M","M","E","M","E"],"character_chosen":"IRONCLAD","items_purchased":[],"campfire_rested":0,"item_purchase_floors":[],"current_hp_per_floor":[88,93,70,76,76,26,32,8,8],"gold":241,"neow_bonus":"TEN_PERCENT_HP_BONUS","is_daily":false,"chose_seed":false,"campfire_upgraded":0,"win_rate":0.0,"timestamp":1608048766,"path_taken":["M","?","?","?","M","E","M","E"],"items_purchased_type":[],"build_version":"2020-12-13","purchased_purges":0,"victory":false,"max_hp_per_floor":[88,93,93,93,93,93,93,93,93],"card_choices":[{"not_picked":["Anger","Clothesline"],"picked":"Shrug It Off","floor":1},{"not_picked":["Pommel Strike","Armaments"],"picked":"Disarm","floor":3},{"not_picked":["Thunderclap","Sentinel"],"picked":"Shrug It Off","floor":3},{"not_picked":["Run Through","Massacre","Rupture"],"picked":"SKIP","floor":4},{"not_picked":["ReplayTheSpireMod:Corrosion Curse","Havoc"],"picked":"Reckless Charge","floor":5},{"not_picked":["Life Link","Brutality"],"picked":"Barricade","floor":6},{"not_picked":["Flex","Clash"],"picked":"Uppercut","floor":7}],"player_experience":183666,"relics_obtained":[{"floor":3,"key":"King of Hearts"},{"floor":6,"key":"Lizard Tail"}],"event_choices":[{"damage_healed":0,"gold_gain":0,"player_choice":"Donut","damage_taken":0,"max_hp_gain":5,"max_hp_loss":0,"event_name":"Big Fish","floor":2,"gold_loss":0}],"is_beta":false,"boss_relics":[],"items_purged_floors":[],"is_endless":false,"potions_floor_spawned":[5],"killed_by":"3 Sentries","ascension_level":4}}