{"host":"e5vsl4ezcfxwu44d","time":1608047573,"event":{"mods":["BaseMod","Better Note","Colored Powertips","Downfall","Highlight Path","Minty Spire (QoL Compilation)","Spikes Relics","StSLib","Unceasing Turn Reminder"],"gold_per_floor":[99,99,127,146,42,1,26,26,26,55,205,2,2,20,34,136,136,136,147,147,147,28,57,57,112,177,102,27,27,26,26,82,217,217,142,196,196,196,196,264,318,345,21,93,151,177,270,15,70,110],"floor_reached":51,"playtime":8850,"items_purged":["Slimebound:Icky","champ:Strike","champ:Strike","Pain","champ:Defend"],"score":923,"play_id":"97edb8a9-418c-4b30-8b65-749c995d26a7","local_time":"20201215105253","is_ascension_mode":false,"campfire_choices":[{"data":"champ:Taunt","floor":1.0,"key":"SMITH"},{"data":"champ:SteelEdge","floor":8.0,"key":"SMITH"},{"data":"champ:VampiricStrike","floor":18.0,"key":"SMITH"},{"floor":21.0,"key":"RECALL"},{"data":"champ:HoldFirm","floor":27.0,"key":"SMITH"},{"data":"champ:Improvising","floor":35.0,"key":"SMITH"},{"floor":37.0,"key":"DIG"}],"circlet_count":0,"master_deck":["champ:Defend","champ:Defend","champ:Defend","champ:Execute","champ:Taunt+1","champ:FocusedBerserking","champ:BerserkersShout","champ:SteelEdge+1","champ:DefensiveShout","champ:RisingSlash","champ:BerserkerStyle","champ:DefensiveShout","Dramatic Entrance+1","champ:Backstep","champ:RapidStrikes","champ:Devastate","champ:Taunt","champ:CalledShot","champ:SwordThrow","champ:ArenaPreparation","champ:BerserkerStyle","champ:Shatter","champ:EnragedBash","champ:VampiricStrike+1","champ:Lariat","champ:Encircle","champ:BerserkerStyle","champ:HoldFirm+1","champ:RisingSlash","champ:DeathBlow","champ:EndlessRage","champ:Improvising+1","champ:DeathBlow","Secret Weapon","champ:BringItOn","champ:Backstep+1","Regret","champ:DefensiveShout+1","champ:RecklessLeap"],"relics":["champ:ChampionCrown","Tiny Chest","SpikesRelics:DaevaFist","Juzu Bracelet","PreservedInsect","Incense Burner","RoseTintedShades","Cursed Key","downfall:KnowingSkull","Omamori","Shovel","Letter Opener","Darkstone Periapt","downfall:HeartBlessingRed","OrangePellets","Blood Vial","Busted Crown","downfall:HeartBlessingBlue","Oddly Smooth Stone","Toy Ornithopter","Nunchaku","LugNut","Eternal Feather","Centennial Puzzle","CherryCoatedStake"],"acts_visited":["Exordium","TheCity","TheBeyond"],"potions_floor_usage":[],"damage_taken":[{"damage":64.0,"enemies":"Lagavulin","floor":3.0,"turns":9.0},{"damage":5.0,"enemies":"Jaw Worm","floor":4.0,"turns":6.0},{"damage":12.0,"enemies":"downfall:FleeingMerchant","floor":5.0,"turns":4.0},{"damage":23.0,"enemies":"downfall:FleeingMerchant","floor":6.0,"turns":4.0},{"damage":12.0,"enemies":"3 Sentries","floor":10.0,"turns":4.0},{"damage":13.0,"enemies":"downfall:FleeingMerchant","floor":12.0,"turns":4.0},{"damage":3.0,"enemies":"2 Louse","floor":14.0,"turns":2.0},{"damage":18.0,"enemies":"Cultist","floor":15.0,"turns":3.0},{"damage":60.0,"enemies":"downfall:Ironclad","floor":16.0,"turns":6.0},{"damage":14.0,"enemies":"3 Byrds","floor":19.0,"turns":4.0},{"damage":32.0,"enemies":"downfall:FleeingMerchant","floor":22.0,"turns":4.0},{"damage":11.0,"enemies":"Gremlin Leader","floor":23.0,"turns":4.0},{"damage":41.0,"enemies":"Shell Parasite","floor":25.0,"turns":2.0},{"damage":14.0,"enemies":"Book of Stabbing","floor":26.0,"turns":3.0},{"damage":45.0,"enemies":"downfall:FleeingMerchant","floor":28.0,"turns":4.0},{"damage":34.0,"enemies":"downfall:FleeingMerchant","floor":30.0,"turns":3.0},{"damage":31.0,"enemies":"Shelled Parasite and Fungi","floor":32.0,"turns":3.0},{"damage":44.0,"enemies":"downfall:Defect","floor":33.0,"turns":6.0},{"damage":24.0,"enemies":"Orb Walker","floor":36.0,"turns":3.0},{"damage":31.0,"enemies":"Reptomancer","floor":40.0,"turns":3.0},{"damage":66.0,"enemies":"Giant Head","floor":42.0,"turns":5.0},{"damage":11,"enemies":"Reptomancer","floor":44,"turns":3},{"damage":50,"enemies":"3 Darklings","floor":45,"turns":2},{"damage":10,"enemies":"2 Orb Walkers","floor":47,"turns":3},{"damage":32,"enemies":"4 Shapes","floor":49,"turns":1},{"damage":63,"enemies":"downfall:Watcher","floor":50,"turns":6}],"seed_played":"8210018830401082826","potions_obtained":[{"floor":3.0,"key":"SmokeBomb"},{"floor":4.0,"key":"Regen Potion"},{"floor":10.0,"key":"Block Potion"},{"floor":14.0,"key":"LiquidMemories"},{"floor":23.0,"key":"GamblersBrew"},{"floor":26.0,"key":"Swift Potion"},{"floor":33.0,"key":"champ:CounterPotion"},{"floor":42.0,"key":"SkillPotion"},{"floor":44,"key":"Ancient Potion"}],"is_trial":false,"path_per_floor":["R","?","E","M","$","$","T","R","?","E","?","$","T","M","M","B",null,"R","M","?","R","$","E","T","M","E","R","$","?","$","T","M","B",null,"R","M","R","?","?","E","T","E","?","E","M","T","?","$","M","B",null],"character_chosen":"THE_CHAMP","items_purchased":["champ:DefensiveShout","champ:RisingSlash","champ:DefensiveShout","champ:ArenaPreparation","champ:BerserkerStyle","Omamori","OrangePellets","Blood Vial","Secret Weapon","champ:RecklessLeap"],"campfire_rested":0,"item_purchase_floors":[5,5,6,12,12,22,30,30,43,48],"current_hp_per_floor":[90,87,43,43,51,50,50,50,50,47,47,47,47,44,44,19,90,90,90,81,81,90,90,90,90,88,88,67,67,74,74,66,90,90,100,100,100,100,100,100,106,106,106,105,106,112,105,105,95,112],"gold":110,"neow_bonus":"RANDOM_COMMON_RELIC","is_daily":false,"chose_seed":false,"campfire_upgraded":5,"win_rate":0.0,"timestamp":1608047573,"path_taken":["R","?","E","M","$","$","T","R","?","E","?","$","?","M","M","BOSS","R","M","?","R","?","E","T","M","E","R","$","?","$","?","M","BOSS","R","M","R","?","?","E","T","E","?","E","M","?","?","?","M","BOSS"],"items_purchased_type":["Card","Card","Card","Card","Card","Relic","Relic","Relic","Card","Card"],"build_version":"2020-12-13","purchased_purges":5,"victory":true,"max_hp_per_floor":[90,90,90,90,90,90,90,90,90,90,90,90,90,90,90,90,90,90,90,90,90,90,90,90,90,90,90,90,90,90,90,90,90,90,100,100,100,100,100,100,106,106,106,106,106,112,112,112,112,112],"card_choices":[{"not_picked":["champ:EndlessRage","champ:AdrenalArmor"],"picked":"champ:FocusedBerserking","floor":3.0},{"not_picked":["champ:FlashCut","champ:FalseCounter"],"picked":"champ:BerserkersShout","floor":4.0},{"not_picked":["champ:BerserkersShout","champ:FlashCut"],"picked":"champ:SteelEdge","floor":5.0},{"not_picked":["champ:Haymaker","champ:AdrenalArmor"],"picked":"champ:BerserkerStyle","floor":6.0},{"not_picked":["champ:FanOfKnives","champ:BladeFlurry"],"picked":"champ:CalledShot","floor":10.0},{"not_picked":["champ:EnGarde","champ:GladiatorsShout"],"picked":"champ:SwordThrow","floor":12.0},{"not_picked":["champ:ShieldWall","champ:AdrenalArmor"],"picked":"champ:Shatter","floor":14.0},{"not_picked":["champ:TornadoPunch","champ:BerserkersShout"],"picked":"champ:EnragedBash","floor":15.0},{"not_picked":["champ:Improvising","champ:SwordThrow"],"picked":"champ:VampiricStrike","floor":16.0},{"not_picked":["champ:IronFortress+1","champ:FightOn"],"picked":"champ:Lariat","floor":19.0},{"not_picked":["champ:StanceDance+1","champ:TornadoPunch"],"picked":"champ:Encircle","floor":22.0},{"not_picked":["champ:EndlessRage+1","champ:FanOfKnives"],"picked":"champ:BerserkerStyle","floor":23.0},{"not_picked":["champ:StanceDance","champ:FanOfKnives"],"picked":"champ:HoldFirm","floor":25.0},{"not_picked":["champ:StanceDance","champ:FlashCut"],"picked":"champ:RisingSlash","floor":26.0},{"not_picked":["champ:FlashCut","champ:IronFortress+1"],"picked":"champ:DeathBlow","floor":28.0},{"not_picked":["champ:DefensiveStyle","champ:FightOn","champ:FocusedGladiator"],"picked":"SKIP","floor":30.0},{"not_picked":["champ:PreciseThrust+1","champ:PerfectedStrike"],"picked":"champ:EndlessRage","floor":32.0},{"not_picked":["champ:IgnorePain","champ:VampiricStrike"],"picked":"champ:Improvising","floor":33.0},{"not_picked":["champ:BladeFlurry+1"],"picked":"SKIP","floor":36.0},{"not_picked":["champ:PerfectedStrike+1"],"picked":"SKIP","floor":40.0},{"not_picked":[],"picked":"champ:DeathBlow","floor":42.0},{"not_picked":[],"picked":"champ:BringItOn","floor":44},{"not_picked":[],"picked":"champ:Backstep+1","floor":45},{"not_picked":[],"picked":"champ:DefensiveShout+1","floor":47},{"not_picked":["champ:FlashCut"],"picked":"SKIP","floor":49}],"player_experience":182017,"relics_obtained":[{"floor":3.0,"key":"Juzu Bracelet"},{"floor":7.0,"key":"PreservedInsect"},{"floor":10.0,"key":"Incense Burner"},{"floor":13.0,"key":"RoseTintedShades"},{"floor":23.0,"key":"Shovel"},{"floor":24.0,"key":"Letter Opener"},{"floor":26.0,"key":"Darkstone Periapt"},{"floor":37.0,"key":"Oddly Smooth Stone"},{"floor":40.0,"key":"Toy Ornithopter"},{"floor":41.0,"key":"Nunchaku"},{"floor":42.0,"key":"LugNut"},{"floor":44,"key":"Eternal Feather"},{"floor":46,"key":"Centennial Puzzle"},{"floor":47,"key":"CherryCoatedStake"}],"event_choices":[{"damage_healed":0.0,"max_hp_gain":0.0,"max_hp_loss":0.0,"gold_gain":0.0,"event_name":"Scrap Ooze","player_choice":"Success","floor":2.0,"gold_loss":0.0,"damage_taken":3.0,"relics_obtained":["SpikesRelics:DaevaFist"]},{"damage_healed":0.0,"max_hp_gain":0.0,"max_hp_loss":0.0,"gold_gain":0.0,"event_name":"Upgrade Shrine","player_choice":"Upgraded","floor":29.0,"gold_loss":0.0,"damage_taken":0.0,"cards_upgraded":["Dramatic Entrance"]},{"cards_removed":["champ:Strike"],"damage_healed":0.0,"max_hp_gain":0.0,"max_hp_loss":0.0,"gold_gain":0.0,"event_name":"Purifier","player_choice":"Purged","floor":38.0,"gold_loss":0.0,"damage_taken":0.0},{"cards_removed":["champ:Strike"],"damage_healed":0.0,"max_hp_gain":0.0,"max_hp_loss":0.0,"gold_gain":0.0,"event_name":"Falling","player_choice":"Removed Attack","floor":39.0,"gold_loss":0.0,"damage_taken":0.0},{"damage_healed":0,"gold_gain":0,"player_choice":"Fight","damage_taken":0,"max_hp_gain":0,"max_hp_loss":0,"event_name":"Mysterious Sphere","floor":47,"gold_loss":0}],"is_beta":false,"boss_relics":[{"not_picked":["Fusion Hammer","Philosopher\u0027s Stone"],"picked":"Cursed Key"},{"not_picked":["SlaversCollar","Snecko Eye"],"picked":"Busted Crown"}],"items_purged_floors":[12,28,30,43,48],"is_endless":false,"potions_floor_spawned":[3,4,10,14,23,26,33,42,44],"ascension_level":0}}