{"host":"88n6zaadp7apuxho","time":1608040617,"event":{"mods":["AchievementEnabler","BaseMod","CapriCore","Colored Map","Friendly Minions","KomeijiMod","Minty Spire (QoL Compilation)","StSLib","The Immortal"],"gold_per_floor":[115,40,56,76,96,96,125,125,125,155,171,171,171,71,71,146,146,161,180,200,200,200,200],"floor_reached":21,"playtime":1643,"items_purged":["MokouMod:Strike","MokouMod:Defend"],"score":372,"play_id":"b7d72b15-3fdc-467e-9d84-7aa19d46b071","local_time":"20201215225657","is_ascension_mode":true,"campfire_choices":[{"data":"MokouMod:HeatSpark","floor":6,"key":"SMITH"},{"data":"MokouMod:InfernalWave","floor":8,"key":"SMITH"},{"data":"MokouMod:Overheat","floor":12,"key":"SMITH"},{"data":"MokouMod:Overheat","floor":15,"key":"SMITH"}],"circlet_count":0,"master_deck":["AscendersBane","MokouMod:Strike","MokouMod:Strike","MokouMod:Defend","MokouMod:HeatSpark+1","MokouMod:FlareStarter","MokouMod:Ember","MokouMod:Overheat+1","MokouMod:FlareStarter","MokouMod:InfernalWave+1","MokouMod:Burn","MokouMod:Overheat+1"],"relics":["MokouMod:PhoenixFeather","Boot","Lantern","Letter Opener","SsserpentHead","SlaversCollar"],"acts_visited":["Exordium","TheCity"],"potions_floor_usage":[5],"damage_taken":[{"damage":20,"enemies":"Small Slimes","floor":1,"turns":4},{"damage":18,"enemies":"Cultist","floor":3,"turns":6},{"damage":3,"enemies":"2 Louse","floor":4,"turns":3},{"damage":18,"enemies":"Lots of Slimes","floor":5,"turns":8},{"damage":32,"enemies":"Lagavulin","floor":7,"turns":9},{"damage":23,"enemies":"3 Sentries","floor":10,"turns":12},{"damage":0,"enemies":"Blue Slaver","floor":11,"turns":4},{"damage":25,"enemies":"The Guardian","floor":16,"turns":13},{"damage":12,"enemies":"Shell Parasite","floor":18,"turns":8},{"damage":30,"enemies":"Chosen","floor":19,"turns":7},{"damage":14,"enemies":"Centurion and Healer","floor":20,"turns":7},{"damage":0,"enemies":"Cultist and Chosen","floor":21,"turns":3}],"seed_played":"7477512097240336042","potions_obtained":[{"floor":3,"key":"BlessingOfTheForge"},{"floor":11,"key":"CultistPotion"},{"floor":19,"key":"LiquidBronze"}],"is_trial":false,"path_per_floor":["M","$","M","M","M","R","E","R","T","E","M","R","?","$","R","B",null,"M","M","M","M"],"character_chosen":"MKU","items_purchased":[],"campfire_rested":0,"item_purchase_floors":[],"current_hp_per_floor":[55,55,37,34,16,16,16,16,16,14,14,14,14,14,14,16,66,54,24,10,10,10,10],"gold":200,"neow_bonus":"TEN_PERCENT_HP_BONUS","is_daily":false,"chose_seed":false,"campfire_upgraded":4,"win_rate":0.0,"timestamp":1608040617,"path_taken":["M","$","M","M","M","R","E","R","T","E","M","R","?","$","R","BOSS","M","M","M","M"],"items_purchased_type":[],"build_version":"2020-11-30","purchased_purges":2,"victory":false,"max_hp_per_floor":[82,82,82,82,82,82,82,82,82,82,82,82,82,82,82,82,82,82,82,82,82,82,82],"card_choices":[{"not_picked":["MokouMod:ResoluteFlare","MokouMod:ImperishableFlame"],"picked":"MokouMod:FlareStarter","floor":1},{"not_picked":["MokouMod:RetainTemperature","MokouMod:ResoluteFlare"],"picked":"MokouMod:Ember","floor":3},{"not_picked":["MokouMod:UncontrollableSolarReaction","MokouMod:IcarusDive"],"picked":"MokouMod:Overheat","floor":4},{"not_picked":["MokouMod:HeatCyclone","MokouMod:FlamingFireTalons"],"picked":"MokouMod:FlareStarter","floor":5},{"not_picked":["MokouMod:Ember","MokouMod:Firecracker"],"picked":"MokouMod:InfernalWave","floor":7},{"not_picked":["MokouMod:BurningDraft","MokouMod:FlareStarter"],"picked":"MokouMod:Burn","floor":10},{"not_picked":["MokouMod:RetainTemperature","MokouMod:Singe"],"picked":"MokouMod:Overheat","floor":11},{"not_picked":["MokouMod:RoaringFlare","MokouMod:SearingShot","MokouMod:CrimsonArmoury"],"picked":"SKIP","floor":18},{"not_picked":["MokouMod:HeatCyclone","MokouMod:Singe+1","MokouMod:Overheat"],"picked":"SKIP","floor":19},{"not_picked":["MokouMod:Stoke","MokouMod:WarmUp","MokouMod:Overheat"],"picked":"SKIP","floor":20}],"player_experience":477842,"relics_obtained":[{"floor":7,"key":"Boot"},{"floor":9,"key":"Lantern"},{"floor":10,"key":"Letter Opener"}],"event_choices":[{"damage_healed":0,"gold_gain":0,"player_choice":"Trade","damage_taken":0,"relics_obtained":["SsserpentHead"],"max_hp_gain":0,"max_hp_loss":0,"event_name":"FaceTrader","floor":13,"gold_loss":0}],"is_beta":false,"boss_relics":[{"not_picked":["Black Star","Astrolabe"],"picked":"SlaversCollar"}],"items_purged_floors":[2,14],"is_endless":false,"potions_floor_spawned":[3,11,19,20],"killed_by":"Cultist and Chosen","ascension_level":19}}