{"host":"qwttrqaysb380yri","time":1608070640,"event":{"mods":["BaseMod","Custom Start","Minty Spire (QoL Compilation)","Puzzle Mod","Relic Stats","StSLib","The Cursed","The Hierophant"],"gold_per_floor":[121,139,166,166,182,217,217,267,267,274,201,230,264,279,279,311,311],"floor_reached":16,"playtime":507,"items_purged":[],"score":217,"play_id":"8b40ae9c-736c-4bd7-870c-72daa68e862d","local_time":"20201215231720","is_ascension_mode":true,"campfire_choices":[{"floor":7,"key":"REST"},{"data":"hierophant:Upheaval","floor":15,"key":"SMITH"}],"circlet_count":0,"master_deck":["AscendersBane","hierophant:Strike_Hierophant","hierophant:Strike_Hierophant","hierophant:Strike_Hierophant","hierophant:Strike_Hierophant","hierophant:Punish","hierophant:Defend_Hierophant","hierophant:Defend_Hierophant","hierophant:Defend_Hierophant","hierophant:ChurchCoffers","hierophant:Doubloon","hierophant:CoinFling","hierophant:Sermon","hierophant:Doubloon","hierophant:HammerAndAnvil","hierophant:FlamingChariot","hierophant:FieryStrike","hierophant:Upheaval+1","hierophant:Embezzle","hierophant:HammerAndAnvil","hierophant:Martyrdom","hierophant:Zeal"],"relics":["hierophant:PropheticMaskRelic","Pen Nib","Art of War","Meat on the Bone","Mercury Hourglass"],"acts_visited":["Exordium"],"potions_floor_usage":[8,12,13,16],"damage_taken":[{"damage":4,"enemies":"Jaw Worm","floor":1,"turns":3},{"damage":0,"enemies":"Small Slimes","floor":2,"turns":3},{"damage":0,"enemies":"2 Louse","floor":3,"turns":1},{"damage":5,"enemies":"Gremlin Gang","floor":5,"turns":3},{"damage":30,"enemies":"Lagavulin","floor":6,"turns":6},{"damage":32,"enemies":"Gremlin Nob","floor":8,"turns":4},{"damage":0,"enemies":"Red Slaver","floor":10,"turns":1},{"damage":0,"enemies":"Exordium Wildlife","floor":12,"turns":3},{"damage":30,"enemies":"Lagavulin","floor":13,"turns":6},{"damage":0,"enemies":"Large Slime","floor":14,"turns":3},{"damage":28,"enemies":"The Guardian","floor":16,"turns":7}],"seed_played":"6417905877754400165","potions_obtained":[{"floor":5,"key":"Strength Potion"},{"floor":6,"key":"LiquidBronze"},{"floor":10,"key":"SteroidPotion"},{"floor":12,"key":"AttackPotion"},{"floor":14,"key":"DistilledChaos"}],"is_trial":false,"path_per_floor":["M","M","M","?","M","E","R","E","T","M","?","M","E","M","R","B"],"character_chosen":"HIEROPHANT","items_purchased":[],"campfire_rested":1,"item_purchase_floors":[],"current_hp_per_floor":[64,64,64,57,52,22,44,12,12,24,24,36,18,30,30,2,2],"gold":311,"neow_bonus":"THREE_CARDS","is_daily":false,"chose_seed":false,"campfire_upgraded":1,"win_rate":0.0,"timestamp":1608070640,"path_taken":["M","M","M","?","M","E","R","E","T","M","?","M","E","M","R","BOSS"],"items_purchased_type":[],"build_version":"2020-12-13","purchased_purges":0,"victory":false,"max_hp_per_floor":[75,75,75,75,75,75,75,75,75,75,75,75,75,75,75,75,75],"relic_stats":{"counters":[11,40],"Pen Nib":[4],"Art of War":[3],"obtain_stats":[{"hierophant:PropheticMaskRelic":0,"Pen Nib":6,"Art of War":8,"Meat on the Bone":9,"Mercury Hourglass":13},{"hierophant:PropheticMaskRelic":0,"Pen Nib":5,"Art of War":6,"Meat on the Bone":6,"Mercury Hourglass":9},{"hierophant:PropheticMaskRelic":0,"Pen Nib":16,"Art of War":20,"Meat on the Bone":20,"Mercury Hourglass":30}],"Meat on the Bone":48,"Mercury Hourglass":[30]},"card_choices":[{"not_picked":["hierophant:Smite","hierophant:Flagellation"],"picked":"hierophant:CoinFling","floor":0},{"not_picked":["hierophant:HammerAndAnvil","hierophant:Blessing"],"picked":"hierophant:Sermon","floor":1},{"not_picked":["hierophant:PristineSoul","hierophant:Purify"],"picked":"hierophant:Doubloon","floor":2},{"not_picked":["hierophant:Doubloon","hierophant:TollTheBells"],"picked":"hierophant:HammerAndAnvil","floor":3},{"not_picked":["hierophant:DisplayOfPower","hierophant:Community"],"picked":"hierophant:FlamingChariot","floor":5},{"not_picked":["hierophant:FlamingChariot","hierophant:OrnateBuckler"],"picked":"hierophant:FieryStrike","floor":6},{"not_picked":["hierophant:Purify","hierophant:PristineSoul"],"picked":"hierophant:Upheaval","floor":8},{"not_picked":["hierophant:Martyrdom","hierophant:FieryStrike"],"picked":"hierophant:Embezzle","floor":10},{"not_picked":["hierophant:RecallFunds","hierophant:Chorus"],"picked":"hierophant:HammerAndAnvil","floor":12},{"not_picked":["hierophant:Remorse","hierophant:HolyVerse"],"picked":"hierophant:Martyrdom","floor":13},{"not_picked":["hierophant:AuricBeam","hierophant:Glossolalia"],"picked":"hierophant:Zeal","floor":14}],"player_experience":1865000,"relics_obtained":[{"floor":6,"key":"Pen Nib"},{"floor":8,"key":"Art of War"},{"floor":9,"key":"Meat on the Bone"},{"floor":13,"key":"Mercury Hourglass"}],"event_choices":[{"cards_removed":["hierophant:Defend_Hierophant"],"damage_healed":0,"gold_gain":0,"player_choice":"Card Removal","damage_taken":7,"max_hp_gain":0,"max_hp_loss":0,"event_name":"Golden Wing","floor":4,"gold_loss":0},{"damage_healed":0,"gold_gain":0,"player_choice":"Left Gold","damage_taken":0,"max_hp_gain":0,"max_hp_loss":0,"event_name":"World of Goop","floor":11,"gold_loss":73}],"is_beta":false,"boss_relics":[],"items_purged_floors":[],"is_endless":false,"potions_floor_spawned":[5,6,10,12,14],"killed_by":"The Guardian","ascension_level":15}}