{"host":"nox","time":1608046394,"event":{"mods":["BaseMod","Colored Powertips","Minty Spire (QoL Compilation)","Quick Restart","Replay The Spire","StSLib"],"gold_per_floor":[118,118,118,135,155,180,180,211,264,277,292,327,327,337,337,439,439,439,439,439,439,293,293,293,293,293,293,218,218,67,67,67,67,67,67,67,0,0,0,0,0,0,0,0,0,0,0,0,0,0,0,0,0,0,0,0],"floor_reached":55,"playtime":2582,"items_purged":[],"score":1336,"play_id":"e74c5863-e34d-4fa2-8cd2-3a15b78facc3","local_time":"20201215223314","is_ascension_mode":true,"campfire_choices":[{"data":"Feed","floor":7.0,"key":"SMITH"},{"data":"Bludgeon","floor":13.0,"key":"SMITH"},{"data":"Anger","floor":15.0,"key":"SMITH"},{"data":"Demonic Infusion","floor":23.0,"key":"SMITH"},{"floor":25.0,"key":"REST"},{"floor":32.0,"key":"RECALL"},{"floor":40.0,"key":"REST"},{"floor":47.0,"key":"REST"},{"data":"Demon Form","floor":49.0,"key":"SMITH"},{"floor":52.0,"key":"REST"}],"circlet_count":1,"master_deck":["Strike_R","Strike_R","Defend_R","Defend_R+1","Defend_R+1","Defend_R","Bash","Pommel Strike","Wild Strike","Feed+1","Bludgeon+1","Metallicize","Ghostly Armor+1","Anger+1","Seeing Red","Demonic Infusion+1","ReplayTheSpireMod:Strike From Hell","Heavy Blade","Spot Weakness","Corruption","Sickly","Uppercut+1","Demon Form+1","Battle Trance+1","True Grit+1","Ghostly Armor+1","Spot Weakness","Impervious"],"relics":["Black Star","Mercury Hourglass","ReplayTheSpireMod:TigerMarble","Boot","Juzu Bracelet","White Beast Statue","Replay:Bottled Steam","Ectoplasm","Ring of Searing","Ring of Fury","Sling","Pet Ghost","Circlet","Regal Pillow","Pen Nib","Centennial Puzzle","Vajra","PreservedInsect","ReplayTheSpireMod:CursedCoin","War Paint","Bag of Preparation","Singing Bowl","Astrolabe","Red Mask","King of Hearts","Bottled Tornado","ReplayFunnel","Calipers","Oddly Smooth Stone","Durian","Replay:Wax Seal","Replay:Bandana","Strawberry"],"acts_visited":["Exordium","TheCity","TheBeyond","TheEnding"],"potions_floor_usage":[55,55,55],"damage_taken":[{"damage":5.0,"enemies":"Small Slimes","floor":1.0,"turns":4.0},{"damage":6.0,"enemies":"Jaw Worm","floor":4.0,"turns":4.0},{"damage":1.0,"enemies":"Cultist","floor":5.0,"turns":3.0},{"damage":17.0,"enemies":"Replay:BlueRogue","floor":6.0,"turns":6.0},{"damage":4.0,"enemies":"Lagavulin","floor":8.0,"turns":5.0},{"damage":1.0,"enemies":"Red Slaver","floor":10.0,"turns":2.0},{"damage":7.0,"enemies":"Exordium Wildlife","floor":11.0,"turns":5.0},{"damage":0.0,"enemies":"Replay:BlueRogue","floor":12.0,"turns":1.0},{"damage":0.0,"enemies":"3 Louse","floor":14.0,"turns":2.0},{"damage":30.0,"enemies":"Hexaghost","floor":16.0,"turns":11.0},{"damage":12.0,"enemies":"Shell Parasite","floor":18.0,"turns":6.0},{"damage":6.0,"enemies":"Spheric Guardian","floor":21.0,"turns":2.0},{"damage":15.0,"enemies":"Slavers","floor":24.0,"turns":5.0},{"damage":13.0,"enemies":"Gremlin Leader","floor":27.0,"turns":4.0},{"damage":18.0,"enemies":"Replay:Snechameleon","floor":29.0,"turns":2.0},{"damage":0.0,"enemies":"Slavers","floor":31.0,"turns":2.0},{"damage":17.0,"enemies":"Champ","floor":33.0,"turns":4.0},{"damage":26.0,"enemies":"3 Darklings","floor":35.0,"turns":6.0},{"damage":0.0,"enemies":"Orb Walker","floor":36.0,"turns":2.0},{"damage":20.0,"enemies":"Spire Growth","floor":39.0,"turns":3.0},{"damage":15.0,"enemies":"R_Hoarder","floor":41.0,"turns":4.0},{"damage":15.0,"enemies":"Giant Head","floor":44.0,"turns":5.0},{"damage":24.0,"enemies":"Writhing Mass","floor":45.0,"turns":4.0},{"damage":14.0,"enemies":"4 Shapes","floor":46.0,"turns":4.0},{"damage":15.0,"enemies":"R_Hoarder","floor":48.0,"turns":4.0},{"damage":122.0,"enemies":"Donu and Deca","floor":50.0,"turns":9.0},{"damage":57,"enemies":"Shield and Spear","floor":54,"turns":4},{"damage":85,"enemies":"The Heart","floor":55,"turns":6}],"seed_played":"-7740250521310596205","potions_obtained":[{"floor":3.0,"key":"AttackPotion"},{"floor":3.0,"key":"SmokeBomb"},{"floor":3.0,"key":"ColorlessPotion"},{"floor":8.0,"key":"BlessingOfTheForge"},{"floor":10.0,"key":"FearPotion"},{"floor":11.0,"key":"Strength Potion"},{"floor":12.0,"key":"SpeedPotion"},{"floor":14.0,"key":"LifebloodPotion"},{"floor":16.0,"key":"SkillPotion"},{"floor":18.0,"key":"Cursed Concoction"},{"floor":21.0,"key":"LiquidBronze"},{"floor":27.0,"key":"DistilledChaos"},{"floor":29.0,"key":"Adrenaline Potion"},{"floor":31.0,"key":"Elixir"},{"floor":33.0,"key":"ColorlessPotion"},{"floor":35.0,"key":"FearPotion"},{"floor":36.0,"key":"Strength Potion"},{"floor":45.0,"key":"Strength Potion"},{"floor":54,"key":"Weak Potion"}],"is_trial":false,"path_per_floor":["M","?","?","M","M","E","R","E","T","M","M","E","R","M","R","B",null,"M","?","?","M","$","R","E","R","T","E","?","E","$","E","R","B",null,"M","M","?","?","M","R","E","?","T","E","M","M","R","E","R","B",null,"R","$","E","B"],"character_chosen":"IRONCLAD","items_purchased":["Sling","ReplayTheSpireMod:CursedCoin","War Paint"],"campfire_rested":4,"item_purchase_floors":[22,30,30],"current_hp_per_floor":[67,67,67,61,60,43,43,39,39,38,35,35,35,39,39,9,68,56,56,56,50,50,50,35,61,61,60,60,42,42,51,51,46,84,60,62,62,62,48,95,94,94,94,81,57,49,99,109,109,14,98,126,126,82,0,0],"gold":0,"neow_bonus":"BOSS_RELIC","is_daily":false,"chose_seed":false,"campfire_upgraded":5,"win_rate":0.0,"timestamp":1608046394,"path_taken":["M","?","?","M","?","E","R","E","T","M","M","E","R","M","R","BOSS","M","?","?","M","$","R","E","R","T","E","?","E","$","E","R","BOSS","M","M","?","?","M","R","E","?","T","E","M","M","R","E","R","BOSS","R","$","E","BOSS"],"items_purchased_type":["Relic","Relic","Relic"],"build_version":"2020-11-17","purchased_purges":0,"victory":false,"max_hp_per_floor":[80,80,80,80,80,80,80,80,80,80,84,84,84,88,88,88,88,88,88,88,88,88,88,88,88,88,88,88,88,88,97,97,97,97,99,101,101,101,107,107,109,109,109,111,111,117,117,126,126,126,126,126,126,139,139,139],"card_choices":[{"not_picked":["Warcry","Iron Wave"],"picked":"Pommel Strike","floor":1.0},{"not_picked":["Havoc","Shrug It Off","Sentinel"],"picked":"SKIP","floor":4.0},{"not_picked":["Cleave","Pummel"],"picked":"Wild Strike","floor":5.0},{"not_picked":["Shrug It Off","Hemokinesis"],"picked":"Feed","floor":6.0},{"not_picked":["Ghostly Armor","Cleave"],"picked":"Bludgeon","floor":8.0},{"not_picked":["Headbutt","Uppercut"],"picked":"Metallicize","floor":10.0},{"not_picked":["ReplayTheSpireMod:Corrosion Curse","Cleave"],"picked":"Ghostly Armor","floor":11.0},{"not_picked":["Intimidate","Uppercut"],"picked":"Anger","floor":12.0},{"not_picked":["Pommel Strike","Headbutt"],"picked":"Seeing Red","floor":14.0},{"not_picked":["Impervious","Hemogenesis"],"picked":"Demonic Infusion","floor":16.0},{"not_picked":["Run Through","Abandon"],"picked":"ReplayTheSpireMod:Strike From Hell","floor":18.0},{"not_picked":["Headbutt","Havoc"],"picked":"Heavy Blade","floor":21.0},{"not_picked":["ReplayTheSpireMod:LeadingStrike","Battle Trance"],"picked":"Life Link","floor":24.0},{"not_picked":["Dropkick","Inflame"],"picked":"Spot Weakness","floor":27.0},{"not_picked":["Battle Trance","Blood for Blood"],"picked":"Corruption","floor":29.0},{"not_picked":["Sever Soul","Armaments"],"picked":"Uppercut+1","floor":31.0},{"not_picked":["Feed","Brutality"],"picked":"Demon Form","floor":33.0},{"not_picked":["Ghostly Armor","Replay:Undeath\u0027s Touch","Abandon"],"picked":"Singing Bowl","floor":35.0},{"not_picked":["Havoc","Thunderclap","Pommel Strike"],"picked":"Singing Bowl","floor":36.0},{"not_picked":["ReplayTheSpireMod:Limb From Limb+1","Spot Weakness","Ghostly Armor+1"],"picked":"Singing Bowl","floor":39.0},{"not_picked":["Feed","Headbutt","Warcry"],"picked":"Singing Bowl","floor":41.0},{"not_picked":["Body Slam","Replay:Undeath\u0027s Touch+1","Warcry"],"picked":"Singing Bowl","floor":44.0},{"not_picked":["Whirlwind+1","Flame Barrier+1"],"picked":"Spot Weakness","floor":45.0},{"not_picked":["Run Through","Perfected Strike+1","Anger"],"picked":"Singing Bowl","floor":46.0},{"not_picked":["Hemogenesis","Clash"],"picked":"Impervious","floor":48.0},{"not_picked":["Warcry","Perfected Strike+1","Twin Strike"],"picked":"Singing Bowl","floor":54}],"player_experience":114369,"relics_obtained":[{"floor":6.0,"key":"Mercury Hourglass"},{"floor":6.0,"key":"ReplayTheSpireMod:TigerMarble"},{"floor":8.0,"key":"Boot"},{"floor":8.0,"key":"Juzu Bracelet"},{"floor":12.0,"key":"White Beast Statue"},{"floor":12.0,"key":"Replay:Bottled Steam"},{"floor":19.0,"key":"Ring of Searing"},{"floor":19.0,"key":"Ring of Fury"},{"floor":24.0,"key":"Pet Ghost"},{"floor":24.0,"key":"Dead Branch"},{"floor":26.0,"key":"Regal Pillow"},{"floor":27.0,"key":"Pen Nib"},{"floor":27.0,"key":"Centennial Puzzle"},{"floor":29.0,"key":"Vajra"},{"floor":29.0,"key":"PreservedInsect"},{"floor":31.0,"key":"Bag of Preparation"},{"floor":31.0,"key":"Singing Bowl"},{"floor":41.0,"key":"King of Hearts"},{"floor":41.0,"key":"Bottled Tornado"},{"floor":43.0,"key":"ReplayFunnel"},{"floor":44.0,"key":"Calipers"},{"floor":44.0,"key":"Oddly Smooth Stone"},{"floor":48.0,"key":"Durian"},{"floor":48.0,"key":"Replay:Wax Seal"},{"floor":54,"key":"Replay:Bandana"},{"floor":54,"key":"Strawberry"}],"event_choices":[{"damage_healed":0.0,"max_hp_gain":0.0,"max_hp_loss":0.0,"gold_gain":0.0,"event_name":"Lab","player_choice":"Got Potions","floor":3.0,"gold_loss":0.0,"damage_taken":0.0},{"damage_healed":0.0,"max_hp_gain":0.0,"max_hp_loss":0.0,"gold_gain":0.0,"event_name":"Forgotten Altar","player_choice":"Smashed Altar","floor":20.0,"gold_loss":0.0,"damage_taken":0.0,"cards_obtained":["Decay"]},{"cards_removed":["Decay"],"damage_healed":0.0,"max_hp_gain":0.0,"max_hp_loss":0.0,"gold_gain":0.0,"event_name":"Beggar","player_choice":"Gave Gold","floor":28.0,"gold_loss":75.0,"damage_taken":0.0},{"damage_healed":0.0,"max_hp_gain":0.0,"max_hp_loss":0.0,"gold_gain":0.0,"event_name":"Tomb of Lord Red Mask","player_choice":"Paid","floor":37.0,"gold_loss":67.0,"damage_taken":0.0,"relics_obtained":["Red Mask"]},{"cards_removed":["Life Link"],"damage_healed":0.0,"max_hp_gain":0.0,"max_hp_loss":0.0,"gold_gain":0.0,"event_name":"Falling","player_choice":"Removed Power","floor":38.0,"gold_loss":0.0,"damage_taken":0.0},{"damage_healed":0.0,"max_hp_gain":0.0,"max_hp_loss":0.0,"gold_gain":0.0,"event_name":"SecretPortal","player_choice":"Ignored","floor":42.0,"gold_loss":0.0,"damage_taken":0.0}],"is_beta":true,"boss_relics":[{"not_picked":["Snecko Eye","Ooze Armor"],"picked":"Ectoplasm"},{"not_picked":["Replay:Wanted Poster","Pandora\u0027s Box"],"picked":"Astrolabe"}],"items_purged_floors":[],"is_endless":false,"potions_floor_spawned":[8,10,11,12,14,16,18,21,24,27,29,31,33,35,36,39,41,44,45,46,48,54],"killed_by":"The Heart","ascension_level":6}}