{"host":"apvnte8t1esriuig","time":1608026687,"event":{"mods":["2.2 Compatiblity","AchievementEnabler","BaseMod","Infinite Spire","Minty Spire (QoL Compilation)","Rare Cards Sparkle","StSLib"],"gold_per_floor":[114,125,145,145,145,145,158,193,193,228,228,255,275,192,192,297,297,316,316,89,14,14,14,14,39,66,98,125,125,158,172,172,271,271,290,365,365,377,401,428,444,444,444,478,528,561,598,607,607,607],"floor_reached":51,"playtime":1524,"items_purged":[],"score":1022,"play_id":"a487e237-1886-435d-8108-34ecd0a4fa94","local_time":"20201215110447","daily_mods":["Draft","Vintage","Colorless Cards","Heirloom","Time Dilation","Flight","DeadlyEvents","Elite Swarm"],"is_ascension_mode":true,"campfire_choices":[{"data":"DevaForm","floor":6,"key":"SMITH"},{"floor":15,"key":"REST"},{"data":"Echo Form","floor":23,"key":"SMITH"},{"floor":32,"key":"REST"},{"floor":42,"key":"REST"},{"floor":49,"key":"REST"}],"circlet_count":0,"master_deck":["Demon Form","Wraith Form v2","Echo Form+1","DevaForm+1","Ball Lightning","Sweeping Beam","Dark Shackles","Enlightenment","Conserve Battery","Cold Snap","Steam","Sweeping Beam","Static Discharge","Cold Snap","Loop","infinitespire:UltimateForm","Electrodynamics","Dramatic Entrance","Chaos+1","Secret Technique+1","Scrape+1","Storm","Electrodynamics","Buffer","Madness","Madness","Creative AI","Creative AI","DevaForm+1"],"relics":["Cracked Core","Emotion Chip","Nunchaku","Pear","Ornamental Fan","MealTicket","StoneCalendar","DataDisk","Mango","infinitespire:Freezer","Bronze Scales","Astrolabe","Toy Ornithopter","Runic Capacitor","Empty Cage","Medical Kit","Vajra","Tiny Chest","InkBottle","Bag of Marbles","TungstenRod","Du-Vu Doll","Runic Pyramid","Lantern","Bottled Tornado","Question Card","Orichalcum","Oddly Smooth Stone","PreservedInsect","Mummified Hand","Dream Catcher","Art of War","Meat on the Bone","CeramicFish","DollysMirror"],"acts_visited":["Exordium","TheCity","TheBeyond"],"potions_floor_usage":[33,33,41,50],"damage_taken":[{"damage":0,"enemies":"Cultist","floor":1,"turns":2},{"damage":0,"enemies":"2 Louse","floor":2,"turns":2},{"damage":0,"enemies":"Small Slimes","floor":3,"turns":2},{"damage":0,"enemies":"3 Louse","floor":7,"turns":1},{"damage":12,"enemies":"Lagavulin","floor":8,"turns":6},{"damage":11,"enemies":"3 Sentries","floor":10,"turns":3},{"damage":21,"enemies":"Gremlin Nob","floor":12,"turns":5},{"damage":0,"enemies":"2 Fungi Beasts","floor":13,"turns":1},{"damage":23,"enemies":"Slime Boss","floor":16,"turns":5},{"damage":7,"enemies":"Chosen","floor":18,"turns":3},{"damage":3,"enemies":"Gremlin Leader","floor":25,"turns":6},{"damage":14,"enemies":"Book of Stabbing","floor":27,"turns":4},{"damage":26,"enemies":"Slavers","floor":28,"turns":2},{"damage":26,"enemies":"Book of Stabbing","floor":30,"turns":5},{"damage":2,"enemies":"3 Byrds","floor":31,"turns":3},{"damage":35,"enemies":"Collector","floor":33,"turns":6},{"damage":3,"enemies":"3 Darklings","floor":35,"turns":2},{"damage":2,"enemies":"3 Shapes","floor":38,"turns":3},{"damage":37,"enemies":"Reptomancer","floor":40,"turns":5},{"damage":12,"enemies":"Maw","floor":41,"turns":5},{"damage":0,"enemies":"Nemesis","floor":44,"turns":5},{"damage":3,"enemies":"Giant Head","floor":46,"turns":4},{"damage":27,"enemies":"Nemesis","floor":47,"turns":5},{"damage":39,"enemies":"Awakened One","floor":50,"turns":5}],"seed_played":"-2377416400173993519","potions_obtained":[{"floor":1,"key":"Explosive Potion"},{"floor":3,"key":"BlessingOfTheForge"},{"floor":7,"key":"EssenceOfSteel"},{"floor":30,"key":"PowerPotion"},{"floor":33,"key":"SpeedPotion"},{"floor":35,"key":"SkillPotion"},{"floor":44,"key":"SteroidPotion"},{"floor":46,"key":"Explosive Potion"}],"is_trial":true,"path_per_floor":["M","M","M","?","?","R","M","E","T","E","$","E","M","$","R","B",null,"M","?","$","?","$","R","AVR","E","T","E","E","$","E","M","R","B",null,"M","T","?","M","T","E","M","R","T","E","T","E","E","AVR","R","B",null],"character_chosen":"DEFECT","items_purchased":["Dramatic Entrance","Runic Capacitor","Storm"],"campfire_rested":4,"item_purchase_floors":[14,20,20],"current_hp_per_floor":[75,85,85,85,85,85,85,73,73,76,91,70,70,85,99,76,99,92,92,99,99,99,99,96,93,93,79,53,68,42,40,68,43,96,93,93,82,80,80,43,36,64,64,64,64,61,46,46,74,52],"gold":607,"neow_bonus":"","is_daily":false,"chose_seed":false,"campfire_upgraded":2,"win_rate":0.0,"timestamp":1608026687,"path_taken":["M","M","?","?","?","R","?","E","T","E","$","E","M","?","R","BOSS","M","?","$","?","?","R","AVR","E","T","?","E","$","?","?","R","BOSS","M","?","?","?","?","E","M","R","T","E","?","?","?","AVR","R","BOSS"],"items_purchased_type":["Card","Relic","Card"],"build_version":"2020-12-13","purchased_purges":0,"victory":true,"max_hp_per_floor":[75,85,85,85,85,85,85,85,85,99,99,99,99,99,99,99,99,99,99,99,99,99,99,96,96,96,96,96,96,96,96,96,96,96,96,96,96,96,96,96,96,96,96,96,96,96,96,96,96,96],"card_choices":[{"not_picked":["Stack","Chaos"],"picked":"Ball Lightning","floor":0},{"not_picked":["Rebound","Steam Power"],"picked":"Gash","floor":0},{"not_picked":["Steam","Cold Snap"],"picked":"Sweeping Beam","floor":0},{"not_picked":["Leap","Melter"],"picked":"Dark Shackles","floor":0},{"not_picked":["Hologram","Beam Cell"],"picked":"Enlightenment","floor":0},{"not_picked":["Stack","Rebound"],"picked":"Barrage","floor":0},{"not_picked":["Impatience","Darkness"],"picked":"Conserve Battery","floor":0},{"not_picked":["Glacier","Compile Driver"],"picked":"Cold Snap","floor":0},{"not_picked":["Rebound","Stack"],"picked":"Steam","floor":0},{"not_picked":["Hologram","Undo"],"picked":"Sweeping Beam","floor":0},{"not_picked":["Stack","Cold Snap"],"picked":"Beam Cell","floor":0},{"not_picked":["Rip and Tear","Impatience"],"picked":"Static Discharge","floor":0},{"not_picked":["Redo","Mind Blast"],"picked":"Cold Snap","floor":0},{"not_picked":["Stack","Rebound"],"picked":"Loop","floor":0},{"not_picked":["Tempest","Compile Driver"],"picked":"Go for the Eyes","floor":0},{"not_picked":["infinitespire:TheBestDefense","infinitespire:Oblivion"],"picked":"infinitespire:UltimateForm","floor":5},{"not_picked":["Biased Cognition","Thinking Ahead","All For One"],"picked":"SKIP","floor":8},{"not_picked":["Magnetism","Thinking Ahead","Thunder Strike"],"picked":"SKIP","floor":10},{"not_picked":["Transmutation","Thinking Ahead"],"picked":"Electrodynamics","floor":12},{"not_picked":["Mayhem","Core Surge"],"picked":"Electrodynamics","floor":25},{"not_picked":["Magnetism","HandOfGreed","Sadistic Nature"],"picked":"SKIP","floor":27},{"not_picked":["Panache","Hyperbeam"],"picked":"Buffer","floor":28},{"not_picked":["Amplify","Fission","Multi-Cast"],"picked":"SKIP","floor":30},{"not_picked":["Secret Weapon","Violence","HandOfGreed","Magnetism"],"picked":"SKIP","floor":40},{"not_picked":["Metamorphosis","Chrysalis","Reboot"],"picked":"Creative AI","floor":44},{"not_picked":["The Bomb","All For One","Machine Learning","HandOfGreed"],"picked":"SKIP","floor":46},{"not_picked":["Thinking Ahead","Echo Form","Sadistic Nature"],"picked":"Creative AI","floor":47}],"player_experience":319722,"relics_obtained":[{"floor":1,"key":"Nunchaku"},{"floor":2,"key":"Pear"},{"floor":3,"key":"Ornamental Fan"},{"floor":7,"key":"MealTicket"},{"floor":8,"key":"StoneCalendar"},{"floor":9,"key":"DataDisk"},{"floor":10,"key":"Mango"},{"floor":12,"key":"infinitespire:Freezer"},{"floor":13,"key":"Bronze Scales"},{"floor":18,"key":"Toy Ornithopter"},{"floor":25,"key":"Vajra"},{"floor":26,"key":"Tiny Chest"},{"floor":27,"key":"InkBottle"},{"floor":28,"key":"Bag of Marbles"},{"floor":30,"key":"TungstenRod"},{"floor":31,"key":"Du-Vu Doll"},{"floor":35,"key":"Lantern"},{"floor":36,"key":"Bottled Tornado"},{"floor":38,"key":"Question Card"},{"floor":39,"key":"Orichalcum"},{"floor":40,"key":"Oddly Smooth Stone"},{"floor":41,"key":"PreservedInsect"},{"floor":43,"key":"Mummified Hand"},{"floor":44,"key":"Dream Catcher"},{"floor":45,"key":"Art of War"},{"floor":46,"key":"Meat on the Bone"},{"floor":47,"key":"CeramicFish"}],"event_choices":[{"damage_healed":0,"gold_gain":0,"player_choice":"Ignored","damage_taken":0,"max_hp_gain":0,"max_hp_loss":0,"event_name":"Ghosts","floor":19,"gold_loss":0},{"cards_removed":["Decay"],"damage_healed":0,"gold_gain":0,"player_choice":"Gave Gold","damage_taken":0,"max_hp_gain":0,"max_hp_loss":0,"event_name":"Beggar","floor":21,"gold_loss":75},{"damage_healed":0,"gold_gain":0,"player_choice":"Embrace Madness","damage_taken":12,"max_hp_gain":0,"max_hp_loss":0,"event_name":"Winding Halls","floor":37,"gold_loss":0,"cards_obtained":["Madness","Madness"]}],"is_beta":false,"boss_relics":[{"not_picked":["SlaversCollar","SacredBark"],"picked":"Astrolabe"},{"not_picked":["Calling Bell","Sozu"],"picked":"Runic Pyramid"}],"items_purged_floors":[],"is_endless":false,"potions_floor_spawned":[1,3,7,10,28,30,33,35,44,46],"ascension_level":1}}