{"host":"p7j7o00jacnw7qzt","time":1608049033,"event":{"mods":["BaseMod","Colored Map","Colored Powertips","DeckTracker","Highlight Path","Minty Spire (QoL Compilation)","Relic Stats"],"gold_per_floor":[116,116,116,135,154,154,188,244,268,323,58,58,58,81,81,175,175,198,148,73,18,37,37,81,81,106,156,181,181,197,147,147],"floor_reached":31,"playtime":916,"items_purged":["Strike_R","Strike_R","Strike_R"],"score":502,"play_id":"1142d6d4-7e15-4814-9b29-5f4ea3b94318","local_time":"20201215111713","is_ascension_mode":true,"campfire_choices":[{"data":"Carnage","floor":6.0,"key":"SMITH"},{"data":"Second Wind","floor":12.0,"key":"SMITH"},{"data":"Disarm","floor":15.0,"key":"SMITH"},{"data":"Fiend Fire","floor":23.0,"key":"SMITH"}],"circlet_count":0,"master_deck":["AscendersBane","Defend_R","Defend_R","Defend_R","Defend_R","Bash","Disarm+1","Carnage+1","Bloodletting+1","Second Wind+1","Fiend Fire+1","CurseOfTheBell","Shrug It Off+1"],"relics":["Burning Blood","NeowsBlessing","Lantern","Sundial","Self Forming Clay","Smiling Mask","Blood Vial","Toy Ornithopter","Golden Idol","Calling Bell","Art of War","Eternal Feather","Ice Cream","War Paint"],"acts_visited":["Exordium","TheCity"],"potions_floor_usage":[],"damage_taken":[{"damage":0.0,"enemies":"2 Louse","floor":1.0,"turns":1.0},{"damage":0.0,"enemies":"Jaw Worm","floor":4.0,"turns":1.0},{"damage":0.0,"enemies":"Small Slimes","floor":5.0,"turns":1.0},{"damage":32.0,"enemies":"Gremlin Nob","floor":7.0,"turns":4.0},{"damage":20.0,"enemies":"Gremlin Nob","floor":8.0,"turns":4.0},{"damage":1.0,"enemies":"2 Fungi Beasts","floor":14.0,"turns":4.0},{"damage":22.0,"enemies":"The Guardian","floor":16.0,"turns":15.0},{"damage":7.0,"enemies":"Chosen","floor":18.0,"turns":5.0},{"damage":2.0,"enemies":"Spheric Guardian","floor":22.0,"turns":4.0},{"damage":14.0,"enemies":"Gremlin Leader","floor":24.0,"turns":3.0},{"damage":14.0,"enemies":"Centurion and Healer","floor":28.0,"turns":5.0},{"damage":18,"enemies":"Sentry and Sphere","floor":30,"turns":8}],"seed_played":"8216352219991904321","potions_obtained":[{"floor":5.0,"key":"Explosive Potion"},{"floor":7.0,"key":"EssenceOfSteel"},{"floor":8.0,"key":"EssenceOfSteel"},{"floor":22.0,"key":"SkillPotion"},{"floor":24.0,"key":"BlessingOfTheForge"},{"floor":28,"key":"BlessingOfTheForge"}],"is_trial":false,"path_per_floor":["M","?","?","M","M","R","E","?","T","T","$","R","?","M","R","B",null,"M","$","?","$","M","R","E","?","T","?","M","?","M","$"],"character_chosen":"IRONCLAD","items_purchased":["Second Wind","Toy Ornithopter","Shrug It Off"],"campfire_rested":0,"item_purchase_floors":[11,11,21],"current_hp_per_floor":[74,67,56,62,68,68,42,28,28,28,28,28,28,35,35,26,58,59,59,59,59,68,68,60,60,60,60,54,54,44,44,44],"gold":147,"neow_bonus":"THREE_ENEMY_KILL","is_daily":false,"chose_seed":false,"campfire_upgraded":4,"win_rate":0.0,"timestamp":1608049033,"path_taken":["M","?","?","M","?","R","E","?","T","?","$","R","?","M","R","BOSS","M","$","?","$","M","R","E","?","T","?","M","?","M","$"],"items_purchased_type":["Card","Relic","Card"],"build_version":"2020-12-13","purchased_purges":3,"victory":false,"max_hp_per_floor":[75,75,75,75,75,75,75,75,75,75,75,75,68,68,68,68,68,68,68,68,68,68,68,68,68,68,68,68,68,68,68,68],"relic_stats":{"Blood Vial":12,"counters":[12,55],"Sundial":[14],"Self Forming Clay":[60],"Golden Idol":55,"Eternal Feather":0,"Art of War":[1],"War Paint":["Bloodletting","Shrug It Off"],"Smiling Mask":150,"obtain_stats":[{"Ice Cream":17,"Lantern":3,"NeowsBlessing":0,"Self Forming Clay":8,"Golden Idol":13,"Eternal Feather":17,"War Paint":24,"Smiling Mask":9,"Burning Blood":0,"Blood Vial":10,"Calling Bell":17,"Sundial":7,"Art of War":17,"Toy Ornithopter":11},{"Ice Cream":7,"Lantern":1,"NeowsBlessing":0,"Self Forming Clay":5,"Golden Idol":5,"Eternal Feather":7,"War Paint":10,"Smiling Mask":5,"Burning Blood":0,"Blood Vial":5,"Calling Bell":7,"Sundial":4,"Art of War":7,"Toy Ornithopter":5},{"Ice Cream":30,"Lantern":1,"NeowsBlessing":0,"Self Forming Clay":11,"Golden Idol":11,"Eternal Feather":30,"War Paint":42,"Smiling Mask":11,"Burning Blood":0,"Blood Vial":11,"Calling Bell":30,"Sundial":7,"Art of War":30,"Toy Ornithopter":11}],"Burning Blood":70,"Toy Ornithopter":10},"card_choices":[{"not_picked":["Havoc","Sword Boomerang"],"picked":"Disarm","floor":1.0},{"not_picked":["Wild Strike","Intimidate"],"picked":"Carnage","floor":4.0},{"not_picked":["Wild Strike","Perfected Strike"],"picked":"Bloodletting","floor":5.0},{"not_picked":["Wild Strike","Cleave","Inflame"],"picked":"SKIP","floor":7.0},{"not_picked":["Cleave","Sever Soul","True Grit"],"picked":"SKIP","floor":14.0},{"not_picked":["Berserk","Barricade"],"picked":"Fiend Fire","floor":16.0},{"not_picked":["Armaments","Carnage","Perfected Strike"],"picked":"SKIP","floor":18.0},{"not_picked":["Clash","Thunderclap","Sword Boomerang"],"picked":"SKIP","floor":22.0},{"not_picked":["Clash","Thunderclap","Sword Boomerang"],"picked":"SKIP","floor":22.0},{"not_picked":["Iron Wave","Body Slam+1","Corruption"],"picked":"SKIP","floor":24.0},{"not_picked":["Ghostly Armor","Flame Barrier","Shrug It Off"],"picked":"SKIP","floor":28},{"not_picked":["Iron Wave","Clothesline","Havoc"],"picked":"SKIP","floor":30}],"player_experience":867507,"relics_obtained":[{"floor":7.0,"key":"Sundial"},{"floor":8.0,"key":"Self Forming Clay"},{"floor":9.0,"key":"Smiling Mask"},{"floor":10.0,"key":"Blood Vial"},{"floor":17.0,"key":"Art of War"},{"floor":17.0,"key":"Eternal Feather"},{"floor":17.0,"key":"Ice Cream"},{"floor":24.0,"key":"War Paint"}],"event_choices":[{"cards_removed":["Strike_R"],"damage_healed":0.0,"max_hp_gain":0.0,"max_hp_loss":0.0,"gold_gain":0.0,"event_name":"Golden Wing","player_choice":"Card Removal","floor":2.0,"gold_loss":0.0,"damage_taken":7.0},{"damage_healed":0.0,"max_hp_gain":0.0,"max_hp_loss":0.0,"gold_gain":0.0,"event_name":"Scrap Ooze","player_choice":"Success","floor":3.0,"gold_loss":0.0,"damage_taken":11.0,"relics_obtained":["Lantern"]},{"damage_healed":0.0,"max_hp_gain":0.0,"max_hp_loss":0.0,"gold_gain":0.0,"event_name":"Dead Adventurer","player_choice":"Searched \u00271\u0027 times","floor":8.0,"gold_loss":0.0,"damage_taken":0.0},{"damage_healed":0.0,"max_hp_gain":0.0,"max_hp_loss":7.0,"gold_gain":0.0,"event_name":"Golden Idol","player_choice":"Lose Max HP","floor":13.0,"gold_loss":0.0,"damage_taken":0.0,"relics_obtained":["Golden Idol"]},{"cards_removed":["Strike_R"],"damage_healed":0.0,"max_hp_gain":0.0,"max_hp_loss":0.0,"gold_gain":0.0,"event_name":"Beggar","player_choice":"Gave Gold","floor":20.0,"gold_loss":75.0,"damage_taken":0.0},{"damage_healed":0.0,"max_hp_gain":0.0,"max_hp_loss":0.0,"gold_gain":0.0,"event_name":"The Mausoleum","player_choice":"Ignored","floor":25.0,"gold_loss":0.0,"damage_taken":0.0},{"damage_healed":0.0,"max_hp_gain":0.0,"max_hp_loss":0.0,"gold_gain":50.0,"event_name":"Nest","player_choice":"Stole From Cult","floor":27.0,"gold_loss":0.0,"damage_taken":0.0},{"damage_healed":0,"gold_gain":0,"player_choice":"Ignored","damage_taken":0,"max_hp_gain":0,"max_hp_loss":0,"event_name":"Ghosts","floor":29,"gold_loss":0}],"is_beta":false,"boss_relics":[{"not_picked":["Sozu","Ectoplasm"],"picked":"Calling Bell"}],"items_purged_floors":[11,19,31],"is_endless":false,"potions_floor_spawned":[5,7,8,22,24,28],"ascension_level":20}}