{"host":"68ryiucqar8jyfi2","time":1608057996,"event":{"mods":["2.2 Compatiblity","Act Like it!","Aspiration","BaseMod","Better Match","Better Note","Better Skull","Better Third Choice","CCEM","CapriCore","Curses Come First","Defuse TimeMaze Blight","Displayed Cursed Tome","Emptier Cage","Energized Spire","Friendly Minions","GifTheSpireLib","HexUI Lib","Hubris","Hyrulean Relics","Minty Spire (QoL Compilation)","Permanent Neow","RNG Fix","Replay The Spire","Robot Space Explorer","StSLib","Stuff the Spire","The Blue Laboratory","Trackpad","Transform Curses","Uncapped","Wandering Minibosses"],"gold_per_floor":[110,128,146,164,177,177,177,209,236,236,268,268,281,300,300,410,410,434,459,479,498,118,118,143,167,167,167,175,175],"floor_reached":28,"playtime":1039,"items_purged":["Strike_B"],"score":336,"play_id":"5ce3579a-34d6-47b7-8a0c-7fb94b093092","local_time":"20201215184636","daily_mods":["Vintage","Heirloom","Flight"],"is_ascension_mode":false,"campfire_choices":[{"data":"Zap","floor":6,"key":"SMITH"},{"data":"Dualcast","floor":7,"key":"SMITH"},{"data":"Defragment","floor":10,"key":"SMITH"},{"data":"Capacitor","floor":12,"key":"SMITH"},{"data":"Defend_B","floor":15,"key":"SMITH"},{"floor":23,"key":"REST"},{"floor":27,"key":"REST"}],"circlet_count":0,"master_deck":["Strike_B","Strike_B","Strike_B","Defend_B","Defend_B+1","Defend_B+1","Defend_B+1","Zap+1","Dualcast+1","Defragment+1","Capacitor+1","Echo Form","Defragment","Defragment"],"relics":["Cracked Core","hubris:AstralHammer","Torii","Vajra","trackpad:Mousetrap","Omamori","zeldaRelics:CourageTriforce","trackpad:AdjectivePendant","zeldaRelics:HylianShield","War Paint","Nunchaku","trackpad:WritersBlock","hubris:MedicalManual","Bottled Tornado","Garlic","Turnip","zeldaRelics:WisdomPiece"],"acts_visited":["Exordium","TheCity"],"potions_floor_usage":[2,8,16,16,20,20,21,28],"damage_taken":[{"damage":1,"enemies":"2 Louse","floor":1,"turns":3},{"damage":0,"enemies":"Cultist","floor":2,"turns":2},{"damage":1,"enemies":"Jaw Worm","floor":3,"turns":3},{"damage":3,"enemies":"Lots of Slimes","floor":4,"turns":3},{"damage":2,"enemies":"Gremlin Gang","floor":5,"turns":4},{"damage":13,"enemies":"3 Sentries","floor":8,"turns":3},{"damage":16,"enemies":"Gremlin Nob","floor":11,"turns":3},{"damage":1,"enemies":"3 Louse","floor":13,"turns":3},{"damage":1,"enemies":"Red Slaver","floor":14,"turns":2},{"damage":21,"enemies":"The Guardian","floor":16,"turns":10},{"damage":29,"enemies":"2 Thieves","floor":18,"turns":4},{"damage":26,"enemies":"3 Byrds","floor":19,"turns":5},{"damage":19,"enemies":"Centurion and Healer","floor":20,"turns":7},{"damage":0,"enemies":"Snecko","floor":21,"turns":6},{"damage":11,"enemies":"Sentry and Sphere","floor":24,"turns":7},{"damage":3,"enemies":"Centurion and Healer","floor":25,"turns":8},{"damage":40,"enemies":"3 Cultists","floor":28,"turns":4}],"seed_played":"6152651747042362576","potions_obtained":[{"floor":1,"key":"blueLaboratory:FruitPunch"},{"floor":2,"key":"Death Potion"},{"floor":13,"key":"Weak Potion"},{"floor":14,"key":"EssenceOfSteel"},{"floor":16,"key":"blueLaboratory:HummingbirdPotion"},{"floor":19,"key":"FocusPotion"},{"floor":20,"key":"blueLaboratory:CoolantVial"},{"floor":21,"key":"Death Potion"}],"is_trial":true,"path_per_floor":["M","M","M","M","M","R","R","E","T","R","E","R","M","M","R","B",null,"M","M","M","M","$","R","M","M","T","R","M"],"character_chosen":"DEFECT","items_purchased":["Defragment","Bottled Tornado"],"campfire_rested":2,"item_purchase_floors":[22,22],"current_hp_per_floor":[74,76,75,72,70,70,70,57,57,57,41,41,40,39,39,18,77,48,22,3,3,3,26,15,12,12,35,0,0],"gold":175,"neow_bonus":"","is_daily":false,"chose_seed":false,"campfire_upgraded":5,"win_rate":0.0,"timestamp":1608057996,"path_taken":["M","M","M","M","M","R","R","E","T","R","E","R","M","M","R","BOSS","M","M","M","M","$","R","M","M","T","R","M"],"items_purchased_type":["Card","Relic"],"build_version":"2020-12-13","purchased_purges":1,"victory":false,"max_hp_per_floor":[75,77,77,77,77,77,77,77,77,77,77,77,77,77,77,77,77,77,77,77,77,77,77,77,77,77,77,77,77],"card_choices":[{"not_picked":["ReplayTheSpireMod:Calculation Training","Stack"],"picked":"Defragment","floor":8},{"not_picked":["StuffTheSpire:Rend","Beam Cell"],"picked":"Capacitor","floor":11},{"not_picked":["Thunder Strike","StuffTheSpire:EventHorizon"],"picked":"Echo Form","floor":16}],"player_experience":160186,"relics_obtained":[{"floor":1,"key":"Torii"},{"floor":2,"key":"Vajra"},{"floor":3,"key":"trackpad:Mousetrap"},{"floor":5,"key":"Omamori"},{"floor":8,"key":"zeldaRelics:CouragePiece"},{"floor":9,"key":"zeldaRelics:CouragePiece"},{"floor":11,"key":"zeldaRelics:CouragePiece"},{"floor":14,"key":"trackpad:AdjectivePendant"},{"floor":18,"key":"War Paint"},{"floor":19,"key":"Nunchaku"},{"floor":20,"key":"trackpad:WritersBlock"},{"floor":21,"key":"hubris:MedicalManual"},{"floor":24,"key":"Garlic"},{"floor":25,"key":"Turnip"},{"floor":26,"key":"zeldaRelics:WisdomPiece"}],"event_choices":[],"is_beta":false,"boss_relics":[{"not_picked":["Replay:Grab Bag","aspiration:IroncladSkillbook"],"picked":"zeldaRelics:HylianShield"}],"items_purged_floors":[22],"is_endless":true,"potions_floor_spawned":[1,2,13,14,16,19,20,21],"killed_by":"3 Cultists","ascension_level":0}}