{"host":"drk0p5jtlzl1xmwe","time":1608056806,"event":{"mods":["2.2 Compatiblity","AchievementEnabler","Act Like it!","Bard","BaseMod","Better Note","Better Vampires","Ekko","Friendly Minions","Hermit","Hubris","Infinite Spire","Luminous","Marisa????????","Minty Spire (QoL Compilation)","Rare Cards Sparkle","Relic Stats","Replay The Spire","Shade Mod","StSLib","The Animator","The Bug Knight","The Cursed","The Disciple","The Gatherer","The Servant 0.9.4","The Spell Scribe"],"gold_per_floor":[115,115,115,115,125,125,136,136,136,170,180,180,215,61,61,61,61],"floor_reached":16,"playtime":383,"items_purged":[],"score":133,"play_id":"c70ce26a-7834-4fcb-b2e8-730a8bd85c0c","local_time":"20201215182646","is_ascension_mode":false,"campfire_choices":[{"data":"Eruption","floor":6,"key":"SMITH"},{"data":"Vigilance","floor":8,"key":"SMITH"},{"data":"ConjureBlade","floor":12,"key":"SMITH"},{"floor":15,"key":"DIG"}],"circlet_count":0,"master_deck":["Strike_P","Strike_P","Strike_P","Strike_P","Defend_P","Defend_P","Defend_P","Defend_P","Eruption+1","Vigilance+1","ConjureBlade+1","FlurryOfBlows"],"relics":["PureWater","hubris:Towel","Potion Belt","Omamori","hubris:BottledRain","Ornamental Fan","HornCleat","Blue Doll","ReplayTheSpireMod:Shallot"],"acts_visited":["Exordium"],"potions_floor_usage":[10,13],"damage_taken":[{"damage":1,"enemies":"Jaw Worm","floor":1,"turns":3},{"damage":7,"enemies":"2 Louse","floor":5,"turns":2},{"damage":7,"enemies":"Cultist","floor":7,"turns":3},{"damage":0,"enemies":"HollowMod:MossKnight","floor":10,"turns":2},{"damage":0,"enemies":"Large Slime","floor":11,"turns":2},{"damage":3,"enemies":"Replay:BlueRogue","floor":13,"turns":2},{"damage":44,"enemies":"The Guardian","floor":16,"turns":5}],"seed_played":"-4992703104809218073","potions_obtained":[{"floor":1,"key":"Weak Potion"},{"floor":5,"key":"SteroidPotion"}],"is_trial":false,"path_per_floor":["M","?","?","T","M","R","M","R","T","E","M","R","E","$","R","B"],"character_chosen":"WATCHER","items_purchased":["Blue Doll"],"campfire_rested":0,"item_purchase_floors":[14],"current_hp_per_floor":[71,71,59,59,52,52,45,45,45,45,45,45,42,42,42,0,0],"gold":61,"neow_bonus":"THREE_CARDS","is_daily":false,"chose_seed":false,"campfire_upgraded":3,"win_rate":0.0,"timestamp":1608056806,"path_taken":["M","?","?","?","M","R","M","R","T","E","?","R","E","$","R","BOSS"],"items_purchased_type":["Relic"],"build_version":"2020-12-13","purchased_purges":0,"victory":false,"max_hp_per_floor":[72,72,72,72,72,72,72,72,72,72,72,72,72,72,72,72,72],"relic_stats":{"counters":[7,19],"Ornamental Fan":[12],"obtain_stats":[{"Potion Belt":3,"HornCleat":13,"ReplayTheSpireMod:Shallot":15,"Ornamental Fan":10,"Blue Doll":14,"Omamori":4,"PureWater":0,"hubris:Towel":2,"hubris:BottledRain":9},{"Potion Belt":1,"HornCleat":6,"ReplayTheSpireMod:Shallot":6,"Ornamental Fan":4,"Blue Doll":6,"Omamori":1,"PureWater":0,"hubris:Towel":1,"hubris:BottledRain":3},{"Potion Belt":3,"HornCleat":14,"ReplayTheSpireMod:Shallot":14,"Ornamental Fan":10,"Blue Doll":14,"Omamori":3,"PureWater":0,"hubris:Towel":3,"hubris:BottledRain":8}]},"card_choices":[{"not_picked":["Prostrate","Wireheading","SashWhip"],"picked":"SKIP","floor":1},{"not_picked":["Crescendo","Worship","Sanctity"],"picked":"SKIP","floor":5},{"not_picked":["Replay:Anticipation","Halt","Scrawl"],"picked":"SKIP","floor":7},{"not_picked":["CrushJoints","Protect"],"picked":"ConjureBlade","floor":10},{"not_picked":["BowlingBash","Prostrate","ReachHeaven"],"picked":"SKIP","floor":11},{"not_picked":["BowlingBash","Prostrate","ReachHeaven"],"picked":"SKIP","floor":11},{"not_picked":["Wallop","Wireheading"],"picked":"FlurryOfBlows","floor":13}],"player_experience":640322,"relics_obtained":[{"floor":4,"key":"Omamori"},{"floor":9,"key":"hubris:BottledRain"},{"floor":10,"key":"Ornamental Fan"},{"floor":13,"key":"HornCleat"},{"floor":15,"key":"ReplayTheSpireMod:Shallot"}],"event_choices":[{"damage_healed":0,"gold_gain":0,"player_choice":"Success","damage_taken":12,"relics_obtained":["Potion Belt"],"max_hp_gain":0,"max_hp_loss":0,"event_name":"Scrap Ooze","floor":3,"gold_loss":0}],"is_beta":false,"boss_relics":[],"items_purged_floors":[],"is_endless":false,"potions_floor_spawned":[1,5],"killed_by":"The Guardian","ascension_level":0}}