{"host":"xodzlm10r37577ou","time":1608054033,"event":{"mods":["Act Like it!","BaseMod","Gensokyo","Minty Spire (QoL Compilation)","Replay The Spire","StSLib","TestMod"],"gold_per_floor":[117,117,52,70,80,80,99,130,130,161,187,187,205,233,233,358,358,298,100,100,100,100,100,100,100,100,100,100,100,100,100,100,100,100,100,100,100,50,50,50,50,50,50,50,50,50,50,50,50,50,50],"floor_reached":52,"playtime":2214,"items_purged":["Strike_G","Strike_G"],"score":1942,"play_id":"80a4cb52-e067-4a19-b0fb-2a4decf315b3","local_time":"20201216014033","is_ascension_mode":true,"campfire_choices":[{"data":"Survivor","floor":6.0,"key":"SMITH"},{"data":"Replay:Bag of Tricks","floor":12.0,"key":"SMITH"},{"data":"Burst","floor":15.0,"key":"SMITH"},{"data":"Tools of the Trade","floor":23.0,"key":"SMITH"},{"data":"Crippling Poison","floor":25.0,"key":"SMITH"},{"data":"Night Terror","floor":29.0,"key":"SMITH"},{"floor":32.0,"key":"DIG"},{"floor":40.0,"key":"DIG"},{"floor":42.0,"key":"DIG"},{"floor":44.0,"key":"DIG"},{"floor":49,"key":"DIG"}],"circlet_count":0,"master_deck":["AscendersBane","Strike_G","Strike_G","Strike_G","Defend_G","Defend_G","Defend_G","Defend_G","Defend_G","Survivor+1","Neutralize+1","Toxin Wave+1","Distraction+1","Footwork+1","Replay:Bag of Tricks+1","Burst+1","Tools of the Trade+1","Corpse Explosion","Storm of Steel","ReplayTheSpireMod:Speed Training","testmod-PerfectCombo","Acrobatics+1","Crippling Poison+1","Night Terror+1","Escape Plan+1","ReplayTheSpireMod:Tripwire","Venomology+1","Sneak Up"],"relics":["Ring of the Snake","testmod-TestBox","testmod-AscensionHeart","Centennial Puzzle","testmod-InfectionSource","TungstenRod","Mercury Hourglass","Shovel","Ectoplasm","Replay:Mystery Machine","Strawberry","testmod-Nine","CeramicFish","Juzu Bracelet","The Courier","Mirror","Oddly Smooth Stone","ReplayTheSpireMod:Ninjato"],"acts_visited":["Exordium","TheCity","TheBeyond"],"potions_floor_usage":[48,48,50,50,50,51],"damage_taken":[{"damage":0.0,"enemies":"2 Louse","floor":1.0,"turns":4.0},{"damage":0.0,"enemies":"Cultist","floor":4.0,"turns":3.0},{"damage":1.0,"enemies":"Jaw Worm","floor":5.0,"turns":4.0},{"damage":0.0,"enemies":"2 Fungi Beasts","floor":7.0,"turns":3.0},{"damage":6.0,"enemies":"Lagavulin","floor":8.0,"turns":7.0},{"damage":6.0,"enemies":"Gremlin Nob","floor":11.0,"turns":4.0},{"damage":0.0,"enemies":"Lots of Slimes","floor":13.0,"turns":1.0},{"damage":0.0,"enemies":"3 Sentries","floor":14.0,"turns":5.0},{"damage":8.0,"enemies":"Hexaghost","floor":16.0,"turns":6.0},{"damage":3.0,"enemies":"2 Thieves","floor":18.0,"turns":3.0},{"damage":0.0,"enemies":"Chosen","floor":20.0,"turns":3.0},{"damage":0.0,"enemies":"Sentry and Sphere","floor":21.0,"turns":2.0},{"damage":0.0,"enemies":"Centurion and Healer","floor":22.0,"turns":5.0},{"damage":14.0,"enemies":"Snecko","floor":24.0,"turns":4.0},{"damage":26.0,"enemies":"Gremlin Leader","floor":27.0,"turns":6.0},{"damage":0.0,"enemies":"3 Cultists","floor":28.0,"turns":3.0},{"damage":7.0,"enemies":"Snake Plant","floor":30.0,"turns":3.0},{"damage":0.0,"enemies":"Sentry and Sphere","floor":31.0,"turns":2.0},{"damage":11.0,"enemies":"Champ","floor":33.0,"turns":8.0},{"damage":2.0,"enemies":"3 Shapes","floor":35.0,"turns":3.0},{"damage":5.0,"enemies":"Orb Walker","floor":36.0,"turns":3.0},{"damage":32.0,"enemies":"Spire Growth","floor":39.0,"turns":4.0},{"damage":12,"enemies":"3 Darklings","floor":47,"turns":4},{"damage":0,"enemies":"Jaw Worm Horde","floor":48,"turns":2},{"damage":19,"enemies":"Donu and Deca","floor":50,"turns":6},{"damage":38,"enemies":"Awakened One","floor":51,"turns":17}],"seed_played":"-6087178319374653226","potions_obtained":[{"floor":4.0,"key":"LifebloodPotion"},{"floor":7.0,"key":"LifebloodPotion"},{"floor":11.0,"key":"Strength Potion"},{"floor":14.0,"key":"Strength Potion"},{"floor":18.0,"key":"Elixir"},{"floor":22.0,"key":"Strength Potion"},{"floor":33.0,"key":"Poison Potion"},{"floor":48,"key":"Energy Potion"}],"is_trial":false,"path_per_floor":["M","?","$","M","M","R","M","E","T","?","E","R","M","E","R","B",null,"M","$","M","M","M","R","M","R","T","E","M","R","M","M","R","B",null,"M","M","?","?","M","R","?","R","T","R","$","?","M","M","R","B","B",null],"character_chosen":"THE_SILENT","items_purchased":["testmod-PerfectCombo"],"campfire_rested":0,"item_purchase_floors":[19],"current_hp_per_floor":[60,60,60,61,61,61,62,58,58,47,49,49,50,52,52,56,70,68,68,69,70,71,71,58,58,58,41,42,42,36,40,40,35,74,76,72,72,72,47,47,47,47,47,47,47,47,36,43,43,39,10],"gold":50,"neow_bonus":"UPGRADE_CARD","is_daily":false,"chose_seed":false,"campfire_upgraded":6,"win_rate":0.0,"timestamp":1608054033,"path_taken":["M","?","?","M","M","R","M","E","T","?","E","R","M","E","R","BOSS","M","$","M","M","?","R","M","R","T","E","M","R","M","M","R","BOSS","M","M","?","?","?","R","?","R","T","R","?","?","M","M","R","BOSS","BOSS"],"items_purchased_type":["Card"],"build_version":"2020-12-13","purchased_purges":2,"victory":true,"max_hp_per_floor":[66,66,66,66,66,66,66,67,67,67,68,68,68,69,69,74,74,74,74,74,74,74,74,74,74,74,82,82,82,82,82,82,87,87,87,87,87,87,87,87,87,87,87,87,87,87,87,87,87,92,43],"card_choices":[{"not_picked":["Underhanded Strike","Cloak And Dagger"],"picked":"Toxin Wave","floor":1.0},{"not_picked":["Accuracy","Sucker Punch"],"picked":"Distraction","floor":4.0},{"not_picked":["Blade Dance","Blur"],"picked":"Footwork","floor":5.0},{"not_picked":["Outmaneuver","Sucker Punch"],"picked":"Replay:Bag of Tricks","floor":7.0},{"not_picked":["Envenom","Unload"],"picked":"Burst","floor":8.0},{"not_picked":["Doppelganger","Malaise"],"picked":"Tools of the Trade","floor":11.0},{"not_picked":["Cloak And Dagger","Slice","Dagger Throw"],"picked":"SKIP","floor":13.0},{"not_picked":["Atom Bomb","After Image"],"picked":"Corpse Explosion","floor":14.0},{"not_picked":["Bullet Time","Tools of the Trade"],"picked":"Storm of Steel","floor":16.0},{"not_picked":["Flying Knee","Cloak And Dagger+1"],"picked":"ReplayTheSpireMod:Speed Training","floor":18.0},{"not_picked":["Finisher+1","Deflect","Riddle With Holes"],"picked":"SKIP","floor":20.0},{"not_picked":["Skewer","Storm of Steel"],"picked":"Acrobatics","floor":21.0},{"not_picked":["Blade Dance","Dagger Spray","Cloak And Dagger"],"picked":"SKIP","floor":22.0},{"not_picked":["Dodge and Roll","Flying Knee"],"picked":"Crippling Poison","floor":24.0},{"not_picked":["Venomology","ReplayTheSpireMod:From All Sides"],"picked":"Night Terror","floor":27.0},{"not_picked":["Distraction","Bane"],"picked":"Escape Plan","floor":28.0},{"not_picked":["Infinite Blades","Prepared+1"],"picked":"ReplayTheSpireMod:Tripwire","floor":30.0},{"not_picked":["Underhanded Strike","Sucker Punch","Riddle With Holes"],"picked":"SKIP","floor":31.0},{"not_picked":["Tools of the Trade","Phantasmal Killer"],"picked":"Venomology","floor":33.0},{"not_picked":["ReplayTheSpireMod:Exploit Weakness+1","Dagger Throw","Cloak And Dagger"],"picked":"SKIP","floor":35.0},{"not_picked":["Hidden Blade","Deadly Poison+1","Quick Slash+1"],"picked":"SKIP","floor":36.0},{"not_picked":["Outmaneuver","Blade Dance","Infinite Blades"],"picked":"SKIP","floor":39.0},{"not_picked":["Poisoned Stab","Deflect","Infinite Blades+1"],"picked":"SKIP","floor":47},{"not_picked":["Cloak And Dagger","ReplayTheSpireMod:Speed Training","Deflect"],"picked":"SKIP","floor":48}],"player_experience":438030,"relics_obtained":[{"floor":8.0,"key":"Centennial Puzzle"},{"floor":9.0,"key":"testmod-InfectionSource"},{"floor":10.0,"key":"TungstenRod"},{"floor":11.0,"key":"Mercury Hourglass"},{"floor":14.0,"key":"Shovel"},{"floor":26.0,"key":"Replay:Mystery Machine"},{"floor":27.0,"key":"Strawberry"},{"floor":32.0,"key":"Golden Egg"},{"floor":40.0,"key":"CeramicFish"},{"floor":42.0,"key":"The Courier"},{"floor":43.0,"key":"Mirror"},{"floor":44.0,"key":"Oddly Smooth Stone"},{"floor":49,"key":"ReplayTheSpireMod:Ninjato"}],"event_choices":[{"damage_healed":0.0,"max_hp_gain":0.0,"max_hp_loss":0.0,"gold_gain":0.0,"event_name":"Accursed Blacksmith","player_choice":"Forge","floor":2.0,"gold_loss":0.0,"damage_taken":0.0,"cards_upgraded":["Toxin Wave"]},{"damage_healed":0.0,"max_hp_gain":0.0,"max_hp_loss":0.0,"gold_gain":0.0,"event_name":"Designer","player_choice":"Upgrade","floor":38.0,"gold_loss":50.0,"damage_taken":0.0,"cards_upgraded":["Acrobatics"]},{"damage_healed":0.0,"max_hp_gain":0.0,"max_hp_loss":0.0,"gold_gain":0.0,"event_name":"给自己的盒子","player_choice":"Swap Relic","floor":41.0,"relics_lost":["Golden Egg"],"gold_loss":0.0,"damage_taken":0.0,"relics_obtained":["Juzu Bracelet"]},{"damage_healed":0,"gold_gain":0,"player_choice":"1 cards matched","damage_taken":0,"max_hp_gain":0,"max_hp_loss":0,"event_name":"Match and Keep!","floor":46,"gold_loss":0,"cards_obtained":["Sneak Up"]}],"is_beta":false,"boss_relics":[{"not_picked":["Sozu","Painkiller Herb"],"picked":"Ectoplasm"},{"not_picked":["Coffee Dripper","Replay:Ancient Bell"],"picked":"testmod-Nine"}],"items_purged_floors":[3,19],"is_endless":false,"potions_floor_spawned":[4,7,11,14,18,22,28,30,33,35,48],"ascension_level":20}}