{"host":"9ndbo4kgsfoemf7y","time":1608035534,"event":{"mods":["AchievementEnabler","BaseMod","Colored Map","DeckTracker","Keyboard Shortcuts","Minty Spire (QoL Compilation)","Permanent Neow","Quick Restart","Relic Stats","StSLib","SuperFastMode"],"gold_per_floor":[18,32,48,48,48,58,85,85,85,115,115,131,158,168,168,243,243,259,269,87,87,12,12,38,38,110,141,141,175,175,186,186,259,259,275,288,303,320,99,99,147,147,147,147,159,187,212,232,232,232],"floor_reached":51,"playtime":2031,"items_purged":["Strike_R","Defend_R"],"score":1364,"play_id":"3761df3e-0cb0-44a1-a505-76d19d50a69e","local_time":"20201215213214","is_ascension_mode":true,"campfire_choices":[{"data":"Evolve","floor":8.0,"key":"SMITH"},{"floor":11.0,"key":"REST"},{"floor":15.0,"key":"REST"},{"data":"Bash","floor":23.0,"key":"SMITH"},{"data":"1","floor":25.0,"key":"LIFT"},{"floor":28.0,"key":"REST"},{"data":"2","floor":30.0,"key":"LIFT"},{"data":"3","floor":32.0,"key":"LIFT"},{"data":"Dark Embrace","floor":40.0,"key":"SMITH"},{"data":"Perfected Strike","floor":42.0,"key":"SMITH"},{"data":"Perfected Strike","floor":44.0,"key":"SMITH"},{"data":"Twin Strike","floor":49.0,"key":"SMITH"}],"circlet_count":0,"master_deck":["AscendersBane","Strike_R","Strike_R","Strike_R","Defend_R","Defend_R","Defend_R","Bash+1","Perfected Strike+1","Twin Strike","Evolve+1","Twin Strike+1","Perfected Strike+1","Power Through+1","Wild Strike+1","Body Slam+1","Reaper+1","Sever Soul+1","Perfected Strike+1","Battle Trance+1","RitualDagger+1","Shrug It Off+1","Fiend Fire+1","Pommel Strike+1","Ghostly Armor+1","Dark Embrace+1","Entrench+1"],"relics":["Burning Blood","Charon\u0027s Ashes","Mercury Hourglass","InkBottle","Toxic Egg 2","Molten Egg 2","Busted Crown","Girya","Matryoshka","Orichalcum","Red Mask","Sozu","Lizard Tail","MealTicket","Singing Bowl","Potion Belt","Dead Branch"],"acts_visited":["Exordium","TheCity","TheBeyond"],"potions_floor_usage":[],"damage_taken":[{"damage":4.0,"enemies":"Small Slimes","floor":1.0,"turns":4.0},{"damage":10.0,"enemies":"2 Louse","floor":2.0,"turns":2.0},{"damage":7.0,"enemies":"Jaw Worm","floor":3.0,"turns":3.0},{"damage":22.0,"enemies":"3 Louse","floor":6.0,"turns":3.0},{"damage":25.0,"enemies":"3 Sentries","floor":7.0,"turns":4.0},{"damage":8.0,"enemies":"Gremlin Nob","floor":10.0,"turns":3.0},{"damage":6.0,"enemies":"Looter","floor":12.0,"turns":2.0},{"damage":28.0,"enemies":"Lagavulin","floor":13.0,"turns":5.0},{"damage":7.0,"enemies":"Lots of Slimes","floor":14.0,"turns":3.0},{"damage":40.0,"enemies":"Slime Boss","floor":16.0,"turns":9.0},{"damage":11.0,"enemies":"Spheric Guardian","floor":18.0,"turns":3.0},{"damage":0.0,"enemies":"Chosen","floor":19.0,"turns":3.0},{"damage":23.0,"enemies":"Slavers","floor":24.0,"turns":4.0},{"damage":27.0,"enemies":"Gremlin Leader","floor":27.0,"turns":4.0},{"damage":0.0,"enemies":"Masked Bandits","floor":29.0,"turns":2.0},{"damage":13.0,"enemies":"Snecko","floor":31.0,"turns":3.0},{"damage":60.0,"enemies":"Automaton","floor":33.0,"turns":8.0},{"damage":23.0,"enemies":"3 Darklings","floor":35.0,"turns":3.0},{"damage":0.0,"enemies":"3 Shapes","floor":36.0,"turns":1.0},{"damage":5.0,"enemies":"Maw","floor":37.0,"turns":6.0},{"damage":19.0,"enemies":"3 Darklings","floor":38.0,"turns":3.0},{"damage":28.0,"enemies":"2 Orb Walkers","floor":41.0,"turns":3.0},{"damage":0.0,"enemies":"Transient","floor":45.0,"turns":6.0},{"damage":0.0,"enemies":"Nemesis","floor":46.0,"turns":3.0},{"damage":0.0,"enemies":"Mind Bloom Boss Battle","floor":47.0,"turns":2.0},{"damage":7.0,"enemies":"Sphere and 2 Shapes","floor":48.0,"turns":2.0},{"damage":117,"enemies":"Time Eater","floor":50,"turns":9}],"seed_played":"-4698139723689836491","potions_obtained":[{"floor":7.0,"key":"Explosive Potion"},{"floor":10.0,"key":"Block Potion"},{"floor":13.0,"key":"Weak Potion"},{"floor":18.0,"key":"SpeedPotion"},{"floor":24.0,"key":"GamblersBrew"},{"floor":33.0,"key":"GamblersBrew"}],"is_trial":false,"path_per_floor":["M","M","M","$","?","M","E","R","T","E","R","M","E","M","R","B",null,"M","M","$","?","?","R","E","R","T","E","R","?","R","M","R","B",null,"M","M","M","M","$","R","?","R","T","R","M","E","?","M","R","B",null],"character_chosen":"IRONCLAD","items_purchased":["Perfected Strike+1","Battle Trance+1","Dark Embrace","Entrench+1"],"campfire_rested":3,"item_purchase_floors":[20,20,39,39],"current_hp_per_floor":[70,66,65,65,65,49,30,30,30,28,50,50,28,27,49,15,60,55,61,61,55,55,55,38,38,38,26,48,72,72,65,65,11,59,58,64,65,60,60,60,53,53,53,53,61,69,81,82,82,26],"gold":232,"neow_bonus":"ONE_RARE_RELIC","is_daily":false,"chose_seed":false,"campfire_upgraded":6,"win_rate":0.0,"timestamp":1608035534,"path_taken":["M","M","M","$","?","M","E","R","T","E","R","M","E","M","R","BOSS","M","M","$","?","?","R","E","R","T","E","R","?","R","M","R","BOSS","M","M","M","M","$","R","?","R","T","R","M","E","?","M","R","BOSS"],"items_purchased_type":["Card","Card","Card","Card"],"build_version":"2020-12-13","purchased_purges":2,"victory":true,"max_hp_per_floor":[75,75,75,75,75,75,75,75,75,75,75,75,75,75,75,75,75,75,75,75,75,75,75,75,75,75,75,75,75,75,75,75,75,75,75,75,75,75,75,75,75,75,75,75,77,79,81,83,83,83],"relic_stats":{"Singing Bowl":8,"counters":[27,102],"Dead Branch":[16],"Charon\u0027s Ashes":[410],"Orichalcum":[144],"Burning Blood":158,"Mercury Hourglass":[363],"Sozu":5,"Lizard Tail":41,"Busted Crown":34,"MealTicket":0,"obtain_stats":[{"Potion Belt":46,"Girya":24,"Singing Bowl":43,"Dead Branch":47,"Charon\u0027s Ashes":0,"Orichalcum":27,"Burning Blood":0,"Mercury Hourglass":7,"Sozu":34,"Lizard Tail":41,"Busted Crown":17,"Matryoshka":26,"Molten Egg 2":13,"MealTicket":43,"Red Mask":29,"Toxic Egg 2":10,"InkBottle":9},{"Potion Belt":24,"Girya":13,"Singing Bowl":22,"Dead Branch":25,"Charon\u0027s Ashes":0,"Orichalcum":14,"Burning Blood":0,"Mercury Hourglass":5,"Sozu":17,"Lizard Tail":22,"Busted Crown":10,"Matryoshka":13,"Molten Egg 2":8,"MealTicket":22,"Red Mask":15,"Toxic Egg 2":6,"InkBottle":5},{"Potion Belt":89,"Girya":47,"Singing Bowl":80,"Dead Branch":91,"Charon\u0027s Ashes":0,"Orichalcum":51,"Burning Blood":0,"Mercury Hourglass":16,"Sozu":64,"Lizard Tail":80,"Busted Crown":37,"Matryoshka":47,"Molten Egg 2":26,"MealTicket":80,"Red Mask":53,"Toxic Egg 2":19,"InkBottle":16}],"InkBottle":[23]},"card_choices":[{"not_picked":["Clothesline","Warcry"],"picked":"Perfected Strike","floor":1.0},{"not_picked":["Warcry","Flex"],"picked":"Twin Strike","floor":2.0},{"not_picked":["Rage","Barricade"],"picked":"Evolve","floor":3.0},{"not_picked":["Carnage","Flex"],"picked":"Twin Strike","floor":6.0},{"not_picked":["Warcry","Combust","Body Slam"],"picked":"SKIP","floor":7.0},{"not_picked":["Pommel Strike","Feel No Pain"],"picked":"Perfected Strike","floor":10.0},{"not_picked":["Evolve","Fire Breathing"],"picked":"Power Through+1","floor":12.0},{"not_picked":["Headbutt+1","Havoc+1"],"picked":"Wild Strike+1","floor":13.0},{"not_picked":["Juggernaut","Spot Weakness+1"],"picked":"Body Slam+1","floor":14.0},{"not_picked":["Berserk","Corruption"],"picked":"Reaper+1","floor":16.0},{"not_picked":[],"picked":"Sever Soul+1","floor":18.0},{"not_picked":["Reckless Charge+1"],"picked":"SKIP","floor":19.0},{"not_picked":["True Grit+1"],"picked":"SKIP","floor":24.0},{"not_picked":["Cleave+1"],"picked":"SKIP","floor":27.0},{"not_picked":["Shrug It Off+1"],"picked":"SKIP","floor":31.0},{"not_picked":[],"picked":"Shrug It Off+1","floor":31.0},{"not_picked":[],"picked":"Fiend Fire+1","floor":33.0},{"not_picked":[],"picked":"Pommel Strike+1","floor":35.0},{"not_picked":[],"picked":"Ghostly Armor+1","floor":36.0},{"not_picked":["Sword Boomerang+1"],"picked":"SKIP","floor":37.0},{"not_picked":["Thunderclap+1"],"picked":"SKIP","floor":38.0},{"not_picked":["Anger+1"],"picked":"Singing Bowl","floor":45.0},{"not_picked":["Infernal Blade+1"],"picked":"Singing Bowl","floor":46.0},{"not_picked":["Cleave+1"],"picked":"Singing Bowl","floor":47.0},{"not_picked":["Warcry+1"],"picked":"Singing Bowl","floor":48.0}],"player_experience":678220,"relics_obtained":[{"floor":7.0,"key":"Mercury Hourglass"},{"floor":9.0,"key":"InkBottle"},{"floor":10.0,"key":"Toxic Egg 2"},{"floor":13.0,"key":"Molten Egg 2"},{"floor":24.0,"key":"Girya"},{"floor":26.0,"key":"Matryoshka"},{"floor":27.0,"key":"Orichalcum"},{"floor":29.0,"key":"Red Mask"},{"floor":41.0,"key":"Lizard Tail"},{"floor":43.0,"key":"MealTicket"},{"floor":43.0,"key":"Singing Bowl"},{"floor":46.0,"key":"Potion Belt"},{"floor":47.0,"key":"Dead Branch"}],"event_choices":[{"damage_healed":0.0,"max_hp_gain":0.0,"max_hp_loss":0.0,"gold_gain":0.0,"event_name":"Liars Game","player_choice":"Ignored","floor":5.0,"gold_loss":0.0,"damage_taken":0.0},{"damage_healed":0.0,"max_hp_gain":0.0,"max_hp_loss":0.0,"gold_gain":0.0,"event_name":"Nest","player_choice":"Joined the Cult","floor":21.0,"gold_loss":0.0,"damage_taken":6.0,"cards_obtained":["RitualDagger"]},{"cards_removed":["Strike_R"],"damage_healed":0.0,"max_hp_gain":0.0,"max_hp_loss":0.0,"gold_gain":0.0,"event_name":"Beggar","player_choice":"Gave Gold","floor":22.0,"gold_loss":75.0,"damage_taken":0.0},{"damage_healed":0.0,"max_hp_gain":0.0,"max_hp_loss":0.0,"gold_gain":0.0,"event_name":"Masked Bandits","player_choice":"Fought Bandits","floor":29.0,"gold_loss":0.0,"damage_taken":0.0},{"damage_healed":0.0,"max_hp_gain":0.0,"max_hp_loss":0.0,"gold_gain":0.0,"event_name":"Mysterious Sphere","player_choice":"Fight","floor":41.0,"gold_loss":0.0,"damage_taken":0.0},{"damage_healed":0.0,"max_hp_gain":0.0,"max_hp_loss":0.0,"gold_gain":0.0,"event_name":"MindBloom","player_choice":"Fight","floor":47.0,"gold_loss":0.0,"damage_taken":0.0}],"is_beta":false,"boss_relics":[{"not_picked":["Fusion Hammer","Runic Cube"],"picked":"Busted Crown"},{"not_picked":["Pandora\u0027s Box","Runic Dome"],"picked":"Sozu"}],"items_purged_floors":[20,39],"is_endless":false,"potions_floor_spawned":[7,10,13,18,24,33,35,36,45,46,47],"ascension_level":17}}