{"host":"fbqvzfq8f1yzoo4u","time":1608039201,"event":{"mods":["BaseMod","Minty Spire (QoL Compilation)","Replay The Spire","StSLib"],"gold_per_floor":[115,95,111,128,9,9,9,43,43,43,72,19,30,60,60,60,60],"floor_reached":16,"playtime":590,"items_purged":["Defend_B"],"score":336,"play_id":"d8857a2f-b9e4-4d23-9880-923d3a6959d9","local_time":"20201215213321","is_ascension_mode":true,"campfire_choices":[{"data":"Zap","floor":6.0,"key":"SMITH"},{"floor":15,"key":"REST"}],"circlet_count":0,"master_deck":["AscendersBane","Strike_B","Strike_B","Strike_B","Strike_B","Defend_B","Defend_B","Defend_B","Zap+1","Dualcast","Undo","Rebound","Go for the Eyes","Scrape","Glacier","Defragment","Conserve Battery","Reinforced Body","Recycle+1"],"relics":["Cracked Core","NeowsBlessing","Chameleon Ring","Singing Bowl","Replay:Wax Seal","Toxic Egg 2"],"acts_visited":["Exordium"],"potions_floor_usage":[14,16,16],"damage_taken":[{"damage":0.0,"enemies":"Small Slimes","floor":1.0,"turns":1.0},{"damage":0.0,"enemies":"Cultist","floor":3.0,"turns":1.0},{"damage":0.0,"enemies":"Jaw Worm","floor":4.0,"turns":1.0},{"damage":21.0,"enemies":"3 Sentries","floor":8.0,"turns":7.0},{"damage":25.0,"enemies":"Gremlin Nob","floor":11.0,"turns":4.0},{"damage":0,"enemies":"2 Fungi Beasts","floor":13,"turns":2},{"damage":0,"enemies":"Lagavulin","floor":14,"turns":8},{"damage":39,"enemies":"Hexaghost","floor":16,"turns":16}],"seed_played":"-7583277289502273091","potions_obtained":[{"floor":1.0,"key":"Milkshake"},{"floor":2.0,"key":"Dexterity Potion"},{"floor":3.0,"key":"Venom Potion"},{"floor":10.0,"key":"Doom Potion"},{"floor":10.0,"key":"Weak Potion"},{"floor":14,"key":"Regen Potion"}],"is_trial":false,"path_per_floor":["M","?","M","M","$","R","?","E","T","R","E","$","M","E","R","B"],"character_chosen":"DEFECT","items_purchased":["Scrape","Conserve Battery"],"campfire_rested":1,"item_purchase_floors":[5,12],"current_hp_per_floor":[64,64,64,64,64,64,64,43,43,43,18,18,18,18,39,28,28],"gold":60,"neow_bonus":"THREE_ENEMY_KILL","is_daily":false,"chose_seed":false,"campfire_upgraded":1,"win_rate":0.0,"timestamp":1608039201,"path_taken":["M","?","M","?","$","R","?","E","T","R","E","$","M","E","R","BOSS"],"items_purchased_type":["Card","Card"],"build_version":"2020-12-13","purchased_purges":1,"victory":false,"max_hp_per_floor":[71,71,71,71,71,71,71,71,71,71,71,71,71,71,71,71,71],"card_choices":[{"not_picked":["Blizzard","Glacier"],"picked":"Undo","floor":1.0},{"not_picked":["Steam Power","Hologram"],"picked":"Rebound","floor":3.0},{"not_picked":["Undo","Leap"],"picked":"Go for the Eyes","floor":4.0},{"not_picked":["BasicCrystalCard","Melter"],"picked":"Glacier","floor":8.0},{"not_picked":["Coolheaded","Barrage"],"picked":"Defragment","floor":11.0},{"not_picked":["Compile Driver","Beam Cell"],"picked":"Reinforced Body","floor":13},{"not_picked":["Steam+1","Double Energy+1"],"picked":"Recycle+1","floor":14}],"player_experience":586777,"relics_obtained":[{"floor":8.0,"key":"Chameleon Ring"},{"floor":9.0,"key":"Singing Bowl"},{"floor":11.0,"key":"Replay:Wax Seal"},{"floor":14,"key":"Toxic Egg 2"}],"event_choices":[{"damage_healed":0.0,"max_hp_gain":0.0,"max_hp_loss":0.0,"gold_gain":0.0,"event_name":"The Woman in Blue","player_choice":"Bought 1 Potion","floor":2.0,"gold_loss":0.0,"damage_taken":0.0}],"is_beta":false,"boss_relics":[],"items_purged_floors":[5],"is_endless":false,"potions_floor_spawned":[1,3,13,14],"killed_by":"Hexaghost","ascension_level":20}}