{"host":"ec2wu4mdnvke243f","time":1608033488,"event":{"mods":["2.2 Compatiblity","AchievementEnabler","BaseMod","Defuse TimeMaze Blight","Downfall","Hermit","Infinite Spire","Minty Spire (QoL Compilation)","StSLib","The Cursed","The Disciple","The Jungle","The Servant 0.9.4"],"gold_per_floor":[99,124,144,159,159,189,213,138,168,168,168,153,253,269,280,280,280],"floor_reached":16,"playtime":842,"items_purged":[],"score":124,"play_id":"d8a34935-7a2b-464e-9f26-da4849bc298c","local_time":"20201215125808","is_ascension_mode":true,"campfire_choices":[{"floor":1,"key":"RECALL"},{"floor":8,"key":"REST"},{"floor":10,"key":"REST"}],"circlet_count":0,"master_deck":["hermit:Strike_Hermit","hermit:Strike_Hermit","hermit:Strike_Hermit","hermit:Strike_Hermit","hermit:Defend_Hermit","hermit:Defend_Hermit","hermit:Defend_Hermit","hermit:Defend_Hermit","hermit:Snapshot","hermit:Covet","hermit:Misfire","hermit:Snipe","hermit:Quickdraw","hermit:Showdown","hermit:GoldenBullet","hermit:Headshot","hermit:Purgatory","hermit:Grudge","hermit:Misfire","Injury","hermit:Strike_Hermit","Dark Shackles","hermit:Reprieve","hermit:Showdown"],"relics":["hermit:Momento","Oddly Smooth Stone","downfall:BrokenWingStatue","StrikeDummy","downfall:HeartBlessingRed","infinitespire:FocusingShard","downfall:GremlinSack"],"acts_visited":["Exordium"],"potions_floor_usage":[16,16],"damage_taken":[{"damage":38,"enemies":"3 Sentries","floor":2,"turns":12},{"damage":0,"enemies":"Small Slimes","floor":3,"turns":2},{"damage":5,"enemies":"Jaw Worm","floor":4,"turns":2},{"damage":28,"enemies":"Gremlin Nob","floor":6,"turns":5},{"damage":36,"enemies":"3 Sentries","floor":9,"turns":8},{"damage":1,"enemies":"downfall:FleeingMerchant","floor":12,"turns":4},{"damage":28,"enemies":"downfall:FleeingMerchant","floor":13,"turns":4},{"damage":0,"enemies":"2 Louse","floor":14,"turns":1},{"damage":3,"enemies":"Red Slaver","floor":15,"turns":2},{"damage":40,"enemies":"downfall:Defect","floor":16,"turns":4}],"seed_played":"1207561966715875511","potions_obtained":[{"floor":2,"key":"FairyPotion"},{"floor":13,"key":"DistilledChaos"},{"floor":15,"key":"SteroidPotion"}],"is_trial":false,"path_per_floor":["R","E","M","M","?","E","T","R","E","R","?","$","?","M","M","B"],"character_chosen":"HERMIT","items_purchased":[],"campfire_rested":2,"item_purchase_floors":[],"current_hp_per_floor":[82,44,44,39,39,11,11,35,24,48,48,47,19,19,16,0,0],"gold":280,"neow_bonus":"TEN_PERCENT_HP_BONUS","is_daily":false,"chose_seed":false,"campfire_upgraded":0,"win_rate":0.0,"timestamp":1608033488,"path_taken":["R","E","M","M","?","E","T","R","E","R","?","?","?","M","M","BOSS"],"items_purchased_type":[],"build_version":"2020-12-13","purchased_purges":0,"victory":false,"max_hp_per_floor":[82,82,82,82,82,82,82,82,82,82,82,82,82,82,82,82,82],"card_choices":[{"not_picked":["hermit:HoleUp","hermit:BigShot"],"picked":"hermit:Misfire","floor":2},{"not_picked":["hermit:DeadMansHand","hermit:Coalescence"],"picked":"hermit:Snipe","floor":3},{"not_picked":["hermit:Adapt","hermit:Gestalt"],"picked":"hermit:Quickdraw","floor":4},{"not_picked":["hermit:WideOpen","hermit:Glare"],"picked":"hermit:Showdown","floor":6},{"not_picked":["hermit:Manifest","hermit:Ricochet"],"picked":"hermit:GoldenBullet","floor":9},{"not_picked":["hermit:Coalescence","hermit:CursedWeapon"],"picked":"hermit:Headshot","floor":12},{"not_picked":["hermit:Gestalt","hermit:Glare"],"picked":"hermit:Reprieve","floor":13},{"not_picked":["hermit:Feint","hermit:BigShot","hermit:Snipe"],"picked":"SKIP","floor":14},{"not_picked":["hermit:GoldenBullet","hermit:Quickdraw"],"picked":"hermit:Showdown","floor":15}],"player_experience":504297,"relics_obtained":[{"floor":2,"key":"Oddly Smooth Stone"},{"floor":6,"key":"StrikeDummy"},{"floor":9,"key":"infinitespire:FocusingShard"},{"floor":13,"key":"downfall:GremlinSack"}],"event_choices":[{"damage_healed":0,"gold_gain":0,"player_choice":"Fled","damage_taken":0,"max_hp_gain":0,"max_hp_loss":0,"event_name":"Scrap Ooze","floor":11,"gold_loss":0}],"is_beta":false,"boss_relics":[],"items_purged_floors":[],"is_endless":false,"potions_floor_spawned":[2,13,15],"killed_by":"downfall:Defect","ascension_level":1}}