{"host":"h5acbxt0wmjo1kpm","time":1608034734,"event":{"mods":["2.2 Compatiblity","Act Like it!","AlwaysNeverKeys","Aspiration","Bartender","BaseMod","Better Third Choice","Colored Map","Downfall","Elementarium","Gensokyo","GifTheSpireLib","Hallownest","Marisa????????","Minty Spire (QoL Compilation)","Permanent Neow","Potionbrewer","Relic Filter","Replay The Spire","Robot Space Explorer","RumiaBox-????????","Shade Mod","Spicy Shops","StSLib","The Blackbeard","The Dragon Tamer","The Forsaken","The Gatherer","The Problem Sleuth","The Servant 0.9.4","Wandering Minibosses","vexMod"],"gold_per_floor":[0,0,11,27,46,64,64,93,93,121,141,126,137,137,154,154,154],"floor_reached":16,"playtime":1049,"items_purged":[],"score":177,"play_id":"b501044b-aa88-47e4-9b01-20cd60d93ee9","local_time":"20201215041854","is_ascension_mode":true,"campfire_choices":[{"data":"Apotheosis","floor":1,"key":"SMITH"},{"data":"sneckomod:SerpentMind","floor":9,"key":"SMITH"}],"circlet_count":0,"master_deck":["AscendersBane","sneckomod:Strike","sneckomod:Strike","sneckomod:Strike","sneckomod:Defend","sneckomod:Defend","sneckomod:Defend","sneckomod:TailWhip+1","sneckomod:SnekBite","sneckomod:Unknown","sneckomod:Unknown","Apotheosis+1","sneckomod:UnknownClasssleuth_GRAY_COLOR","sneckomod:UnknownVulnerable","sneckomod:UnknownClassTHE_CHAMP_GRAY","sneckomod:SerpentMind+1","sneckomod:Unknown1Cost+1","sneckomod:UnknownClassMARISA_COLOR","sneckomod:QuickBite+1","sneckomod:Unknown0Cost","sneckomod:UnknownCommonSkill+1"],"relics":["sneckomod:SneckoSoul","theForsaken:HumbleEgg","Replay:Baseball","Power_Wrist"],"acts_visited":["Exordium"],"potions_floor_usage":[4,10,16],"damage_taken":[{"damage":11,"enemies":"Small Slimes","floor":3,"turns":4},{"damage":1,"enemies":"Cultist","floor":4,"turns":4},{"damage":4,"enemies":"Jaw Worm","floor":5,"turns":3},{"damage":6,"enemies":"2 Fungi Beasts","floor":6,"turns":3},{"damage":17,"enemies":"Lagavulin","floor":8,"turns":5},{"damage":10,"enemies":"Gremlin Nob","floor":10,"turns":3},{"damage":18,"enemies":"Lots of Slimes","floor":11,"turns":3},{"damage":2,"enemies":"downfall:FleeingMerchant","floor":12,"turns":4},{"damage":0,"enemies":"3 Louse","floor":13,"turns":1},{"damage":2,"enemies":"Gremlin Gang","floor":15,"turns":4},{"damage":30,"enemies":"downfall:Defect","floor":16,"turns":6}],"seed_played":"-1389403575192372510","potions_obtained":[{"floor":3,"key":"Explosive Potion"},{"floor":4,"key":"SkillPotion"},{"floor":8,"key":"LiquidBronze"},{"floor":11,"key":"champ:CounterPotion"}],"is_trial":false,"path_per_floor":["R","?","M","M","M","M","T","E","R","E","M","$","M","?","M","B"],"character_chosen":"THE_SNECKO","items_purchased":[],"campfire_rested":0,"item_purchase_floors":[],"current_hp_per_floor":[81,81,70,70,67,62,62,45,45,36,19,17,18,27,28,0,0],"gold":154,"neow_bonus":"RANDOM_COLORLESS_2","is_daily":false,"chose_seed":false,"campfire_upgraded":2,"win_rate":0.0,"timestamp":1608034734,"path_taken":["R","?","M","?","M","M","T","E","R","E","M","?","M","?","M","BOSS"],"items_purchased_type":[],"build_version":"2020-12-13","purchased_purges":0,"victory":false,"max_hp_per_floor":[90,90,90,91,92,93,93,93,93,94,95,95,96,96,97,97,97],"card_choices":[{"not_picked":["HandOfGreed","Chrysalis"],"picked":"Apotheosis","floor":0},{"not_picked":["sneckomod:RainOfDice","sneckomod:UnknownClassMARISA_DERIVATIONS","sneckomod:QuickMove"],"picked":"SKIP","floor":3},{"not_picked":["sneckomod:UnknownBlock","sneckomod:UnknownClassGUARDIAN"],"picked":"sneckomod:UnknownClasssleuth_GRAY_COLOR","floor":4},{"not_picked":["sneckomod:RainOfDice","sneckomod:DiceCrush"],"picked":"sneckomod:UnknownVulnerable","floor":5},{"not_picked":["sneckomod:UnknownCommonAttack","sneckomod:UnknownClassBREWER_CYAN_COLOR"],"picked":"sneckomod:UnknownClassTHE_CHAMP_GRAY","floor":6},{"not_picked":["sneckomod:SoulDraw+1","sneckomod:UnknownClassBREWER_CYAN_COLOR"],"picked":"sneckomod:SerpentMind","floor":8},{"not_picked":["sneckomod:UnknownEthereal","sneckomod:DiceCrush+1"],"picked":"sneckomod:Unknown1Cost+1","floor":10},{"not_picked":["sneckomod:UnknownClassTIFA","sneckomod:UnknownVulnerable+1"],"picked":"sneckomod:UnknownClassMARISA_COLOR","floor":11},{"not_picked":["sneckomod:UnknownClassHEXA_GHOST_PURPLE","sneckomod:DangerNoodle"],"picked":"sneckomod:QuickBite+1","floor":12},{"not_picked":["sneckomod:IronFang+1","sneckomod:DiceBlock+1"],"picked":"sneckomod:Unknown0Cost","floor":13},{"not_picked":["sneckomod:QuickMove+1","sneckomod:SoulRoll+1"],"picked":"sneckomod:UnknownCommonSkill+1","floor":15}],"player_experience":2256447,"relics_obtained":[{"floor":7,"key":"theForsaken:HumbleEgg"},{"floor":8,"key":"Replay:Baseball"},{"floor":10,"key":"Power_Wrist"}],"event_choices":[{"damage_healed":0,"gold_gain":0,"player_choice":"Upgraded","damage_taken":0,"max_hp_gain":0,"max_hp_loss":0,"event_name":"Upgrade Shrine","floor":2,"gold_loss":0,"cards_upgraded":["sneckomod:TailWhip"]}],"is_beta":false,"boss_relics":[],"items_purged_floors":[],"is_endless":false,"potions_floor_spawned":[3,4,8,11,13],"killed_by":"downfall:Defect","ascension_level":11}}