{"host":"2e3z4r48quhw80cc","time":1608035950,"event":{"mods":["BaseMod","Minty Spire (QoL Compilation)","Quick Restart","StSLib","SuperFastMode"],"gold_per_floor":[115,129,129,142,92,126,142,172,172,217,254,27,27,46,46,141,141,158,158,257,617,630,656,280,195,195,195,211,222,248,261,261,362,362,375,393,693,709,721,746,760,760,810,810,15,15,27,73,73,73],"floor_reached":51,"playtime":1650,"items_purged":["Strike_B"],"score":984,"play_id":"bd34aade-d59d-499c-a7ad-1842a12caef5","local_time":"20201215213910","is_ascension_mode":true,"campfire_choices":[{"data":"Apotheosis","floor":13.0,"key":"SMITH"},{"data":"Defragment","floor":15.0,"key":"SMITH"},{"floor":32.0,"key":"REST"},{"floor":42,"key":"REST"},{"floor":49,"key":"REST"}],"circlet_count":0,"master_deck":["Strike_B","Strike_B","Strike_B","Defend_B","Defend_B","Zap","Dualcast","Barrage","Glacier","Defragment+1","Chill","Tempest","Apotheosis+1","Self Repair","Buffer","Loop+1","Coolheaded+1","Static Discharge","Capacitor","Heatsinks","White Noise","Electrodynamics","Self Repair+1","Storm","Madness","Madness","Machine Learning","Storm+1"],"relics":["Cracked Core","Mummified Hand","Blood Vial","MawBank","Bottled Flame","Odd Mushroom","Fusion Hammer","Bronze Scales","Chemical X","Art of War","The Courier","Pantograph","Vajra","SlaversCollar","Prayer Wheel","Regal Pillow","Bird Faced Urn","Toy Ornithopter","Centennial Puzzle","Question Card","Happy Flower","Calipers"],"acts_visited":["Exordium","TheCity","TheBeyond"],"potions_floor_usage":[50,50],"damage_taken":[{"damage":2.0,"enemies":"Jaw Worm","floor":1.0,"turns":3.0},{"damage":0.0,"enemies":"Small Slimes","floor":2.0,"turns":3.0},{"damage":0.0,"enemies":"2 Louse","floor":4.0,"turns":4.0},{"damage":21.0,"enemies":"Lagavulin","floor":6.0,"turns":8.0},{"damage":0.0,"enemies":"2 Fungi Beasts","floor":7.0,"turns":3.0},{"damage":9.0,"enemies":"3 Sentries","floor":8.0,"turns":7.0},{"damage":22.0,"enemies":"Lagavulin","floor":10.0,"turns":9.0},{"damage":3.0,"enemies":"The Mushroom Lair","floor":11.0,"turns":5.0},{"damage":7.0,"enemies":"Exordium Wildlife","floor":14.0,"turns":4.0},{"damage":0.0,"enemies":"Slime Boss","floor":16.0,"turns":10.0},{"damage":13.0,"enemies":"Shell Parasite","floor":18.0,"turns":4.0},{"damage":12.0,"enemies":"Chosen","floor":22.0,"turns":4.0},{"damage":29.0,"enemies":"Gremlin Leader","floor":23.0,"turns":5.0},{"damage":2.0,"enemies":"Snake Plant","floor":28.0,"turns":3.0},{"damage":12.0,"enemies":"3 Cultists","floor":29.0,"turns":5.0},{"damage":9.0,"enemies":"Book of Stabbing","floor":30.0,"turns":3.0},{"damage":6.0,"enemies":"Sentry and Sphere","floor":31.0,"turns":4.0},{"damage":16.0,"enemies":"Automaton","floor":33.0,"turns":9.0},{"damage":18.0,"enemies":"Orb Walker","floor":35.0,"turns":4.0},{"damage":32.0,"enemies":"3 Shapes","floor":36.0,"turns":3.0},{"damage":0.0,"enemies":"Spire Growth","floor":38.0,"turns":4.0},{"damage":5.0,"enemies":"Maw","floor":39.0,"turns":6.0},{"damage":13,"enemies":"Nemesis","floor":40,"turns":5},{"damage":35,"enemies":"3 Darklings","floor":41,"turns":4},{"damage":19,"enemies":"Spire Growth","floor":47,"turns":3},{"damage":26,"enemies":"2 Orb Walkers","floor":48,"turns":3},{"damage":81,"enemies":"Time Eater","floor":50,"turns":5}],"seed_played":"6408920309922181277","potions_obtained":[{"floor":0.0,"key":"Explosive Potion"},{"floor":0.0,"key":"ColorlessPotion"},{"floor":0.0,"key":"Block Potion"},{"floor":6.0,"key":"PotionOfCapacity"},{"floor":16.0,"key":"Fire Potion"},{"floor":23.0,"key":"Block Potion"},{"floor":28.0,"key":"FocusPotion"},{"floor":29.0,"key":"DistilledChaos"},{"floor":31.0,"key":"Swift Potion"},{"floor":33.0,"key":"Ancient Potion"},{"floor":36.0,"key":"AttackPotion"},{"floor":38.0,"key":"Block Potion"},{"floor":40,"key":"CultistPotion"}],"is_trial":false,"path_per_floor":["M","M","?","M","?","E","M","E","T","E","?","$","R","M","R","B",null,"M","?","?","?","M","E","$","?","T","?","M","M","E","M","R","B",null,"M","M","?","M","M","E","M","R","T","?","$","?","M","?","R","B",null],"character_chosen":"DEFECT","items_purchased":["Apotheosis","Self Repair","Chemical X","Art of War","Bird Faced Urn","Toy Ornithopter","Centennial Puzzle","Question Card","Happy Flower"],"campfire_rested":3,"item_purchase_floors":[12,12,24,24,45,45,45,45,45],"current_hp_per_floor":[73,73,78,78,78,57,57,48,48,28,27,27,27,29,29,41,80,77,77,77,41,41,21,21,21,21,21,21,18,21,17,41,59,80,62,39,39,51,65,74,58,80,80,80,80,70,80,74,80,46],"gold":73,"neow_bonus":"THREE_SMALL_POTIONS","is_daily":false,"chose_seed":false,"campfire_upgraded":2,"win_rate":0.0,"timestamp":1608035950,"path_taken":["M","M","?","M","?","E","M","E","T","E","?","$","R","M","R","BOSS","M","?","?","?","?","E","?","?","T","?","M","M","E","M","R","BOSS","M","M","?","?","M","E","M","R","T","?","$","?","M","?","R","BOSS"],"items_purchased_type":["Card","Card","Relic","Relic","Relic","Relic","Relic","Relic","Relic"],"build_version":"2020-12-13","purchased_purges":1,"victory":true,"max_hp_per_floor":[75,75,80,80,80,80,80,80,80,80,80,80,80,80,80,80,80,80,80,80,80,80,80,80,80,80,80,80,80,80,80,80,80,80,80,80,80,80,80,80,80,80,80,80,80,80,80,80,80,80],"card_choices":[{"not_picked":["Cold Snap","Leap"],"picked":"Barrage","floor":1.0},{"not_picked":["Rebound","Go for the Eyes"],"picked":"Glacier","floor":2.0},{"not_picked":["Redo","Rebound","Sunder"],"picked":"SKIP","floor":4.0},{"not_picked":["Consume","Rebound","Turbo"],"picked":"SKIP","floor":6.0},{"not_picked":["Steam Power","FTL"],"picked":"Defragment","floor":7.0},{"not_picked":["Conserve Battery","Multi-Cast","Hello World"],"picked":"SKIP","floor":8.0},{"not_picked":["Meteor Strike","Steam"],"picked":"Chill","floor":10.0},{"not_picked":["Double Energy","Hologram"],"picked":"Tempest","floor":11.0},{"not_picked":["Gash","Hologram","Barrage"],"picked":"SKIP","floor":14.0},{"not_picked":["Rainbow","Core Surge"],"picked":"Buffer","floor":16.0},{"not_picked":["Tempest","Barrage"],"picked":"Loop+1","floor":18.0},{"not_picked":["Sweeping Beam","Conserve Battery"],"picked":"Coolheaded+1","floor":22.0},{"not_picked":["Turbo","Scrape"],"picked":"Static Discharge","floor":23.0},{"not_picked":["Coolheaded","Rebound"],"picked":"Capacitor","floor":28.0},{"not_picked":["Compile Driver","Reinforced Body+1"],"picked":"Heatsinks","floor":29.0},{"not_picked":["Hello World","Reprogram+1"],"picked":"White Noise","floor":30.0},{"not_picked":["Cold Snap","Glacier","Stack+1"],"picked":"SKIP","floor":31.0},{"not_picked":["Buffer","Meteor Strike"],"picked":"Electrodynamics","floor":33.0},{"not_picked":["Static Discharge","Darkness+1","Streamline"],"picked":"SKIP","floor":35.0},{"not_picked":["Sweeping Beam+1","Rebound+1","Steam Power+1"],"picked":"SKIP","floor":36.0},{"not_picked":["Steam","Compile Driver"],"picked":"Self Repair+1","floor":38.0},{"not_picked":["Chill+1","Self Repair","Steam Power+1"],"picked":"SKIP","floor":39.0},{"not_picked":["Chill+1","Self Repair","Steam Power+1"],"picked":"SKIP","floor":39.0},{"not_picked":["Turbo","Coolheaded","Conserve Battery"],"picked":"SKIP","floor":40},{"not_picked":["Fission","Redo+1"],"picked":"Storm","floor":41},{"not_picked":["Sweeping Beam+1","Turbo+1","Redo"],"picked":"SKIP","floor":41},{"not_picked":["Static Discharge","Skim","Rip and Tear+1"],"picked":"Machine Learning","floor":47},{"not_picked":["Blizzard","Sweeping Beam+1","Beam Cell+1","Redo+1"],"picked":"SKIP","floor":47},{"not_picked":["Rebound+1","Redo","Compile Driver+1"],"picked":"Storm+1","floor":48}],"player_experience":48308,"relics_obtained":[{"floor":6.0,"key":"Mummified Hand"},{"floor":8.0,"key":"Blood Vial"},{"floor":9.0,"key":"MawBank"},{"floor":10.0,"key":"Bottled Flame"},{"floor":11.0,"key":"Odd Mushroom"},{"floor":23.0,"key":"Bronze Scales"},{"floor":26.0,"key":"Pantograph"},{"floor":30.0,"key":"Vajra"},{"floor":40,"key":"Prayer Wheel"},{"floor":43,"key":"Regal Pillow"},{"floor":48,"key":"Calipers"}],"event_choices":[{"damage_healed":0.0,"max_hp_gain":5.0,"max_hp_loss":0.0,"gold_gain":0.0,"event_name":"Big Fish","player_choice":"Donut","floor":3.0,"gold_loss":0.0,"damage_taken":0.0},{"cards_removed":["Defend_B"],"damage_healed":0.0,"max_hp_gain":0.0,"max_hp_loss":0.0,"gold_gain":0.0,"event_name":"The Cleric","player_choice":"Card Removal","floor":5.0,"gold_loss":50.0,"damage_taken":0.0},{"damage_healed":0.0,"max_hp_gain":0.0,"max_hp_loss":0.0,"gold_gain":0.0,"event_name":"Mushrooms","player_choice":"Fought Mushrooms","floor":11.0,"gold_loss":0.0,"damage_taken":0.0},{"damage_healed":0.0,"max_hp_gain":0.0,"max_hp_loss":0.0,"gold_gain":0.0,"event_name":"Vampires","player_choice":"Ignored","floor":19.0,"gold_loss":0.0,"damage_taken":0.0},{"damage_healed":0.0,"max_hp_gain":0.0,"max_hp_loss":0.0,"gold_gain":99.0,"event_name":"Nest","player_choice":"Stole From Cult","floor":20.0,"gold_loss":0.0,"damage_taken":0.0},{"damage_healed":0.0,"max_hp_gain":0.0,"max_hp_loss":0.0,"gold_gain":360.0,"event_name":"Knowing Skull","player_choice":"GOLD GOLD GOLD GOLD ","floor":21.0,"potions_obtained":[],"gold_loss":0.0,"damage_taken":36.0,"cards_obtained":[]},{"damage_healed":0.0,"max_hp_gain":0.0,"max_hp_loss":0.0,"gold_gain":0.0,"event_name":"Addict","player_choice":"Obtained Relic","floor":25.0,"gold_loss":85.0,"damage_taken":0.0,"relics_obtained":["The Courier"]},{"cards_removed":["Defend_B"],"damage_healed":0.0,"max_hp_gain":0.0,"max_hp_loss":0.0,"gold_gain":0.0,"event_name":"Back to Basics","player_choice":"Elegance","floor":27.0,"gold_loss":0.0,"damage_taken":0.0},{"damage_healed":0.0,"max_hp_gain":0.0,"max_hp_loss":0.0,"gold_gain":300.0,"event_name":"Wheel of Change","player_choice":"Gold","floor":37.0,"gold_loss":0.0,"damage_taken":0.0},{"damage_healed":0,"gold_gain":0,"player_choice":"Ignored","damage_taken":0,"max_hp_gain":0,"max_hp_loss":0,"event_name":"Tomb of Lord Red Mask","floor":44,"gold_loss":0},{"damage_healed":0,"gold_gain":0,"player_choice":"Embrace Madness","damage_taken":10,"max_hp_gain":0,"max_hp_loss":0,"event_name":"Winding Halls","floor":46,"gold_loss":0,"cards_obtained":["Madness","Madness"]},{"damage_healed":0,"gold_gain":0,"player_choice":"Fight","damage_taken":0,"max_hp_gain":0,"max_hp_loss":0,"event_name":"Mysterious Sphere","floor":48,"gold_loss":0}],"is_beta":false,"boss_relics":[{"not_picked":["Calling Bell","Velvet Choker"],"picked":"Fusion Hammer"},{"not_picked":["Busted Crown","Tiny House"],"picked":"SlaversCollar"}],"items_purged_floors":[24],"is_endless":false,"potions_floor_spawned":[2,6,16,23,28,29,31,33,36,38,40],"ascension_level":4}}