{"host":"usewcu4ohw2wtmxk","time":1608001154,"event":{"mods":["AchievementEnabler","BaseMod","BetterRewards","Colored Powertips","Minty Spire (QoL Compilation)","Permanent Neow","Quick Restart","Relic Sorter","Relic Stats","Shop Mod","StSLib"],"gold_per_floor":[109,124,10,29,44,44,63,63,63,91,91,103,51,83,83,157,157,171,221,121,121,134,160,172,172,172,197,197,87,87,118,118,192,192,211,211,222,237,237,270,287,315,388,415,430,430,460,120,120,120,120,120,120,120,153,153],"floor_reached":57,"playtime":1720,"items_purged":["Strike_G","Strike_G"],"score":3226,"play_id":"c90d91c1-ae79-4013-b926-60ca51e5f5ac","local_time":"20201215105914","is_ascension_mode":true,"campfire_choices":[{"data":"Glass Knife","floor":6.0,"key":"SMITH"},{"data":"Neutralize","floor":8.0,"key":"SMITH"},{"data":"Tactician","floor":11.0,"key":"SMITH"},{"data":"Blade Dance","floor":15.0,"key":"SMITH"},{"data":"Accuracy","floor":25.0,"key":"SMITH"},{"data":"Blade Dance","floor":28.0,"key":"SMITH"},{"data":"Acrobatics","floor":30.0,"key":"SMITH"},{"data":"Acrobatics","floor":32.0,"key":"SMITH"},{"floor":49.0,"key":"RECALL"},{"data":"Survivor","floor":53,"key":"SMITH"}],"circlet_count":0,"master_deck":["AscendersBane","Strike_G","Strike_G","Defend_G","Defend_G+1","Defend_G","Defend_G","Defend_G","Survivor+1","Neutralize+1","Glass Knife+1","Terror+1","Accuracy+1","Dagger Spray","Tactician+1","Acrobatics+1","Blade Dance+1","Backflip","Phantasmal Killer+1","Acrobatics+1","Blade Dance+1","Adrenaline+1","Concentrate+1","Accuracy+1","Expertise+1","Backflip+1","Footwork"],"relics":["Ring of the Snake","Ornamental Fan","Mummified Hand","HoveringKite","Centennial Puzzle","War Paint","Pear","Akabeko","Coffee Dripper","Bird Faced Urn","Eternal Feather","Kunai","Blood Vial","Meat on the Bone","Calipers","Bronze Scales"],"acts_visited":["Exordium","TheCity","TheBeyond","TheEnding"],"potions_floor_usage":[],"damage_taken":[{"damage":0.0,"enemies":"Cultist","floor":1.0,"turns":3.0},{"damage":4.0,"enemies":"Small Slimes","floor":2.0,"turns":4.0},{"damage":0.0,"enemies":"2 Louse","floor":4.0,"turns":3.0},{"damage":0.0,"enemies":"Red Slaver","floor":5.0,"turns":3.0},{"damage":0.0,"enemies":"Exordium Wildlife","floor":7.0,"turns":2.0},{"damage":17.0,"enemies":"3 Sentries","floor":10.0,"turns":7.0},{"damage":0.0,"enemies":"2 Fungi Beasts","floor":12.0,"turns":5.0},{"damage":8.0,"enemies":"Lagavulin","floor":14.0,"turns":5.0},{"damage":0.0,"enemies":"Slime Boss","floor":16.0,"turns":5.0},{"damage":0.0,"enemies":"Chosen","floor":18.0,"turns":3.0},{"damage":5.0,"enemies":"3 Byrds","floor":22.0,"turns":6.0},{"damage":12.0,"enemies":"Gremlin Leader","floor":23.0,"turns":4.0},{"damage":16.0,"enemies":"Cultist and Chosen","floor":24.0,"turns":5.0},{"damage":5.0,"enemies":"Book of Stabbing","floor":27.0,"turns":3.0},{"damage":0.0,"enemies":"Gremlin Leader","floor":31.0,"turns":2.0},{"damage":19.0,"enemies":"Collector","floor":33.0,"turns":3.0},{"damage":0.0,"enemies":"Orb Walker","floor":35.0,"turns":2.0},{"damage":1.0,"enemies":"3 Shapes","floor":37.0,"turns":1.0},{"damage":19.0,"enemies":"Jaw Worm Horde","floor":38.0,"turns":3.0},{"damage":0.0,"enemies":"Reptomancer","floor":40.0,"turns":3.0},{"damage":4.0,"enemies":"Maw","floor":41.0,"turns":5.0},{"damage":0.0,"enemies":"Giant Head","floor":42.0,"turns":2.0},{"damage":0.0,"enemies":"Nemesis","floor":44.0,"turns":1.0},{"damage":0.0,"enemies":"3 Darklings","floor":45.0,"turns":2.0},{"damage":0.0,"enemies":"Reptomancer","floor":47.0,"turns":2.0},{"damage":22.0,"enemies":"Awakened One","floor":50.0,"turns":9.0},{"damage":1,"enemies":"Donu and Deca","floor":51,"turns":7},{"damage":7,"enemies":"Shield and Spear","floor":55,"turns":6},{"damage":60,"enemies":"The Heart","floor":56,"turns":5}],"seed_played":"-9006572496620794359","potions_obtained":[{"floor":1.0,"key":"EssenceOfSteel"},{"floor":4.0,"key":"LiquidBronze"},{"floor":7.0,"key":"FearPotion"},{"floor":10.0,"key":"SkillPotion"},{"floor":18.0,"key":"GamblersBrew"},{"floor":27.0,"key":"AttackPotion"},{"floor":35.0,"key":"GhostInAJar"},{"floor":41.0,"key":"SteroidPotion"}],"is_trial":false,"path_per_floor":["M","M","$","M","M","R","M","R","T","E","R","M","$","E","R","B",null,"M","?","$","?","M","E","M","R","T","E","R","?","R","E","R","B",null,"M","?","M","M","?","E","M","E","T","E","M","?","E","$","R","B","B",null,"R","$","E","B",null],"character_chosen":"THE_SILENT","items_purchased":["Accuracy","Blade Dance","Calipers"],"campfire_rested":0,"item_purchase_floors":[3,13,48],"current_hp_per_floor":[59,55,55,55,55,55,55,55,55,38,38,38,38,30,30,30,57,57,57,57,57,52,40,24,24,24,29,29,29,29,29,29,10,60,60,60,59,40,40,40,38,42,42,46,52,52,58,58,72,50,55,68,72,72,69,28],"gold":153,"neow_bonus":"ONE_RANDOM_RARE_CARD","is_daily":false,"chose_seed":false,"campfire_upgraded":9,"win_rate":0.0,"timestamp":1608001154,"path_taken":["M","M","$","?","M","R","M","R","T","E","R","?","?","E","R","BOSS","M","?","?","?","M","E","M","R","T","E","R","?","R","E","R","BOSS","M","?","M","?","?","E","M","E","T","E","M","?","E","$","R","BOSS","BOSS","R","$","E","BOSS"],"items_purchased_type":["Card","Card","Relic"],"build_version":"2020-12-13","purchased_purges":2,"victory":true,"max_hp_per_floor":[66,66,66,66,66,66,66,66,66,66,66,66,66,66,66,66,66,66,66,66,66,66,66,66,66,66,76,76,76,76,76,76,76,76,76,76,76,76,72,72,72,72,72,72,72,72,72,72,72,72,72,72,72,72,72,72],"relic_stats":{"counters":[29,111],"HoveringKite":[49],"Eternal Feather":18,"War Paint":["Phantasmal Killer","Defend_G"],"Blood Vial":8,"Centennial Puzzle":[30],"Ornamental Fan":[372],"Mummified Hand":[30],"Bird Faced Urn":[31],"Bronze Scales":[48],"Kunai":[42],"obtain_stats":[{"Pear":27,"Calipers":48,"HoveringKite":17,"Eternal Feather":42,"War Paint":26,"Akabeko":31,"Blood Vial":44,"Centennial Puzzle":23,"Ornamental Fan":10,"Mummified Hand":14,"Bird Faced Urn":40,"Bronze Scales":55,"Coffee Dripper":34,"Kunai":43,"Ring of the Snake":0,"Meat on the Bone":47},{"Pear":14,"Calipers":25,"HoveringKite":9,"Eternal Feather":22,"War Paint":13,"Akabeko":15,"Blood Vial":23,"Centennial Puzzle":12,"Ornamental Fan":6,"Mummified Hand":8,"Bird Faced Urn":20,"Bronze Scales":28,"Coffee Dripper":16,"Kunai":22,"Ring of the Snake":0,"Meat on the Bone":25},{"Pear":58,"Calipers":84,"HoveringKite":37,"Eternal Feather":79,"War Paint":55,"Akabeko":60,"Blood Vial":80,"Centennial Puzzle":50,"Ornamental Fan":22,"Mummified Hand":32,"Bird Faced Urn":72,"Bronze Scales":106,"Coffee Dripper":63,"Kunai":79,"Ring of the Snake":0,"Meat on the Bone":84}],"Ring of the Snake":[58],"Meat on the Bone":12},"card_choices":[{"not_picked":["Choke","Distraction"],"picked":"Terror","floor":1.0},{"not_picked":["Well Laid Plans","Outmaneuver","Dodge and Roll"],"picked":"SKIP","floor":2.0},{"not_picked":["PiercingWail","Backflip"],"picked":"Dagger Spray","floor":4.0},{"not_picked":["Choke","Riddle With Holes","Sucker Punch"],"picked":"SKIP","floor":5.0},{"not_picked":["Flying Knee","PiercingWail","Caltrops"],"picked":"SKIP","floor":7.0},{"not_picked":["Crippling Poison","Slice"],"picked":"Tactician","floor":10.0},{"not_picked":["All Out Attack","Venomology"],"picked":"Acrobatics","floor":12.0},{"not_picked":["Calculated Gamble","Riddle With Holes"],"picked":"Backflip","floor":14.0},{"not_picked":["Venomology","Night Terror"],"picked":"Phantasmal Killer","floor":16.0},{"not_picked":["Flying Knee","Masterful Stab","Finisher"],"picked":"SKIP","floor":18.0},{"not_picked":["Prepared","Backflip"],"picked":"Acrobatics","floor":22.0},{"not_picked":["Finisher","Flechettes"],"picked":"Blade Dance","floor":23.0},{"not_picked":["Prepared","Unload","Blade Dance"],"picked":"SKIP","floor":24.0},{"not_picked":["Catalyst+1","Backstab","PiercingWail"],"picked":"SKIP","floor":27.0},{"not_picked":["Setup","Dodge and Roll+1","Blade Dance"],"picked":"SKIP","floor":31.0},{"not_picked":["Grand Finale","Bullet Time"],"picked":"Adrenaline","floor":33.0},{"not_picked":["Heel Hook+1","Deflect"],"picked":"Concentrate+1","floor":35.0},{"not_picked":["Quick Slash","Infinite Blades","Outmaneuver"],"picked":"SKIP","floor":37.0},{"not_picked":["Dodge and Roll","Deflect+1","Quick Slash"],"picked":"SKIP","floor":38.0},{"not_picked":["Doppelganger","Die Die Die","Slice"],"picked":"SKIP","floor":40.0},{"not_picked":["Sucker Punch","Bane+1"],"picked":"Accuracy+1","floor":41.0},{"not_picked":["Quick Slash","Outmaneuver"],"picked":"Expertise+1","floor":42.0},{"not_picked":["Deadly Poison+1","Quick Slash","Leg Sweep"],"picked":"SKIP","floor":44.0},{"not_picked":["Blur","Concentrate+1"],"picked":"Backflip+1","floor":45.0},{"not_picked":["Choke","Masterful Stab+1","Dagger Throw"],"picked":"SKIP","floor":47.0},{"not_picked":["Acrobatics","Concentrate"],"picked":"Footwork","floor":55}],"player_experience":256027,"relics_obtained":[{"floor":10.0,"key":"Ornamental Fan"},{"floor":14.0,"key":"Mummified Hand"},{"floor":23.0,"key":"Centennial Puzzle"},{"floor":26.0,"key":"War Paint"},{"floor":27.0,"key":"Pear"},{"floor":31.0,"key":"Akabeko"},{"floor":40.0,"key":"Bird Faced Urn"},{"floor":42.0,"key":"Eternal Feather"},{"floor":43.0,"key":"Kunai"},{"floor":44.0,"key":"Blood Vial"},{"floor":47.0,"key":"Meat on the Bone"},{"floor":55,"key":"Bronze Scales"}],"event_choices":[{"damage_healed":0.0,"max_hp_gain":0.0,"max_hp_loss":0.0,"gold_gain":50.0,"event_name":"Golden Shrine","player_choice":"Pray","floor":19.0,"gold_loss":0.0,"damage_taken":0.0},{"damage_healed":0.0,"max_hp_gain":0.0,"max_hp_loss":0.0,"gold_gain":0.0,"event_name":"Vampires","player_choice":"Ignored","floor":21.0,"gold_loss":0.0,"damage_taken":0.0},{"cards_removed":["Strike_G"],"damage_healed":0.0,"max_hp_gain":0.0,"max_hp_loss":0.0,"gold_gain":0.0,"event_name":"Designer","player_choice":"Upgrade and Remove","floor":29.0,"gold_loss":110.0,"damage_taken":0.0,"cards_upgraded":["Terror"]},{"damage_healed":0.0,"max_hp_gain":0.0,"max_hp_loss":0.0,"gold_gain":0.0,"event_name":"Accursed Blacksmith","player_choice":"Forge","floor":36.0,"gold_loss":0.0,"damage_taken":0.0,"cards_upgraded":["Adrenaline"]},{"damage_healed":0.0,"max_hp_gain":0.0,"max_hp_loss":4.0,"gold_gain":0.0,"event_name":"Winding Halls","player_choice":"Max HP","floor":39.0,"gold_loss":0.0,"damage_taken":0.0},{"damage_healed":0.0,"max_hp_gain":0.0,"max_hp_loss":0.0,"gold_gain":0.0,"event_name":"Tomb of Lord Red Mask","player_choice":"Ignored","floor":46.0,"gold_loss":0.0,"damage_taken":0.0}],"is_beta":false,"boss_relics":[{"not_picked":["Black Star","Cursed Key"],"picked":"HoveringKite"},{"not_picked":["Snecko Eye","Astrolabe"],"picked":"Coffee Dripper"}],"items_purged_floors":[3,20],"is_endless":false,"potions_floor_spawned":[1,4,7,10,12,18,22,27,35,41,42,44],"ascension_level":20}}