{"host":"mn5ze3eyhx81nlo2","time":1608044268,"event":{"mods":["BaseMod","Block Reminder","Challenge The Spire","Downfall","Hermit","Hubris","Infinite Spire","Minty Spire (QoL Compilation)","Quick Restart","Replay The Spire","Shade Mod","StSLib","The Cursed","The Druid","The Hierophant","The Runesmith","Unceasing Turn Reminder"],"gold_per_floor":[99,110,48,78,178,191,191,191,216,216,226,16,36,55,71,168,168,168,202,202,202],"floor_reached":20,"playtime":1152,"items_purged":["champ:Strike"],"score":212,"play_id":"53be8717-2463-43eb-b44b-92c479276e8d","local_time":"20201215145748","is_ascension_mode":true,"campfire_choices":[{"data":"champ:Taunt","floor":1.0,"key":"SMITH"},{"floor":10.0,"key":"REST"},{"floor":18.0,"key":"RECALL"}],"circlet_count":0,"master_deck":["champ:Strike","champ:Strike","champ:Strike","champ:Defend","champ:Defend","champ:Defend+1","champ:Defend+1","champ:Execute","champ:Taunt+1","champ:IronFortress","champ:FlashCut","champ:FanOfKnives","champ:StanceDance","champ:Backstep","champ:Riposte","champ:ShieldWall","champ:StrikeOfGenius+1","champ:CalledShot","champ:DancingMaster"],"relics":["champ:ChampionCrown","Simple Rune","Nunchaku","Akabeko","hubris:Backtick","Replay:WaspNest","Boot"],"acts_visited":["Exordium","TheCity"],"potions_floor_usage":[19],"damage_taken":[{"damage":10.0,"enemies":"Small Slimes","floor":2.0,"turns":5.0},{"damage":19.0,"enemies":"downfall:FleeingMerchant","floor":3.0,"turns":4.0},{"damage":27.0,"enemies":"Lagavulin","floor":4.0,"turns":8.0},{"damage":0.0,"enemies":"2 Louse","floor":6.0,"turns":3.0},{"damage":45.0,"enemies":"Gremlin Nob","floor":9.0,"turns":5.0},{"damage":0.0,"enemies":"Cultist","floor":11.0,"turns":3.0},{"damage":10.0,"enemies":"downfall:FleeingMerchant","floor":12.0,"turns":4.0},{"damage":12.0,"enemies":"Exordium Thugs","floor":13.0,"turns":5.0},{"damage":0.0,"enemies":"Exordium Wildlife","floor":14.0,"turns":3.0},{"damage":0.0,"enemies":"Blue Slaver","floor":15.0,"turns":4.0},{"damage":48.0,"enemies":"downfall:Ironclad","floor":16.0,"turns":7.0},{"damage":101,"enemies":"Gremlin Leader","floor":19,"turns":12},{"damage":3,"enemies":"Spheric Guardian","floor":20,"turns":3}],"seed_played":"3333078285455170582","potions_obtained":[{"floor":2.0,"key":"Death Potion"},{"floor":6.0,"key":"Elixir"},{"floor":9.0,"key":"SkillPotion"},{"floor":14.0,"key":"champ:CounterPotion"},{"floor":16.0,"key":"Explosive Potion"}],"is_trial":false,"path_per_floor":["R","M","$","E","?","M","T","?","E","R","M","$","M","M","M","B",null,"R","E","M"],"character_chosen":"THE_CHAMP","items_purchased":["champ:FlashCut","champ:StrikeOfGenius+1"],"campfire_rested":1,"item_purchase_floors":[3,12],"current_hp_per_floor":[90,90,76,59,59,59,59,59,22,49,49,47,45,45,45,16,90,90,2,0,0],"gold":202,"neow_bonus":"RANDOM_COMMON_RELIC","is_daily":false,"chose_seed":false,"campfire_upgraded":1,"win_rate":0.0,"timestamp":1608044268,"path_taken":["R","M","$","E","?","M","T","?","E","R","M","$","M","?","M","BOSS","R","E","M"],"items_purchased_type":["Card","Card"],"build_version":"2020-12-13","purchased_purges":1,"victory":false,"max_hp_per_floor":[90,90,90,90,90,90,90,90,90,90,90,90,90,90,90,90,90,90,90,90,90],"card_choices":[{"not_picked":["champ:EnragedBash","champ:GladiatorsShout","champ:FightOn"],"picked":"SKIP","floor":2.0},{"not_picked":["champ:DeathBlow","champ:SwordSigil"],"picked":"champ:IronFortress","floor":3.0},{"not_picked":["champ:BladeFlurry","champ:Encircle"],"picked":"champ:FanOfKnives","floor":4.0},{"not_picked":["champ:CrookedStrike","champ:AdrenalArmor"],"picked":"champ:StanceDance","floor":6.0},{"not_picked":["champ:ShieldThrow","champ:BringItOn"],"picked":"champ:Backstep","floor":9.0},{"not_picked":["champ:GladiatorsShout","champ:RageSigil"],"picked":"champ:Riposte","floor":11.0},{"not_picked":["champ:BringItOn","champ:RageSigil"],"picked":"champ:ShieldWall","floor":12.0},{"not_picked":["champ:Circumvent","champ:Balance"],"picked":"champ:CalledShot","floor":13.0},{"not_picked":["champ:FocusedGladiator","champ:BerserkersShout","champ:BladeFlurry"],"picked":"SKIP","floor":14.0},{"not_picked":["champ:BladeFlurry","champ:DefensiveShout","champ:Haymaker"],"picked":"SKIP","floor":15.0},{"not_picked":["champ:StrikeOfGenius","champ:IgnorePain"],"picked":"champ:DancingMaster","floor":16.0},{"not_picked":["champ:EnGarde","champ:BerserkersShout","champ:Duel"],"picked":"SKIP","floor":19}],"player_experience":889805,"relics_obtained":[{"floor":4.0,"key":"Nunchaku"},{"floor":9.0,"key":"Akabeko"},{"floor":19,"key":"Boot"}],"event_choices":[],"is_beta":false,"boss_relics":[{"not_picked":["Black Star","hubris:Stopwatch"],"picked":"hubris:Backtick"}],"items_purged_floors":[12],"is_endless":false,"potions_floor_spawned":[2,6,9,14,16],"killed_by":"Spheric Guardian","ascension_level":1}}