{"host":"dlyy4wv9zatha4f7","time":1608047440,"event":{"mods":["BaseMod","Better Third Choice","Colored Map","GifTheSpireLib","Minty Spire (QoL Compilation)","Small Relic Pack","Spicy Shops","StSLib","SuperFastMode","Unceasing Turn Reminder"],"gold_per_floor":[211,222,222,222,235,235,270,286,335,105,105,105],"floor_reached":11,"playtime":387,"items_purged":["Regret"],"score":106,"play_id":"1a098583-13ad-41a1-9a39-78989566d39e","local_time":"20201215175040","is_ascension_mode":true,"campfire_choices":[{"data":"Zap","floor":6,"key":"SMITH"}],"circlet_count":0,"master_deck":["Strike_B","Strike_B","Strike_B","Strike_B","Defend_B","Defend_B","Defend_B","Defend_B","Zap+1","Dualcast","Steam","Chill","Double Energy+1","Coolheaded+1","Lockon"],"relics":["Cracked Core","Toxic Egg 2","Regal Pillow","Ancient Tea Set","relicPack:SpireResearchBook"],"acts_visited":["Exordium"],"potions_floor_usage":[7,7,11],"damage_taken":[{"damage":0.0,"enemies":"2 Louse","floor":1.0,"turns":3.0},{"damage":1.0,"enemies":"Jaw Worm","floor":2.0,"turns":3.0},{"damage":2,"enemies":"Cultist","floor":5,"turns":5},{"damage":45,"enemies":"Lagavulin","floor":7,"turns":9},{"damage":4,"enemies":"2 Fungi Beasts","floor":8,"turns":5},{"damage":25,"enemies":"Gremlin Nob","floor":11,"turns":3}],"seed_played":"-1547788890354473939","potions_obtained":[{"floor":2.0,"key":"Strength Potion"},{"floor":5,"key":"SkillPotion"},{"floor":7,"key":"DuplicationPotion"}],"is_trial":false,"path_per_floor":["M","M","?","?","M","R","E","M","T","$","E"],"character_chosen":"DEFECT","items_purchased":["relicPack:SpireResearchBook"],"campfire_rested":0,"item_purchase_floors":[10],"current_hp_per_floor":[68,67,67,67,65,65,20,16,16,16,0,0],"gold":105,"neow_bonus":"HUNDRED_GOLD","is_daily":false,"chose_seed":false,"campfire_upgraded":1,"win_rate":0.0,"timestamp":1608047440,"path_taken":["M","M","?","?","M","R","E","M","T","$","E"],"items_purchased_type":["Relic"],"build_version":"2020-12-13","purchased_purges":1,"victory":false,"max_hp_per_floor":[75,75,75,75,75,75,75,75,75,75,75,75],"card_choices":[{"not_picked":["Turbo","Barrage"],"picked":"Steam","floor":1.0},{"not_picked":["Force Field","Leap"],"picked":"Chill","floor":2.0},{"not_picked":["Fusion+1","Hologram+1"],"picked":"Double Energy+1","floor":5},{"not_picked":["Turbo+1","Aggregate+1"],"picked":"Coolheaded+1","floor":7},{"not_picked":["Conserve Battery+1","Rebound"],"picked":"Lockon","floor":8}],"player_experience":2209752,"relics_obtained":[{"floor":7,"key":"Regal Pillow"},{"floor":9,"key":"Ancient Tea Set"}],"event_choices":[{"damage_healed":0.0,"max_hp_gain":0.0,"max_hp_loss":0.0,"gold_gain":0.0,"event_name":"Big Fish","player_choice":"Box","floor":3.0,"gold_loss":0.0,"damage_taken":0.0,"relics_obtained":["Toxic Egg 2"],"cards_obtained":["Regret"]}],"is_beta":false,"boss_relics":[],"items_purged_floors":[10],"is_endless":false,"potions_floor_spawned":[2,5,7],"killed_by":"Gremlin Nob","ascension_level":9}}