{"host":"vddnn8yddbh0df4g","time":1608069567,"event":{"mods":["Act Like it!","BaseMod","Beaked The Cultist","Downfall","Hermit","Minty Spire (QoL Compilation)","Shop Mod","StSLib","SuperFastMode","The Bug Knight","The Runesmith","The Vixen"],"gold_per_floor":[99,113,128,144,155,52,52,52,63,98,112,124,274,274,293,397,397,397,397,397,417,417,417,417,417,429,429,529,543,543,300,311,311,311],"floor_reached":33,"playtime":2094,"items_purged":["Slimebound:Icky"],"score":274,"play_id":"59e78509-f433-40b7-af27-29dc64bf7936","local_time":"20201215145927","is_ascension_mode":false,"campfire_choices":[{"data":"champ:Taunt","floor":1.0,"key":"SMITH"},{"data":"champ:Backstep","floor":8.0,"key":"SMITH"},{"data":"champ:StrikeOfGenius","floor":18.0,"key":"SMITH"},{"data":"champ:SkillfulDodge","floor":20.0,"key":"SMITH"},{"data":"champ:Balance","floor":23.0,"key":"SMITH"},{"data":"champ:Lariat","floor":27,"key":"SMITH"}],"circlet_count":0,"master_deck":["champ:Strike","champ:Strike","champ:Defend","champ:Defend","champ:Defend","champ:Execute","champ:Taunt+1","Forethought","champ:Backstep+1","champ:RecklessLeap","champ:AdrenalArmor","champ:GutPunch","Finesse","champ:Lariat+1","champ:Balance+1","champ:SkillfulDodge+1","champ:StrikeOfGenius+1","champ:PreciseThrust","champ:Devastate","J.A.X."],"relics":["champ:ChampionCrown","Blue Candle","Pear","Busted Crown","Enchiridion","MutagenicStrength","champ:BerserkersGuideToSlaughter"],"acts_visited":["Exordium","TheCity"],"potions_floor_usage":[32,33,33],"damage_taken":[{"damage":10.0,"enemies":"Cultist","floor":2.0,"turns":4.0},{"damage":6.0,"enemies":"2 Louse","floor":3.0,"turns":5.0},{"damage":15.0,"enemies":"Small Slimes","floor":4.0,"turns":2.0},{"damage":25.0,"enemies":"Blue Slaver","floor":5.0,"turns":4.0},{"damage":20.0,"enemies":"downfall:FleeingMerchant","floor":6.0,"turns":4.0},{"damage":8.0,"enemies":"3 Louse","floor":9.0,"turns":2.0},{"damage":50.0,"enemies":"HollowMod:MossKnight","floor":10.0,"turns":10.0},{"damage":16.0,"enemies":"Lots of Slimes","floor":11.0,"turns":5.0},{"damage":21.0,"enemies":"Blue Slaver","floor":12.0,"turns":3.0},{"damage":29.0,"enemies":"Large Slime","floor":15.0,"turns":7.0},{"damage":72.0,"enemies":"downfall:Watcher","floor":16.0,"turns":11.0},{"damage":54.0,"enemies":"3 Byrds","floor":21.0,"turns":5.0},{"damage":29,"enemies":"Snake Plant","floor":26,"turns":4},{"damage":54,"enemies":"downfall:Augmenter","floor":28,"turns":8},{"damage":62,"enemies":"Cultist and Chosen","floor":29,"turns":8},{"damage":27,"enemies":"downfall:FleeingMerchant","floor":31,"turns":4},{"damage":48,"enemies":"Chosen and Byrds","floor":32,"turns":5},{"damage":54,"enemies":"downfall:Ironclad","floor":33,"turns":5}],"seed_played":"-3560115569892131017","potions_obtained":[{"floor":2.0,"key":"FearPotion"},{"floor":3.0,"key":"Dexterity Potion"},{"floor":9.0,"key":"Ancient Potion"},{"floor":11.0,"key":"champ:TechniquePotion"},{"floor":21.0,"key":"ColorlessPotion"},{"floor":32,"key":"Weak Potion"}],"is_trial":false,"path_per_floor":["R","M","M","M","M","$","T","R","M","E","M","M","?","?","M","B",null,"R","?","R","M","?","R","T","?","M","R","?","M","?","$","M","B"],"character_chosen":"THE_CHAMP","items_purchased":["Finesse","champ:BerserkersGuideToSlaughter"],"campfire_rested":0,"item_purchase_floors":[6,31],"current_hp_per_floor":[90,90,89,89,81,81,81,81,81,96,93,91,91,91,92,88,100,100,100,100,85,69,69,69,69,70,70,63,61,61,63,41,0,0],"gold":311,"neow_bonus":"RANDOM_COLORLESS","is_daily":false,"chose_seed":false,"campfire_upgraded":6,"win_rate":0.0,"timestamp":1608069567,"path_taken":["R","?","M","?","M","$","T","R","M","E","M","M","?","?","M","BOSS","R","?","R","M","?","R","T","?","?","R","?","M","?","$","M","BOSS"],"items_purchased_type":["Card","Relic"],"build_version":"2020-12-13","purchased_purges":1,"victory":false,"max_hp_per_floor":[90,90,90,90,90,90,90,90,90,100,100,100,100,100,100,100,100,100,100,100,100,100,100,100,100,100,100,100,100,100,100,100,100,100],"card_choices":[{"not_picked":["expansioncontent:YouAreMine","expansioncontent:Hexaburn"],"picked":"Forethought","floor":0.0},{"not_picked":["champ:AdrenalArmor","champ:FanOfKnives"],"picked":"champ:Backstep","floor":2.0},{"not_picked":["champ:GladiatorsShout","champ:PerfectedStrike"],"picked":"champ:RecklessLeap","floor":3.0},{"not_picked":["champ:BladeFlurry","champ:Encircle"],"picked":"champ:AdrenalArmor","floor":4.0},{"not_picked":["champ:Backstep","champ:HoldFirm","champ:FanOfKnives"],"picked":"SKIP","floor":5.0},{"not_picked":["champ:HoldFirm","champ:Backstep"],"picked":"champ:GutPunch","floor":6.0},{"not_picked":["champ:Encircle","champ:DefensiveShout","champ:CrookedStrike"],"picked":"SKIP","floor":9.0},{"not_picked":["champ:Haymaker","champ:Encircle"],"picked":"champ:Lariat","floor":10.0},{"not_picked":["champ:FanOfKnives","champ:DefensiveShout"],"picked":"champ:Balance","floor":11.0},{"not_picked":["champ:LastStand","champ:PreciseThrust"],"picked":"champ:SkillfulDodge","floor":12.0},{"not_picked":["champ:FanOfKnives","champ:RecklessLeap","champ:SkillfulDodge"],"picked":"SKIP","floor":15.0},{"not_picked":["champ:Improvising","champ:IgnorePain"],"picked":"champ:StrikeOfGenius","floor":16.0},{"not_picked":["champ:CrookedStrike"],"picked":"SKIP","floor":21.0},{"not_picked":["champ:StanceDance"],"picked":"SKIP","floor":26},{"not_picked":[],"picked":"J.A.X.","floor":28},{"not_picked":["champ:RapidStrikes"],"picked":"SKIP","floor":29},{"not_picked":["champ:Devastate"],"picked":"SKIP","floor":31},{"not_picked":["champ:GladiatorsShout+1"],"picked":"SKIP","floor":32}],"player_experience":679465,"relics_obtained":[{"floor":7.0,"key":"Blue Candle"},{"floor":10.0,"key":"Pear"},{"floor":22.0,"key":"Enchiridion"},{"floor":28,"key":"MutagenicStrength"}],"event_choices":[{"damage_healed":0.0,"max_hp_gain":0.0,"max_hp_loss":0.0,"gold_gain":0.0,"event_name":"Ghosts","player_choice":"Ignored","floor":19.0,"gold_loss":0.0,"damage_taken":0.0},{"damage_healed":0,"gold_gain":0,"player_choice":"Leave","damage_taken":0,"max_hp_gain":0,"max_hp_loss":0,"event_name":"FaceTrader","floor":25,"gold_loss":0}],"is_beta":false,"boss_relics":[{"not_picked":["SacredBark","Pandora\u0027s Box"],"picked":"Busted Crown"}],"items_purged_floors":[31],"is_endless":false,"potions_floor_spawned":[2,3,9,11,15,21,29,32],"killed_by":"downfall:Ironclad","ascension_level":0}}