{"host":"agga6lej02o7kt08","time":1608046006,"event":{"mods":["Aspiration","BaseMod","Colored Map","Colored Powertips","Downfall","Hubris","Minty Spire (QoL Compilation)","Replay The Spire","Spicy Shops","StSLib"],"gold_per_floor":[99,127,127,159,179,179,179,193,219,219,219,62,124,136,146,242,242,242,273,288,300,61,113,113,169,169,169,169,169,205,247,297,412,412,412,448,507,507,546,546,546,546,587,644,738,224,257,1,47,103],"floor_reached":51,"playtime":2942,"items_purged":["champ:Strike","champ:Strike","champ:GladiatorsShout","champ:Execute"],"score":1002,"play_id":"bcdabc21-12d2-4501-9026-e7a6324d670a","local_time":"20201216002646","is_ascension_mode":true,"campfire_choices":[{"data":"champ:Taunt","floor":1,"key":"SMITH"},{"data":"champ:Haymaker","floor":10,"key":"SMITH"},{"data":"champ:Improvising","floor":18,"key":"SMITH"},{"data":"champ:Improvising","floor":27,"key":"SMITH"},{"data":"champ:BladeFlurry","floor":27,"key":"SMITH"},{"data":"champ:EnchantCrown","floor":35,"key":"SMITH"},{"data":"champ:CalledShot","floor":35,"key":"SMITH"},{"data":"champ:BringItOn","floor":40,"key":"SMITH"},{"data":"champ:MurderStrike","floor":40,"key":"SMITH"},{"floor":42,"key":"RECALL"}],"circlet_count":0,"master_deck":["champ:Defend","champ:Defend","champ:Defend+1","champ:Taunt+1","champ:SwordSigil+1","champ:MurderStrike+1","champ:Haymaker+1","champ:Improvising+1","champ:CalledShot+1","champ:RisingSlash+1","champ:BladeFlurry+1","champ:Improvising+1","CurseOfTheBell","champ:BringItOn+1","champ:EnchantCrown+1","champ:PreciseThrust+1","expansioncontent:DashGenerateEvil+1"],"relics":["champ:ChampionCrown","Meat on the Bone","downfall:ShatteredFragment","Gremlin Horn","Onion Ring","ReplayTheSpireMod:TigerMarble","War Paint","Calling Bell","PreservedInsect","Darkstone Periapt","Unceasing Top","hubris:SlimyHat","Replay:Arrowhead","Replay:Bandana","Tiny Chest","hubris:Towel","Replay:Bronze Core","Pen Nib","hubris:Potato","hubris:MysteriousPyramids","Sundial","Lantern","Membership Card","Bronze Scales","Frozen Eye","Guide Book","TheAbacus","champ:FightingForDummies"],"acts_visited":["Exordium","TheCity","TheBeyond"],"potions_floor_usage":[13,16,21,22,50,50],"damage_taken":[{"damage":37,"enemies":"3 Sentries","floor":2,"turns":10},{"damage":30,"enemies":"Gremlin Nob","floor":4,"turns":4},{"damage":7,"enemies":"Small Slimes","floor":5,"turns":3},{"damage":0,"enemies":"2 Louse","floor":8,"turns":1},{"damage":31,"enemies":"Lagavulin","floor":9,"turns":6},{"damage":0,"enemies":"downfall:FleeingMerchant","floor":12,"turns":4},{"damage":0,"enemies":"Gremlin Nob","floor":13,"turns":2},{"damage":0,"enemies":"Cultist","floor":14,"turns":3},{"damage":13,"enemies":"Exordium Thugs","floor":15,"turns":4},{"damage":31,"enemies":"downfall:Ironclad","floor":16,"turns":5},{"damage":34,"enemies":"Slavers","floor":19,"turns":3},{"damage":2,"enemies":"Shell Parasite","floor":20,"turns":3},{"damage":20,"enemies":"Shelled Parasite and Fungi","floor":21,"turns":5},{"damage":5,"enemies":"downfall:FleeingMerchant","floor":22,"turns":4},{"damage":18,"enemies":"Snake Plant","floor":23,"turns":3},{"damage":7,"enemies":"Book of Stabbing","floor":25,"turns":3},{"damage":0,"enemies":"Centurion and Healer","floor":30,"turns":2},{"damage":2,"enemies":"Chosen and Byrds","floor":31,"turns":3},{"damage":0,"enemies":"Shelled Parasite and Fungi","floor":32,"turns":2},{"damage":24,"enemies":"downfall:Silent","floor":33,"turns":5},{"damage":3,"enemies":"Orb Walker","floor":36,"turns":3},{"damage":15,"enemies":"Nemesis","floor":37,"turns":5},{"damage":0,"enemies":"R_Hoarder","floor":39,"turns":5},{"damage":1,"enemies":"3 Shapes","floor":43,"turns":3},{"damage":4,"enemies":"Nemesis","floor":44,"turns":3},{"damage":7,"enemies":"Maw","floor":45,"turns":3},{"damage":8,"enemies":"Jaw Worm Horde","floor":47,"turns":4},{"damage":5,"enemies":"Writhing Mass","floor":49,"turns":2},{"damage":0,"enemies":"downfall:Defect","floor":50,"turns":3}],"seed_played":"324209916898209077","potions_obtained":[{"floor":4,"key":"Strength Potion"},{"floor":9,"key":"LiquidBronze"},{"floor":14,"key":"Venom Potion"},{"floor":15,"key":"Swift Potion"},{"floor":20,"key":"LiquidMemories"},{"floor":21,"key":"champ:TechniquePotion"},{"floor":23,"key":"Weak Potion"},{"floor":30,"key":"Strength Potion"},{"floor":47,"key":"Swift Potion"}],"is_trial":false,"path_per_floor":["R","E","?","E","M","?","T","M","E","R","?","$","?","M","M","B",null,"R","E","M","M","$","M","T","E","?","R","?","?","M","M","M","B",null,"R","M","E","T","E","R","T","R","M","E","M","$","M","$","M","B",null],"character_chosen":"THE_CHAMP","items_purchased":["champ:CalledShot","Replay:Arrowhead","Replay:Bandana","Membership Card","Bronze Scales","expansioncontent:DashGenerateEvil","Frozen Eye","Guide Book","TheAbacus","champ:FightingForDummies"],"campfire_rested":0,"item_purchase_floors":[12,22,22,46,46,46,46,48,48,48],"current_hp_per_floor":[90,63,36,23,28,28,28,40,39,39,39,51,51,51,55,49,90,90,61,59,51,51,45,45,50,50,50,50,42,54,52,52,40,90,90,87,72,72,77,77,77,77,86,87,80,80,77,77,72,72],"gold":103,"neow_bonus":"REMOVE_CARD","is_daily":false,"chose_seed":false,"campfire_upgraded":9,"win_rate":0.0,"timestamp":1608046006,"path_taken":["R","E","?","E","M","?","T","?","E","R","?","?","?","M","M","BOSS","R","E","M","M","$","M","T","E","?","R","?","?","M","M","M","BOSS","R","M","E","?","E","R","T","R","M","E","M","?","M","$","M","BOSS"],"items_purchased_type":["Card","Relic","Relic","Relic","Relic","Card","Relic","Relic","Relic","Relic"],"build_version":"2020-12-13","purchased_purges":4,"victory":true,"max_hp_per_floor":[90,90,90,90,90,90,90,90,90,90,90,90,90,90,90,90,90,90,90,90,90,90,90,90,90,90,90,90,90,90,90,90,90,90,90,90,90,90,90,90,90,90,90,90,90,90,90,90,90,90],"card_choices":[{"not_picked":["champ:Circumvent","champ:FanOfKnives"],"picked":"champ:SwordSigil","floor":2},{"not_picked":["champ:BringItOn","champ:FanOfKnives"],"picked":"champ:GladiatorsShout","floor":4},{"not_picked":["champ:FocusedDefense","champ:AdrenalArmor","champ:GutPunch"],"picked":"SKIP","floor":5},{"not_picked":["champ:AdrenalArmor","champ:BerserkersShout"],"picked":"champ:MurderStrike","floor":8},{"not_picked":["champ:Backstep","champ:FlashCut"],"picked":"champ:Haymaker","floor":9},{"not_picked":["champ:SkillfulDodge","champ:PerfectedStrike"],"picked":"champ:Improvising","floor":12},{"not_picked":["champ:CrookedStrike","champ:StanceDance"],"picked":"champ:RisingSlash","floor":13},{"not_picked":["champ:FightOn","champ:CalledShot","champ:Backstep"],"picked":"SKIP","floor":14},{"not_picked":["champ:FlashCut","champ:BerserkerStyle"],"picked":"champ:BladeFlurry","floor":15},{"not_picked":["champ:EnchantShield","champ:CheapShot"],"picked":"champ:Improvising","floor":16},{"not_picked":["champ:Duel+1","champ:RageSigil","champ:FlashCut"],"picked":"SKIP","floor":19},{"not_picked":["champ:StanceDance","champ:DefensiveShout","champ:EnchantShield"],"picked":"SKIP","floor":20},{"not_picked":["champ:TornadoPunch","champ:DeathBlow","champ:RapidStrikes"],"picked":"SKIP","floor":21},{"not_picked":["champ:RageSigil","champ:FightOn","champ:Backstep"],"picked":"SKIP","floor":22},{"not_picked":["champ:BladeFlurry","champ:Haymaker","champ:FocusedDefense+1"],"picked":"SKIP","floor":23},{"not_picked":["champ:RisingSlash+1","champ:ArenaPreparation+1","champ:TornadoPunch+1"],"picked":"SKIP","floor":25},{"not_picked":["champ:TornadoPunch","champ:StanceDance+1","champ:BerserkerStyle"],"picked":"SKIP","floor":30},{"not_picked":["champ:RageSigil","champ:BerserkersShout"],"picked":"champ:BringItOn","floor":31},{"not_picked":["champ:MurderStrike","champ:DeathBlow","champ:ShieldSigil"],"picked":"SKIP","floor":32},{"not_picked":["champ:Devastate","champ:DancingMaster"],"picked":"champ:EnchantCrown","floor":33},{"not_picked":["champ:FightOn","champ:SwordSigil","champ:FlashCut+1"],"picked":"SKIP","floor":36},{"not_picked":["champ:GutPunch+1","champ:SteelEdge","champ:AdrenalArmor"],"picked":"SKIP","floor":37},{"not_picked":["champ:AdrenalArmor+1","champ:SwordSigil","champ:DefensiveShout+1"],"picked":"SKIP","floor":39},{"not_picked":["champ:RapidStrikes","champ:PerfectedStrike+1","champ:CalledShot+1"],"picked":"SKIP","floor":43},{"not_picked":["champ:Encircle","champ:HeavySlash","champ:BerserkerStyle+1"],"picked":"SKIP","floor":44},{"not_picked":["champ:Haymaker+1","champ:RageSigil+1"],"picked":"champ:PreciseThrust","floor":45},{"not_picked":["champ:Riposte+1","champ:Haymaker","champ:Backstep"],"picked":"SKIP","floor":47},{"not_picked":["champ:Riposte+1","champ:Haymaker","champ:Backstep"],"picked":"SKIP","floor":47},{"not_picked":["champ:RageSigil+1","champ:DefensiveStyle","champ:Riposte"],"picked":"SKIP","floor":49}],"player_experience":734305,"relics_obtained":[{"floor":2,"key":"Meat on the Bone"},{"floor":4,"key":"Gremlin Horn"},{"floor":7,"key":"Onion Ring"},{"floor":9,"key":"ReplayTheSpireMod:TigerMarble"},{"floor":13,"key":"War Paint"},{"floor":17,"key":"PreservedInsect"},{"floor":17,"key":"Darkstone Periapt"},{"floor":17,"key":"Unceasing Top"},{"floor":19,"key":"hubris:SlimyHat"},{"floor":24,"key":"Tiny Chest"},{"floor":37,"key":"Pen Nib"},{"floor":38,"key":"hubris:Potato"},{"floor":39,"key":"hubris:MysteriousPyramids"},{"floor":41,"key":"Sundial"},{"floor":44,"key":"Lantern"}],"event_choices":[{"cards_removed":["champ:Strike"],"damage_healed":0,"gold_gain":0,"player_choice":"Offered Basic","damage_taken":0,"max_hp_gain":0,"max_hp_loss":0,"event_name":"Bonfire Elementals","floor":11,"gold_loss":0}],"is_beta":false,"boss_relics":[{"not_picked":["hubris:HollowSoul","champ:ChampionCrownUpgraded"],"picked":"Calling Bell"},{"not_picked":["hubris:BlackHole","aspiration:RitualDagger"],"picked":"Replay:Bronze Core"}],"items_purged_floors":[12,22,46,48],"is_endless":false,"potions_floor_spawned":[4,9,14,15,20,21,23,30,32,37,39,47,49],"ascension_level":2}}