{"host":"4oozkyb2rmpv0j2l","time":1608026411,"event":{"mods":["Act Like it!","Aspiration","BaseMod","Colored Map","Conspire","Gensokyo","Hallownest","Hubris","KinomotoSakuraMod(木之本樱)","Koishi","Lobotomy","LobotomyExtend","Marisa（F雨　魔理沙）","Minty Spire (QoL Compilation)","Prisma Mod","Quick Restart","Rare Cards Sparkle","Reimu（博丽灵梦）","Remilia（蕾米莉亚）","Replay The Spire","Robot Space Explorer","Shop Mod","Spicy Shops","StSLib","TestMod","The Animator","The Bladedancer","The Bug Knight","The Cursed","The Disciple","The Hierophant","The Mystic","The Necromancer","The Runesmith","The Servant 0.9.4","WarShipGirlsR/战舰少女R mod","Youmu（魂魄妖梦）","Yuri Mod","Yuyuko","vexMod","yUi","【东方二次创作】八云紫mod","【遗物卡牌】REMEMod"],"gold_per_floor":[117,136,136,136,148,148,148,178,178,178,192,192,224,235,262,262,364,364,364,364],"floor_reached":18,"playtime":851,"items_purged":[],"score":322,"play_id":"2ac5e9ea-8d0f-4022-86b7-a16850be0d54","local_time":"20201215180011","is_ascension_mode":true,"campfire_choices":[{"data":"blademaster:Blindside","floor":6,"key":"SMITH"},{"data":"PrismaMod:IllyaUncommonAttack","floor":15,"key":"SMITH"}],"circlet_count":0,"master_deck":["PrismaMod:IllyaCommonAttack","PrismaMod:IllyaCommonAttack","PrismaMod:IllyaCommonAttack","PrismaMod:IllyaCommonAttack","PrismaMod:IllyaUncommonAttack+1","PrismaMod:IllyaUncommonDefend+1","blademaster:Blindside+1","PrismaMod:IllyaGrail","PrismaMod:IllyaGrail"],"relics":["PrismaMod:PrismaRuby","testmod-TestBox","REME_ComplimentaryCards","testmod-Nyarlathotep","LetterFromLob","testmod-TurbochargingSystem","vexMod:FocusSash","Chameleon Ring","HollowMod:StagPassRelic","Empty Cage"],"acts_visited":["Gensokyo:Gensokyo","TheBeyond"],"potions_floor_usage":[7,7,16,16],"damage_taken":[{"damage":0,"enemies":"Gensokyo:2_Kodama","floor":1,"turns":4},{"damage":0,"enemies":"2 Louse","floor":1,"turns":3},{"damage":0,"enemies":"Jaw Worm","floor":4,"turns":3},{"damage":29,"enemies":"3 Sentries","floor":7,"turns":11},{"damage":0,"enemies":"Cultist","floor":10,"turns":3},{"damage":8,"enemies":"Gremlin Nob","floor":12,"turns":4},{"damage":1,"enemies":"Looter","floor":13,"turns":2},{"damage":7,"enemies":"3 Sentries","floor":14,"turns":6},{"damage":12,"enemies":"The Guardian","floor":16,"turns":8},{"damage":0,"enemies":"3 Darklings","floor":18,"turns":1}],"seed_played":"4696996016077121948","potions_obtained":[{"floor":1,"key":"Toxic Potion"},{"floor":4,"key":"LiquidBronze"},{"floor":13,"key":"Block Potion"},{"floor":14,"key":"Energy Potion"},{"floor":16,"key":"BlessingOfTheForge"}],"is_trial":false,"path_per_floor":["M","?","M","?","?","M","?","R","E","T","T","M","M","E","M","E","R","B",null,"M"],"character_chosen":"ILLYA","items_purchased":[],"campfire_rested":0,"item_purchase_floors":[],"current_hp_per_floor":[54,75,75,75,75,75,75,46,46,46,46,46,38,37,30,30,18,75,75,75],"gold":364,"neow_bonus":"REMOVE_TWO","is_daily":false,"chose_seed":false,"campfire_upgraded":2,"win_rate":0.0,"timestamp":1608026411,"path_taken":["M","?","M","?","?","?","?","R","E","?","T","M","?","E","M","E","R","BOSS","M"],"items_purchased_type":[],"build_version":"2020-12-13","purchased_purges":0,"victory":false,"max_hp_per_floor":[75,75,75,75,75,75,75,75,75,75,75,75,75,75,75,75,75,75,75,75],"card_choices":[{"not_picked":["PrismaMod:IllyaCheapChannelAttack","PrismaMod:IllyaMaid","PrismaMod:IllyaUpgradeOrbs"],"picked":"SKIP","floor":1},{"not_picked":["PrismaMod:IllyaUpgradeOrbs","PrismaMod:IllyaSaphire","PrismaMod:IllyaBoysLove"],"picked":"SKIP","floor":1},{"not_picked":["PrismaMod:IllyaGun","PrismaMod:IllyaReinForce","PrismaMod:IllyaDualEvoke"],"picked":"SKIP","floor":4},{"not_picked":["PrismaMod:IllyaUncommonDefend","PrismaMod:IllyaUberPoisonBlock"],"picked":"PrismaMod:IllyaGrail","floor":7},{"not_picked":["PrismaMod:IllyaMinorZwei","PrismaMod:IllyaMaid","PrismaMod:IllyaAlice"],"picked":"SKIP","floor":10},{"not_picked":["PrismaMod:IllyaInstallRider","PrismaMod:IllyaCheapChannelAttack"],"picked":"PrismaMod:IllyaGrail","floor":12},{"not_picked":["PrismaMod:IllyaPoisonTippedWeapons","PrismaMod:IllyaCheapChannelAttack","PrismaMod:IllyaBoysLove"],"picked":"SKIP","floor":13},{"not_picked":["PrismaMod:IllyaCheapChannelPoison","PrismaMod:IllyaUberChannel","PrismaMod:IllyaMaid"],"picked":"SKIP","floor":14}],"player_experience":531001,"relics_obtained":[{"floor":1,"key":"LetterFromLob"},{"floor":1,"key":"LetterFromLob"},{"floor":7,"key":"testmod-TurbochargingSystem"},{"floor":9,"key":"vexMod:FocusSash"},{"floor":12,"key":"Chameleon Ring"},{"floor":14,"key":"HollowMod:StagPassRelic"}],"event_choices":[{"cards_removed":["PrismaMod:IllyaCommonDefend"],"damage_healed":0,"gold_gain":0,"player_choice":"Forget","damage_taken":0,"max_hp_gain":0,"max_hp_loss":0,"event_name":"Living Wall","floor":5,"gold_loss":0}],"is_beta":false,"boss_relics":[{"not_picked":["aspiration:FutureDiary","testmod-Recursion"],"picked":"Empty Cage"}],"items_purged_floors":[],"is_endless":false,"potions_floor_spawned":[1,4,13,14,16],"killed_by":"3 Darklings","ascension_level":3}}