{"host":"k8gerrcpv9xe1nxe","time":1608054055,"event":{"mods":["2.2 Compatiblity","AchievementEnabler","BaseMod","Bestiary","Minty Spire (QoL Compilation)","Relic Stats","StSLib"],"gold_per_floor":[113,127,143,19,46,46,71,71,98,144,144,157,157,222,222,320,320,369,14,27,74,29,29,29],"floor_reached":23,"playtime":620,"items_purged":["Strike_P","Strike_P"],"score":283,"play_id":"1af17a41-04eb-43e0-96d4-62dd4cf8a991","local_time":"20201215124055","is_ascension_mode":true,"campfire_choices":[{"data":"EmptyFist","floor":6,"key":"SMITH"},{"data":"Wish","floor":8,"key":"SMITH"},{"data":"Halt","floor":11,"key":"SMITH"},{"data":"Blasphemy","floor":15,"key":"SMITH"}],"circlet_count":0,"master_deck":["Strike_P","Strike_P","Defend_P","Defend_P","Defend_P+1","Defend_P","Eruption","Vigilance","EmptyFist+1","ReachHeaven","Halt+1","Wish+1","Blasphemy+1","LessonLearned","CrushJoints","Evaluate","Protect","BowlingBash"],"relics":["Velvet Choker","Strawberry","Dream Catcher","Orichalcum","Ancient Tea Set","Regal Pillow","VioletLotus","Sling"],"acts_visited":["Exordium","TheCity"],"potions_floor_usage":[7,16,21],"damage_taken":[{"damage":0,"enemies":"Cultist","floor":1,"turns":2},{"damage":7,"enemies":"Small Slimes","floor":2,"turns":2},{"damage":4,"enemies":"Jaw Worm","floor":3,"turns":3},{"damage":0,"enemies":"Lagavulin","floor":7,"turns":3},{"damage":4,"enemies":"Exordium Thugs","floor":10,"turns":5},{"damage":0,"enemies":"2 Fungi Beasts","floor":12,"turns":2},{"damage":37,"enemies":"Gremlin Nob","floor":14,"turns":4},{"damage":11,"enemies":"Hexaghost","floor":16,"turns":5},{"damage":22,"enemies":"2 Thieves","floor":18,"turns":4},{"damage":2,"enemies":"Spheric Guardian","floor":20,"turns":3},{"damage":18,"enemies":"3 Cultists","floor":21,"turns":4},{"damage":22,"enemies":"Gremlin Leader","floor":23,"turns":2}],"seed_played":"1806391107766447550","potions_obtained":[{"floor":3,"key":"AttackPotion"},{"floor":10,"key":"SkillPotion"},{"floor":14,"key":"Energy Potion"},{"floor":20,"key":"SneckoOil"},{"floor":21,"key":"SteroidPotion"}],"is_trial":false,"path_per_floor":["M","M","M","$","T","R","E","R","T","M","R","M","?","E","R","B",null,"M","$","M","M","$","E"],"character_chosen":"WATCHER","items_purchased":["Halt","Sling","CrushJoints","Evaluate","BowlingBash"],"campfire_rested":0,"item_purchase_floors":[4,19,19,19,22],"current_hp_per_floor":[72,65,61,61,68,68,68,68,68,64,64,64,64,27,27,16,63,41,41,39,21,21,0,0],"gold":29,"neow_bonus":"BOSS_RELIC","is_daily":false,"chose_seed":false,"campfire_upgraded":4,"win_rate":0.0,"timestamp":1608054055,"path_taken":["M","M","M","$","?","R","E","R","T","M","R","M","?","E","R","BOSS","M","$","M","M","$","E"],"items_purchased_type":["Card","Relic","Card","Card","Card"],"build_version":"2020-12-13","purchased_purges":2,"victory":false,"max_hp_per_floor":[72,72,72,72,79,79,79,79,79,79,79,79,79,79,79,79,79,79,79,79,79,79,79,79],"relic_stats":{"Dream Catcher":0,"Regal Pillow":0,"counters":[12,39],"VioletLotus":[2],"Orichalcum":[30],"obtain_stats":[{"Dream Catcher":7,"Regal Pillow":14,"Strawberry":5,"Velvet Choker":0,"VioletLotus":17,"PureWater":0,"Orichalcum":9,"Ancient Tea Set":13,"Sling":19},{"Dream Catcher":4,"Regal Pillow":7,"Strawberry":3,"Velvet Choker":0,"VioletLotus":8,"PureWater":0,"Orichalcum":4,"Ancient Tea Set":6,"Sling":9},{"Dream Catcher":10,"Regal Pillow":21,"Strawberry":7,"Velvet Choker":0,"VioletLotus":26,"PureWater":0,"Orichalcum":10,"Ancient Tea Set":17,"Sling":30}]},"card_choices":[{"not_picked":["SashWhip","Indignation"],"picked":"EmptyFist","floor":1},{"not_picked":["FlurryOfBlows","DeceiveReality"],"picked":"ReachHeaven","floor":2},{"not_picked":["Crescendo","Halt","Worship"],"picked":"SKIP","floor":3},{"not_picked":["ThirdEye","CrushJoints"],"picked":"Wish","floor":7},{"not_picked":["Protect","Consecrate","EmptyFist"],"picked":"SKIP","floor":10},{"not_picked":["Consecrate","FlurryOfBlows"],"picked":"Blasphemy","floor":12},{"not_picked":["EmptyFist","BowlingBash","FollowUp"],"picked":"SKIP","floor":14},{"not_picked":["Vault","Establishment"],"picked":"LessonLearned","floor":16},{"not_picked":["Fasting2","Consecrate","Pray"],"picked":"SKIP","floor":18},{"not_picked":["PathToVictory","JustLucky","Establishment"],"picked":"SKIP","floor":20},{"not_picked":["Evaluate","Consecrate"],"picked":"Protect","floor":21}],"player_experience":62414,"relics_obtained":[{"floor":5,"key":"Strawberry"},{"floor":7,"key":"Dream Catcher"},{"floor":9,"key":"Orichalcum"},{"floor":14,"key":"Regal Pillow"}],"event_choices":[{"damage_healed":0,"gold_gain":0,"player_choice":"Gave Potion","damage_taken":0,"relics_obtained":["Ancient Tea Set"],"max_hp_gain":0,"max_hp_loss":0,"event_name":"WeMeetAgain","floor":13,"gold_loss":0}],"is_beta":false,"boss_relics":[{"not_picked":["Coffee Dripper","Sozu"],"picked":"VioletLotus"}],"items_purged_floors":[4,19],"is_endless":false,"potions_floor_spawned":[3,10,14,20,21],"killed_by":"Gremlin Leader","ascension_level":5}}