{"host":"ek3xvuouaw6vk9if","time":1608011867,"event":{"mods":["BaseMod","Downfall","Minty Spire (QoL Compilation)","Permanent Neow","Quick Restart","Replay The Spire","StSLib"],"gold_per_floor":[99,118,118,147,160,160,184,197,230,230,230,246,8,8,19,120,120,120,120,132,149,149,161,188,220,220,247,259,31,31,31,45,141,141,141,175,233,240,569,569,651,344,363,363,363,99,99,99,112,112],"floor_reached":51,"playtime":3290,"items_purged":["hexamod:Strike","hexamod:Sear","hexamod:FourthSeal","hexamod:Strike"],"score":1159,"play_id":"78d5ab05-21ca-4892-a397-689da2ce41ab","local_time":"20201215005747","is_ascension_mode":true,"campfire_choices":[{"data":"hexamod:SearingWound","floor":1,"key":"SMITH"},{"data":"hexamod:SuperheatedStrike","floor":6,"key":"SMITH"},{"data":"hexamod:BurningTouch","floor":10,"key":"SMITH"},{"data":"hexamod:AdvancingGuard","floor":18,"key":"SMITH"},{"data":"hexamod:Defend","floor":26,"key":"SMITH"},{"data":"hexamod:BurningTouch","floor":35,"key":"SMITH"},{"data":"hexamod:SuperheatedStrike","floor":44,"key":"SMITH"}],"circlet_count":0,"master_deck":["hexamod:Defend","hexamod:Defend","hexamod:Defend","hexamod:Float","hexamod:SearingWound+1","hexamod:SuperheatedStrike+1","hexamod:BurningTouch+1","hexamod:AdvancingGuard+1","hexamod:BurningTouch+1","hexamod:WildfireWeapon","hexamod:ExtraCrispy","hexamod:AdvancingGuard+1","hexamod:Hexaguard","hexamod:SoulSteal","CurseOfTheBell","hexamod:HeatMetal","hexamod:SuperheatedStrike+1","hexamod:FirstSeal"],"relics":["hexamod:SpiritBrand","Divine Protection","Blue Doll","Blood Vial","Replay:Grab Bag","Coffee Dripper","hexamod:IceCube","Ring of Chaos","Replay:Drink Me","Nloth\u0027s Gift","Enchiridion","ReplayTheSpireMod:Lightbulb","hexamod:SoulOfChaos","Simple Rune","downfall:RedIOU","Calling Bell","Oddly Smooth Stone","Replay:Bottled Eggs","Pondfish Scales","Bag of Marbles","Centennial Puzzle","Old Coin","Replay:WaspNest","hexamod:JarOfFuel","downfall:TeleportStone","BargainBundle"],"acts_visited":["Exordium","TheCity","TheBeyond"],"potions_floor_usage":[9,9,13,15,23,25,27,27,28,33,43,50,50,50,50],"damage_taken":[{"damage":1,"enemies":"Jaw Worm","floor":2,"turns":3},{"damage":22,"enemies":"Gremlin Nob","floor":4,"turns":4},{"damage":0,"enemies":"Cultist","floor":5,"turns":4},{"damage":0,"enemies":"Small Slimes","floor":8,"turns":2},{"damage":0,"enemies":"Lagavulin","floor":9,"turns":3},{"damage":0,"enemies":"2 Fungi Beasts","floor":12,"turns":3},{"damage":0,"enemies":"downfall:FleeingMerchant","floor":13,"turns":4},{"damage":0,"enemies":"Large Slime","floor":15,"turns":2},{"damage":21,"enemies":"downfall:Watcher","floor":16,"turns":6},{"damage":0,"enemies":"Spheric Guardian","floor":20,"turns":3},{"damage":0,"enemies":"Chosen and Byrds","floor":21,"turns":2},{"damage":0,"enemies":"Centurion and Healer","floor":23,"turns":5},{"damage":19,"enemies":"Book of Stabbing","floor":25,"turns":4},{"damage":7,"enemies":"Replay:Snechameleon","floor":27,"turns":4},{"damage":0,"enemies":"Cultist and Chosen","floor":28,"turns":3},{"damage":0,"enemies":"downfall:FleeingMerchant","floor":29,"turns":4},{"damage":0,"enemies":"Chosen and Byrds","floor":32,"turns":4},{"damage":0,"enemies":"downfall:Ironclad","floor":33,"turns":4},{"damage":0,"enemies":"R_Hoarder","floor":36,"turns":6},{"damage":0,"enemies":"downfall:FleeingMerchant","floor":38,"turns":2},{"damage":0,"enemies":"Nemesis","floor":39,"turns":7},{"damage":0,"enemies":"3 Darklings","floor":43,"turns":5},{"damage":0,"enemies":"Orb Walker","floor":49,"turns":4},{"damage":0,"enemies":"downfall:Defect","floor":50,"turns":7}],"seed_played":"9016538102805297752","potions_obtained":[{"floor":2,"key":"SkillPotion"},{"floor":5,"key":"PowerPotion"},{"floor":8,"key":"Flashbang"},{"floor":8,"key":"Death Potion"},{"floor":9,"key":"Toxic Potion"},{"floor":9,"key":"Adrenaline Potion"},{"floor":13,"key":"hexamod:InfernoChargePotion"},{"floor":16,"key":"Energy Potion"},{"floor":16,"key":"Adrenaline Potion"},{"floor":23,"key":"hexamod:DoubleChargePotion"},{"floor":25,"key":"Energy Potion"},{"floor":27,"key":"AttackPotion"},{"floor":32,"key":"SpeedPotion"},{"floor":33,"key":"LiquidBronze"},{"floor":36,"key":"Doom Potion"},{"floor":37,"key":"CultistPotion"},{"floor":39,"key":"Block Potion"}],"is_trial":false,"path_per_floor":["R","M","?","E","M","R","T","M","E","R","?","M","$","?","M","B",null,"R","?","M","M","?","M","T","E","R","E","M","$","?","?","M","B",null,"R","E","?","$","E","?","T","$","M","R","?","$","?","?","M","B",null],"character_chosen":"THE_SPIRIT","items_purchased":["Blood Vial","Simple Rune","hexamod:SoulSteal","hexamod:HeatMetal","Centennial Puzzle","hexamod:JarOfFuel","hexamod:FirstSeal","BargainBundle","EntropicBrew"],"campfire_rested":0,"item_purchase_floors":[13,29,29,38,38,42,42,46,46],"current_hp_per_floor":[49,48,48,26,26,26,26,26,26,26,26,26,26,26,28,9,53,53,53,53,53,37,39,39,22,22,17,19,21,21,21,23,25,53,53,53,32,34,36,36,36,36,38,38,38,38,38,38,47,49],"gold":112,"neow_bonus":"THREE_RARE_CARDS","is_daily":false,"chose_seed":false,"campfire_upgraded":7,"win_rate":0.0,"timestamp":1608011867,"path_taken":["R","M","?","E","M","R","T","M","E","R","?","?","?","?","M","BOSS","R","?","?","M","?","M","T","E","R","E","M","$","?","?","M","BOSS","R","E","?","$","E","?","T","?","?","R","?","?","?","?","M","BOSS"],"items_purchased_type":["Relic","Relic","Card","Card","Relic","Relic","Card","Relic","Potion"],"build_version":"2020-12-13","purchased_purges":4,"victory":true,"max_hp_per_floor":[70,70,70,70,70,70,70,70,70,70,70,70,70,70,70,70,53,53,53,53,53,53,53,53,53,53,53,53,53,53,53,53,53,53,53,53,53,53,53,53,53,53,53,53,53,53,53,53,53,53],"card_choices":[{"not_picked":["hexamod:TimeOfNeed","hexamod:GhostflameInferno"],"picked":"hexamod:SearingWound","floor":0},{"not_picked":["hexamod:Hexaguard","hexamod:EmpoweredFlame","hexamod:GhostLash"],"picked":"SKIP","floor":2},{"not_picked":["hexamod:GhostShield","hexamod:SwordOfDarkness","hexamod:GhostOfSpirePast"],"picked":"SKIP","floor":4},{"not_picked":["hexamod:BurningTouch","hexamod:SwordOfDarkness"],"picked":"hexamod:SuperheatedStrike","floor":5},{"not_picked":["hexamod:SpectersWail","hexamod:HauntingEcho"],"picked":"hexamod:BurningTouch","floor":8},{"not_picked":["hexamod:SecondSeal","hexamod:BacktrackSmack"],"picked":"hexamod:AdvancingGuard","floor":9},{"not_picked":["hexamod:CatchUp","hexamod:Firestarter"],"picked":"hexamod:BurningTouch","floor":12},{"not_picked":["hexamod:InspiringFlames","hexamod:EtherealExpedition"],"picked":"hexamod:WildfireWeapon","floor":13},{"not_picked":["hexamod:ChargedBarrage","hexamod:SpectersWail","hexamod:BacktrackSmack"],"picked":"SKIP","floor":15},{"not_picked":["hexamod:AdvancingGuard","hexamod:GhostOfSpireFuture"],"picked":"hexamod:ExtraCrispy","floor":20},{"not_picked":["hexamod:InspiringFlames","hexamod:GhostOfSpirePresent","hexamod:ShieldOfDarkness"],"picked":"SKIP","floor":21},{"not_picked":["hexamod:BacktrackSmack","hexamod:SwordOfDarkness","hexamod:GhostShield+1"],"picked":"SKIP","floor":23},{"not_picked":["hexamod:RetreatToShadows","hexamod:CrushingStance","hexamod:ThermalTransfer"],"picked":"SKIP","floor":25},{"not_picked":["hexamod:SpectersWail","hexamod:NecessarySacrifice"],"picked":"hexamod:AdvancingGuard+1","floor":27},{"not_picked":["hexamod:SkipABeat","hexamod:Toasty","hexamod:NightmareStrike+1"],"picked":"SKIP","floor":28},{"not_picked":["hexamod:Firestarter","hexamod:SkipABeat"],"picked":"hexamod:Hexaguard","floor":29},{"not_picked":["hexamod:ExtraCrispy","hexamod:GhostOfSpireFuture","hexamod:SpectersWail+1"],"picked":"SKIP","floor":32},{"not_picked":["hexamod:ApocalypticArmor","hexamod:Hexaguard","hexamod:NecessarySacrifice"],"picked":"SKIP","floor":36},{"not_picked":["hexamod:Firestarter","hexamod:FastForward+1","hexamod:DynamicBlow"],"picked":"SKIP","floor":38},{"not_picked":["hexamod:VolcanoVisage","hexamod:NightmareStrike"],"picked":"hexamod:SuperheatedStrike","floor":39},{"not_picked":["hexamod:NecessarySacrifice+1","hexamod:NightmareStrike+1","hexamod:SixthSeal"],"picked":"SKIP","floor":43},{"not_picked":["hexamod:CatchUp","hexamod:BacktrackSmack","hexamod:HauntingEcho"],"picked":"SKIP","floor":49}],"player_experience":671875,"relics_obtained":[{"floor":4,"key":"Divine Protection"},{"floor":7,"key":"Blue Doll"},{"floor":9,"key":"Akabeko"},{"floor":22,"key":"Enchiridion"},{"floor":24,"key":"Pen Nib"},{"floor":25,"key":"ReplayTheSpireMod:Lightbulb"},{"floor":27,"key":"hexamod:SoulOfChaos"},{"floor":34,"key":"Oddly Smooth Stone"},{"floor":34,"key":"Replay:Bottled Eggs"},{"floor":34,"key":"Pondfish Scales"},{"floor":36,"key":"Bag of Marbles"},{"floor":39,"key":"Old Coin"},{"floor":41,"key":"Replay:WaspNest"}],"event_choices":[{"damage_healed":0,"gold_gain":0,"player_choice":"Simplicity","damage_taken":0,"max_hp_gain":0,"max_hp_loss":0,"event_name":"Back to Basics","floor":31,"gold_loss":0,"cards_upgraded":["hexamod:Strike","hexamod:Defend","hexamod:Defend","hexamod:Defend"]}],"is_beta":false,"boss_relics":[{"not_picked":["Honey Jar","Black Star"],"picked":"Replay:Grab Bag"},{"not_picked":["Runic Dome","Replay:Wanted Poster"],"picked":"Coffee Dripper"},{"not_picked":["ReplayTheSpireMod:DimensionalGlitch","ReplayTheSpireMod:Onyx Gauntlets"],"picked":"hexamod:IceCube"},{"not_picked":["Astrolabe","Snecko Heart"],"picked":"Ring of Chaos"},{"not_picked":["expansioncontent:StudyCardRelic","Empty Cage"],"picked":"Replay:Drink Me"},{"not_picked":["Runic Pyramid","Busted Crown"],"picked":"Calling Bell"}],"items_purged_floors":[13,38,42,46],"is_endless":false,"potions_floor_spawned":[2,8,9,16,23,25,33,36,39,49],"ascension_level":3}}