{"host":"fq53p46eudtfn1d2","time":1608043271,"event":{"mods":["BaseMod","Better Sensory Stone","Colored Powertips","Energized Spire","Minty Spire (QoL Compilation)","Permanent Neow","Quick Restart","StSLib","The Animator"],"gold_per_floor":[112,212,59,79,79,109,109,140,140,175,194,194,206,216,216,314,314,329,329,346,391,391,391,316,316,396,90,90,90,118,118,118,217,217,235,235,249,266,266,292,306,306,329,362,388,408,441,393,393,393,393,393,4,39,39],"floor_reached":56,"playtime":3692,"items_purged":[],"score":1397,"play_id":"fbfa34c9-c3ef-4d7b-b6b8-703010689d14","local_time":"20201215094111","daily_mods":["SealedDeck"],"is_ascension_mode":true,"campfire_choices":[{"data":"Inflame","floor":7,"key":"SMITH"},{"data":"Inflame","floor":12,"key":"SMITH"},{"data":"Body Slam","floor":15,"key":"SMITH"},{"data":"Madness","floor":23,"key":"SMITH"},{"data":"Rupture","floor":29,"key":"SMITH"},{"floor":32,"key":"RECALL"},{"data":"Barricade","floor":42,"key":"SMITH"},{"data":"Offering","floor":49,"key":"SMITH"},{"data":"Entrench","floor":52,"key":"SMITH"}],"circlet_count":0,"master_deck":["Rampage","Fire Breathing","Body Slam+1","Shrug It Off","Entrench+1","Heavy Blade","Inflame+1","Inflame+1","Ghostly Armor","Shrug It Off","Reaper","Bloodletting","Offering+1","Shrug It Off","Madness+1","Panacea","Body Slam","Rupture+1","Flex","Barricade+1","Sever Soul+1","Headbutt+1","Body Slam+1","Rupture","Immolate","Fire Breathing","Uppercut+1","Ghostly Armor+1","Battle Trance+1","Spot Weakness"],"relics":["Burning Blood","Tiny Chest","StoneCalendar","Happy Flower","Pear","Nunchaku","energizedSpire:MagnifyingGlass","Strawberry","Eternal Feather","Thread and Needle","White Beast Statue","HornCleat","Bronze Scales","Pen Nib","Astrolabe","Mercury Hourglass","PreservedInsect","Bottled Tornado","Art of War","Orichalcum","Mummified Hand","Gremlin Horn"],"acts_visited":["Exordium","TheCity","TheBeyond","TheEnding"],"potions_floor_usage":[8,16,20,30,30,33,37,38,41,44,44,46,46,47,47,47,47,50,54,55,55,55],"damage_taken":[{"damage":0,"enemies":"Jaw Worm","floor":1,"turns":3},{"damage":0,"enemies":"Cultist","floor":4,"turns":3},{"damage":21,"enemies":"Gremlin Nob","floor":6,"turns":5},{"damage":9,"enemies":"3 Sentries","floor":8,"turns":5},{"damage":22,"enemies":"Gremlin Nob","floor":10,"turns":4},{"damage":6,"enemies":"2 Louse","floor":11,"turns":3},{"damage":3,"enemies":"Blue Slaver","floor":13,"turns":3},{"damage":21,"enemies":"2 Fungi Beasts","floor":14,"turns":4},{"damage":6,"enemies":"Slime Boss","floor":16,"turns":6},{"damage":6,"enemies":"Chosen","floor":18,"turns":3},{"damage":9,"enemies":"Spheric Guardian","floor":20,"turns":3},{"damage":10,"enemies":"Gremlin Leader","floor":30,"turns":4},{"damage":62,"enemies":"Collector","floor":33,"turns":8},{"damage":9,"enemies":"Orb Walker","floor":35,"turns":3},{"damage":9,"enemies":"3 Shapes","floor":37,"turns":5},{"damage":13,"enemies":"Spire Growth","floor":38,"turns":4},{"damage":18,"enemies":"Reptomancer","floor":40,"turns":6},{"damage":6,"enemies":"Jaw Worm Horde","floor":41,"turns":4},{"damage":28,"enemies":"Nemesis","floor":44,"turns":5},{"damage":27,"enemies":"Writhing Mass","floor":46,"turns":6},{"damage":3,"enemies":"Reptomancer","floor":47,"turns":2},{"damage":20,"enemies":"Time Eater","floor":50,"turns":8},{"damage":12,"enemies":"Shield and Spear","floor":54,"turns":2},{"damage":14,"enemies":"The Heart","floor":55,"turns":8}],"seed_played":"4104647306760235867","potions_obtained":[{"floor":6,"key":"Ancient Potion"},{"floor":14,"key":"LiquidMemories"},{"floor":16,"key":"ColorlessPotion"},{"floor":18,"key":"SteroidPotion"},{"floor":20,"key":"Strength Potion"},{"floor":30,"key":"Explosive Potion"},{"floor":33,"key":"Block Potion"},{"floor":35,"key":"BloodPotion"},{"floor":37,"key":"Energy Potion"},{"floor":38,"key":"Swift Potion"},{"floor":40,"key":"DistilledChaos"},{"floor":41,"key":"DistilledChaos"},{"floor":44,"key":"Swift Potion"},{"floor":46,"key":"EntropicBrew"},{"floor":47,"key":"Strength Potion"},{"floor":54,"key":"EssenceOfSteel"}],"is_trial":true,"path_per_floor":["M","?","$","M","?","E","R","E","T","E","M","R","M","M","R","B",null,"M","?","M","T","?","R","?","T","T","$","T","R","E","$","R","B",null,"M","?","M","M","?","E","M","R","T","E","T","M","E","$","R","B",null,"R","$","E","B",null],"character_chosen":"IRONCLAD","items_purchased":["Tiny Chest","Rupture","HornCleat","Swift Potion","Mummified Hand","CultistPotion","SteroidPotion"],"campfire_rested":0,"item_purchase_floors":[3,27,27,48,53,53,53],"current_hp_per_floor":[80,80,80,80,77,62,62,69,69,53,58,58,68,73,73,83,90,90,90,90,97,97,97,97,97,97,97,97,97,97,97,97,69,97,94,94,94,97,97,97,97,97,97,75,75,85,88,88,97,97,97,97,97,94,97],"gold":39,"neow_bonus":"","is_daily":false,"chose_seed":false,"campfire_upgraded":8,"win_rate":0.0,"timestamp":1608043271,"path_taken":["M","?","$","?","?","E","R","E","T","E","M","R","M","M","R","BOSS","M","?","M","?","?","R","?","?","T","$","?","R","E","?","R","BOSS","M","?","M","M","?","E","M","R","T","E","?","M","E","$","R","BOSS","R","$","E","BOSS"],"items_purchased_type":["Relic","Card","Relic","Potion","Relic","Potion","Potion"],"build_version":"2020-12-13","purchased_purges":0,"victory":true,"max_hp_per_floor":[80,80,80,80,80,80,80,90,90,90,90,90,90,90,90,90,90,90,90,90,97,97,97,97,97,97,97,97,97,97,97,97,97,97,97,97,97,97,97,97,97,97,97,97,97,97,97,97,97,97,97,97,97,97,97],"card_choices":[{"not_picked":["Seeing Red","Flame Barrier"],"picked":"Ghostly Armor","floor":1},{"not_picked":["Clothesline","Havoc","Headbutt"],"picked":"SKIP","floor":4},{"not_picked":["Havoc","Clash","Corruption"],"picked":"SKIP","floor":6},{"not_picked":["Perfected Strike","Havoc"],"picked":"Shrug It Off","floor":8},{"not_picked":["Cleave","Intimidate"],"picked":"Reaper","floor":10},{"not_picked":["True Grit","Twin Strike"],"picked":"Bloodletting","floor":11},{"not_picked":["Warcry","Iron Wave"],"picked":"Seeing Red","floor":13},{"not_picked":["Carnage","Armaments"],"picked":"Uppercut","floor":14},{"not_picked":["Impervious","Reaper"],"picked":"Offering","floor":16},{"not_picked":["Iron Wave","Carnage"],"picked":"Shrug It Off","floor":18},{"not_picked":["Panache","Purity"],"picked":"Madness","floor":19},{"not_picked":["Dark Shackles","Swift Strike"],"picked":"Panacea","floor":19},{"not_picked":["Iron Wave","Heavy Blade"],"picked":"Body Slam","floor":20},{"not_picked":["Cleave","Evolve"],"picked":"Flex","floor":30},{"not_picked":["Brutality","Limit Break"],"picked":"Barricade","floor":33},{"not_picked":["Havoc","Armaments","Sentinel"],"picked":"SKIP","floor":35},{"not_picked":["Heavy Blade","Warcry"],"picked":"Rupture","floor":37},{"not_picked":["Clash","Cleave"],"picked":"Immolate","floor":38},{"not_picked":["Pummel","Feel No Pain"],"picked":"Fire Breathing","floor":40},{"not_picked":["Feel No Pain","Headbutt"],"picked":"Uppercut+1","floor":41},{"not_picked":["Wild Strike+1","Iron Wave","Clothesline+1"],"picked":"SKIP","floor":44},{"not_picked":["Thunderclap","Carnage+1"],"picked":"Ghostly Armor+1","floor":46},{"not_picked":["Rage","Heavy Blade+1"],"picked":"Battle Trance+1","floor":47},{"not_picked":["Wild Strike","Havoc+1"],"picked":"Spot Weakness","floor":54}],"player_experience":356365,"relics_obtained":[{"floor":6,"key":"Happy Flower"},{"floor":8,"key":"Pear"},{"floor":10,"key":"Nunchaku"},{"floor":21,"key":"Strawberry"},{"floor":25,"key":"Thread and Needle"},{"floor":26,"key":"White Beast Statue"},{"floor":28,"key":"Bronze Scales"},{"floor":30,"key":"Pen Nib"},{"floor":40,"key":"Mercury Hourglass"},{"floor":43,"key":"PreservedInsect"},{"floor":44,"key":"Bottled Tornado"},{"floor":45,"key":"Art of War"},{"floor":47,"key":"Orichalcum"},{"floor":54,"key":"Gremlin Horn"}],"event_choices":[{"damage_healed":0,"gold_gain":100,"player_choice":"Pray","damage_taken":0,"max_hp_gain":0,"max_hp_loss":0,"event_name":"Golden Shrine","floor":2,"gold_loss":0},{"damage_healed":0,"gold_gain":0,"player_choice":"Success","damage_taken":3,"relics_obtained":["StoneCalendar"],"max_hp_gain":0,"max_hp_loss":0,"event_name":"Scrap Ooze","floor":5,"gold_loss":0},{"damage_healed":0,"gold_gain":2,"player_choice":"1","damage_taken":0,"max_hp_gain":0,"max_hp_loss":0,"event_name":"betterStone:BetterStone","floor":19,"gold_loss":0},{"damage_healed":0,"gold_gain":0,"player_choice":"Opened","damage_taken":0,"relics_obtained":["Eternal Feather"],"max_hp_gain":0,"max_hp_loss":0,"event_name":"The Mausoleum","floor":22,"gold_loss":0,"cards_obtained":["Writhe"]},{"cards_removed":["Writhe"],"damage_healed":0,"gold_gain":0,"player_choice":"Gave Gold","damage_taken":0,"max_hp_gain":0,"max_hp_loss":0,"event_name":"Beggar","floor":24,"gold_loss":75},{"cards_removed":["Shrug It Off"],"damage_healed":0,"gold_gain":0,"player_choice":"Removed Skill","damage_taken":0,"max_hp_gain":0,"max_hp_loss":0,"event_name":"Falling","floor":36,"gold_loss":0},{"damage_healed":0,"gold_gain":0,"player_choice":"Bought 0 Potions","damage_taken":0,"max_hp_gain":0,"max_hp_loss":0,"event_name":"The Woman in Blue","floor":39,"gold_loss":0}],"is_beta":false,"boss_relics":[{"not_picked":["energizedSpire:SpiderWeb","Runic Pyramid"],"picked":"energizedSpire:MagnifyingGlass"},{"not_picked":["energizedSpire:EnergizedDie","energizedSpire:RedRose"],"picked":"Astrolabe"}],"items_purged_floors":[],"is_endless":false,"potions_floor_spawned":[6,14,16,18,20,30,33,35,37,38,40,41,44,46,47,54],"ascension_level":1}}