{"host":"ndqkyrxelzss439h","time":1608047582,"event":{"mods":["2.2 Compatiblity","Act Like it!","BaseMod","Better Third Choice","Colored Map","Colored Powertips","Downfall","Highlight Path","Infinite Spire","Minty Spire (QoL Compilation)","Permanent Neow","Quick Restart","Replay The Spire","StSLib","Steal the Spire"],"gold_per_floor":[99,111,111,111,111,111,111,128,139,173,193,73,5,19,36,139,139,64,83,83,118,138,63,63,63,63,97,109,109,126,126,141,245,245,170,170,182,182,24,24,24,50,50,50,50,14,14,27,43,43,43,70,1,1,1],"floor_reached":56,"playtime":3201,"items_purged":[],"score":1180,"play_id":"4294d65c-2532-4268-a04f-c4c4f797bb71","local_time":"20201215105302","is_ascension_mode":false,"campfire_choices":[{"floor":3.0,"key":"RECALL"},{"data":"champ:VampiricStrike","floor":18.0,"key":"SMITH"},{"data":"champ:PerfectForm","floor":23,"key":"SMITH"},{"data":"champ:PerfectForm","floor":25,"key":"SMITH"},{"data":"champ:IronFortress","floor":35,"key":"SMITH"},{"data":"champ:Encircle","floor":38,"key":"SMITH"},{"data":"champ:DefensiveStyle","floor":40,"key":"SMITH"},{"data":"infinitespire:Starlight","floor":44,"key":"SMITH"},{"floor":54,"key":"REST"}],"circlet_count":0,"master_deck":["champ:Strike+1","champ:Strike+1","champ:Strike+1","champ:Strike+1","champ:Defend+1","champ:Defend+1","champ:Defend+1","champ:Defend+1","champ:Execute","champ:Taunt","champ:TornadoPunch","champ:BladeFlurry","champ:BladeFlurry","champ:FlashCut","champ:DeathBlow","champ:BringItOn","champ:DefensiveShout","champ:PerfectForm+1","champ:PerfectForm+1","champ:BringItOn","champ:FanOfKnives","champ:Backstep","champ:BringItOn","champ:VampiricStrike+1","champ:Duel","champ:SkillfulDodge","champ:Aggression","champ:IronFortress+1","champ:FlashCut","champ:BerserkerStyle","champ:Encircle+1","champ:HeavySlash","infinitespire:Starlight+1","champ:FlashCut","champ:DefensiveStyle+1","expansioncontent:Collect","champ:ShieldWall","champ:ViciousMockery","champ:RecklessLeap+1","champ:EndlessRage"],"relics":["Sozu","Ring of Searing","ReplayTheSpireMod:Ring of Collecting","Spirit Poop","Ring of Fury","Shuriken","SlaversCollar","downfall:HeartBlessingGreen","ReplayTheSpireMod:Ninjato","downfall:HeartBlessingBlue","Mercury Hourglass","Garlic","champ:BerserkersGuideToSlaughter","Strawberry","infinitespire:Cupcake","downfall:HeartBlessingRed","Replay:Towering Pillar of Hats","ReplayTheSpireMod:Lightbulb","Fusion Hammer","Pantograph","Oddly Smooth Stone"],"acts_visited":["Exordium","TheCity","TheBeyond","TheEnding"],"potions_floor_usage":[],"damage_taken":[{"damage":5.0,"enemies":"2 Louse","floor":2.0,"turns":3.0},{"damage":0.0,"enemies":"Cultist","floor":4.0,"turns":1.0},{"damage":9.0,"enemies":"Jaw Worm","floor":8.0,"turns":2.0},{"damage":15.0,"enemies":"Blue Slaver","floor":9.0,"turns":3.0},{"damage":19.0,"enemies":"Gremlin Nob","floor":10.0,"turns":3.0},{"damage":23.0,"enemies":"Exordium Thugs","floor":11.0,"turns":2.0},{"damage":46.0,"enemies":"downfall:FleeingMerchant","floor":12.0,"turns":4.0},{"damage":10.0,"enemies":"downfall:FleeingMerchant","floor":13.0,"turns":4.0},{"damage":7.0,"enemies":"Large Slime","floor":14.0,"turns":3.0},{"damage":15.0,"enemies":"3 Louse","floor":15.0,"turns":2.0},{"damage":11.0,"enemies":"downfall:Ironclad","floor":16.0,"turns":6.0},{"damage":10.0,"enemies":"Spheric Guardian","floor":19.0,"turns":3.0},{"damage":19,"enemies":"Replay:Snechameleon","floor":21,"turns":4},{"damage":20,"enemies":"Chosen","floor":22,"turns":4},{"damage":14,"enemies":"Gremlin Leader","floor":27,"turns":5},{"damage":8,"enemies":"Centurion and Healer","floor":28,"turns":2},{"damage":18,"enemies":"downfall:FleeingMerchant","floor":30,"turns":3},{"damage":21,"enemies":"Cultist and Chosen","floor":32,"turns":5},{"damage":47,"enemies":"downfall:Defect","floor":33,"turns":5},{"damage":25,"enemies":"Orb Walker","floor":37,"turns":3},{"damage":22,"enemies":"3 Shapes","floor":48,"turns":2},{"damage":25,"enemies":"Writhing Mass","floor":49,"turns":4},{"damage":108,"enemies":"downfall:Silent","floor":50,"turns":8},{"damage":81,"enemies":"downfall:CharBossMerchant","floor":52,"turns":6},{"damage":217,"enemies":"downfall:NeowBoss","floor":55,"turns":17}],"seed_played":"6794693261045802778","potions_obtained":[],"is_trial":false,"path_per_floor":["R_BF","M","R","M","?","?","T","M","M","E","M","$","$","M","M","B",null,"R","M","?","E","M","R","T","R","?","E","M","?","$","?","M","B",null,"R","?","M","R","$","R","T","?","?","R","?","$","AVR","M","M","B",null,"E","$","R","B",null],"character_chosen":"THE_CHAMP","items_purchased":["champ:PerfectForm","champ:FanOfKnives","champ:BerserkersGuideToSlaughter","Strawberry","champ:DefensiveStyle","expansioncontent:Collect","champ:ShieldWall","champ:EndlessRage"],"campfire_rested":1,"item_purchase_floors":[12,13,30,30,39,39,46,53],"current_hp_per_floor":[90,90,90,90,90,90,90,81,66,52,49,48,46,44,32,24,90,90,80,80,64,65,75,75,75,75,85,97,97,94,94,79,69,107,107,82,73,73,73,73,73,73,73,73,73,73,73,84,107,82,107,107,107,107,95],"gold":1,"neow_bonus":"BOSS_RELIC","is_daily":false,"chose_seed":false,"campfire_upgraded":7,"win_rate":0.0,"timestamp":1608047582,"path_taken":["R_BF","M","R","?","?","?","T","M","M","E","M","$","$","?","M","BOSS","R","M","?","E","M","R","T","R","?","E","M","?","$","?","M","BOSS","R","?","M","R","$","R","T","?","?","R","?","?","AVR","M","M","BOSS","E","$","R","BOSS"],"items_purchased_type":["Card","Card","Relic","Relic","Card","Card","Card","Card"],"build_version":"2020-12-13","purchased_purges":0,"victory":true,"max_hp_per_floor":[90,90,90,90,90,90,90,90,90,90,90,90,90,90,90,90,90,90,90,90,90,90,100,100,100,100,100,100,100,107,107,107,107,107,107,107,107,107,107,107,107,107,107,107,107,107,107,107,107,107,107,107,107,107,107],"card_choices":[{"not_picked":["champ:Circumvent","champ:ArenaPreparation"],"picked":"champ:TornadoPunch","floor":2.0},{"not_picked":["champ:FlashCut","champ:DefensiveShout"],"picked":"champ:BladeFlurry","floor":4.0},{"not_picked":["champ:PreciseThrust","champ:Haymaker"],"picked":"champ:BladeFlurry","floor":8.0},{"not_picked":["champ:StanceDance","champ:BerserkerStyle"],"picked":"champ:FlashCut","floor":9.0},{"not_picked":["champ:ArenaPreparation","champ:FlashCut"],"picked":"champ:DeathBlow","floor":10.0},{"not_picked":["champ:ShieldSlam","champ:CrookedStrike"],"picked":"champ:BringItOn","floor":11.0},{"not_picked":["champ:PerfectedStrike","champ:FlashCut"],"picked":"champ:DefensiveShout","floor":12.0},{"not_picked":["champ:DefensiveShout","champ:TornadoPunch"],"picked":"champ:BringItOn","floor":13.0},{"not_picked":["champ:Haymaker","champ:FlashCut"],"picked":"champ:Backstep","floor":14.0},{"not_picked":["champ:DefensiveShout","champ:FanOfKnives"],"picked":"champ:BringItOn","floor":15.0},{"not_picked":["champ:DancingMaster","champ:Improvising"],"picked":"champ:VampiricStrike","floor":16.0},{"not_picked":["champ:Backstep","champ:DeathBlow+1"],"picked":"champ:Duel","floor":19.0},{"not_picked":["champ:GladiatorsShout+1","champ:FocusedDefense"],"picked":"champ:SkillfulDodge","floor":21},{"not_picked":["champ:BladeFlurry+1","champ:TornadoPunch"],"picked":"champ:Aggression","floor":22},{"not_picked":["champ:AdrenalArmor","champ:PerfectedStrike+1"],"picked":"champ:IronFortress","floor":27},{"not_picked":["champ:FalseCounter+1","champ:FightOn"],"picked":"champ:FlashCut","floor":28},{"not_picked":["champ:Haymaker","champ:AdrenalArmor"],"picked":"champ:BerserkerStyle","floor":30},{"not_picked":["champ:FightOn","champ:Backstep"],"picked":"champ:Encircle","floor":32},{"not_picked":["champ:ShieldThrow","champ:LastStand"],"picked":"champ:HeavySlash","floor":33},{"not_picked":["infinitespire:NeuralNetwork","infinitespire:DeathsTouch"],"picked":"infinitespire:Starlight","floor":36},{"not_picked":["champ:DefensiveShout+1","champ:Haymaker+1"],"picked":"champ:FlashCut","floor":37},{"not_picked":["champ:Encircle","champ:StanceDance"],"picked":"champ:ViciousMockery","floor":48},{"not_picked":["champ:FlashCut","champ:StanceDance+1","champ:FocusedBerserking+1"],"picked":"SKIP","floor":49},{"not_picked":["champ:GladiatorsShout","champ:LastStand"],"picked":"champ:RecklessLeap+1","floor":52}],"player_experience":166101,"relics_obtained":[{"floor":5.0,"key":"Ring of Searing"},{"floor":5.0,"key":"ReplayTheSpireMod:Ring of Collecting"},{"floor":7.0,"key":"Ring of Fury"},{"floor":10.0,"key":"Shuriken"},{"floor":21,"key":"ReplayTheSpireMod:Ninjato"},{"floor":24,"key":"Mercury Hourglass"},{"floor":27,"key":"Garlic"},{"floor":41,"key":"Replay:Towering Pillar of Hats"},{"floor":42,"key":"ReplayTheSpireMod:Lightbulb"},{"floor":52,"key":"Oddly Smooth Stone"}],"event_choices":[{"cards_removed":["Looming Evil"],"damage_healed":0.0,"max_hp_gain":0.0,"max_hp_loss":0.0,"gold_gain":0.0,"event_name":"Bonfire Elementals","player_choice":"Offered Curse","floor":6.0,"gold_loss":0.0,"damage_taken":0.0,"relics_obtained":["Spirit Poop"]},{"damage_healed":0,"gold_gain":0,"player_choice":"Ignored","damage_taken":0,"max_hp_gain":0,"max_hp_loss":0,"event_name":"Ghosts","floor":20,"gold_loss":0},{"damage_healed":0,"gold_gain":0,"player_choice":"Simplicity","damage_taken":0,"max_hp_gain":0,"max_hp_loss":8,"event_name":"betterThird:BetterWriting","floor":26,"gold_loss":0},{"damage_healed":0,"gold_gain":0,"player_choice":"Ignored","damage_taken":0,"max_hp_gain":0,"max_hp_loss":0,"event_name":"Vampires","floor":29,"gold_loss":0}],"is_beta":false,"boss_relics":[{"not_picked":["Philosopher\u0027s Stone","ReplayTheSpireMod:SealedPack"],"picked":"SlaversCollar"},{"not_picked":["Kintsugi","Runic Pyramid"],"picked":"infinitespire:Cupcake"}],"items_purged_floors":[],"is_endless":false,"potions_floor_spawned":[8,10,14,16,21,22,27,28,33],"ascension_level":0}}