{"host":"0eehu6qr7ow50vpe","time":1608075993,"event":{"mods":["Act Like it!","Aspiration","BaseMod","Better Third Choice","BetterRewards","Colored Powertips","Conspire","Dota2Spire","Downfall","Friendly Minions","GifTheSpireLib","Halation","Hallownest","Hermit","Hubris","Infinite Spire","Minty Spire (QoL Compilation)","Potionbrewer","Quick Restart","Replay The Spire","Retaliation","Reworked Bosses","Robot Space Explorer","Shop Mod","StSLib","Stuff the Spire","The Blue Laboratory","The Bug Knight","The Disciple","The Factory","The Hayseed","The Jungle","The Runesmith","Thieving Mod","UnlockEverythingMod","Wandering Minibosses","vexMod"],"gold_per_floor":[117,133,150,166,178,178,198,198,198,214,195,220,152,162,162,162,162],"floor_reached":16,"playtime":1881,"items_purged":[],"score":133,"play_id":"20390fc9-d8ae-43d3-9402-45367e95cc3e","local_time":"20201215154633","is_ascension_mode":false,"campfire_choices":[{"floor":6,"key":"REST"},{"floor":15,"key":"REST"}],"circlet_count":0,"master_deck":["TheSimpletonMod:Strike_TheSimpleton","TheSimpletonMod:Strike_TheSimpleton","TheSimpletonMod:Strike_TheSimpleton","TheSimpletonMod:Strike_TheSimpleton","TheSimpletonMod:Defend_TheSimpleton","TheSimpletonMod:Defend_TheSimpleton","TheSimpletonMod:Defend_TheSimpleton","TheSimpletonMod:Defend_TheSimpleton","TheSimpletonMod:Haymaker","TheSimpletonMod:ReapAndSow","TheSimpletonMod:Ferment","TheSimpletonMod:ResearchGrant","TheSimpletonMod:CloseScrape","TheSimpletonMod:Corn","TheSimpletonMod:Fertilaser","TheSimpletonMod:Potatoes","TheSimpletonMod:Potatoes","TheSimpletonMod:CloseScrape","TheSimpletonMod:VolatileFumes","TheSimpletonMod:Corn","TheSimpletonMod:BumperCrop"],"relics":["TheSimpletonMod:SpudOfTheInnocent","TheSimpletonMod:NightSoil","StuffTheSpire:OccultApparatus","Pear"],"acts_visited":["Exordium"],"potions_floor_usage":[4,14,14,16],"damage_taken":[{"damage":1,"enemies":"Jaw Worm","floor":1,"turns":5},{"damage":5,"enemies":"Small Slimes","floor":2,"turns":6},{"damage":2,"enemies":"conspire:RoseBush","floor":3,"turns":6},{"damage":19,"enemies":"Gremlin Gang","floor":4,"turns":5},{"damage":11,"enemies":"Blue Slaver","floor":5,"turns":6},{"damage":10,"enemies":"3 Louse","floor":7,"turns":5},{"damage":16,"enemies":"Blue Slaver","floor":10,"turns":5},{"damage":0,"enemies":"Looter","floor":11,"turns":6},{"damage":28,"enemies":"Gremlin Nob","floor":12,"turns":4},{"damage":8,"enemies":"3 Louse","floor":14,"turns":2},{"damage":67,"enemies":"The Guardian","floor":16,"turns":8}],"seed_played":"-2288543219689398249","potions_obtained":[{"floor":2,"key":"blueLaboratory:BubblePotion"},{"floor":5,"key":"Dota2Spire:HealingSalve"},{"floor":7,"key":"potionbrewer:ToxicPotion"},{"floor":10,"key":"Explosive Potion"}],"is_trial":false,"path_per_floor":["M","M","M","M","M","R","M","?","T","M","M","E","$","M","R","B"],"character_chosen":"THE_SIMPLETON","items_purchased":["TheSimpletonMod:Corn"],"campfire_rested":2,"item_purchase_floors":[13],"current_hp_per_floor":[81,76,78,59,48,72,62,62,62,46,50,36,36,31,58,0,0],"gold":162,"neow_bonus":"TEN_PERCENT_HP_BONUS","is_daily":false,"chose_seed":false,"campfire_upgraded":0,"win_rate":0.0,"timestamp":1608075993,"path_taken":["M","M","M","M","M","R","M","?","T","M","M","E","$","M","R","BOSS"],"items_purchased_type":["Card"],"build_version":"2020-12-13","purchased_purges":0,"victory":false,"max_hp_per_floor":[82,82,82,82,82,82,82,82,82,82,82,92,92,92,92,92,92],"card_choices":[{"not_picked":["TheSimpletonMod:PestManagement","TheSimpletonMod:SlashAndBurn"],"picked":"TheSimpletonMod:Ferment","floor":1},{"not_picked":["TheSimpletonMod:SaladShooter","TheSimpletonMod:SlashAndBurn"],"picked":"TheSimpletonMod:ResearchGrant","floor":2},{"not_picked":["TheSimpletonMod:Sunseed","TheSimpletonMod:OnionBloom"],"picked":"TheSimpletonMod:CloseScrape","floor":3},{"not_picked":["TheSimpletonMod:SaladShooter","TheSimpletonMod:Swelter"],"picked":"TheSimpletonMod:Corn","floor":4},{"not_picked":["TheSimpletonMod:KeenEdge","TheSimpletonMod:SeedCoat"],"picked":"TheSimpletonMod:Fertilaser","floor":5},{"not_picked":["TheSimpletonMod:CrackOfDawn","TheSimpletonMod:OnionBloom"],"picked":"TheSimpletonMod:Potatoes","floor":7},{"not_picked":["TheSimpletonMod:ToughenUp","TheSimpletonMod:OnionBloom","TheSimpletonMod:Thresh"],"picked":"TheSimpletonMod:Potatoes","floor":10},{"not_picked":["TheSimpletonMod:SaladShooter","TheSimpletonMod:ControlledBurn"],"picked":"TheSimpletonMod:CloseScrape","floor":11},{"not_picked":["TheSimpletonMod:Sunseed","TheSimpletonMod:VineRipen"],"picked":"TheSimpletonMod:VolatileFumes","floor":12},{"not_picked":["TheSimpletonMod:CullingStrike","TheSimpletonMod:ControlledBurn"],"picked":"TheSimpletonMod:BumperCrop","floor":14}],"player_experience":203139,"relics_obtained":[{"floor":9,"key":"Question Card"},{"floor":12,"key":"Pear"}],"event_choices":[],"is_beta":false,"boss_relics":[],"items_purged_floors":[],"is_endless":false,"potions_floor_spawned":[2,5,7,10],"killed_by":"The Guardian","ascension_level":0}}