{"host":"zi8o4akxlgxypwgb","time":1608034987,"event":{"mods":["BaseMod","Minty Spire (QoL Compilation)","Replay The Spire","StSLib","SuperFastMode"],"gold_per_floor":[117,117,127,127,27,27,53,53,53,19,53,66,86,86,86,186,186,201,201,214,214,227,262,262,296,296,296,296,296,296,316,335,354,354,453,453,473,493,26,38,56,87,101,116,116,149,166,198,217,4,4,4],"floor_reached":53,"playtime":2950,"items_purged":["Strike_G","Defend_G"],"score":1709,"play_id":"e36edc01-f97c-4440-88b9-d7ebd0f3b444","local_time":"20201215202307","is_ascension_mode":true,"campfire_choices":[{"data":"Survivor","floor":6.0,"key":"SMITH"},{"data":"Dagger Throw","floor":8.0,"key":"SMITH"},{"data":"Dagger Throw","floor":24.0,"key":"SMITH"},{"data":"Accuracy","floor":27.0,"key":"SMITH"},{"data":"Cloak And Dagger","floor":34.0,"key":"SMITH"},{"data":"Flying Knee","floor":51,"key":"SMITH"}],"circlet_count":0,"master_deck":["Strike_G+1","Defend_G","Survivor+1","Neutralize+1","Die Die Die+1","Flying Knee+1","ReplayTheSpireMod:Necrosis+1","Cloak And Dagger+1","Dagger Throw+1","Dagger Throw+1","Deadly Poison","Slice+1","Calculated Gamble+1","Acrobatics+1","Distraction+1","Bullet Time+1","Blade Dance+1","Accuracy+1","Finisher+1","Night Terror+1","Terror+1","ReplayTheSpireMod:Tripwire+1","Deadly Poison+1","Acrobatics+1","Venomology+1","Prepared+1","Terror+1","Panache+1","Bane","Replay:Bootleg Shield Generator+1","Well Laid Plans+1","Deflect+1","Deflect+1","Flying Knee+1","Cloak And Dagger+1","Eviscerate+1","Hidden Blade+1","Dodge and Roll+1","Acrobatics+1","ReplayTheSpireMod:Doomed","Fluid Movement+1","ReplayTheSpireMod:Scrap Shanks+1","Tactician+1","Expertise+1","ReplayTheSpireMod:Scrap Shanks+1","Prepared+1"],"relics":["Astrolabe","PreservedInsect","Toxic Egg 2","Replay:Wax Seal","Replay:Towering Pillar of Hats","Ring of Peace","ReplayTheSpireMod:Ring of Collecting","Replay:Grab Bag","Cursed Key","Coffee Dripper","Empty Cage","WristBlade","HornCleat","Frozen Egg 2","Blue Doll","Ring of Panic","Ornamental Fan","Replay:Bronze Core","Kunai","Regal Pillow","ReplayTheSpireMod:Ring of Challenge","Blue Candle","Quantum Egg","Nunchaku"],"acts_visited":["Exordium","TheCity","TheBeyond"],"potions_floor_usage":[43,46,47,48,48,52,52],"damage_taken":[{"damage":0.0,"enemies":"2 Louse","floor":1.0,"turns":1.0},{"damage":4.0,"enemies":"Cultist","floor":3.0,"turns":3.0},{"damage":15.0,"enemies":"3 Sentries","floor":7.0,"turns":6.0},{"damage":0.0,"enemies":"Gremlin Nob","floor":11.0,"turns":2.0},{"damage":2.0,"enemies":"Jaw Worm","floor":12.0,"turns":2.0},{"damage":13.0,"enemies":"Blue Slaver","floor":13.0,"turns":2.0},{"damage":0.0,"enemies":"Fading Forest","floor":16.0,"turns":11.0},{"damage":0.0,"enemies":"3 Byrds","floor":18.0,"turns":5.0},{"damage":9.0,"enemies":"2 Thieves","floor":20.0,"turns":3.0},{"damage":0.0,"enemies":"3 Cultists","floor":22.0,"turns":4.0},{"damage":5.0,"enemies":"Book of Stabbing","floor":23.0,"turns":3.0},{"damage":0.0,"enemies":"Gremlin Leader","floor":25.0,"turns":3.0},{"damage":6.0,"enemies":"Snake Plant","floor":31.0,"turns":3.0},{"damage":0.0,"enemies":"Snecko","floor":32.0,"turns":3.0},{"damage":0.0,"enemies":"Shelled Parasite and Fungi","floor":33.0,"turns":2.0},{"damage":0.0,"enemies":"Pondfish","floor":35.0,"turns":7.0},{"damage":0.0,"enemies":"3 Shapes","floor":37.0,"turns":6.0},{"damage":0.0,"enemies":"Orb Walker","floor":38.0,"turns":3.0},{"damage":0.0,"enemies":"4 Shapes","floor":40.0,"turns":5.0},{"damage":5.0,"enemies":"Jaw Worm Horde","floor":41.0,"turns":5.0},{"damage":0,"enemies":"Giant Head","floor":42,"turns":5},{"damage":23,"enemies":"Spire Growth","floor":43,"turns":4},{"damage":7,"enemies":"4 Shapes","floor":44,"turns":3},{"damage":0,"enemies":"Nemesis","floor":46,"turns":3},{"damage":0,"enemies":"Maw","floor":47,"turns":5},{"damage":6,"enemies":"Reptomancer","floor":48,"turns":4},{"damage":1,"enemies":"Transient","floor":49,"turns":5},{"damage":141,"enemies":"Awakened One","floor":52,"turns":6}],"seed_played":"535877714010563697","potions_obtained":[{"floor":4.0,"key":"LifebloodPotion"},{"floor":4.0,"key":"Elixir"},{"floor":4.0,"key":"Toxic Potion"},{"floor":11.0,"key":"Reflective Coating"},{"floor":16.0,"key":"SmokeBomb"},{"floor":20.0,"key":"Elixir"},{"floor":22.0,"key":"Toxic Potion"},{"floor":31.0,"key":"Regen Potion"},{"floor":38.0,"key":"LiquidBronze"},{"floor":44,"key":"Swift Potion"},{"floor":46,"key":"SpeedPotion"},{"floor":47,"key":"FairyPotion"}],"is_trial":false,"path_per_floor":["M","?","M","?","$","R","E","R","T","$","E","M","M","?","R","B",null,"M","?","M","?","M","E","R","E","T","R","PTL","PTL","?","M","M","M","R","B",null,"M","M","$","M","M","E","M","M","T","E","M","E","M","$","R","B",null],"character_chosen":"THE_SILENT","items_purchased":["Dagger Throw","Slice+1","Panache+1","Bane","Replay:Bootleg Shield Generator+1","Well Laid Plans+1","Deflect+1","Flying Knee","Nunchaku","ReplayTheSpireMod:Scrap Shanks+1","Prepared+1"],"campfire_rested":0,"item_purchase_floors":[5,10,39,39,39,39,39,39,50,50,50],"current_hp_per_floor":[63,49,45,45,45,45,30,30,30,30,30,28,15,8,8,18,57,57,57,48,48,48,43,43,43,43,43,43,43,43,37,37,37,37,52,66,66,66,66,66,61,61,38,31,31,31,31,25,24,24,24,20],"gold":4,"neow_bonus":"BOSS_RELIC","is_daily":false,"chose_seed":false,"campfire_upgraded":6,"win_rate":0.0,"timestamp":1608034987,"path_taken":["M","?","M","?","$","R","E","R","T","$","E","?","M","?","R","BOSS","M","?","M","?","?","E","R","E","T","R","PTL","PTL","?","M","M","M","R","BOSS","M","M","$","M","M","E","M","M","T","E","?","E","M","$","R","BOSS"],"items_purchased_type":["Card","Card","Card","Card","Card","Card","Card","Card","Relic","Card","Card"],"build_version":"2020-12-13","purchased_purges":2,"victory":true,"max_hp_per_floor":[70,70,70,70,70,70,70,70,70,70,70,70,70,70,70,70,70,70,70,70,70,70,70,70,70,70,70,70,70,70,70,70,70,70,70,70,70,70,70,70,70,70,70,70,70,70,70,70,70,70,70,70],"card_choices":[{"not_picked":["Deflect","Dagger Spray"],"picked":"Cloak And Dagger","floor":1.0},{"not_picked":["Dodge and Roll","Concentrate"],"picked":"Dagger Throw","floor":3.0},{"not_picked":["Fluid Movement","Deflect"],"picked":"Deadly Poison","floor":7.0},{"not_picked":["Burst+1","Underhanded Strike"],"picked":"Calculated Gamble+1","floor":11.0},{"not_picked":["Dagger Spray","Bane"],"picked":"Acrobatics+1","floor":12.0},{"not_picked":["Blade Dance+1","Bane"],"picked":"Distraction+1","floor":13.0},{"not_picked":["Grand Finale","Poison Darts+1"],"picked":"Bullet Time+1","floor":16.0},{"not_picked":["Skewer","Quick Slash+1"],"picked":"Blade Dance+1","floor":18.0},{"not_picked":["Outmaneuver+1","Finisher"],"picked":"Accuracy","floor":20.0},{"not_picked":["Riddle With Holes","Dodge and Roll+1"],"picked":"Finisher+1","floor":22.0},{"not_picked":["Setup+1","ReplayTheSpireMod:Tripwire+1"],"picked":"Night Terror+1","floor":23.0},{"not_picked":["Dodge and Roll+1","Caltrops+1"],"picked":"Terror+1","floor":25.0},{"not_picked":["Bane","Bouncing Flask+1"],"picked":"ReplayTheSpireMod:Tripwire+1","floor":31.0},{"not_picked":["Quick Slash","Slice"],"picked":"Deadly Poison+1","floor":32.0},{"not_picked":["Poisoned Stab","Cloak And Dagger+1"],"picked":"Acrobatics+1","floor":33.0},{"not_picked":["ReplayTheSpireMod:From All Sides","Glass Knife"],"picked":"Venomology+1","floor":35.0},{"not_picked":["Draining Mist+1","ReplayTheSpireMod:Exploit Weakness+1"],"picked":"Prepared+1","floor":37.0},{"not_picked":["Tactician+1","Slice+1"],"picked":"Terror+1","floor":38.0},{"not_picked":["Dagger Throw+1","Deadly Poison+1"],"picked":"Cloak And Dagger+1","floor":40.0},{"not_picked":["Predator","Deflect+1"],"picked":"Eviscerate+1","floor":41.0},{"not_picked":["ReplayTheSpireMod:Tripwire+1","Outmaneuver+1"],"picked":"Hidden Blade+1","floor":42},{"not_picked":["Underhanded Strike","Outmaneuver+1"],"picked":"Dodge and Roll+1","floor":43},{"not_picked":["Distraction+1","Outmaneuver+1"],"picked":"Acrobatics+1","floor":44},{"not_picked":["Skewer","Deflect+1"],"picked":"Fluid Movement+1","floor":46},{"not_picked":["ReplayTheSpireMod:From All Sides","Masterful Stab"],"picked":"ReplayTheSpireMod:Scrap Shanks+1","floor":47},{"not_picked":["Fluid Movement+1","Deflect+1"],"picked":"Tactician+1","floor":48},{"not_picked":["Riddle With Holes","Flying Knee+1"],"picked":"Expertise+1","floor":49}],"player_experience":312119,"relics_obtained":[{"floor":7.0,"key":"PreservedInsect"},{"floor":9.0,"key":"Toxic Egg 2"},{"floor":11.0,"key":"Replay:Wax Seal"},{"floor":15.0,"key":"Ring of Peace"},{"floor":15.0,"key":"ReplayTheSpireMod:Ring of Collecting"},{"floor":23.0,"key":"Frozen Egg 2"},{"floor":25.0,"key":"Blue Doll"},{"floor":26.0,"key":"Ring of Panic"},{"floor":26.0,"key":"Ornamental Fan"},{"floor":42,"key":"Kunai"},{"floor":45,"key":"Regal Pillow"},{"floor":45,"key":"ReplayTheSpireMod:Ring of Challenge"},{"floor":46,"key":"Blue Candle"},{"floor":48,"key":"Quantum Egg"}],"event_choices":[{"damage_healed":0.0,"max_hp_gain":0.0,"max_hp_loss":0.0,"gold_gain":0.0,"event_name":"Shining Light","player_choice":"Entered Light","floor":2.0,"gold_loss":0.0,"damage_taken":14.0,"cards_upgraded":["Strike_G","Neutralize"]},{"damage_healed":0.0,"max_hp_gain":0.0,"max_hp_loss":0.0,"gold_gain":0.0,"event_name":"Lab","player_choice":"Got Potions","floor":4.0,"gold_loss":0.0,"damage_taken":0.0},{"damage_healed":0.0,"max_hp_gain":0.0,"max_hp_loss":0.0,"gold_gain":0.0,"event_name":"Scrap Ooze","player_choice":"Success","floor":14.0,"gold_loss":0.0,"damage_taken":7.0,"relics_obtained":["Replay:Towering Pillar of Hats"]},{"damage_healed":0.0,"max_hp_gain":0.0,"max_hp_loss":0.0,"gold_gain":0.0,"event_name":"Addict","player_choice":"Stole Relic","floor":19.0,"gold_loss":0.0,"damage_taken":0.0,"relics_obtained":["HornCleat"],"cards_obtained":["Shame"]},{"cards_removed":["Shame"],"damage_healed":0.0,"max_hp_gain":0.0,"max_hp_loss":0.0,"gold_gain":0.0,"event_name":"Fountain of Cleansing","player_choice":"Removed Curses","floor":21.0,"gold_loss":0.0,"damage_taken":0.0},{"cards_removed":["Defend_G"],"damage_healed":0.0,"max_hp_gain":0.0,"max_hp_loss":0.0,"gold_gain":0.0,"event_name":"Purifier","player_choice":"Purged","floor":30.0,"gold_loss":0.0,"damage_taken":0.0}],"is_beta":false,"boss_relics":[{"not_picked":["Ectoplasm","ChewingGum"],"picked":"Replay:Grab Bag"},{"not_picked":["Busted Crown","Philosopher\u0027s Stone"],"picked":"Cursed Key"},{"not_picked":["SlaversCollar","Runic Dome"],"picked":"Coffee Dripper"},{"not_picked":["SacredBark","Ring of Chaos"],"picked":"Empty Cage"},{"not_picked":["Tiny House","Kintsugi"],"picked":"WristBlade"},{"not_picked":["Replay:Wanted Poster","Replay:Drink Me"],"picked":"Replay:Bronze Core"}],"items_purged_floors":[5,39],"is_endless":false,"potions_floor_spawned":[11,12,16,20,22,31,33,38,42,44,46,47],"ascension_level":6}}