{"host":"wshh0nphwn6jv7vj","time":1608031528,"event":{"mods":["BaseMod","Bestiary","Minty Spire (QoL Compilation)"],"gold_per_floor":[13,28,38,3,3,333,333,343,415,415,433,445,445,457,457,534,534,519,519,519,529,10,44,64,75,125,125,157,174,199,219,219,292,292,310,310,323,323,339,339,373,130,199,211,211,246,266,1,1,1,1],"floor_reached":50,"playtime":3230,"items_purged":["Defend_G","Parasite"],"score":1016,"play_id":"5911ec9d-8269-4752-9456-b6cb96ffe46b","local_time":"20201215062528","is_ascension_mode":true,"campfire_choices":[{"data":"Apotheosis","floor":7,"key":"SMITH"},{"floor":10,"key":"REST"},{"floor":15,"key":"RECALL"},{"data":"Caltrops","floor":32,"key":"SMITH"},{"floor":40,"key":"REST"},{"floor":45,"key":"REST"},{"data":"Neutralize","floor":49,"key":"SMITH"}],"circlet_count":0,"master_deck":["AscendersBane","Defend_G+1","Defend_G","Survivor+1","Neutralize+1","Apotheosis+1","Dodge and Roll","Caltrops+1","Backflip","Blur","Dodge and Roll","Deadly Poison","Quick Slash","Die Die Die","Cloak And Dagger","Bite","Bite","Bite","Necronomicurse","Doppelganger","Backstab+1","Well Laid Plans+1","PanicButton+1","Madness","Madness","Poisoned Stab+1","Backflip","Backstab"],"relics":["Ring of the Snake","Old Coin","Sundial","Busted Crown","Anchor","War Paint","TwistedFunnel","Snake Skull","Necronomicon","Dead Branch","Bronze Scales","Astrolabe","Bottled Tornado","Pen Nib","Ninja Scroll","Art of War","OrangePellets"],"acts_visited":["Exordium","TheCity","TheBeyond"],"potions_floor_usage":[6,16,16,23,24,30,33,37,46,46],"damage_taken":[{"damage":0,"enemies":"2 Louse","floor":1,"turns":5},{"damage":0,"enemies":"Jaw Worm","floor":2,"turns":4},{"damage":2,"enemies":"Small Slimes","floor":3,"turns":5},{"damage":12,"enemies":"Gremlin Nob","floor":6,"turns":5},{"damage":38,"enemies":"Exordium Thugs","floor":8,"turns":9},{"damage":0,"enemies":"Large Slime","floor":11,"turns":8},{"damage":0,"enemies":"2 Fungi Beasts","floor":12,"turns":4},{"damage":0,"enemies":"Blue Slaver","floor":14,"turns":4},{"damage":25,"enemies":"Slime Boss","floor":16,"turns":20},{"damage":8,"enemies":"2 Thieves","floor":18,"turns":4},{"damage":4,"enemies":"Shell Parasite","floor":21,"turns":7},{"damage":25,"enemies":"Slavers","floor":23,"turns":7},{"damage":0,"enemies":"Chosen and Byrds","floor":24,"turns":4},{"damage":0,"enemies":"Snake Plant","floor":25,"turns":3},{"damage":22,"enemies":"Gremlin Leader","floor":28,"turns":8},{"damage":22,"enemies":"Cultist and Chosen","floor":29,"turns":5},{"damage":13,"enemies":"Book of Stabbing","floor":30,"turns":5},{"damage":0,"enemies":"Shelled Parasite and Fungi","floor":31,"turns":5},{"damage":25,"enemies":"Collector","floor":33,"turns":9},{"damage":4,"enemies":"3 Shapes","floor":35,"turns":4},{"damage":14,"enemies":"Orb Walker","floor":37,"turns":3},{"damage":29,"enemies":"Writhing Mass","floor":39,"turns":5},{"damage":22,"enemies":"Nemesis","floor":41,"turns":7},{"damage":19,"enemies":"Maw","floor":44,"turns":7},{"damage":11,"enemies":"Giant Head","floor":46,"turns":6},{"damage":0,"enemies":"Jaw Worm Horde","floor":47,"turns":2},{"damage":41,"enemies":"Awakened One","floor":50,"turns":9}],"seed_played":"-6023823908967618257","potions_obtained":[{"floor":1,"key":"Poison Potion"},{"floor":8,"key":"Energy Potion"},{"floor":11,"key":"Ancient Potion"},{"floor":12,"key":"Regen Potion"},{"floor":13,"key":"PowerPotion"},{"floor":18,"key":"FearPotion"},{"floor":23,"key":"ColorlessPotion"},{"floor":29,"key":"AttackPotion"},{"floor":31,"key":"Weak Potion"},{"floor":35,"key":"Weak Potion"},{"floor":37,"key":"SteroidPotion"},{"floor":44,"key":"PowerPotion"}],"is_trial":false,"path_per_floor":["M","M","M","?","?","E","R","M","T","R","M","M","?","M","R","B",null,"M","?","?","M","$","E","M","M","T","?","E","M","E","M","R","B",null,"M","?","M","?","M","R","E","$","T","M","R","E","M","$","R","B"],"character_chosen":"THE_SILENT","items_purchased":["Anchor","War Paint","TwistedFunnel","Pen Nib","OrangePellets","Backflip","Backstab"],"campfire_rested":3,"item_purchase_floors":[22,22,22,42,48,48,48],"current_hp_per_floor":[59,59,57,66,66,54,54,16,16,35,35,35,35,35,35,25,56,48,46,35,46,46,35,46,51,51,30,41,35,30,42,42,32,46,51,42,36,36,12,27,20,20,20,6,20,25,31,31,31,0,0],"gold":1,"neow_bonus":"RANDOM_COLORLESS_2","is_daily":false,"chose_seed":false,"campfire_upgraded":3,"win_rate":0.0,"timestamp":1608031528,"path_taken":["M","M","M","?","?","E","R","M","T","R","M","M","?","M","R","BOSS","M","?","?","M","$","E","M","M","T","?","E","M","E","M","R","BOSS","M","?","M","?","M","R","E","?","T","M","R","E","M","?","R","BOSS"],"items_purchased_type":["Relic","Relic","Relic","Relic","Relic","Card","Card"],"build_version":"2020-12-13","purchased_purges":2,"victory":false,"max_hp_per_floor":[66,66,66,66,66,66,66,66,66,66,66,66,66,66,66,66,66,66,46,51,51,51,51,51,51,51,51,51,51,51,51,51,51,51,51,51,51,51,51,51,51,48,48,48,48,48,48,48,48,48,48],"card_choices":[{"not_picked":["Chrysalis","Secret Weapon"],"picked":"Apotheosis","floor":0},{"not_picked":["Predator","Slice"],"picked":"Dodge and Roll","floor":1},{"not_picked":["Underhanded Strike","Outmaneuver","Tactician"],"picked":"SKIP","floor":2},{"not_picked":["Dagger Throw","Dodge and Roll"],"picked":"Caltrops","floor":3},{"not_picked":["Eviscerate","Phantasmal Killer"],"picked":"Backflip","floor":6},{"not_picked":["Bane","Slice"],"picked":"Blur","floor":8},{"not_picked":["Underhanded Strike","Corpse Explosion"],"picked":"Dodge and Roll","floor":11},{"not_picked":["Eviscerate","Expertise"],"picked":"Deadly Poison","floor":12},{"not_picked":["Cloak And Dagger","Acrobatics"],"picked":"Quick Slash","floor":14},{"not_picked":["Night Terror","Doppelganger"],"picked":"Die Die Die","floor":16},{"not_picked":[],"picked":"Cloak And Dagger","floor":18},{"not_picked":["Underhanded Strike"],"picked":"SKIP","floor":21},{"not_picked":["Blade Dance"],"picked":"SKIP","floor":23},{"not_picked":["Flying Knee+1"],"picked":"SKIP","floor":24},{"not_picked":["Prepared"],"picked":"SKIP","floor":25},{"not_picked":["Bane"],"picked":"SKIP","floor":28},{"not_picked":["Prepared"],"picked":"SKIP","floor":29},{"not_picked":["Acrobatics+1"],"picked":"SKIP","floor":30},{"not_picked":["Eviscerate"],"picked":"SKIP","floor":31},{"not_picked":[],"picked":"Doppelganger","floor":33},{"not_picked":["Slice"],"picked":"SKIP","floor":35},{"not_picked":["Cloak And Dagger"],"picked":"SKIP","floor":37},{"not_picked":["Quick Slash"],"picked":"SKIP","floor":39},{"not_picked":["Poisoned Stab"],"picked":"SKIP","floor":41},{"not_picked":[],"picked":"Poisoned Stab+1","floor":44},{"not_picked":["Poisoned Stab"],"picked":"SKIP","floor":46},{"not_picked":["Poisoned Stab"],"picked":"SKIP","floor":47}],"player_experience":1410618,"relics_obtained":[{"floor":6,"key":"Old Coin"},{"floor":9,"key":"Sundial"},{"floor":23,"key":"Snake Skull"},{"floor":27,"key":"Necronomicon"},{"floor":28,"key":"Dead Branch"},{"floor":30,"key":"Bronze Scales"},{"floor":41,"key":"Bottled Tornado"},{"floor":43,"key":"Ninja Scroll"},{"floor":46,"key":"Art of War"}],"event_choices":[{"damage_healed":16,"gold_gain":0,"player_choice":"Healed","damage_taken":0,"max_hp_gain":0,"max_hp_loss":0,"event_name":"The Cleric","floor":4,"gold_loss":35},{"damage_healed":0,"gold_gain":0,"player_choice":"Ignored","damage_taken":0,"max_hp_gain":0,"max_hp_loss":0,"event_name":"Liars Game","floor":5,"gold_loss":0},{"damage_healed":0,"gold_gain":0,"player_choice":"Got Potions","damage_taken":0,"max_hp_gain":0,"max_hp_loss":0,"event_name":"Lab","floor":13,"gold_loss":0},{"damage_healed":0,"gold_gain":0,"player_choice":"Became a vampire","damage_taken":0,"max_hp_gain":0,"max_hp_loss":20,"event_name":"Vampires","floor":19,"gold_loss":0,"cards_obtained":["Bite","Bite","Bite","Bite","Bite"]},{"damage_healed":0,"gold_gain":0,"player_choice":"Shed Blood","damage_taken":16,"max_hp_gain":5,"max_hp_loss":0,"event_name":"Forgotten Altar","floor":20,"gold_loss":0},{"damage_healed":0,"gold_gain":0,"player_choice":"Obtained Book","damage_taken":21,"max_hp_gain":0,"max_hp_loss":0,"event_name":"Cursed Tome","floor":27,"gold_loss":0},{"damage_healed":0,"gold_gain":0,"player_choice":"Embrace Madness","damage_taken":9,"max_hp_gain":0,"max_hp_loss":0,"event_name":"Winding Halls","floor":36,"gold_loss":0,"cards_obtained":["Madness","Madness"]},{"cards_removed":["Bite"],"damage_healed":0,"gold_gain":0,"player_choice":"Removed Attack","damage_taken":0,"max_hp_gain":0,"max_hp_loss":0,"event_name":"Falling","floor":38,"gold_loss":0}],"is_beta":false,"boss_relics":[{"not_picked":["Ring of the Serpent","Snecko Eye"],"picked":"Busted Crown"},{"not_picked":["Black Star","Pandora\u0027s Box"],"picked":"Astrolabe"}],"items_purged_floors":[22,42],"is_endless":false,"potions_floor_spawned":[1,8,11,12,18,23,29,31,35,37,44],"killed_by":"Awakened One","ascension_level":15}}