{"host":"8qb550oiisecbnz6","time":1608070445,"event":{"mods":["AchievementEnabler","BaseMod","Colored Map","Colored Powertips","Minty Spire (QoL Compilation)","Quick Restart","Slay-I","StSLib"],"gold_per_floor":[117,292,292,95,109,135,135,145,171,199,215,115,144,154,154,249,249,262,290,290,308,223,223,69,69,94,94,124,139,153,28,28,131,131,144,144,144,144,159,192,192,192],"floor_reached":41,"playtime":2851,"items_purged":["Strike_G","Strike_G","Unload"],"score":634,"play_id":"58008d62-9796-43b0-8cc0-6cb66dff000c","local_time":"20201215231405","is_ascension_mode":true,"campfire_choices":[{"data":"Poisoned Stab","floor":7,"key":"SMITH"},{"data":"After Image","floor":15,"key":"SMITH"},{"data":"Terror","floor":23,"key":"SMITH"},{"data":"Infinite Blades","floor":25,"key":"SMITH"},{"data":"Dash","floor":27,"key":"SMITH"},{"data":"Dash","floor":32,"key":"SMITH"}],"circlet_count":0,"master_deck":["Survivor","Neutralize","Dash+1","Noxious Fumes","Poisoned Stab","Catalyst","Infinite Blades+1","After Image+1","Corpse Explosion","Leg Sweep","Acrobatics","Backstab","Heel Hook","Escape Plan","Venomology","Backstab","Terror+1","Finisher","Dash+1","Envenom","Bouncing Flask+1","Madness","Madness","Deflect+1","Cloak And Dagger+1"],"relics":["Ring of the Serpent","NeowsBlessing","Vajra","Pen Nib","Bottled Flame","Bottled Lightning","Pandora\u0027s Box","Red Mask","Pear","Bag of Marbles","Nunchaku","White Beast Statue","Ninja Scroll"],"acts_visited":["Exordium","TheCity","TheBeyond"],"potions_floor_usage":[10,16,16,16,18,19,19,19,28,30,33,33,35,39,40,40,40,41,41,41],"damage_taken":[{"damage":0,"enemies":"Jaw Worm","floor":1,"turns":1},{"damage":0,"enemies":"Small Slimes","floor":5,"turns":1},{"damage":0,"enemies":"Lagavulin","floor":6,"turns":1},{"damage":1,"enemies":"Cultist","floor":8,"turns":3},{"damage":17,"enemies":"Gremlin Nob","floor":10,"turns":4},{"damage":2,"enemies":"Lots of Slimes","floor":11,"turns":4},{"damage":12,"enemies":"3 Sentries","floor":13,"turns":6},{"damage":1,"enemies":"Red Slaver","floor":14,"turns":3},{"damage":7,"enemies":"Slime Boss","floor":16,"turns":10},{"damage":10,"enemies":"3 Byrds","floor":18,"turns":3},{"damage":0,"enemies":"Masked Bandits","floor":19,"turns":3},{"damage":17,"enemies":"Spheric Guardian","floor":21,"turns":6},{"damage":1,"enemies":"Gremlin Leader","floor":28,"turns":4},{"damage":0,"enemies":"3 Cultists","floor":29,"turns":3},{"damage":1,"enemies":"Snake Plant","floor":30,"turns":2},{"damage":4,"enemies":"Automaton","floor":33,"turns":5},{"damage":16,"enemies":"3 Shapes","floor":35,"turns":3},{"damage":5,"enemies":"Orb Walker","floor":39,"turns":3},{"damage":32,"enemies":"Nemesis","floor":40,"turns":6},{"damage":7,"enemies":"Maw","floor":41,"turns":4}],"seed_played":"7955830685123891304","potions_obtained":[{"floor":1,"key":"Energy Potion"},{"floor":5,"key":"SteroidPotion"},{"floor":8,"key":"Poison Potion"},{"floor":13,"key":"EntropicBrew"},{"floor":18,"key":"Strength Potion"},{"floor":21,"key":"EntropicBrew"},{"floor":29,"key":"FearPotion"},{"floor":30,"key":"DuplicationPotion"},{"floor":33,"key":"LiquidMemories"},{"floor":35,"key":"Swift Potion"},{"floor":39,"key":"BlessingOfTheForge"}],"is_trial":false,"path_per_floor":["M","?","?","$","M","E","R","M","T","E","M","$","E","M","R","B",null,"M","?","?","M","?","R","$","R","T","R","E","M","M","$","R","B",null,"M","?","$","?","M","E","M"],"character_chosen":"THE_SILENT","items_purchased":["Noxious Fumes","Poisoned Stab","Bag of Marbles"],"campfire_rested":0,"item_purchase_floors":[4,4,24],"current_hp_per_floor":[70,70,70,70,70,70,70,69,69,52,50,50,38,37,37,30,60,50,50,50,33,43,43,43,43,43,43,42,42,41,41,41,37,69,53,43,43,43,38,6,0,0],"gold":192,"neow_bonus":"THREE_ENEMY_KILL","is_daily":false,"chose_seed":false,"campfire_upgraded":6,"win_rate":0.0,"timestamp":1608070445,"path_taken":["M","?","?","?","?","E","R","M","T","E","M","?","E","M","R","BOSS","M","?","?","M","?","R","$","R","T","R","E","M","M","$","R","BOSS","M","?","$","?","M","E","M"],"items_purchased_type":["Card","Card","Relic"],"build_version":"2020-12-13","purchased_purges":3,"victory":false,"max_hp_per_floor":[70,70,70,70,70,70,70,70,70,70,70,70,70,70,70,70,70,70,70,70,70,80,80,80,80,80,80,80,80,80,80,80,80,80,80,80,80,80,80,80,80,80],"card_choices":[{"not_picked":["Expertise","Acrobatics"],"picked":"Dash","floor":1},{"not_picked":["Blade Dance","Quick Slash"],"picked":"Catalyst","floor":5},{"not_picked":["Distraction","Predator"],"picked":"Poisoned Stab","floor":6},{"not_picked":["Dodge and Roll","Prepared"],"picked":"Infinite Blades","floor":8},{"not_picked":["Underhanded Strike","Deflect","Leg Sweep"],"picked":"SKIP","floor":10},{"not_picked":["Sucker Punch","Outmaneuver"],"picked":"After Image","floor":11},{"not_picked":["Blade Dance","Unload","Sucker Punch"],"picked":"SKIP","floor":13},{"not_picked":["Deadly Poison","Underhanded Strike","Heel Hook"],"picked":"SKIP","floor":14},{"not_picked":["Doppelganger","Night Terror"],"picked":"Corpse Explosion","floor":16},{"not_picked":["Bane","Poisoned Stab","Riddle With Holes"],"picked":"SKIP","floor":18},{"not_picked":["Dagger Throw+1","Sucker Punch"],"picked":"Terror","floor":19},{"not_picked":["Poisoned Stab","Bane"],"picked":"Finisher","floor":21},{"not_picked":["Escape Plan","Choke"],"picked":"Dash","floor":28},{"not_picked":["Bane+1","Slice","Poisoned Stab"],"picked":"SKIP","floor":29},{"not_picked":["Bane","Sucker Punch","Deadly Poison"],"picked":"SKIP","floor":30},{"not_picked":["Wraith Form v2","Venomology"],"picked":"Envenom","floor":33},{"not_picked":["Dodge and Roll","Heel Hook"],"picked":"Bouncing Flask+1","floor":35},{"not_picked":["Escape Plan","Dagger Throw+1"],"picked":"Deflect+1","floor":39},{"not_picked":["Dagger Spray","Escape Plan"],"picked":"Cloak And Dagger+1","floor":40}],"player_experience":352980,"relics_obtained":[{"floor":6,"key":"Vajra"},{"floor":9,"key":"Pen Nib"},{"floor":10,"key":"Bottled Flame"},{"floor":13,"key":"Bottled Lightning"},{"floor":19,"key":"Red Mask"},{"floor":26,"key":"Nunchaku"},{"floor":28,"key":"White Beast Statue"},{"floor":40,"key":"Ninja Scroll"}],"event_choices":[{"damage_healed":0,"gold_gain":175,"player_choice":"AGREE","damage_taken":0,"max_hp_gain":0,"max_hp_loss":0,"event_name":"Liars Game","floor":2,"gold_loss":0,"cards_obtained":["Doubt"]},{"cards_removed":["Doubt"],"damage_healed":0,"gold_gain":0,"player_choice":"Forget","damage_taken":0,"max_hp_gain":0,"max_hp_loss":0,"event_name":"Living Wall","floor":3,"gold_loss":0},{"damage_healed":0,"gold_gain":0,"player_choice":"Fought Bandits","damage_taken":0,"max_hp_gain":0,"max_hp_loss":0,"event_name":"Masked Bandits","floor":19,"gold_loss":0},{"damage_healed":0,"gold_gain":0,"player_choice":"Ignored","damage_taken":0,"max_hp_gain":0,"max_hp_loss":0,"event_name":"Ghosts","floor":20,"gold_loss":0},{"damage_healed":0,"gold_gain":0,"player_choice":"Obtained Relic","damage_taken":0,"relics_obtained":["Pear"],"max_hp_gain":0,"max_hp_loss":0,"event_name":"Addict","floor":22,"gold_loss":85},{"damage_healed":0,"gold_gain":0,"player_choice":"Embrace Madness","damage_taken":10,"max_hp_gain":0,"max_hp_loss":0,"event_name":"Winding Halls","floor":36,"gold_loss":0,"cards_obtained":["Madness","Madness"]},{"cards_removed":["Poisoned Stab"],"damage_healed":0,"gold_gain":0,"player_choice":"Removed Attack","damage_taken":0,"max_hp_gain":0,"max_hp_loss":0,"event_name":"Falling","floor":38,"gold_loss":0}],"is_beta":false,"boss_relics":[{"not_picked":["Empty Cage","Ectoplasm"],"picked":"Pandora\u0027s Box"},{"not_picked":["Sozu","Astrolabe"],"picked":"Ring of the Serpent"}],"items_purged_floors":[4,12,31],"is_endless":false,"potions_floor_spawned":[1,5,8,13,16,18,21,29,30,33,35,39,40],"killed_by":"Maw","ascension_level":5}}