{"host":"rwzz6mk6bpmb57ql","time":1608065077,"event":{"mods":["AchievementEnabler","BaseMod","BetterRewards","Colored Map","Highlight Path","Hubris","Minty Spire (QoL Compilation)","Replay The Spire","StSLib"],"gold_per_floor":[5114,5129,5147,5163,5183,5183,5214,4649,4649,4002,4014,4025,4058,4069,4069,4168,4168,4179,4179,3718,3735,2933,2933,2960,3059,3083,3183,2201,2201,2227,2227,2227,2343,2343,2369,2369,1821,1821,2031,2031,1251,1291,1339,1339,1339,1366,1366,1388,1388,1402,1402,1402,977,1017,1025],"floor_reached":56,"playtime":3189,"items_purged":["Strike_R","Strike_R","Infernal Blade","Defend_R","Defend_R","Discovery+1"],"score":1981,"play_id":"8bdc8b32-d925-4808-96f8-a4bd586417df","local_time":"20201215144437","is_ascension_mode":true,"campfire_choices":[{"data":"Bloodletting","floor":6,"key":"SMITH"},{"floor":15,"key":"RECALL"},{"data":"Bash","floor":23,"key":"SMITH"},{"data":"Defy Death","floor":29,"key":"SMITH"},{"data":"hubris:EnhanceAbility","floor":32,"key":"SMITH"},{"floor":40,"key":"REST"},{"data":"1","floor":44,"key":"LIFT"},{"data":"Shrug It Off","floor":49,"key":"SMITH"},{"data":"Shrug It Off","floor":52,"key":"SMITH"}],"circlet_count":0,"master_deck":["Defend_R+1","Bash+1","Clothesline+1","Cleave+1","Bloodletting+1","Hemokinesis+1","Fire Breathing+1","Barricade+1","Seeing Red+1","Metallicize+1","Disarm+1","Inflame+1","Seeing Red+1","Combust+1","Good Instincts+1","Inflame+1","Brutality+1","hubris:StunningStrike+1","ReplayTheSpireMod:Brewmster+1","Defy Death+1","Shrug It Off+1","hubris:EnhanceAbility+1","Discovery+1","Disarm+1","Madness+1","Fire Breathing+1","Rupture","Shrug It Off+1","Metallicize+1","Shrug It Off+1","Ghostly Armor+1"],"relics":["Burning Blood","Happy Flower","Mummified Hand","Regal Pillow","Self Forming Clay","Pen Nib","Pantograph","Replay:Drink Me","King of Hearts","Cauldron","Red Skull","Calipers","hubris:IronBody","Bag of Marbles","Girya","Bottled Lightning","ReplayTheSpireMod:ShopPack","Replay:Bandana","Runic Cube","HandDrill","Replay:Mystery Machine","Mark of the Bloom","Bronze Scales","Replay:Baseball","Sling","ReplayTheSpireMod:TigerMarble","ReplayTheSpireMod:Spearhead","Membership Card","Replay:Rubber Ducky","Replay:Kaleidoscope","Lantern"],"acts_visited":["Exordium","TheCity","TheBeyond","TheEnding"],"potions_floor_usage":[11,13,14,16,18,19,20,27,27,33,33,33,35,42,45,46,48,48,50,50,50,50,50,50,54,54,54,54,54,54,55,55,55,55,55],"damage_taken":[{"damage":4,"enemies":"Cultist","floor":1,"turns":3},{"damage":3,"enemies":"2 Louse","floor":2,"turns":3},{"damage":12,"enemies":"Small Slimes","floor":3,"turns":3},{"damage":14,"enemies":"Looter","floor":4,"turns":2},{"damage":10,"enemies":"3 Louse","floor":5,"turns":3},{"damage":44,"enemies":"Gremlin Nob","floor":7,"turns":5},{"damage":5,"enemies":"Exordium Thugs","floor":11,"turns":4},{"damage":7,"enemies":"2 Fungi Beasts","floor":12,"turns":3},{"damage":30,"enemies":"3 Sentries","floor":13,"turns":7},{"damage":6,"enemies":"Blue Slaver","floor":14,"turns":2},{"damage":6,"enemies":"Slime Boss","floor":16,"turns":9},{"damage":23,"enemies":"3 Byrds","floor":18,"turns":4},{"damage":0,"enemies":"Spheric Guardian","floor":19,"turns":1},{"damage":12,"enemies":"3 Cultists","floor":21,"turns":5},{"damage":9,"enemies":"Replay:Snechameleon","floor":24,"turns":5},{"damage":21,"enemies":"Colosseum Slavers","floor":27,"turns":4},{"damage":6,"enemies":"Colosseum Nobs","floor":27,"turns":3},{"damage":10,"enemies":"Gremlin Leader","floor":30,"turns":5},{"damage":15,"enemies":"Collector","floor":33,"turns":6},{"damage":7,"enemies":"Orb Walker","floor":35,"turns":3},{"damage":12,"enemies":"Reptomancer","floor":42,"turns":4},{"damage":0,"enemies":"3 Shapes","floor":45,"turns":1},{"damage":11,"enemies":"Sphere and 2 Shapes","floor":46,"turns":4},{"damage":7,"enemies":"Jaw Worm Horde","floor":48,"turns":2},{"damage":31,"enemies":"Awakened One","floor":50,"turns":10},{"damage":4,"enemies":"Shield and Spear","floor":54,"turns":6},{"damage":8,"enemies":"The Heart","floor":55,"turns":8}],"seed_played":"9208545190695215825","potions_obtained":[{"floor":3,"key":"CultistPotion"},{"floor":4,"key":"SmokeBomb"},{"floor":7,"key":"Adrenaline Potion"},{"floor":13,"key":"BloodPotion"},{"floor":14,"key":"PowerPotion"},{"floor":16,"key":"Block Potion"},{"floor":20,"key":"Fruit Juice"},{"floor":20,"key":"Cursed Concoction"},{"floor":20,"key":"SkillPotion"},{"floor":24,"key":"AttackPotion"},{"floor":27,"key":"PowerPotion"},{"floor":48,"key":"Doom Potion"},{"floor":54,"key":"Dexterity Potion"}],"is_trial":false,"path_per_floor":["M","M","M","M","M","R","E","$","T","$","M","M","E","M","R","B",null,"M","M","$","M","$","R","E","?","T","?","$","R","E","?","R","B",null,"M","?","$","?","?","R","$","E","T","R","M","M","?","M","R","B",null,"R","$","E","B",null],"character_chosen":"IRONCLAD","items_purchased":["Mummified Hand","Regal Pillow","Fire Breathing","Barricade","Seeing Red","Self Forming Clay","Pen Nib","Inflame","King of Hearts","Cauldron","Forethought","Combust","Good Instincts","Infernal Blade","Red Skull","Calipers","Brutality","hubris:StunningStrike","ReplayTheSpireMod:Brewmster","ReplayTheSpireMod:ShopPack","Discovery","Defy Death","Shrug It Off","Fire Breathing","HandDrill","Replay:Mystery Machine","Bronze Scales","Replay:Baseball","Rupture","Shrug It Off","Sling","Membership Card","Replay:Rubber Ducky","Replay:Kaleidoscope","SpeedPotion","SkillPotion"],"campfire_rested":1,"item_purchase_floors":[8,8,8,10,10,10,10,20,20,20,20,22,22,22,22,22,28,28,28,28,28,28,28,37,37,37,41,41,41,41,41,53,53,53,53,53],"current_hp_per_floor":[160,160,154,146,142,142,104,104,104,104,105,104,80,112,112,137,120,103,109,114,108,108,108,105,105,105,90,90,90,86,125,125,116,123,122,106,106,106,75,75,75,63,63,63,63,52,52,45,45,14,14,14,14,10,2],"gold":1025,"neow_bonus":"TRANSFORM_CARD","is_daily":false,"chose_seed":false,"campfire_upgraded":6,"win_rate":0.0,"timestamp":1608065077,"path_taken":["M","M","M","?","M","R","E","$","T","$","M","?","E","M","R","BOSS","M","?","?","?","$","R","E","?","T","?","$","R","E","?","R","BOSS","M","?","$","?","?","R","$","E","T","R","M","?","?","M","R","BOSS","R","$","E","BOSS"],"items_purchased_type":["Relic","Relic","Card","Card","Card","Relic","Relic","Card","Relic","Relic","Card","Card","Card","Card","Relic","Relic","Card","Card","Card","Relic","Card","Card","Card","Card","Relic","Relic","Relic","Relic","Card","Card","Relic","Relic","Relic","Relic","Potion","Potion"],"build_version":"2020-12-13","purchased_purges":6,"victory":true,"max_hp_per_floor":[160,160,160,160,160,160,160,160,160,160,160,160,160,160,160,160,120,120,120,125,125,125,125,125,125,125,125,125,125,125,125,125,125,125,125,125,125,125,125,125,125,125,125,125,125,125,125,125,125,125,125,125,125,125,125],"card_choices":[{"not_picked":["Replay:Undeath\u0027s Touch","Headbutt"],"picked":"Cleave","floor":1},{"not_picked":["Iron Wave","Disarm"],"picked":"Bloodletting","floor":2},{"not_picked":["Pommel Strike","True Grit","Perfected Strike"],"picked":"SKIP","floor":3},{"not_picked":["Sword Boomerang","Clothesline","Dual Wield"],"picked":"SKIP","floor":4},{"not_picked":["Clothesline","Defy Death","Iron Wave"],"picked":"SKIP","floor":5},{"not_picked":["Warcry","Defy Death"],"picked":"Hemokinesis","floor":7},{"not_picked":["Seeing Red","Pummel","ReplayTheSpireMod:LeadingStrike"],"picked":"SKIP","floor":11},{"not_picked":["Sword Boomerang","Heavy Blade","Rampage"],"picked":"SKIP","floor":12},{"not_picked":["Sentinel","Intimidate"],"picked":"Metallicize","floor":13},{"not_picked":["True Grit","Run Through","hubris:SharpeningStone"],"picked":"SKIP","floor":14},{"not_picked":["Heavy Blade","True Grit"],"picked":"Disarm","floor":18},{"not_picked":["Run Through","Twin Strike"],"picked":"Seeing Red+1","floor":21},{"not_picked":["Defy Death","Carnage"],"picked":"Inflame+1","floor":24},{"not_picked":["Transmutation","Chrysalis"],"picked":"hubris:EnhanceAbility","floor":28},{"not_picked":["HandOfGreed","Replay:Sssssssssstrike"],"picked":"Discovery","floor":28},{"not_picked":["Replay:Many Hands","Infernal Blade"],"picked":"Disarm","floor":30},{"not_picked":["Thunderclap","Run Through","Dark Embrace"],"picked":"SKIP","floor":35},{"not_picked":["Clash","Replay:Undeath\u0027s Touch+1"],"picked":"Metallicize+1","floor":42},{"not_picked":["Sentinel","Iron Wave","Pommel Strike+1"],"picked":"SKIP","floor":46},{"not_picked":["Pommel Strike+1","Flex+1"],"picked":"Shrug It Off","floor":48},{"not_picked":["Wild Strike+1","Pommel Strike+1"],"picked":"Ghostly Armor+1","floor":54}],"player_experience":30007,"relics_obtained":[{"floor":7,"key":"Happy Flower"},{"floor":13,"key":"Pantograph"},{"floor":24,"key":"hubris:IronBody"},{"floor":26,"key":"Bag of Marbles"},{"floor":27,"key":"Girya"},{"floor":27,"key":"Bottled Lightning"},{"floor":30,"key":"Replay:Bandana"},{"floor":42,"key":"ReplayTheSpireMod:TigerMarble"},{"floor":43,"key":"ReplayTheSpireMod:Spearhead"},{"floor":54,"key":"Lantern"}],"event_choices":[{"damage_healed":0,"gold_gain":99,"player_choice":"Stole From Cult","damage_taken":0,"max_hp_gain":0,"max_hp_loss":0,"event_name":"Nest","floor":25,"gold_loss":0},{"damage_healed":0,"gold_gain":0,"player_choice":"Fight","damage_taken":0,"max_hp_gain":0,"max_hp_loss":0,"event_name":"Colosseum","floor":27,"gold_loss":0},{"damage_healed":0,"gold_gain":0,"player_choice":"Fought Nobs","damage_taken":0,"max_hp_gain":0,"max_hp_loss":0,"event_name":"Colosseum","floor":27,"gold_loss":0},{"cards_removed":["Forethought"],"damage_healed":39,"gold_gain":0,"player_choice":"Offered Uncommon","damage_taken":0,"max_hp_gain":0,"max_hp_loss":0,"event_name":"Bonfire Elementals","floor":31,"gold_loss":0},{"damage_healed":0,"gold_gain":0,"player_choice":"Embrace Madness","damage_taken":16,"max_hp_gain":0,"max_hp_loss":0,"event_name":"Winding Halls","floor":36,"gold_loss":0,"cards_obtained":["Madness","Madness"]},{"damage_healed":0,"gold_gain":0,"player_choice":"Upgrade","damage_taken":0,"relics_obtained":["Mark of the Bloom"],"max_hp_gain":0,"max_hp_loss":0,"event_name":"MindBloom","floor":38,"gold_loss":0,"cards_upgraded":["Defend_R","Clothesline","Cleave","Hemokinesis","Fire Breathing","Barricade","Seeing Red","Metallicize","Disarm","Inflame","Combust","Good Instincts","Brutality","hubris:StunningStrike","ReplayTheSpireMod:Brewmster","Discovery","Shrug It Off","Discovery","Disarm","Madness","Madness","Fire Breathing"]},{"cards_removed":["Madness"],"damage_healed":0,"gold_gain":0,"player_choice":"Removed Skill","damage_taken":0,"max_hp_gain":0,"max_hp_loss":0,"event_name":"Falling","floor":47,"gold_loss":0}],"is_beta":false,"boss_relics":[{"not_picked":["hubris:ScarierMask","Fusion Hammer"],"picked":"Replay:Drink Me"},{"not_picked":["Replay:Bronze Core","hubris:GrandSneckoEye"],"picked":"Runic Cube"}],"items_purged_floors":[8,10,22,28,37,41],"is_endless":false,"potions_floor_spawned":[3,4,7,13,14,16,19,24,27,42,45,48,54],"ascension_level":5}}