{"host":"ks12kfi5c4d9hdxy","time":1608023528,"event":{"mods":["BaseMod","Conspire","GifTheSpireLib","Koishi","LagranYue(拉格朗・月)","Marisa（F雨　魔理沙）","Minty Spire (QoL Compilation)","Reimu（博丽灵梦）","Remilia（蕾米莉亚）","Replay The Spire","RumiaBox-露米娅的神秘盒子","StSLib","SuperFastMode","The Administrix","The Servant 0.9.4","Youmu（魂魄妖梦）","Yuyuko","【功能Mod】混沌之环修复补丁","【功能Mod】聪明的最终Boss","篝火指南"],"gold_per_floor":[111,129,129,142,67,101,101,101,101,129,129,129,129,141,141,216,216,227,277,8,25,32,32,63,63,63,82,110,102,114,141,141,98,98],"floor_reached":33,"playtime":1064,"items_purged":["Defend_MRS","Poor:ReiMu"],"score":756,"play_id":"62dae7a5-cdfe-4de7-a28e-309499c659e2","local_time":"20201215171208","is_ascension_mode":true,"campfire_choices":[{"data":"StarBarrage","floor":7.0,"key":"SMITH"},{"data":"EscapeVelocity","floor":11.0,"key":"SMITH"},{"floor":15.0,"key":"DIG"},{"floor":23.0,"key":"REST"},{"floor":25.0,"key":"REST"}],"circlet_count":0,"master_deck":["AscendersBane","Strike_MRS","Strike_MRS","Strike_MRS","Strike_MRS","Defend_MRS","Defend_MRS+1","Defend_MRS","MasterSpark","UpSweep","ShootingEcho","StarBarrage+1","AsteroidBelt+1","PropBag","EscapeVelocity+1","CasketOfStar","SuperPerseids","TreasureHunter","MilkyWay+1","Acceleration+1","PropBag+1","FinalSpark","UltimateShortwave"],"relics":["MiniHakkero","LagranYue:RandomDrawCardRelic","NeowsBlessing","Mercury Hourglass","YidongShenshe:ReiMu","conspire:DecoderRing","conspire:GiftBox","Boot","CrazyTorch:ReiMu","ChewingGum","RuthlessExorcism:ReiMu","Quantum Egg","GodSword5","ReplayTheSpireMod:Shallot","AntiCross","Singing Bowl","War Paint","Shuriken","Mummified Hand"],"acts_visited":["Exordium","TheCity"],"potions_floor_usage":[33],"damage_taken":[{"damage":0.0,"enemies":"Small Slimes","floor":1.0,"turns":1.0},{"damage":0.0,"enemies":"Cultist","floor":2.0,"turns":1.0},{"damage":0.0,"enemies":"Jaw Worm","floor":4.0,"turns":1.0},{"damage":19.0,"enemies":"Gremlin Nob","floor":6.0,"turns":4.0},{"damage":12.0,"enemies":"Lagavulin","floor":10.0,"turns":5.0},{"damage":13.0,"enemies":"3 Sentries","floor":14.0,"turns":6.0},{"damage":0.0,"enemies":"Slime Boss","floor":16.0,"turns":5.0},{"damage":4.0,"enemies":"Shell Parasite","floor":18.0,"turns":3.0},{"damage":31.0,"enemies":"2 Thieves","floor":21.0,"turns":3.0},{"damage":16.0,"enemies":"Chosen and Byrds","floor":22.0,"turns":4.0},{"damage":3.0,"enemies":"Slavers","floor":24.0,"turns":3.0},{"damage":0.0,"enemies":"3 Cultists","floor":27.0,"turns":4.0},{"damage":10.0,"enemies":"Book of Stabbing","floor":28.0,"turns":3.0},{"damage":5.0,"enemies":"Shelled Parasite and Fungi","floor":29.0,"turns":3.0},{"damage":0.0,"enemies":"Snake Plant","floor":30.0,"turns":1.0},{"damage":10.0,"enemies":"Slavers","floor":31.0,"turns":3.0},{"damage":88,"enemies":"Automaton","floor":33,"turns":10}],"seed_played":"8881412060440308708","potions_obtained":[{"floor":4.0,"key":"Weak Potion"},{"floor":10.0,"key":"Fire Potion"},{"floor":14.0,"key":"ZuzhouPotion:ReiMu"},{"floor":21.0,"key":"BottledSpark"},{"floor":27.0,"key":"Energy Potion"},{"floor":29.0,"key":"PowerPotion"},{"floor":31.0,"key":"Elixir"}],"is_trial":false,"path_per_floor":["M","M","?","M","$","E","R","?","T","E","R","?","?","E","R","B",null,"M","?","$","M","M","R","E","R","T","M","E","M","M","E","R","B"],"character_chosen":"MARISA","items_purchased":["RuthlessExorcism:ReiMu"],"campfire_rested":2,"item_purchase_floors":[20],"current_hp_per_floor":[63,63,63,63,63,44,44,44,44,32,32,32,70,57,57,57,67,63,63,63,32,16,37,34,60,60,60,50,45,45,52,72,0,0],"gold":98,"neow_bonus":"THREE_ENEMY_KILL","is_daily":false,"chose_seed":false,"campfire_upgraded":2,"win_rate":0.0,"timestamp":1608023528,"path_taken":["M","M","?","M","$","E","R","?","T","E","R","?","?","E","R","BOSS","M","?","$","M","M","R","E","R","T","M","E","M","M","E","R","BOSS"],"items_purchased_type":["Relic"],"build_version":"2020-12-13","purchased_purges":2,"victory":false,"max_hp_per_floor":[70,70,70,70,70,70,70,70,70,70,70,70,70,70,70,70,70,70,70,70,70,70,70,70,70,70,70,70,70,70,72,72,72,72],"card_choices":[{"not_picked":["DoubleSpark","LuminesStrike"],"picked":"ShootingEcho","floor":1.0},{"not_picked":["AsteroidBelt","PowerUp"],"picked":"StarBarrage","floor":2.0},{"not_picked":["MeteoricShower","UnstableBomb"],"picked":"AsteroidBelt","floor":4.0},{"not_picked":["EnergyFlow","MysteriousBeam"],"picked":"PropBag","floor":6.0},{"not_picked":["AbsoluteMagnitude","JA"],"picked":"EscapeVelocity","floor":10.0},{"not_picked":["ShootingEcho","FinalSpark"],"picked":"CasketOfStar","floor":10.0},{"not_picked":["6A","LuminesStrike"],"picked":"SuperPerseids","floor":14.0},{"not_picked":["BigCrunch","JA"],"picked":"TreasureHunter","floor":16.0},{"not_picked":["MeteoricShower","RefractionSpark+1"],"picked":"MilkyWay","floor":18.0},{"not_picked":["ShootingEcho","EnergyRecoil"],"picked":"Acceleration+1","floor":21.0},{"not_picked":["OpenUniverse","ShootingEcho"],"picked":"PropBag+1","floor":22.0},{"not_picked":["DC","Acceleration"],"picked":"FinalSpark","floor":24.0},{"not_picked":["AsteroidBelt","Occultation","LuminesStrike"],"picked":"SKIP","floor":27.0},{"not_picked":["DarkMatter","AlicesGift"],"picked":"UltimateShortwave","floor":28.0},{"not_picked":["ShootingEcho","ChargingUp+1","WitchOfGreed"],"picked":"SKIP","floor":29.0},{"not_picked":["EnergyRecoil","StarBarrage","PulseMagic"],"picked":"SKIP","floor":30.0},{"not_picked":["DoubleSpark","Acceleration","UltimateShortwave"],"picked":"Singing Bowl","floor":31.0}],"player_experience":500770,"relics_obtained":[{"floor":6.0,"key":"Mercury Hourglass"},{"floor":9.0,"key":"conspire:DecoderRing"},{"floor":10.0,"key":"conspire:GiftBox"},{"floor":14.0,"key":"Boot"},{"floor":15.0,"key":"CrazyTorch:ReiMu"},{"floor":24.0,"key":"Quantum Egg"},{"floor":24.0,"key":"GodSword5"},{"floor":26.0,"key":"ReplayTheSpireMod:Shallot"},{"floor":28.0,"key":"AntiCross"},{"floor":31.0,"key":"Singing Bowl"},{"floor":31.0,"key":"War Paint"}],"event_choices":[{"damage_healed":0.0,"max_hp_gain":0.0,"max_hp_loss":0.0,"gold_gain":0.0,"event_name":"conspire:LoneGhost","player_choice":"Disagree","floor":3.0,"gold_loss":0.0,"damage_taken":0.0},{"damage_healed":0.0,"max_hp_gain":0.0,"max_hp_loss":0.0,"gold_gain":0.0,"event_name":"yidonshenshe","player_choice":"带走神社","floor":8.0,"gold_loss":0.0,"damage_taken":0.0,"relics_obtained":["YidongShenshe:ReiMu"],"cards_obtained":["Poor:ReiMu"]},{"damage_healed":38.0,"max_hp_gain":0.0,"max_hp_loss":0.0,"gold_gain":0.0,"event_name":"Wheel of Change","player_choice":"Full Heal","floor":13.0,"gold_loss":0.0,"damage_taken":0.0},{"damage_healed":0.0,"max_hp_gain":0.0,"max_hp_loss":0.0,"gold_gain":50.0,"event_name":"Nest","player_choice":"Stole From Cult","floor":19.0,"gold_loss":0.0,"damage_taken":0.0}],"is_beta":false,"boss_relics":[{"not_picked":["SacredBark","conspire:SlowCooker"],"picked":"ChewingGum"}],"items_purged_floors":[5,20],"is_endless":false,"potions_floor_spawned":[4,10,14,21,27,29,31],"killed_by":"Automaton","ascension_level":18}}