{"host":"6bsan6hkua32tfq7","time":1608033547,"event":{"mods":["BaseMod","Better Third Choice","Colored Map","Highlight Path","Minty Spire (QoL Compilation)","StSLib"],"gold_per_floor":[110,35,35,47,65,65,90,100,124,0,0,16,16,34,34,34,34],"floor_reached":16,"playtime":442,"items_purged":[],"score":204,"play_id":"1d98d4db-5b78-4b51-9bc0-fffd72a4baca","local_time":"20201215125907","is_ascension_mode":true,"campfire_choices":[{"data":"Dagger Spray","floor":6,"key":"SMITH"},{"data":"Enlightenment","floor":13,"key":"SMITH"},{"data":"Skewer","floor":15,"key":"SMITH"}],"circlet_count":0,"master_deck":["AscendersBane","Strike_G","Strike_G","Strike_G","Strike_G","Strike_G","Defend_G","Defend_G","Defend_G","Defend_G","Survivor","Neutralize","Skewer+1","Dagger Spray+1","Leg Sweep","Terror","Backstab","Enlightenment+1","Dash","Adrenaline"],"relics":["Runic Pyramid","Strawberry","Oddly Smooth Stone"],"acts_visited":["Exordium"],"potions_floor_usage":[7,16,16,16,16],"damage_taken":[{"damage":0,"enemies":"Small Slimes","floor":1,"turns":4},{"damage":2,"enemies":"2 Louse","floor":4,"turns":4},{"damage":0,"enemies":"Cultist","floor":5,"turns":4},{"damage":41,"enemies":"Gremlin Nob","floor":7,"turns":5},{"damage":0,"enemies":"2 Fungi Beasts","floor":8,"turns":4},{"damage":2,"enemies":"3 Louse","floor":12,"turns":3},{"damage":0,"enemies":"Exordium Thugs","floor":14,"turns":4},{"damage":36,"enemies":"Slime Boss","floor":16,"turns":9}],"seed_played":"-2197278919754245525","potions_obtained":[{"floor":5,"key":"Swift Potion"},{"floor":7,"key":"EntropicBrew"},{"floor":11,"key":"FearPotion"}],"is_trial":false,"path_per_floor":["M","?","?","M","M","R","E","M","T","?","?","M","R","M","R","B"],"character_chosen":"THE_SILENT","items_purchased":[],"campfire_rested":0,"item_purchase_floors":[],"current_hp_per_floor":[59,59,64,62,62,62,28,28,28,34,34,32,32,32,32,0,0],"gold":34,"neow_bonus":"BOSS_RELIC","is_daily":false,"chose_seed":false,"campfire_upgraded":3,"win_rate":0.0,"timestamp":1608033547,"path_taken":["M","?","?","M","M","R","E","M","T","?","?","?","R","M","R","BOSS"],"items_purchased_type":[],"build_version":"2020-12-13","purchased_purges":0,"victory":false,"max_hp_per_floor":[66,66,71,71,71,71,78,78,78,84,84,84,84,84,84,84,84],"card_choices":[{"not_picked":["Quick Slash","Deflect"],"picked":"Skewer","floor":1},{"not_picked":["Quick Slash","Cloak And Dagger"],"picked":"Dagger Spray","floor":4},{"not_picked":["Prepared","Quick Slash"],"picked":"Leg Sweep","floor":5},{"not_picked":["Outmaneuver","Eviscerate"],"picked":"Terror","floor":7},{"not_picked":["Acrobatics","Backflip"],"picked":"Backstab","floor":8},{"not_picked":["Choke","All Out Attack"],"picked":"Dash","floor":12},{"not_picked":["Acrobatics","Caltrops"],"picked":"Adrenaline","floor":14}],"player_experience":5158147,"relics_obtained":[{"floor":7,"key":"Strawberry"},{"floor":9,"key":"Oddly Smooth Stone"}],"event_choices":[{"cards_removed":["Defend_G"],"damage_healed":0,"gold_gain":0,"player_choice":"Card Removal","damage_taken":0,"max_hp_gain":0,"max_hp_loss":0,"event_name":"The Cleric","floor":2,"gold_loss":75},{"damage_healed":0,"gold_gain":0,"player_choice":"Donut","damage_taken":0,"max_hp_gain":5,"max_hp_loss":0,"event_name":"Big Fish","floor":3,"gold_loss":0},{"damage_healed":0,"gold_gain":0,"player_choice":"RENOUNCE","damage_taken":124,"max_hp_gain":0,"max_hp_loss":0,"event_name":"betterThird:BetterSerpent","floor":10,"gold_loss":124,"cards_obtained":["Enlightenment"]},{"damage_healed":0,"gold_gain":0,"player_choice":"Got Potions","damage_taken":0,"max_hp_gain":0,"max_hp_loss":0,"event_name":"Lab","floor":11,"gold_loss":0}],"is_beta":false,"boss_relics":[],"items_purged_floors":[],"is_endless":false,"potions_floor_spawned":[5,7],"killed_by":"Slime Boss","ascension_level":20}}