{"host":"3mdjmozz5rahgtdc","time":1608005736,"event":{"mods":["AchievementEnabler","BaseMod","Better Silent Start","Better-Laid Plans","Colored Map","Colored Powertips","Custom Start","DeckTracker","Emptier Cage","KOR Keyword Fix","Keyboard Shortcuts","Minty Spire (QoL Compilation)","Permanent Neow","Quick Restart","StSLib","SuperFastMode"],"gold_per_floor":[117,136,61,75,75,75,87,87,112,137,153,173,173,186,186,282,282,295,315,315,330,347,347,377,476,476,476,496,511,511,527,527,624,624,643,694,694,708,718,718,738,738,738,750,763,763,208,221,221,221],"floor_reached":51,"playtime":1362,"items_purged":["Strike_R","Strike_R"],"score":898,"play_id":"23fe8200-e9f3-40fe-8469-c6f6a102ffa5","local_time":"20201215131536","is_ascension_mode":true,"campfire_choices":[{"data":"Searing Blow","floor":6,"key":"SMITH"},{"data":"Searing Blow+1","floor":8,"key":"SMITH"},{"data":"Searing Blow+2","floor":13,"key":"SMITH"},{"data":"Searing Blow+3","floor":15,"key":"SMITH"},{"data":"Searing Blow+4","floor":23,"key":"SMITH"},{"data":"Searing Blow+5","floor":27,"key":"SMITH"},{"data":"Searing Blow+6","floor":30,"key":"SMITH"},{"data":"Searing Blow+7","floor":32,"key":"SMITH"},{"data":"Searing Blow+8","floor":40,"key":"SMITH"},{"data":"Searing Blow+9","floor":42,"key":"SMITH"},{"data":"Searing Blow+10","floor":46,"key":"SMITH"},{"data":"Searing Blow+11","floor":49,"key":"SMITH"}],"circlet_count":0,"master_deck":["Strike_R","Defend_R","Defend_R","Defend_R","Defend_R","Bash","Searing Blow+12","Headbutt","Dual Wield","Battle Trance","Second Wind","Exhume","Pommel Strike+1","Ghostly Armor","Armaments+1","Corruption","Power Through","Fiend Fire","Power Through","Shrug It Off+1"],"relics":["Burning Blood","PreservedInsect","Happy Flower","Snecko Eye","Pocketwatch","Sundial","Busted Crown","Du-Vu Doll","Shuriken","Ginger","Strange Spoon"],"acts_visited":["Exordium","TheCity","TheBeyond"],"potions_floor_usage":[11,14,19,50],"damage_taken":[{"damage":1,"enemies":"Cultist","floor":1,"turns":4},{"damage":0,"enemies":"Small Slimes","floor":2,"turns":4},{"damage":2,"enemies":"Jaw Worm","floor":4,"turns":3},{"damage":11,"enemies":"Blue Slaver","floor":7,"turns":3},{"damage":30,"enemies":"3 Sentries","floor":10,"turns":7},{"damage":0,"enemies":"2 Fungi Beasts","floor":11,"turns":2},{"damage":9,"enemies":"Red Slaver","floor":12,"turns":3},{"damage":24,"enemies":"Lots of Slimes","floor":14,"turns":4},{"damage":33,"enemies":"The Guardian","floor":16,"turns":9},{"damage":6,"enemies":"2 Thieves","floor":18,"turns":2},{"damage":11,"enemies":"Spheric Guardian","floor":19,"turns":4},{"damage":0,"enemies":"Snecko","floor":21,"turns":2},{"damage":7,"enemies":"Cultist and Chosen","floor":22,"turns":4},{"damage":6,"enemies":"Book of Stabbing","floor":24,"turns":3},{"damage":0,"enemies":"Shelled Parasite and Fungi","floor":28,"turns":2},{"damage":0,"enemies":"Centurion and Healer","floor":29,"turns":1},{"damage":6,"enemies":"Sentry and Sphere","floor":31,"turns":3},{"damage":58,"enemies":"Automaton","floor":33,"turns":7},{"damage":0,"enemies":"Orb Walker","floor":35,"turns":2},{"damage":15,"enemies":"2 Orb Walkers","floor":36,"turns":3},{"damage":0,"enemies":"3 Darklings","floor":38,"turns":4},{"damage":0,"enemies":"Jaw Worm Horde","floor":39,"turns":2},{"damage":2,"enemies":"4 Shapes","floor":41,"turns":3},{"damage":5,"enemies":"Maw","floor":44,"turns":4},{"damage":0,"enemies":"Writhing Mass","floor":45,"turns":2},{"damage":0,"enemies":"3 Darklings","floor":48,"turns":2},{"damage":10,"enemies":"Awakened One","floor":50,"turns":5}],"seed_played":"-8017717329190050122","potions_obtained":[{"floor":4,"key":"Energy Potion"},{"floor":10,"key":"AttackPotion"},{"floor":12,"key":"BloodPotion"},{"floor":14,"key":"Block Potion"},{"floor":22,"key":"PowerPotion"},{"floor":28,"key":"BloodPotion"}],"is_trial":false,"path_per_floor":["M","M","$","M","?","R","M","R","T","E","M","M","R","M","R","B",null,"M","M","?","M","M","R","E","?","T","R","M","M","R","M","R","B",null,"M","?","?","M","M","R","M","R","T","M","M","R","$","M","R","B",null],"character_chosen":"IRONCLAD","items_purchased":["Ginger","Strange Spoon"],"campfire_rested":0,"item_purchase_floors":[47,47],"current_hp_per_floor":[77,80,80,80,80,80,75,75,75,51,57,54,54,36,36,9,62,62,57,57,63,62,62,62,62,62,62,68,74,74,74,74,22,66,72,63,63,69,75,75,79,79,79,80,80,80,80,80,80,76],"gold":221,"neow_bonus":"REMOVE_CARD","is_daily":false,"chose_seed":false,"campfire_upgraded":12,"win_rate":0.0,"timestamp":1608005736,"path_taken":["M","M","$","?","?","R","M","R","T","E","M","M","R","M","R","BOSS","M","?","?","?","M","R","E","?","T","R","M","M","R","M","R","BOSS","M","?","?","M","?","R","M","R","T","M","M","R","$","M","R","BOSS"],"items_purchased_type":["Relic","Relic"],"build_version":"2020-12-13","purchased_purges":2,"victory":true,"max_hp_per_floor":[80,80,80,80,80,80,80,80,80,80,80,80,80,80,80,80,80,80,80,80,80,80,80,80,80,80,80,80,80,80,80,80,80,80,80,80,80,80,80,80,80,80,80,80,80,80,80,80,80,80],"card_choices":[{"not_picked":["Heavy Blade","Anger"],"picked":"Searing Blow","floor":1},{"not_picked":["True Grit","Blood for Blood","Sword Boomerang"],"picked":"SKIP","floor":2},{"not_picked":["Shrug It Off","Warcry"],"picked":"Headbutt","floor":4},{"not_picked":["Shrug It Off","Entrench"],"picked":"Dual Wield","floor":7},{"not_picked":["Clash","Uppercut"],"picked":"Battle Trance","floor":10},{"not_picked":["Flex","Pummel","Disarm"],"picked":"SKIP","floor":11},{"not_picked":["True Grit","Sword Boomerang"],"picked":"Second Wind","floor":12},{"not_picked":["Hemokinesis","Rage","Flex"],"picked":"SKIP","floor":14},{"not_picked":["Feed","Demon Form"],"picked":"Exhume","floor":16},{"not_picked":["Clothesline","Armaments","Infernal Blade"],"picked":"SKIP","floor":18},{"not_picked":["Wild Strike+1","Bloodletting"],"picked":"Pommel Strike+1","floor":19},{"not_picked":["Seeing Red","Anger","Heavy Blade"],"picked":"SKIP","floor":21},{"not_picked":["Armaments","Headbutt","Twin Strike"],"picked":"SKIP","floor":22},{"not_picked":["Pummel","Combust","Hemokinesis"],"picked":"SKIP","floor":24},{"not_picked":["Anger","Iron Wave+1","Combust"],"picked":"SKIP","floor":28},{"not_picked":["Second Wind","Clash+1","Exhume"],"picked":"SKIP","floor":29},{"not_picked":["Heavy Blade+1","Carnage"],"picked":"Armaments+1","floor":31},{"not_picked":["Bludgeon","Limit Break"],"picked":"Corruption","floor":33},{"not_picked":[],"picked":"Power Through","floor":35},{"not_picked":["Twin Strike"],"picked":"SKIP","floor":38},{"not_picked":["Armaments"],"picked":"SKIP","floor":39},{"not_picked":["Body Slam"],"picked":"SKIP","floor":41},{"not_picked":[],"picked":"Power Through","floor":44},{"not_picked":["Havoc+1"],"picked":"SKIP","floor":45},{"not_picked":[],"picked":"Shrug It Off+1","floor":48}],"player_experience":290428,"relics_obtained":[{"floor":9,"key":"PreservedInsect"},{"floor":10,"key":"Happy Flower"},{"floor":24,"key":"Pocketwatch"},{"floor":26,"key":"Sundial"},{"floor":36,"key":"Du-Vu Doll"},{"floor":43,"key":"Shuriken"}],"event_choices":[{"damage_healed":0,"gold_gain":0,"player_choice":"0 cards matched","damage_taken":0,"max_hp_gain":0,"max_hp_loss":0,"event_name":"Match and Keep!","floor":5,"gold_loss":0,"cards_obtained":[]},{"damage_healed":0,"gold_gain":0,"cards_transformed":["Strike_R"],"player_choice":"Transformed","damage_taken":0,"max_hp_gain":0,"max_hp_loss":0,"event_name":"Transmorgrifier","floor":20,"gold_loss":0,"cards_obtained":["Ghostly Armor"]},{"damage_healed":0,"gold_gain":99,"player_choice":"Stole From Cult","damage_taken":0,"max_hp_gain":0,"max_hp_loss":0,"event_name":"Nest","floor":25,"gold_loss":0},{"damage_healed":0,"gold_gain":0,"player_choice":"Fight","damage_taken":0,"max_hp_gain":0,"max_hp_loss":0,"event_name":"Mysterious Sphere","floor":36,"gold_loss":0},{"damage_healed":0,"gold_gain":0,"player_choice":"1 cards matched","damage_taken":0,"max_hp_gain":0,"max_hp_loss":0,"event_name":"Match and Keep!","floor":37,"gold_loss":0,"cards_obtained":["Fiend Fire"]}],"is_beta":false,"boss_relics":[{"not_picked":["Ectoplasm","Runic Cube"],"picked":"Snecko Eye"},{"not_picked":["SacredBark","Pandora\u0027s Box"],"picked":"Busted Crown"}],"items_purged_floors":[3,47],"is_endless":false,"potions_floor_spawned":[4,10,12,14,22,28,29,31,33,35,36,41,44,45],"ascension_level":6}}