{"host":"7g4k6gexjz765cnk","time":1608040717,"event":{"mods":["BaseMod","Colored Map","Minty Spire (QoL Compilation)","Shop Mod"],"gold_per_floor":[114,1,176,176,50,85,97,47,47,82,82,82,154,197,197,325,325,349,448,473,106,31,31,31],"floor_reached":23,"playtime":1222,"items_purged":["Strike_G","Doubt","Strike_G"],"score":262,"play_id":"643f6601-f95e-4955-9b79-b4f642617709","local_time":"20201215145837","is_ascension_mode":true,"campfire_choices":[{"data":"Noxious Fumes","floor":12,"key":"SMITH"},{"data":"Calculated Gamble","floor":15,"key":"SMITH"}],"circlet_count":0,"master_deck":["Strike_G","Defend_G+1","Defend_G","Defend_G","Defend_G","Defend_G+1","Survivor","Neutralize","Backflip","Noxious Fumes+1","Deadly Poison","Calculated Gamble+1","Corpse Explosion","Distraction+1"],"relics":["Ring of the Snake","NeowsBlessing","Orichalcum","Dead Branch","Golden Idol","Singing Bowl","Dream Catcher","HoveringKite","Question Card"],"acts_visited":["Exordium","TheCity"],"potions_floor_usage":[1,14,14],"damage_taken":[{"damage":0,"enemies":"Jaw Worm","floor":1,"turns":1},{"damage":0,"enemies":"3 Sentries","floor":6,"turns":1},{"damage":0,"enemies":"2 Louse","floor":7,"turns":1},{"damage":11,"enemies":"Lagavulin","floor":10,"turns":7},{"damage":10,"enemies":"Gremlin Nob","floor":14,"turns":4},{"damage":13,"enemies":"Hexaghost","floor":16,"turns":10},{"damage":8,"enemies":"Shell Parasite","floor":18,"turns":6},{"damage":15,"enemies":"2 Thieves","floor":20,"turns":3},{"damage":61,"enemies":"Book of Stabbing","floor":23,"turns":5}],"seed_played":"1724867975583463439","potions_obtained":[{"floor":1,"key":"Fruit Juice"},{"floor":6,"key":"GhostInAJar"},{"floor":10,"key":"ColorlessPotion"}],"is_trial":false,"path_per_floor":["M","$","?","?","$","E","M","?","T","E","?","R","T","E","R","B",null,"M","?","M","$","?","E"],"character_chosen":"THE_SILENT","items_purchased":["Noxious Fumes","Deadly Poison","Question Card"],"campfire_rested":0,"item_purchase_floors":[2,5,21],"current_hp_per_floor":[75,75,75,60,60,60,60,60,60,49,31,31,31,21,21,8,75,67,67,54,54,54,0,0],"gold":31,"neow_bonus":"THREE_ENEMY_KILL","is_daily":false,"chose_seed":false,"campfire_upgraded":2,"win_rate":0.0,"timestamp":1608040717,"path_taken":["M","$","?","?","$","E","M","?","T","E","?","R","?","E","R","BOSS","M","?","M","$","?","E"],"items_purchased_type":["Card","Card","Relic"],"build_version":"2020-12-13","purchased_purges":3,"victory":false,"max_hp_per_floor":[75,75,75,75,75,75,75,75,75,75,75,75,75,75,75,75,75,75,75,77,77,77,77,77],"card_choices":[{"not_picked":["Riddle With Holes","Prepared"],"picked":"Backflip","floor":1},{"not_picked":["Caltrops","Phantasmal Killer","Poisoned Stab"],"picked":"SKIP","floor":6},{"not_picked":["Slice","Distraction","Dagger Throw"],"picked":"SKIP","floor":7},{"not_picked":["Setup","Dagger Throw","Backstab"],"picked":"SKIP","floor":10},{"not_picked":["Glass Knife","Underhanded Strike"],"picked":"Calculated Gamble","floor":14},{"not_picked":["After Image","Envenom"],"picked":"Corpse Explosion","floor":16},{"not_picked":["Backflip","Dagger Spray"],"picked":"Distraction+1","floor":18},{"not_picked":["Poisoned Stab","Backstab","Bane"],"picked":"Singing Bowl","floor":20}],"player_experience":357803,"relics_obtained":[{"floor":6,"key":"Orichalcum"},{"floor":10,"key":"Dead Branch"},{"floor":13,"key":"Singing Bowl"},{"floor":14,"key":"Dream Catcher"}],"event_choices":[{"damage_healed":0,"gold_gain":175,"player_choice":"AGREE","damage_taken":0,"max_hp_gain":0,"max_hp_loss":0,"event_name":"Liars Game","floor":3,"gold_loss":0,"cards_obtained":["Doubt"]},{"damage_healed":0,"gold_gain":0,"player_choice":"Entered Light","damage_taken":15,"max_hp_gain":0,"max_hp_loss":0,"event_name":"Shining Light","floor":4,"gold_loss":0,"cards_upgraded":["Defend_G","Defend_G"]},{"cards_removed":["Strike_G"],"damage_healed":0,"gold_gain":0,"player_choice":"Card Removal","damage_taken":0,"max_hp_gain":0,"max_hp_loss":0,"event_name":"The Cleric","floor":8,"gold_loss":50},{"damage_healed":0,"gold_gain":0,"player_choice":"Take Damage","damage_taken":18,"relics_obtained":["Golden Idol"],"max_hp_gain":0,"max_hp_loss":0,"event_name":"Golden Idol","floor":11,"gold_loss":0},{"damage_healed":0,"gold_gain":99,"player_choice":"Stole From Cult","damage_taken":0,"max_hp_gain":0,"max_hp_loss":0,"event_name":"Nest","floor":19,"gold_loss":0},{"cards_removed":["Strike_G"],"damage_healed":0,"gold_gain":0,"player_choice":"Gave Gold","damage_taken":0,"max_hp_gain":0,"max_hp_loss":0,"event_name":"Beggar","floor":22,"gold_loss":75}],"is_beta":false,"boss_relics":[{"not_picked":["Empty Cage","SacredBark"],"picked":"HoveringKite"}],"items_purged_floors":[2,5,21],"is_endless":false,"potions_floor_spawned":[1,6,10],"killed_by":"Book of Stabbing","ascension_level":3}}