{"host":"cr9rpoy6dx9riis3","time":1608059423,"event":{"mods":["AchievementEnabler","BaseMod","Better Altar","Better Note","Better Sensory Stone","Better Skull","Better Third Choice","Better-Laid Plans","BetterRewards","Block Reminder","Curses Come First","Displayed Cursed Tome","Emptier Cage","Marked Mod","Minty Spire (QoL Compilation)","Permanent Neow","Relic Sorter","StSLib","The Blue Laboratory","Transform Curses"],"gold_per_floor":[119,45,55,55,55,55,81,81,108,108,108,108,121,132,132,229,279,296,296,315,315,315],"floor_reached":21,"playtime":614,"items_purged":[],"score":286,"play_id":"a8255314-3c90-4c00-8c5f-42e2df5d2c70","local_time":"20201215201023","is_ascension_mode":true,"campfire_choices":[{"data":"Seeing Red","floor":6,"key":"SMITH"},{"data":"Rampage","floor":8,"key":"SMITH"},{"data":"Carnage","floor":10,"key":"SMITH"},{"floor":12,"key":"REST"},{"floor":15,"key":"REST"}],"circlet_count":0,"master_deck":["Strike_R","Strike_R","Strike_R","Strike_R","Defend_R","Defend_R+1","Defend_R","Defend_R","Bash","Carnage+1","Seeing Red+1","Rampage+1","Demon Form"],"relics":["Singing Bowl","Nloth\u0027s Gift"],"acts_visited":["Exordium","TheCity"],"potions_floor_usage":[7,16,20,21,21],"damage_taken":[{"damage":7,"enemies":"Jaw Worm","floor":1,"turns":3},{"damage":0,"enemies":"Small Slimes","floor":3,"turns":2},{"damage":40,"enemies":"Lagavulin","floor":7,"turns":4},{"damage":7,"enemies":"2 Louse","floor":13,"turns":2},{"damage":16,"enemies":"Lots of Slimes","floor":14,"turns":5},{"damage":0,"enemies":"Slime Boss","floor":16,"turns":3},{"damage":7,"enemies":"Chosen","floor":18,"turns":4},{"damage":53,"enemies":"3 Byrds","floor":20,"turns":10},{"damage":45,"enemies":"Sentry and Sphere","floor":21,"turns":5}],"seed_played":"-5956529599078594924","potions_obtained":[{"floor":1,"key":"Explosive Potion"},{"floor":13,"key":"SpeedPotion"},{"floor":14,"key":"ColorlessPotion"},{"floor":17,"key":"blueLaboratory:SavagePotion"},{"floor":18,"key":"blueLaboratory:Moonshine"},{"floor":20,"key":"SpeedPotion"}],"is_trial":false,"path_per_floor":["M","$","M","?","$","R","E","R","T","R","?","R","M","M","R","B",null,"M","?","M","M"],"character_chosen":"IRONCLAD","items_purchased":["Carnage"],"campfire_rested":2,"item_purchase_floors":[2],"current_hp_per_floor":[73,73,73,73,73,73,33,33,33,33,38,63,58,44,70,70,96,91,91,40,0,0],"gold":315,"neow_bonus":"BOSS_RELIC","is_daily":false,"chose_seed":false,"campfire_upgraded":3,"win_rate":0.0,"timestamp":1608059423,"path_taken":["M","$","M","?","$","R","E","R","T","R","?","R","M","M","R","BOSS","M","?","?","M"],"items_purchased_type":["Card"],"build_version":"2020-12-13","purchased_purges":0,"victory":false,"max_hp_per_floor":[80,80,80,80,80,80,80,80,80,80,85,85,87,89,89,89,96,98,98,100,100,100],"card_choices":[{"not_picked":["Entrench","Heavy Blade","Combust"],"picked":"SKIP","floor":1},{"not_picked":["Perfected Strike","Wild Strike"],"picked":"Seeing Red","floor":3},{"not_picked":["Body Slam","Intimidate"],"picked":"Rampage","floor":7},{"not_picked":["Evolve","Intimidate","Shrug It Off"],"picked":"Singing Bowl","floor":13},{"not_picked":["Sever Soul","True Grit","Warcry"],"picked":"Singing Bowl","floor":14},{"not_picked":["Barricade","Impervious"],"picked":"Demon Form","floor":16},{"not_picked":["Bloodletting","True Grit","Sever Soul"],"picked":"Singing Bowl","floor":17},{"not_picked":["Thunderclap","Pommel Strike","Cleave"],"picked":"Singing Bowl","floor":18},{"not_picked":["Bludgeon","Havoc","Shrug It Off+1"],"picked":"Singing Bowl","floor":20}],"player_experience":700954,"relics_obtained":[{"floor":7,"key":"Singing Bowl"}],"event_choices":[{"cards_removed":["Strike_R"],"damage_healed":0,"gold_gain":0,"player_choice":"Forget","damage_taken":0,"max_hp_gain":0,"max_hp_loss":0,"event_name":"Living Wall","floor":4,"gold_loss":0},{"damage_healed":0,"gold_gain":0,"player_choice":"Donut","damage_taken":0,"max_hp_gain":5,"max_hp_loss":0,"event_name":"Big Fish","floor":11,"gold_loss":0},{"damage_healed":0,"gold_gain":0,"player_choice":"Traded Relic","damage_taken":0,"relics_obtained":["Nloth\u0027s Gift"],"max_hp_gain":0,"max_hp_loss":0,"event_name":"N\u0027loth","floor":19,"relics_lost":["SacredBark"],"gold_loss":0}],"is_beta":false,"boss_relics":[{"not_picked":["Runic Pyramid","Philosopher\u0027s Stone"],"picked":"Tiny House"}],"items_purged_floors":[],"is_endless":false,"potions_floor_spawned":[1,13,14,18,20],"killed_by":"Sentry and Sphere","ascension_level":3}}