{"host":"iphsb0ccnjx0pfn6","time":1608009865,"event":{"mods":["2.2 Compatiblity","AchievementEnabler","BaseMod","Colored Map","DeckTracker","Keyboard Shortcuts","Minty Spire (QoL Compilation)","Permanent Neow","Quick Restart","Relic Stats","StSLib","SuperFastMode","Uncapped","everything is the same but u backflip on backflip"],"gold_per_floor":[117,131,142,142,154,154,154,79,130,142,183,215,227,250,262,274,274],"floor_reached":16,"playtime":318,"items_purged":["Pain"],"score":204,"play_id":"83d16bb3-b922-4dbd-bc85-9ac0dd871f93","local_time":"20201215142425","is_ascension_mode":true,"campfire_choices":[{"data":"Deadly Poison","floor":6,"key":"SMITH"},{"data":"Bane","floor":10,"key":"SMITH"},{"data":"Dagger Throw","floor":13,"key":"SMITH"},{"data":"Footwork","floor":15,"key":"SMITH"}],"circlet_count":0,"master_deck":["AscendersBane","Strike_G","Strike_G","Strike_G","Strike_G","Defend_G","Defend_G","Defend_G","Defend_G","Defend_G","Survivor","Neutralize","Bane+1","Dagger Throw+1","Deadly Poison+1","Escape Plan","Footwork+1","Endless Agony"],"relics":["Ring of the Snake","WarpedTongs","MawBank","Smiling Mask"],"acts_visited":["Exordium"],"potions_floor_usage":[16],"damage_taken":[{"damage":0,"enemies":"Cultist","floor":1,"turns":5},{"damage":0,"enemies":"Small Slimes","floor":2,"turns":3},{"damage":0,"enemies":"2 Louse","floor":3,"turns":3},{"damage":13,"enemies":"Large Slime","floor":5,"turns":6},{"damage":24,"enemies":"Lagavulin","floor":11,"turns":8},{"damage":0,"enemies":"Looter","floor":12,"turns":4},{"damage":2,"enemies":"Blue Slaver","floor":14,"turns":3},{"damage":25,"enemies":"Slime Boss","floor":16,"turns":9}],"seed_played":"-1981025042185895749","potions_obtained":[{"floor":3,"key":"ColorlessPotion"},{"floor":5,"key":"Dexterity Potion"}],"is_trial":false,"path_per_floor":["M","M","M","?","M","R","?","$","T","R","E","M","R","M","R","B"],"character_chosen":"THE_SILENT","items_purchased":[],"campfire_rested":0,"item_purchase_floors":[],"current_hp_per_floor":[59,59,59,59,46,46,46,46,46,46,22,22,22,20,20,0,0],"gold":274,"neow_bonus":"TRANSFORM_CARD","is_daily":false,"chose_seed":false,"campfire_upgraded":4,"win_rate":0.0,"timestamp":1608009865,"path_taken":["M","M","?","?","M","R","?","$","T","R","E","M","R","?","R","BOSS"],"items_purchased_type":[],"build_version":"2020-12-13","purchased_purges":1,"victory":false,"max_hp_per_floor":[66,66,66,66,66,66,66,66,66,66,66,66,66,66,66,66,66],"relic_stats":{"counters":[8,41],"MawBank":84,"Smiling Mask":0,"obtain_stats":[{"MawBank":9,"Smiling Mask":11,"Ring of the Snake":0,"WarpedTongs":7},{"MawBank":4,"Smiling Mask":5,"Ring of the Snake":0,"WarpedTongs":4},{"MawBank":17,"Smiling Mask":25,"Ring of the Snake":0,"WarpedTongs":17}],"Ring of the Snake":[16],"WarpedTongs":[23]},"card_choices":[{"not_picked":["Bane","Catalyst","Cloak And Dagger"],"picked":"SKIP","floor":1},{"not_picked":["Flying Knee","Bane"],"picked":"Dagger Throw","floor":2},{"not_picked":["Underhanded Strike","Backflip"],"picked":"Deadly Poison","floor":3},{"not_picked":["Bullet Time","Deadly Poison"],"picked":"Escape Plan","floor":5},{"not_picked":["Quick Slash","Deflect","Acrobatics"],"picked":"SKIP","floor":11},{"not_picked":["Flying Knee","Slice"],"picked":"Footwork","floor":12},{"not_picked":["Blur","Accuracy"],"picked":"Endless Agony","floor":14}],"player_experience":1164446,"relics_obtained":[{"floor":9,"key":"MawBank"},{"floor":11,"key":"Smiling Mask"}],"event_choices":[{"damage_healed":0,"gold_gain":0,"player_choice":"Ignored","damage_taken":0,"max_hp_gain":0,"max_hp_loss":0,"event_name":"Liars Game","floor":4,"gold_loss":0},{"damage_healed":0,"gold_gain":0,"player_choice":"Rummage","damage_taken":0,"relics_obtained":["WarpedTongs"],"max_hp_gain":0,"max_hp_loss":0,"event_name":"Accursed Blacksmith","floor":7,"gold_loss":0,"cards_obtained":["Pain"]}],"is_beta":false,"boss_relics":[],"items_purged_floors":[8],"is_endless":false,"potions_floor_spawned":[3,5],"killed_by":"Slime Boss","ascension_level":20}}