{"host":"v0n6ky7dmveherv3","time":1608051998,"event":{"mods":["BaseMod","Better Third Choice","Downfall","Minty Spire (QoL Compilation)","StSLib"],"gold_per_floor":[99,199,266,307,307,327,327,402,519,444,619,619,59,123,161,161,161],"floor_reached":16,"playtime":759,"items_purged":["Doubt"],"score":102,"play_id":"db296260-58b8-4488-8e08-c8ec13124310","local_time":"20201215100638","is_ascension_mode":false,"campfire_choices":[{"data":"HandOfGreed","floor":1,"key":"SMITH"},{"floor":5,"key":"RECALL"},{"data":"hexamod:RainOfEmbers","floor":10,"key":"SMITH"}],"circlet_count":0,"master_deck":["hexamod:Strike","hexamod:Strike","hexamod:Strike","hexamod:Strike","hexamod:Defend","hexamod:Defend","hexamod:Defend","hexamod:Defend","hexamod:Sear","hexamod:Float","HandOfGreed+1","hexamod:CatchUp","hexamod:HexaLevel","hexamod:RainOfEmbers+1","hexamod:HauntingEcho","hexamod:CrushingStance","hexamod:FastForward","hexamod:DynamicBlow","hexamod:GhostflameBarrier"],"relics":["hexamod:SpiritBrand","Shuriken","Dream Catcher","downfall:HeartBlessingRed","ClockworkSouvenir","Strawberry"],"acts_visited":["Exordium"],"potions_floor_usage":[8,15],"damage_taken":[{"damage":0,"enemies":"2 Louse","floor":3,"turns":3},{"damage":0,"enemies":"Cultist","floor":4,"turns":4},{"damage":6,"enemies":"Jaw Worm","floor":6,"turns":2},{"damage":17,"enemies":"3 Sentries","floor":8,"turns":9},{"damage":17,"enemies":"Lots of Slimes","floor":9,"turns":7},{"damage":0,"enemies":"downfall:FleeingMerchant","floor":13,"turns":4},{"damage":6,"enemies":"Exordium Thugs","floor":14,"turns":4},{"damage":10,"enemies":"Large Slime","floor":15,"turns":3},{"damage":14,"enemies":"downfall:Silent","floor":16,"turns":2}],"seed_played":"-8202927588128364938","potions_obtained":[{"floor":3,"key":"Guardian:BlockOnCardUsePotion"},{"floor":8,"key":"FearPotion"},{"floor":14,"key":"EntropicBrew"},{"floor":15,"key":"hexamod:EctoCoolerPotion"}],"is_trial":false,"path_per_floor":["R","?","M","M","R","M","T","E","M","R","?","?","$","M","M","B"],"character_chosen":"THE_SPIRIT","items_purchased":["hexamod:CrushingStance","hexamod:FastForward","ClockworkSouvenir","Strawberry"],"campfire_rested":0,"item_purchase_floors":[13,13,13,13],"current_hp_per_floor":[63,63,63,63,63,57,57,40,23,23,23,23,30,24,14,0,0],"gold":161,"neow_bonus":"RANDOM_COLORLESS_2","is_daily":false,"chose_seed":false,"campfire_upgraded":2,"win_rate":0.0,"timestamp":1608051998,"path_taken":["R","?","M","M","R","?","T","E","M","R","?","?","$","M","M","BOSS"],"items_purchased_type":["Card","Card","Relic","Relic"],"build_version":"2020-12-13","purchased_purges":1,"victory":false,"max_hp_per_floor":[63,63,63,63,63,63,63,63,63,63,63,63,70,70,70,70,70],"card_choices":[{"not_picked":["expansioncontent:DashGenerateEvil","Transmutation"],"picked":"HandOfGreed","floor":0},{"not_picked":["hexamod:NightmareGuise","hexamod:RecurringNightmare","hexamod:GhostShield"],"picked":"SKIP","floor":3},{"not_picked":["hexamod:ThermalTransfer","hexamod:RadiantFlame"],"picked":"hexamod:CatchUp","floor":4},{"not_picked":["hexamod:NightmareGuise","hexamod:Hexaguard","hexamod:InspiringFlames"],"picked":"SKIP","floor":6},{"not_picked":["hexamod:Firestarter","hexamod:GhostflameBarrier"],"picked":"hexamod:HexaLevel","floor":8},{"not_picked":["hexamod:RadiantFlame","hexamod:GhostShield"],"picked":"hexamod:RainOfEmbers","floor":9},{"not_picked":["hexamod:RainOfEmbers","hexamod:GhostLash"],"picked":"hexamod:HauntingEcho","floor":13},{"not_picked":["hexamod:InspiringFlames","hexamod:Hexaguard"],"picked":"hexamod:DynamicBlow","floor":14},{"not_picked":["hexamod:InspiringFlames","hexamod:FirstSeal"],"picked":"hexamod:GhostflameBarrier","floor":15}],"player_experience":86485,"relics_obtained":[{"floor":7,"key":"Shuriken"},{"floor":8,"key":"Dream Catcher"}],"event_choices":[{"damage_healed":0,"gold_gain":0,"player_choice":"Ignored","damage_taken":0,"max_hp_gain":0,"max_hp_loss":0,"event_name":"NoteForYourself","floor":12,"gold_loss":0}],"is_beta":false,"boss_relics":[],"items_purged_floors":[13],"is_endless":false,"potions_floor_spawned":[3,8,14,15],"killed_by":"downfall:Silent","ascension_level":0}}