{"host":"b3p2mc8zhjyw3mtc","time":1608022866,"event":{"mods":["BaseMod","Colored Map","Colored Powertips","DeckTracker","Friendly Minions","Minty Spire (QoL Compilation)","SuperFastMode"],"gold_per_floor":[114,126,141,156,81,114,114,127,127,127,127,142,6,25,25,125,125,135,10,27,41,51,79,79,95,121,121,121,121],"floor_reached":28,"playtime":1121,"items_purged":["Strike_B","Strike_B","Blizzard"],"score":244,"play_id":"2da76248-5516-4ccf-bed9-e1c74ae2d5db","local_time":"20201215180106","is_ascension_mode":false,"campfire_choices":[{"data":"Seek","floor":7,"key":"SMITH"},{"data":"Zap","floor":10,"key":"SMITH"},{"data":"Loop","floor":15,"key":"SMITH"},{"data":"Dualcast","floor":24,"key":"SMITH"}],"circlet_count":0,"master_deck":["Strike_B","Strike_B","Defend_B","Defend_B","Defend_B","Zap+1","Dualcast+1","Gash","Sweeping Beam","Conserve Battery","Seek+1","Coolheaded","Loop+1","All For One","Go for the Eyes","Gash+1","Hologram+1","Double Energy+1","Beam Cell","Doubt","Necronomicurse"],"relics":["Cracked Core","Bronze Scales","Mercury Hourglass","Toxic Egg 2","Cursed Key","Regal Pillow","Strawberry","Necronomicon"],"acts_visited":["Exordium","TheCity"],"potions_floor_usage":[6,8,16,28],"damage_taken":[{"damage":1,"enemies":"2 Louse","floor":1,"turns":2},{"damage":1,"enemies":"Cultist","floor":2,"turns":3},{"damage":1,"enemies":"Jaw Worm","floor":3,"turns":3},{"damage":32,"enemies":"Gremlin Gang","floor":4,"turns":4},{"damage":14,"enemies":"Lagavulin","floor":6,"turns":5},{"damage":0,"enemies":"3 Louse","floor":8,"turns":1},{"damage":7,"enemies":"Blue Slaver","floor":12,"turns":2},{"damage":1,"enemies":"Looter","floor":14,"turns":3},{"damage":2,"enemies":"Slime Boss","floor":16,"turns":7},{"damage":1,"enemies":"3 Byrds","floor":18,"turns":3},{"damage":3,"enemies":"Chosen","floor":20,"turns":3},{"damage":16,"enemies":"Shelled Parasite and Fungi","floor":21,"turns":4},{"damage":1,"enemies":"Cultist and Chosen","floor":22,"turns":3},{"damage":32,"enemies":"Gremlin Leader","floor":23,"turns":6},{"damage":0,"enemies":"Centurion and Healer","floor":25,"turns":4},{"damage":13,"enemies":"Book of Stabbing","floor":28,"turns":3}],"seed_played":"-2842816698251842942","potions_obtained":[{"floor":4,"key":"PowerPotion"},{"floor":6,"key":"Explosive Potion"},{"floor":8,"key":"Strength Potion"},{"floor":25,"key":"Dexterity Potion"}],"is_trial":false,"path_per_floor":["M","M","M","M","$","E","R","M","T","R","?","M","$","M","R","B",null,"M","$","M","M","M","E","R","M","T","?","E"],"character_chosen":"DEFECT","items_purchased":["Loop"],"campfire_rested":0,"item_purchase_floors":[13],"current_hp_per_floor":[74,73,72,40,40,26,26,26,26,26,26,19,19,18,18,16,75,74,74,71,55,54,22,22,22,29,13,0,0],"gold":121,"neow_bonus":"RANDOM_COMMON_RELIC","is_daily":false,"chose_seed":false,"campfire_upgraded":4,"win_rate":0.0,"timestamp":1608022866,"path_taken":["M","M","M","M","$","E","R","M","T","R","?","M","?","M","R","BOSS","M","$","M","M","M","E","R","M","T","?","E"],"items_purchased_type":["Card"],"build_version":"2020-12-13","purchased_purges":3,"victory":false,"max_hp_per_floor":[75,75,75,75,75,75,75,75,75,75,75,75,75,75,75,75,75,75,75,75,75,75,75,75,75,82,82,82,82],"card_choices":[{"not_picked":["Barrage","Rebound"],"picked":"Gash","floor":1},{"not_picked":["Blizzard","Darkness","Compile Driver"],"picked":"SKIP","floor":2},{"not_picked":["Streamline","Double Energy"],"picked":"Sweeping Beam","floor":3},{"not_picked":["Barrage","Darkness"],"picked":"Conserve Battery","floor":4},{"not_picked":["Fusion","Sweeping Beam"],"picked":"Seek","floor":6},{"not_picked":["Stack","Loop"],"picked":"Coolheaded","floor":8},{"not_picked":["Coolheaded+1","Sweeping Beam"],"picked":"Blizzard","floor":12},{"not_picked":["Rebound","Stack+1"],"picked":"All For One","floor":14},{"not_picked":["Streamline","Coolheaded+1"],"picked":"Go for the Eyes","floor":18},{"not_picked":["Leap+1","Rip and Tear","Loop"],"picked":"SKIP","floor":20},{"not_picked":["White Noise+1","Cold Snap"],"picked":"Gash+1","floor":21},{"not_picked":["Cold Snap","Rebound"],"picked":"Hologram+1","floor":22},{"not_picked":["Leap+1","Thunder Strike"],"picked":"Double Energy+1","floor":23},{"not_picked":["Gash","Sweeping Beam+1"],"picked":"Beam Cell","floor":25}],"player_experience":60330,"relics_obtained":[{"floor":6,"key":"Mercury Hourglass"},{"floor":9,"key":"Toxic Egg 2"},{"floor":23,"key":"Regal Pillow"},{"floor":26,"key":"Strawberry"},{"floor":27,"key":"Necronomicon"}],"event_choices":[{"cards_removed":["Defend_B"],"damage_healed":0,"gold_gain":0,"player_choice":"Offered Basic","damage_taken":0,"max_hp_gain":0,"max_hp_loss":0,"event_name":"Bonfire Elementals","floor":11,"gold_loss":0},{"damage_healed":0,"gold_gain":0,"player_choice":"Obtained Book","damage_taken":16,"max_hp_gain":0,"max_hp_loss":0,"event_name":"Cursed Tome","floor":27,"gold_loss":0}],"is_beta":false,"boss_relics":[{"not_picked":["Velvet Choker","Fusion Hammer"],"picked":"Cursed Key"}],"items_purged_floors":[5,13,19],"is_endless":false,"potions_floor_spawned":[4,6,8,25],"killed_by":"Book of Stabbing","ascension_level":0}}