{"host":"iy58fyt9wsbv4cf1","time":1608014051,"event":{"mods":["BaseMod","Better Altar","Better Match","Better Skull","Better Third Choice","BetterRewards","Conspire","Custom Start","Defuse TimeMaze Blight","Hubris","Minty Spire (QoL Compilation)","Permanent Neow","Quick Restart","Spicy Shops","StSLib"],"gold_per_floor":[112,112,112,112,128,128,162,162,162,188,207,207,222,250,250,349,349,360,285,195,210,224,257,257,257,280,297,397,425,435,469,469,573,573,592,592,611,631,262,291,291,304,304,318,352,363,363,413,413,413,413,413,190,220,220,220],"floor_reached":55,"playtime":1662,"items_purged":["Defend_R","Strike_R","Strike_R","Strike_R"],"score":1030,"play_id":"f938db1a-78ad-4d42-8b47-75f870ced55a","local_time":"20201215013411","is_ascension_mode":false,"campfire_choices":[{"data":"Flex","floor":6.0,"key":"SMITH"},{"data":"Heavy Blade","floor":8.0,"key":"SMITH"},{"data":"Limit Break","floor":12.0,"key":"SMITH"},{"floor":15.0,"key":"REST"},{"data":"Inflame","floor":25.0,"key":"SMITH"},{"floor":32,"key":"RECALL"},{"data":"Inflame","floor":41,"key":"SMITH"},{"data":"Bash","floor":47,"key":"SMITH"},{"data":"Impervious","floor":49,"key":"SMITH"},{"data":"Thunderclap","floor":52,"key":"SMITH"}],"circlet_count":0,"master_deck":["Strike_R","Defend_R","Defend_R","Defend_R+1","Bash+1","Limit Break+1","Heavy Blade+1","Inflame+1","Inflame+1","Flex+1","Thunderclap+1","Limit Break+1","Impervious+1","Necronomicurse","Impervious"],"relics":["Black Blood","Champion Belt","Turnip","Magic Flower","Pear","conspire:TopHat","Blood Vial","Busted Crown","MealTicket","Necronomicon","Vajra","Ice Cream","Regal Pillow","Sling","conspire:Dentures","PreservedInsect","hubris:64BitClover","Pen Nib"],"acts_visited":["Exordium","TheCity","TheBeyond","TheEnding"],"potions_floor_usage":[29,55,55],"damage_taken":[{"damage":2.0,"enemies":"2 Louse","floor":1.0,"turns":3.0},{"damage":0.0,"enemies":"Cultist","floor":5.0,"turns":2.0},{"damage":13.0,"enemies":"Gremlin Nob","floor":7.0,"turns":4.0},{"damage":0.0,"enemies":"Lagavulin","floor":10.0,"turns":5.0},{"damage":3.0,"enemies":"conspire:RoseBush","floor":11.0,"turns":2.0},{"damage":17.0,"enemies":"Gremlin Gang","floor":13.0,"turns":4.0},{"damage":30.0,"enemies":"3 Sentries","floor":14.0,"turns":4.0},{"damage":30.0,"enemies":"Hexaghost","floor":16.0,"turns":5.0},{"damage":32.0,"enemies":"conspire:FuzzyDice","floor":18.0,"turns":6.0},{"damage":5.0,"enemies":"Chosen","floor":21.0,"turns":3.0},{"damage":32.0,"enemies":"Snake Plant","floor":22.0,"turns":3.0},{"damage":14.0,"enemies":"Book of Stabbing","floor":23.0,"turns":3.0},{"damage":16.0,"enemies":"3 Cultists","floor":27.0,"turns":4.0},{"damage":0,"enemies":"Gremlin Leader","floor":29,"turns":5},{"damage":0,"enemies":"Snecko","floor":30,"turns":2},{"damage":8,"enemies":"conspire:SneckoGhost","floor":31,"turns":4},{"damage":13,"enemies":"conspire:MysteriousRune","floor":33,"turns":4},{"damage":23,"enemies":"3 Shapes","floor":35,"turns":4},{"damage":2,"enemies":"Orb Walker","floor":37,"turns":3},{"damage":0,"enemies":"Maw","floor":38,"turns":4},{"damage":10,"enemies":"Nemesis","floor":40,"turns":3},{"damage":29,"enemies":"4 Shapes","floor":42,"turns":5},{"damage":4,"enemies":"Sphere and 2 Shapes","floor":44,"turns":4},{"damage":18,"enemies":"Giant Head","floor":45,"turns":3},{"damage":18,"enemies":"Maw","floor":46,"turns":3},{"damage":0,"enemies":"Mind Bloom Boss Battle","floor":48,"turns":3},{"damage":16,"enemies":"hubris:GrandSnecko","floor":50,"turns":4},{"damage":17,"enemies":"Shield and Spear","floor":54,"turns":5},{"damage":98,"enemies":"The Heart","floor":55,"turns":4}],"seed_played":"7148800234016889428","potions_obtained":[{"floor":7.0,"key":"AttackPotion"},{"floor":11.0,"key":"Ancient Potion"},{"floor":13.0,"key":"EntropicBrew"},{"floor":16.0,"key":"Ancient Potion"},{"floor":18.0,"key":"SkillPotion"},{"floor":30,"key":"SneckoOil"},{"floor":37,"key":"LiquidBronze"},{"floor":42,"key":"Regen Potion"}],"is_trial":false,"path_per_floor":["M","?","?","$","M","R","E","R","T","E","M","R","M","E","R","B",null,"M","$","?","M","M","E","?","R","T","M","?","E","M","E","R","B",null,"M","?","M","M","$","E","R","M","T","M","E","M","R","?","R","B",null,"R","$","E","B"],"character_chosen":"IRONCLAD","items_purchased":["Champion Belt","Turnip","Limit Break","Heavy Blade","Inflame","Inflame","Sling","Impervious"],"campfire_rested":1,"item_purchase_floors":[0,0,0,0,0,0,39,53],"current_hp_per_floor":[36,36,36,36,42,42,35,35,45,54,60,60,52,31,58,40,90,67,67,67,74,54,52,36,36,36,32,32,44,56,60,60,59,90,85,85,90,90,90,90,90,79,79,90,90,90,90,90,90,90,90,90,90,90,0,0],"gold":220,"neow_bonus":"","is_daily":false,"chose_seed":false,"campfire_upgraded":8,"win_rate":0.0,"timestamp":1608014051,"path_taken":["M","?","?","$","?","R","E","R","T","E","M","R","M","E","R","BOSS","M","?","?","?","M","E","?","R","T","M","?","E","M","E","R","BOSS","M","?","M","M","$","E","R","M","T","M","E","M","R","?","R","BOSS","R","$","E","BOSS"],"items_purchased_type":["Relic","Relic","Card","Card","Card","Card","Relic","Card"],"build_version":"2020-12-13","purchased_purges":4,"victory":false,"max_hp_per_floor":[80,80,80,80,80,80,80,80,90,90,90,90,90,90,90,90,90,90,90,90,90,90,90,90,90,90,90,90,90,90,90,90,90,90,90,90,90,90,90,90,90,90,90,90,90,90,90,90,90,90,90,90,90,90,90,90],"card_choices":[{"not_picked":["Heavy Blade","True Grit","Combust"],"picked":"SKIP","floor":1.0},{"not_picked":["Dropkick","Thunderclap"],"picked":"Flex","floor":5.0},{"not_picked":["Sword Boomerang","Heavy Blade","Warcry"],"picked":"SKIP","floor":7.0},{"not_picked":["hubris:ReadiedAction","Rampage"],"picked":"Thunderclap","floor":10.0},{"not_picked":["Infernal Blade","Shrug It Off"],"picked":"Limit Break","floor":11.0},{"not_picked":["Pummel","Rupture","Flex"],"picked":"SKIP","floor":13.0},{"not_picked":["Second Wind","Clash","Shockwave"],"picked":"SKIP","floor":14.0},{"not_picked":["Juggernaut","Fiend Fire"],"picked":"Impervious","floor":16.0},{"not_picked":["Infernal Blade+1"],"picked":"SKIP","floor":18.0},{"not_picked":["Iron Wave"],"picked":"SKIP","floor":21.0},{"not_picked":["True Grit+1"],"picked":"SKIP","floor":22.0},{"not_picked":["Fiend Fire"],"picked":"SKIP","floor":23.0},{"not_picked":["True Grit"],"picked":"SKIP","floor":27.0},{"not_picked":["Body Slam"],"picked":"SKIP","floor":29},{"not_picked":["Havoc"],"picked":"SKIP","floor":30},{"not_picked":["Flex"],"picked":"SKIP","floor":31},{"not_picked":["Hemokinesis+1"],"picked":"SKIP","floor":35},{"not_picked":["Flex"],"picked":"SKIP","floor":37},{"not_picked":["Pommel Strike+1"],"picked":"SKIP","floor":38},{"not_picked":["Shockwave+1"],"picked":"SKIP","floor":40},{"not_picked":["Wild Strike+1"],"picked":"SKIP","floor":42},{"not_picked":["Evolve"],"picked":"SKIP","floor":44},{"not_picked":["Armaments"],"picked":"SKIP","floor":45},{"not_picked":["Second Wind+1"],"picked":"SKIP","floor":46},{"not_picked":["Warcry"],"picked":"SKIP","floor":54}],"player_experience":77243,"relics_obtained":[{"floor":7.0,"key":"Magic Flower"},{"floor":9.0,"key":"Pear"},{"floor":10.0,"key":"conspire:TopHat"},{"floor":14.0,"key":"Blood Vial"},{"floor":23.0,"key":"MealTicket"},{"floor":24.0,"key":"Necronomicon"},{"floor":26.0,"key":"Vajra"},{"floor":29,"key":"Ice Cream"},{"floor":31,"key":"Regal Pillow"},{"floor":40,"key":"conspire:Dentures"},{"floor":45,"key":"PreservedInsect"},{"floor":48,"key":"hubris:64BitClover"},{"floor":54,"key":"Pen Nib"}],"event_choices":[{"damage_healed":0.0,"max_hp_gain":0.0,"max_hp_loss":0.0,"gold_gain":0.0,"event_name":"Living Wall","player_choice":"Grow","floor":2.0,"gold_loss":0.0,"damage_taken":0.0,"cards_upgraded":["Limit Break"]},{"damage_healed":0.0,"max_hp_gain":0.0,"max_hp_loss":0.0,"gold_gain":0.0,"event_name":"The Woman in Blue","player_choice":"Bought 0 Potions","floor":3.0,"gold_loss":0.0,"damage_taken":0.0},{"cards_removed":["Strike_R"],"damage_healed":0.0,"max_hp_gain":0.0,"max_hp_loss":0.0,"gold_gain":0.0,"event_name":"Designer","player_choice":"Upgrade and Remove","floor":20.0,"gold_loss":90.0,"damage_taken":0.0,"cards_upgraded":["Defend_R"]},{"damage_healed":0.0,"max_hp_gain":0.0,"max_hp_loss":0.0,"gold_gain":0.0,"event_name":"Cursed Tome","player_choice":"Obtained Book","floor":24.0,"gold_loss":0.0,"damage_taken":16.0},{"damage_healed":0.0,"max_hp_gain":0.0,"max_hp_loss":0.0,"gold_gain":100.0,"event_name":"Golden Shrine","player_choice":"Pray","floor":28.0,"gold_loss":0.0,"damage_taken":0.0},{"damage_healed":0,"gold_gain":0,"player_choice":"Ignored","damage_taken":0,"max_hp_gain":0,"max_hp_loss":0,"event_name":"Tomb of Lord Red Mask","floor":36,"gold_loss":0},{"damage_healed":0,"gold_gain":0,"player_choice":"Fight","damage_taken":0,"max_hp_gain":0,"max_hp_loss":0,"event_name":"MindBloom","floor":48,"gold_loss":0}],"is_beta":false,"boss_relics":[{"not_picked":["hubris:Stopwatch","conspire:RunicOctahedron"],"picked":"Busted Crown"},{"not_picked":["Runic Pyramid","Philosopher\u0027s Stone"],"picked":"Black Blood"}],"items_purged_floors":[19,39,39,53],"is_endless":false,"potions_floor_spawned":[7,11,13,16,18,22,27,30,37,42,46],"killed_by":"The Heart","ascension_level":0}}