{"host":"tjjuwi3liievx0vu","time":1608025286,"event":{"mods":["BaseMod","Colored Map","Downfall","Minty Spire (QoL Compilation)","StSLib"],"gold_per_floor":[99,124,124,224,224,224,224,44,58,84,98,248,268,368,379,483,483,483,501,513,544,556,556,556,556,590,590,607,607,178,188,208,307,307,157,169,186,186,171,185,238,250,277,289,289],"floor_reached":44,"playtime":3490,"items_purged":["hexamod:Strike"],"score":508,"play_id":"03d4d75b-8a22-4bca-8dd6-114373b28baf","local_time":"20201215104126","is_ascension_mode":false,"campfire_choices":[{"data":"hexamod:Float","floor":1,"key":"SMITH"},{"floor":3,"key":"RECALL"},{"data":"hexamod:SkipABeat","floor":6,"key":"SMITH"},{"data":"hexamod:HexaLevel","floor":18,"key":"SMITH"},{"floor":23,"key":"REST"},{"data":"hexamod:EmpoweredFlame","floor":25,"key":"SMITH"},{"data":"hexamod:FlamesFromBeyond","floor":27,"key":"SMITH"},{"data":"hexamod:ApocalypticArmor","floor":35,"key":"SMITH"},{"floor":42,"key":"REST"}],"circlet_count":0,"master_deck":["hexamod:Strike","hexamod:Strike","hexamod:Strike","hexamod:Defend","hexamod:Defend","hexamod:Defend","hexamod:Sear","hexamod:Float+1","hexamod:HauntingEcho","hexamod:SkipABeat+1","hexamod:GhostflameBarrier","hexamod:InspiringFlames","hexamod:SpectralSpark","hexamod:CatchUp+1","hexamod:FlamesFromBeyond+1","hexamod:RetreatToShadows","hexamod:Haunt","hexamod:Incineration","hexamod:FastForward","hexamod:HexaLevel+1","hexamod:FastForward+1","hexamod:NightmareGuise","hexamod:EmpoweredFlame+1","hexamod:RainOfEmbers","hexamod:HeatShield","hexamod:ApocalypticArmor+1","hexamod:TimeOfNeed","hexamod:HauntingEcho","hexamod:AdvancingGuard","hexamod:FirstSeal","hexamod:SuperheatedStrike","hexamod:Haunt+1","expansioncontent:BronzeBeam","hexamod:GhostOfSpireFuture","hexamod:PhantomCloak+1","hexamod:FastForward"],"relics":["hexamod:SpiritBrand","downfall:HeartsMalice","Torii","Pantograph","Dream Catcher","Philosopher\u0027s Stone","Bottled Lightning","Mummified Hand","Gambling Chip","Happy Flower","Sozu","downfall:HeartBlessingGreen","downfall:HeartBlessingRed","MawBank"],"acts_visited":["Exordium","TheCity","TheBeyond"],"potions_floor_usage":[14,16,26,32,33,40],"damage_taken":[{"damage":0,"enemies":"Gremlin Nob","floor":2,"turns":1},{"damage":0,"enemies":"Jaw Worm","floor":5,"turns":1},{"damage":0,"enemies":"downfall:FleeingMerchant","floor":8,"turns":1},{"damage":0,"enemies":"2 Louse","floor":9,"turns":3},{"damage":11,"enemies":"3 Sentries","floor":10,"turns":10},{"damage":0,"enemies":"Cultist","floor":11,"turns":3},{"damage":1,"enemies":"Lots of Slimes","floor":13,"turns":4},{"damage":22,"enemies":"downfall:Heads","floor":14,"turns":7},{"damage":0,"enemies":"Large Slime","floor":15,"turns":3},{"damage":35,"enemies":"downfall:Defect","floor":16,"turns":6},{"damage":13,"enemies":"Chosen","floor":19,"turns":4},{"damage":1,"enemies":"Centurion and Healer","floor":20,"turns":5},{"damage":11,"enemies":"Book of Stabbing","floor":21,"turns":6},{"damage":20,"enemies":"Cultist and Chosen","floor":22,"turns":6},{"damage":22,"enemies":"Gremlin Leader","floor":26,"turns":7},{"damage":13,"enemies":"Snecko","floor":28,"turns":5},{"damage":0,"enemies":"downfall:FleeingMerchant","floor":30,"turns":4},{"damage":16,"enemies":"Centurion and Healer","floor":31,"turns":4},{"damage":8,"enemies":"3 Cultists","floor":32,"turns":5},{"damage":37,"enemies":"downfall:Ironclad","floor":33,"turns":7},{"damage":41,"enemies":"3 Darklings","floor":36,"turns":8},{"damage":0,"enemies":"Orb Walker","floor":37,"turns":4},{"damage":0,"enemies":"downfall:FleeingMerchant","floor":39,"turns":4},{"damage":31,"enemies":"Jaw Worm Horde","floor":40,"turns":4},{"damage":12,"enemies":"Transient","floor":43,"turns":5},{"damage":58,"enemies":"Giant Head","floor":44,"turns":9}],"seed_played":"7923242126502919998","potions_obtained":[{"floor":2,"key":"Block Potion"},{"floor":11,"key":"Ancient Potion"},{"floor":15,"key":"FairyPotion"},{"floor":19,"key":"SpeedPotion"},{"floor":22,"key":"Regen Potion"},{"floor":28,"key":"PowerPotion"},{"floor":32,"key":"Strength Potion"}],"is_trial":false,"path_per_floor":["R","E","R","?","M","R","T","$","M","E","M","?","M","?","M","B",null,"R","M","M","E","M","R","T","R","E","R","M","?","$","M","M","B",null,"R","M","M","?","$","M","T","R","M","E"],"character_chosen":"THE_SPIRIT","items_purchased":["hexamod:InspiringFlames","hexamod:SpectralSpark","Fire Potion","hexamod:TimeOfNeed","hexamod:HauntingEcho","Happy Flower"],"campfire_rested":2,"item_purchase_floors":[8,8,8,30,30,30],"current_hp_per_floor":[70,70,70,70,70,70,70,70,70,59,59,59,58,36,36,26,70,70,57,56,45,25,46,46,46,39,39,26,26,26,10,2,28,70,70,36,43,43,50,26,26,47,42,0,0],"gold":289,"neow_bonus":"THREE_ENEMY_KILL","is_daily":false,"chose_seed":false,"campfire_upgraded":6,"win_rate":0.0,"timestamp":1608025286,"path_taken":["R","E","R","?","M","R","T","$","M","E","M","?","M","?","M","BOSS","R","M","M","E","M","R","T","R","E","R","M","?","$","M","M","BOSS","R","M","M","?","?","?","T","R","M","E"],"items_purchased_type":["Card","Card","Potion","Card","Card","Relic"],"build_version":"2020-12-13","purchased_purges":1,"victory":false,"max_hp_per_floor":[70,70,70,70,70,70,70,70,70,70,70,70,70,70,70,70,70,70,70,70,70,70,70,70,70,70,70,70,70,70,70,70,70,70,70,70,70,70,70,70,70,70,70,70,70],"card_choices":[{"not_picked":["hexamod:PhantomCloak","hexamod:GhostOfSpireFuture"],"picked":"hexamod:HauntingEcho","floor":2},{"not_picked":["hexamod:PhantomCloak","hexamod:BacktrackSmack"],"picked":"hexamod:SkipABeat","floor":5},{"not_picked":["hexamod:DynamicBlow","hexamod:HauntingEcho"],"picked":"hexamod:GhostflameBarrier","floor":8},{"not_picked":["hexamod:ShieldOfDarkness","hexamod:SpectralAdrenaline","hexamod:HauntingEcho"],"picked":"SKIP","floor":9},{"not_picked":["hexamod:NightmareGuise","hexamod:SpectersWail"],"picked":"hexamod:CatchUp","floor":10},{"not_picked":["hexamod:AdvancingGuard","hexamod:BacktrackSmack"],"picked":"hexamod:FlamesFromBeyond","floor":11},{"not_picked":["hexamod:Hexaguard","hexamod:SpectralAdrenaline"],"picked":"hexamod:RetreatToShadows","floor":13},{"not_picked":["hexamod:HauntingEcho","hexamod:RainOfEmbers"],"picked":"hexamod:Incineration","floor":14},{"not_picked":["hexamod:Again","hexamod:FlamesFromBeyond"],"picked":"hexamod:FastForward","floor":15},{"not_picked":["hexamod:GhostflameInferno","hexamod:ApocalypseNow"],"picked":"hexamod:HexaLevel","floor":16},{"not_picked":["hexamod:SwordOfDarkness","hexamod:ChargedBarrage"],"picked":"hexamod:FastForward+1","floor":19},{"not_picked":["hexamod:RainOfEmbers+1","hexamod:ShieldOfDarkness"],"picked":"hexamod:NightmareGuise","floor":20},{"not_picked":["hexamod:RainOfEmbers","hexamod:RetreatToShadows"],"picked":"hexamod:EmpoweredFlame","floor":21},{"not_picked":["hexamod:HauntingEcho","hexamod:AdvancingGuard"],"picked":"hexamod:RainOfEmbers","floor":22},{"not_picked":["hexamod:EmpoweredFlame","hexamod:NightmareStrike"],"picked":"hexamod:HeatShield","floor":26},{"not_picked":["hexamod:PowerFromBeyond","hexamod:GhostLash","hexamod:RetreatToShadows"],"picked":"SKIP","floor":28},{"not_picked":["hexamod:SpectralAdrenaline","hexamod:SpectralSpark"],"picked":"hexamod:ApocalypticArmor","floor":30},{"not_picked":["hexamod:BurningTouch","hexamod:FastForward"],"picked":"hexamod:AdvancingGuard","floor":31},{"not_picked":["hexamod:GhostLash","hexamod:NightmareGuise"],"picked":"hexamod:FirstSeal","floor":32},{"not_picked":["hexamod:HauntingEcho","hexamod:FastForward+1"],"picked":"hexamod:SuperheatedStrike","floor":36},{"not_picked":["hexamod:PowerFromBeyond+1","hexamod:BurningTouch+1"],"picked":"hexamod:Haunt+1","floor":37},{"not_picked":["hexamod:GhostLash+1","hexamod:EmpoweredFlame","hexamod:NightmareGuise"],"picked":"SKIP","floor":39},{"not_picked":["hexamod:Firestarter+1","hexamod:BacktrackSmack+1"],"picked":"hexamod:GhostOfSpireFuture","floor":40},{"not_picked":["hexamod:Again","hexamod:Rewind"],"picked":"hexamod:PhantomCloak+1","floor":42},{"not_picked":["hexamod:NightmareStrike+1","hexamod:SecondSeal"],"picked":"hexamod:FastForward","floor":43}],"player_experience":796653,"relics_obtained":[{"floor":2,"key":"Torii"},{"floor":7,"key":"Pantograph"},{"floor":10,"key":"Dream Catcher"},{"floor":21,"key":"Bottled Lightning"},{"floor":24,"key":"Mummified Hand"},{"floor":26,"key":"Gambling Chip"},{"floor":41,"key":"MawBank"}],"event_choices":[],"is_beta":false,"boss_relics":[{"not_picked":["Pandora\u0027s Box","Runic Pyramid"],"picked":"Philosopher\u0027s Stone"},{"not_picked":["SacredBark","Coffee Dripper"],"picked":"Sozu"}],"items_purged_floors":[30],"is_endless":false,"potions_floor_spawned":[2,11,13,15,19,22,28,32,43],"killed_by":"Giant Head","ascension_level":0}}