{"host":"dcj2yvrgcvh5dl2s","time":1608059810,"event":{"mods":["BaseMod","Better Note","Block Reminder","Colored Powertips","DeckTracker","Minty Spire (QoL Compilation)","Quick Restart","Rare Cards Sparkle","Relic Stats","StSLib"],"gold_per_floor":[119,119,194,30,46,46,85,85,85,97,137,164,196,216,216,216,216],"floor_reached":16,"playtime":464,"items_purged":[],"score":218,"play_id":"e731afa6-ada2-463e-8a2e-ecbdfe0633a8","local_time":"20201216051650","is_ascension_mode":true,"campfire_choices":[{"data":"Armaments","floor":6,"key":"SMITH"},{"data":"Barricade","floor":8,"key":"SMITH"},{"floor":15,"key":"REST"}],"circlet_count":0,"master_deck":["AscendersBane","Strike_R","Strike_R","Strike_R","Strike_R","Strike_R","Defend_R","Defend_R","Defend_R","Defend_R","Bash","Armaments+1","Barricade+1","Feel No Pain","Shrug It Off","Infernal Blade","Whirlwind"],"relics":["Burning Blood","NeowsBlessing","CeramicFish","Gremlin Horn","MealTicket","Bag of Marbles"],"acts_visited":["Exordium"],"potions_floor_usage":[11,16,16],"damage_taken":[{"damage":0,"enemies":"Jaw Worm","floor":1,"turns":1},{"damage":0,"enemies":"2 Louse","floor":5,"turns":1},{"damage":0,"enemies":"3 Sentries","floor":7,"turns":2},{"damage":9,"enemies":"Cultist","floor":10,"turns":5},{"damage":44,"enemies":"Gremlin Nob","floor":11,"turns":6},{"damage":0,"enemies":"2 Fungi Beasts","floor":12,"turns":4},{"damage":30,"enemies":"3 Sentries","floor":13,"turns":9},{"damage":1,"enemies":"3 Louse","floor":14,"turns":2},{"damage":77,"enemies":"Slime Boss","floor":16,"turns":11}],"seed_played":"-5887999448064275290","potions_obtained":[{"floor":5,"key":"Weak Potion"},{"floor":10,"key":"Weak Potion"},{"floor":13,"key":"BloodPotion"}],"is_trial":false,"path_per_floor":["M","$","?","$","M","R","E","R","T","M","E","M","E","M","R","B"],"character_chosen":"IRONCLAD","items_purchased":["Barricade"],"campfire_rested":1,"item_purchase_floors":[4],"current_hp_per_floor":[78,78,67,67,73,73,79,79,79,76,38,44,20,25,49,0,0],"gold":216,"neow_bonus":"THREE_ENEMY_KILL","is_daily":false,"chose_seed":false,"campfire_upgraded":2,"win_rate":0.0,"timestamp":1608059810,"path_taken":["M","$","?","$","M","R","E","R","T","M","E","M","E","M","R","BOSS"],"items_purchased_type":["Card"],"build_version":"2020-12-13","purchased_purges":0,"victory":false,"max_hp_per_floor":[80,80,80,80,80,80,80,80,80,80,80,80,80,80,80,80,80],"relic_stats":{"Gremlin Horn":[3,3],"counters":[9,41],"CeramicFish":27,"MealTicket":0,"obtain_stats":[{"NeowsBlessing":0,"Gremlin Horn":9,"CeramicFish":7,"MealTicket":11,"Bag of Marbles":13,"Burning Blood":0},{"NeowsBlessing":0,"Gremlin Horn":3,"CeramicFish":3,"MealTicket":5,"Bag of Marbles":7,"Burning Blood":0},{"NeowsBlessing":0,"Gremlin Horn":4,"CeramicFish":4,"MealTicket":15,"Bag of Marbles":28,"Burning Blood":0}],"Burning Blood":48},"card_choices":[{"not_picked":["Headbutt","Twin Strike"],"picked":"Armaments","floor":1},{"not_picked":["Sever Soul","Barricade"],"picked":"Feel No Pain","floor":5},{"not_picked":["Spot Weakness","Flex"],"picked":"Shrug It Off","floor":7},{"not_picked":["Perfected Strike","Armaments","Anger"],"picked":"SKIP","floor":10},{"not_picked":["Fire Breathing","Iron Wave"],"picked":"Infernal Blade","floor":11},{"not_picked":["Armaments","Intimidate"],"picked":"Whirlwind","floor":12},{"not_picked":["Power Through","Warcry","Wild Strike"],"picked":"SKIP","floor":13},{"not_picked":["Cleave","Anger","Iron Wave"],"picked":"SKIP","floor":14}],"player_experience":1967265,"relics_obtained":[{"floor":7,"key":"CeramicFish"},{"floor":9,"key":"Gremlin Horn"},{"floor":11,"key":"MealTicket"},{"floor":13,"key":"Bag of Marbles"}],"event_choices":[{"damage_healed":0,"gold_gain":75,"player_choice":"Gather Gold","damage_taken":11,"max_hp_gain":0,"max_hp_loss":0,"event_name":"World of Goop","floor":3,"gold_loss":0}],"is_beta":false,"boss_relics":[],"items_purged_floors":[],"is_endless":false,"potions_floor_spawned":[5,10,13],"killed_by":"Slime Boss","ascension_level":10}}