{"host":"0gwv7avfu8mbfkng","time":1608075194,"event":{"mods":["BaseMod","Challenge The Spire","Colored Map","Conspire","Infinite Spire","Jedi Mod","Minty Spire (QoL Compilation)","Spicy Shops","StSLib","The Blackbeard","WarShipGirlsR/????R mod"],"gold_per_floor":[109,109,121,121,18,18,31,46,46,46,65,65,78,90,90,190,190,208,123,123,138,237,237,272,272,296,327,327,347,32,49,49,49,49],"floor_reached":33,"playtime":945,"items_purged":["Regret"],"score":427,"play_id":"8e4fb030-6508-4be3-97dd-6c68cfb8ff73","local_time":"20201216003314","is_ascension_mode":true,"campfire_choices":[{"data":"Bash","floor":6,"key":"SMITH"},{"data":"Feel No Pain","floor":10,"key":"SMITH"},{"data":"Strike_R","floor":15,"key":"SMITH"},{"floor":23,"key":"REST"},{"data":"Impervious","floor":25,"key":"SMITH"},{"floor":28,"key":"REST"},{"data":"Entrench","floor":32,"key":"SMITH"}],"circlet_count":0,"master_deck":["Strike_R","Strike_R","Strike_R","Strike_R","Strike_R+1","Defend_R","Defend_R","Bash+1","Feel No Pain+1","Carnage+1","Carnage+1","Feed+1","Iron Wave+1","infinitespire:OneForAll+1","Impervious+1","Clothesline+1","Pommel Strike+1","Immolate+1","Entrench+1","Feel No Pain"],"relics":["Burning Blood","NeowsBlessing","Molten Egg 2","infinitespire:EmpoweringShard","conspire:RoyalGoblet","Happy Flower","MealTicket","jedi:shrinkray","jedi:firstaidkit","Mummified Hand"],"acts_visited":["Exordium","TheCity"],"potions_floor_usage":[16,16,24,27,31,33],"damage_taken":[{"damage":0,"enemies":"2 Louse","floor":1,"turns":1},{"damage":0,"enemies":"Cultist","floor":3,"turns":1},{"damage":0,"enemies":"conspire:RoseBush","floor":7,"turns":1},{"damage":14,"enemies":"Looter","floor":8,"turns":2},{"damage":6,"enemies":"Large Slime","floor":11,"turns":4},{"damage":13,"enemies":"Gremlin Gang","floor":13,"turns":5},{"damage":9,"enemies":"3 Louse","floor":14,"turns":3},{"damage":20,"enemies":"The Guardian","floor":16,"turns":6},{"damage":2,"enemies":"Chosen","floor":18,"turns":4},{"damage":14,"enemies":"conspire:FuzzyDice","floor":21,"turns":5},{"damage":34,"enemies":"Slavers","floor":24,"turns":5},{"damage":15,"enemies":"conspire:SneckoGhost","floor":27,"turns":5},{"damage":12,"enemies":"Snake Plant","floor":29,"turns":3},{"damage":21,"enemies":"Centurion and Healer","floor":31,"turns":4},{"damage":142,"enemies":"Champ","floor":33,"turns":10}],"seed_played":"2507679219360581138","potions_obtained":[{"floor":7,"key":"PowerPotion"},{"floor":8,"key":"SkillPotion"},{"floor":14,"key":"AttackPotion"},{"floor":24,"key":"EssenceOfSteel"},{"floor":27,"key":"ColorlessPotion"},{"floor":31,"key":"SkillPotion"}],"is_trial":false,"path_per_floor":["M","?","M","?","$","R","M","M","T","R","M","T","M","M","R","B",null,"M","?","?","M","?","R","E","R","T","E","R","M","$","M","R","B"],"character_chosen":"IRONCLAD","items_purchased":["Molten Egg 2","Mummified Hand"],"campfire_rested":2,"item_purchase_floors":[5,30],"current_hp_per_floor":[78,78,80,73,73,73,79,71,71,71,71,71,68,69,69,55,80,88,88,70,66,66,96,72,72,72,63,94,92,105,96,96,0,0],"gold":49,"neow_bonus":"THREE_ENEMY_KILL","is_daily":false,"chose_seed":false,"campfire_upgraded":5,"win_rate":0.0,"timestamp":1608075194,"path_taken":["M","?","?","?","$","R","M","M","T","R","M","?","M","M","R","BOSS","M","?","?","M","?","R","E","R","T","E","R","M","$","M","R","BOSS"],"items_purchased_type":["Relic","Relic"],"build_version":"2020-12-13","purchased_purges":1,"victory":false,"max_hp_per_floor":[80,80,80,80,80,80,80,80,80,80,80,80,84,88,88,88,88,92,92,97,101,101,101,105,105,105,105,105,105,105,109,109,109,109],"card_choices":[{"not_picked":["Havoc","Headbutt"],"picked":"Feel No Pain","floor":1},{"not_picked":["Sever Soul","Anger","Warcry"],"picked":"SKIP","floor":3},{"not_picked":["Heavy Blade+1","Ghostly Armor"],"picked":"Carnage+1","floor":7},{"not_picked":["Twin Strike+1","Clash+1"],"picked":"Carnage+1","floor":8},{"not_picked":["Fire Breathing","Anger+1"],"picked":"Feed+1","floor":11},{"not_picked":["Havoc","Headbutt+1"],"picked":"Iron Wave+1","floor":13},{"not_picked":["Clash+1","Twin Strike+1"],"picked":"infinitespire:OneForAll+1","floor":14},{"not_picked":["conspire:Purge","Brutality"],"picked":"Impervious","floor":16},{"not_picked":["Cleave+1","True Grit"],"picked":"Clothesline+1","floor":18},{"not_picked":["Armaments","Heavy Blade+1"],"picked":"Pommel Strike+1","floor":21},{"not_picked":["Reckless Charge+1","Intimidate","Blood for Blood+1"],"picked":"SKIP","floor":24},{"not_picked":["Sentinel+1","Heavy Blade+1"],"picked":"Immolate+1","floor":27},{"not_picked":["Searing Blow+1","Cleave+1"],"picked":"Entrench","floor":29},{"not_picked":["Cleave+1","Anger+1"],"picked":"Feel No Pain","floor":31}],"player_experience":1024561,"relics_obtained":[{"floor":9,"key":"infinitespire:EmpoweringShard"},{"floor":24,"key":"MealTicket"},{"floor":26,"key":"jedi:shrinkray"},{"floor":27,"key":"jedi:firstaidkit"}],"event_choices":[{"cards_removed":["Defend_R"],"damage_healed":0,"gold_gain":0,"player_choice":"Purged","damage_taken":0,"max_hp_gain":0,"max_hp_loss":0,"event_name":"Purifier","floor":2,"gold_loss":0},{"cards_removed":["Defend_R"],"damage_healed":0,"gold_gain":0,"player_choice":"Card Removal","damage_taken":7,"max_hp_gain":0,"max_hp_loss":0,"event_name":"Golden Wing","floor":4,"gold_loss":0},{"damage_healed":0,"gold_gain":0,"player_choice":"Obtained Relic","damage_taken":0,"relics_obtained":["Happy Flower"],"max_hp_gain":0,"max_hp_loss":0,"event_name":"Addict","floor":19,"gold_loss":85},{"damage_healed":0,"gold_gain":0,"player_choice":"Shed Blood","damage_taken":23,"max_hp_gain":5,"max_hp_loss":0,"event_name":"Forgotten Altar","floor":20,"gold_loss":0},{"damage_healed":0,"gold_gain":99,"player_choice":"Stole From Cult","damage_taken":0,"max_hp_gain":0,"max_hp_loss":0,"event_name":"Nest","floor":22,"gold_loss":0}],"is_beta":false,"boss_relics":[{"not_picked":["infinitespire:Cupcake","Runic Dome"],"picked":"conspire:RoyalGoblet"}],"items_purged_floors":[30],"is_endless":false,"potions_floor_spawned":[7,8,14,24,27,31],"killed_by":"Champ","ascension_level":9}}