{"host":"f5n4tidiz2n5sooh","time":1608025166,"event":{"mods":["BaseMod","Colored Map","Minty Spire (QoL Compilation)","Relic Stats","StSLib"],"gold_per_floor":[111,111,126,143,143,143,143,157,157,183,198,213,213,3,3,3,3],"floor_reached":16,"playtime":524,"items_purged":[],"score":224,"play_id":"a8441019-a9e0-4d24-b1b2-684b16ff7c39","local_time":"20201215033926","is_ascension_mode":true,"campfire_choices":[{"data":"Bash","floor":6,"key":"SMITH"},{"data":"True Grit","floor":13,"key":"SMITH"},{"data":"Fire Breathing","floor":15,"key":"SMITH"}],"circlet_count":0,"master_deck":["AscendersBane","Strike_R","Strike_R","Strike_R","Strike_R","Strike_R","Defend_R","Defend_R","Defend_R","Defend_R","Bash+1","Parasite","Shrug It Off","Anger","True Grit+1","True Grit","Fire Breathing+1","Spot Weakness","Apotheosis"],"relics":["Burning Blood","Incense Burner","Pantograph","Darkstone Periapt","Gremlin Horn"],"acts_visited":["Exordium"],"potions_floor_usage":[7,16],"damage_taken":[{"damage":8,"enemies":"Small Slimes","floor":1,"turns":5},{"damage":2,"enemies":"Jaw Worm","floor":3,"turns":5},{"damage":6,"enemies":"Cultist","floor":4,"turns":5},{"damage":0,"enemies":"3 Sentries","floor":7,"turns":1},{"damage":10,"enemies":"3 Louse","floor":8,"turns":6},{"damage":48,"enemies":"Gremlin Nob","floor":10,"turns":5},{"damage":7,"enemies":"Large Slime","floor":11,"turns":5},{"damage":5,"enemies":"Looter","floor":12,"turns":3},{"damage":48,"enemies":"Hexaghost","floor":16,"turns":11}],"seed_played":"1160156573561606226","potions_obtained":[{"floor":1,"key":"SmokeBomb"},{"floor":10,"key":"FearPotion"},{"floor":11,"key":"Dexterity Potion"}],"is_trial":false,"path_per_floor":["M","?","M","M","?","R","E","M","T","E","M","M","R","$","R","B"],"character_chosen":"IRONCLAD","items_purchased":["Apotheosis"],"campfire_rested":0,"item_purchase_floors":[14],"current_hp_per_floor":[66,55,59,59,59,59,65,61,61,19,18,19,19,19,19,0,0],"gold":3,"neow_bonus":"ONE_RARE_RELIC","is_daily":false,"chose_seed":false,"campfire_upgraded":3,"win_rate":0.0,"timestamp":1608025166,"path_taken":["M","?","M","M","?","R","E","M","T","E","M","M","R","$","R","BOSS"],"items_purchased_type":["Card"],"build_version":"2020-12-13","purchased_purges":0,"victory":false,"max_hp_per_floor":[75,75,75,75,75,75,75,75,75,75,75,75,75,75,75,75,75],"relic_stats":{"Darkstone Periapt":0,"Gremlin Horn":[1,1],"counters":[9,46],"Pantograph":25,"obtain_stats":[{"Darkstone Periapt":9,"Gremlin Horn":10,"Pantograph":2,"Incense Burner":0,"Burning Blood":0},{"Darkstone Periapt":5,"Gremlin Horn":6,"Pantograph":1,"Incense Burner":0,"Burning Blood":0},{"Darkstone Periapt":22,"Gremlin Horn":27,"Pantograph":5,"Incense Burner":0,"Burning Blood":0}],"Burning Blood":48},"card_choices":[{"not_picked":["Warcry","Headbutt"],"picked":"Shrug It Off","floor":1},{"not_picked":["Clash","Rupture"],"picked":"Anger","floor":3},{"not_picked":["Body Slam","Warcry"],"picked":"True Grit","floor":4},{"not_picked":["Thunderclap","Ghostly Armor"],"picked":"True Grit","floor":8},{"not_picked":["Exhume","Twin Strike"],"picked":"Fire Breathing","floor":10},{"not_picked":["Iron Wave","Perfected Strike","Shrug It Off"],"picked":"SKIP","floor":11},{"not_picked":["Inflame","Whirlwind"],"picked":"Spot Weakness","floor":12}],"player_experience":1890102,"relics_obtained":[{"floor":9,"key":"Darkstone Periapt"},{"floor":10,"key":"Gremlin Horn"}],"event_choices":[{"damage_healed":0,"gold_gain":0,"player_choice":"Success","damage_taken":11,"relics_obtained":["Pantograph"],"max_hp_gain":0,"max_hp_loss":0,"event_name":"Scrap Ooze","floor":2,"gold_loss":0},{"damage_healed":0,"gold_gain":0,"player_choice":"Ignored","damage_taken":0,"max_hp_gain":0,"max_hp_loss":0,"event_name":"Liars Game","floor":5,"gold_loss":0}],"is_beta":false,"boss_relics":[],"items_purged_floors":[],"is_endless":false,"potions_floor_spawned":[1,10,11],"killed_by":"Hexaghost","ascension_level":20}}