{"host":"jak4ncvfzor9mys0","time":1608018528,"event":{"mods":["2.2 Compatiblity","AchievementEnabler","BaseMod","Better Altar","Better Match","Better Note","Better Sensory Stone","Better Skull","Better Third Choice","BetterRewards","Block Reminder","Colored Map","Colored Powertips","Energized Spire","Gold Saver","Hubris","Infinite Spire","Key Reminder","Minty Spire (QoL Compilation)","Rare Cards Sparkle","Red Circlet Mod","Relic Sorter","Relic Stats","Replay The Spire","Retaliation","StSLib","SuperFastMode","The Blue Laboratory"],"gold_per_floor":[152,152,169,179,179,179,192,117,117,191,210,210,41,41,41,146,146,163,180,198,73,86,86,86,115,161,195,195,215,215,225,225,320,320,334,52,52,65,65,95,109,109,109,138,155,170,16,35,35,35,35],"floor_reached":50,"playtime":1624,"items_purged":["Strike_R","Strike_R","Bash+1","Strike_R"],"score":556,"play_id":"bd7e06ff-f40a-44e6-97a9-eac58066624c","local_time":"20201214234848","is_ascension_mode":false,"campfire_choices":[{"data":"Pommel Strike","floor":6,"key":"SMITH"},{"data":"Wild Strike","floor":12,"key":"SMITH"},{"data":"ReplayTheSpireMod:Stacked","floor":15,"key":"SMITH"},{"data":"Shrug It Off","floor":23,"key":"SMITH"},{"floor":32,"key":"REST"},{"data":"Fire Breathing","floor":42,"key":"SMITH"},{"data":"Reckless Charge","floor":49,"key":"SMITH"}],"circlet_count":0,"master_deck":["Strike_R","Strike_R","Defend_R+1","Defend_R","Defend_R+1","Defend_R","Pommel Strike+1","Fire Breathing+1","Battle Trance","Wild Strike+1","ReplayTheSpireMod:Stacked+1","Shrug It Off+1","Wild Strike+1","infinitespire:NeuralNetwork","Fire Breathing+1","Reckless Charge+1","Parasite","Shrug It Off+1"],"relics":["Burning Blood","infinitespire:Joker Card","War Paint","ChewingGum","CeramicFish","Akabeko","Calipers","Bag of Marbles","MealTicket"],"acts_visited":["Exordium","TheCity","TheBeyond"],"potions_floor_usage":[7,16,22,27,27],"damage_taken":[{"damage":5,"enemies":"Small Slimes","floor":1,"turns":4},{"damage":6,"enemies":"Jaw Worm","floor":3,"turns":3},{"damage":5,"enemies":"Cultist","floor":4,"turns":4},{"damage":4,"enemies":"Large Slime","floor":7,"turns":5},{"damage":5,"enemies":"Lots of Slimes","floor":11,"turns":7},{"damage":0,"enemies":"Fading Forest","floor":16,"turns":11},{"damage":0,"enemies":"Chosen","floor":18,"turns":3},{"damage":19,"enemies":"Spheric Guardian","floor":19,"turns":4},{"damage":16,"enemies":"Snake Plant","floor":20,"turns":4},{"damage":6,"enemies":"3 Cultists","floor":22,"turns":4},{"damage":4,"enemies":"Replay:Snechameleon","floor":25,"turns":5},{"damage":19,"enemies":"Nightmare","floor":27,"turns":6},{"damage":0,"enemies":"Centurion and Healer","floor":29,"turns":4},{"damage":0,"enemies":"Sentry and Sphere","floor":31,"turns":3},{"damage":55,"enemies":"Automaton","floor":33,"turns":7},{"damage":11,"enemies":"3 Darklings","floor":35,"turns":4},{"damage":6,"enemies":"Orb Walker","floor":38,"turns":3},{"damage":39,"enemies":"Nemesis","floor":40,"turns":7},{"damage":4,"enemies":"Maw","floor":41,"turns":5},{"damage":0,"enemies":"Writhing Mass","floor":44,"turns":4},{"damage":0,"enemies":"Jaw Worm Horde","floor":45,"turns":3},{"damage":0,"enemies":"Sphere and 2 Shapes","floor":46,"turns":4},{"damage":19,"enemies":"4 Shapes","floor":48,"turns":3},{"damage":72,"enemies":"Awakened One","floor":50,"turns":9}],"seed_played":"1254679074998741181","potions_obtained":[{"floor":3,"key":"Explosive Potion"},{"floor":4,"key":"Ancient Potion"},{"floor":7,"key":"blueLaboratory:IronCompound"},{"floor":20,"key":"Regen Potion"},{"floor":22,"key":"DistilledChaos"},{"floor":25,"key":"SteroidPotion"},{"floor":35,"key":"DDmod:CleansePotion"},{"floor":38,"key":"blueLaboratory:HorrorPotion"}],"is_trial":false,"path_per_floor":["M","?","M","M","?","R","M","$","T","?","M","R","$","?","R","B",null,"M","M","M","$","M","R","?","E","T","NM","T","M","?","M","R","B",null,"M","$","?","M","$","E","M","R","T","M","M","M","$","M","R","B"],"character_chosen":"IRONCLAD","items_purchased":["ReplayTheSpireMod:Stacked","Fire Breathing","Reckless Charge","MealTicket"],"campfire_rested":1,"item_purchase_floors":[13,36,36,47],"current_hp_per_floor":[80,85,85,85,73,73,75,75,75,75,76,76,76,76,76,82,85,85,72,62,62,74,74,74,76,76,63,63,69,51,57,82,33,85,80,80,85,85,85,52,54,54,54,60,66,72,72,59,59,0,0],"gold":35,"neow_bonus":"UPGRADE_CARD","is_daily":false,"chose_seed":false,"campfire_upgraded":6,"win_rate":0.0,"timestamp":1608018528,"path_taken":["M","?","M","M","?","R","M","$","T","?","M","R","?","?","R","BOSS","M","M","M","?","?","R","?","E","T","NM","?","M","?","M","R","BOSS","M","?","?","M","$","E","M","R","T","M","M","M","$","?","R","BOSS"],"items_purchased_type":["Card","Card","Card","Relic"],"build_version":"2020-12-13","purchased_purges":4,"victory":false,"max_hp_per_floor":[80,85,85,85,85,85,85,85,85,85,85,85,85,85,85,85,85,85,85,85,85,85,85,85,85,85,85,85,85,85,85,85,85,85,85,85,85,85,85,85,85,85,85,85,85,85,85,85,85,85,85],"relic_stats":{"counters":[24,116],"CeramicFish":45,"MealTicket":0,"War Paint":["Defend_R","Defend_R"],"obtain_stats":[{"Calipers":27,"CeramicFish":25,"ChewingGum":17,"MealTicket":47,"infinitespire:Joker Card":40,"Bag of Marbles":30,"War Paint":5,"Burning Blood":0,"Akabeko":26},{"Calipers":12,"CeramicFish":11,"ChewingGum":6,"MealTicket":22,"infinitespire:Joker Card":18,"Bag of Marbles":13,"War Paint":3,"Burning Blood":0,"Akabeko":11},{"Calipers":60,"CeramicFish":54,"ChewingGum":34,"MealTicket":104,"infinitespire:Joker Card":88,"Bag of Marbles":64,"War Paint":11,"Burning Blood":0,"Akabeko":54}],"Burning Blood":130},"card_choices":[{"not_picked":["DDmod:UnstoppableAttack","DDmod:CallousedSkill"],"picked":"Pommel Strike","floor":1},{"not_picked":["Run Through","Anger"],"picked":"Fire Breathing","floor":3},{"not_picked":["Clothesline","hubris:CleavingFinish","Feel No Pain"],"picked":"SKIP","floor":4},{"not_picked":["Replay:Undeath\u0027s Touch","Corruption"],"picked":"Battle Trance","floor":7},{"not_picked":["Anger","Warcry"],"picked":"Wild Strike","floor":11},{"not_picked":["True Grit","Whirlwind","Headbutt+1"],"picked":"SKIP","floor":18},{"not_picked":["Run Through","DDmod:SpikedSkill"],"picked":"Shrug It Off","floor":19},{"not_picked":["DDmod:PokeAttack","Life Link","Run Through"],"picked":"SKIP","floor":20},{"not_picked":["DDmod:CallousedSkill+1","Body Slam"],"picked":"Wild Strike","floor":22},{"not_picked":["ReplayTheSpireMod:Limb From Limb","True Grit","Hemokinesis"],"picked":"SKIP","floor":25},{"not_picked":["hubris:Fate","infinitespire:SevenWalls"],"picked":"infinitespire:NeuralNetwork","floor":27},{"not_picked":["Burning Pact","Abandon+1","Armaments"],"picked":"SKIP","floor":27},{"not_picked":["DDmod:PokeAttack","Uppercut","Body Slam"],"picked":"SKIP","floor":29},{"not_picked":["ReplayTheSpireMod:Strike From Hell","Brutality","Whirlwind"],"picked":"SKIP","floor":31},{"not_picked":["DDmod:RapidStrikeAttack","Clothesline","Perfected Strike+1"],"picked":"SKIP","floor":35},{"not_picked":["Sword Boomerang","Anger+1","Dual Wield+1"],"picked":"SKIP","floor":38},{"not_picked":["hubris:ReadiedAction","ReplayTheSpireMod:Corrosion Curse+1","Berserk"],"picked":"SKIP","floor":40},{"not_picked":["Disarm","Battle Trance","Iron Wave+1"],"picked":"SKIP","floor":41},{"not_picked":["Infernal Blade+1","DDmod:EasePowerCard","Armaments+1"],"picked":"SKIP","floor":44},{"not_picked":["DDmod:CallousedSkill","Twin Strike","Thunderclap"],"picked":"SKIP","floor":45},{"not_picked":["Cleave","Thunderclap","DDmod:PokeAttack"],"picked":"SKIP","floor":46},{"not_picked":["Defy Death","Iron Wave+1"],"picked":"Shrug It Off+1","floor":48}],"player_experience":2604414,"relics_obtained":[{"floor":25,"key":"CeramicFish"},{"floor":26,"key":"Akabeko"},{"floor":27,"key":"Calipers"},{"floor":40,"key":"infinitespire:Joker Card"}],"event_choices":[{"damage_healed":0,"gold_gain":0,"player_choice":"Donut","damage_taken":0,"max_hp_gain":5,"max_hp_loss":0,"event_name":"Big Fish","floor":2,"gold_loss":0},{"damage_healed":0,"gold_gain":0,"player_choice":"Relic ","damage_taken":12,"max_hp_gain":0,"max_hp_loss":0,"event_name":"betterThird:BetterScrap","floor":5,"gold_loss":0,"cards_obtained":["Replay:AllIn"]},{"damage_healed":0,"gold_gain":74,"player_choice":"Gained Gold","damage_taken":0,"max_hp_gain":0,"max_hp_loss":0,"event_name":"Golden Wing","floor":10,"gold_loss":0},{"damage_healed":0,"gold_gain":0,"player_choice":"Upgraded","damage_taken":0,"max_hp_gain":0,"max_hp_loss":0,"event_name":"Upgrade Shrine","floor":14,"gold_loss":0,"cards_upgraded":["Fire Breathing"]},{"damage_healed":0,"gold_gain":0,"player_choice":"Upgraded","damage_taken":0,"max_hp_gain":0,"max_hp_loss":0,"event_name":"Upgrade Shrine","floor":24,"gold_loss":0,"cards_upgraded":["Wild Strike"]},{"damage_healed":0,"gold_gain":0,"player_choice":"RE ","damage_taken":20,"relics_obtained":["Bag of Marbles"],"max_hp_gain":0,"max_hp_loss":0,"event_name":"betterSkull:BetterSkull","floor":30,"gold_loss":0,"cards_upgraded":[]},{"damage_healed":5,"gold_gain":0,"player_choice":"LEAVE ","damage_taken":0,"relics_obtained":[],"max_hp_gain":0,"max_hp_loss":0,"event_name":"betterSkull:BetterSkull","floor":37,"gold_loss":0,"cards_upgraded":[]}],"is_beta":false,"boss_relics":[{"not_picked":["Electric Blood","Tiny House"],"picked":"ChewingGum"},{"not_picked":["energizedSpire:DecayingSkull","Runic Dome","Philosopher\u0027s Stone"]}],"items_purged_floors":[8,13,21,36],"is_endless":true,"potions_floor_spawned":[3,4,7,20,22,25,35,38,44,46],"killed_by":"Awakened One","ascension_level":0}}