{"host":"0fmi5fguj5lvt8pf","time":1608004467,"event":{"mods":["BaseMod","BetterRewards","Colored Map","Downfall","Minty Spire (QoL Compilation)","Permanent Neow","StSLib"],"gold_per_floor":[99,99,158,158,158,258,309,320,320,354,371,356,356,366,381,479,479,479,479,499,516,548,548,548,648,683,683,710,499,499,324,338,443,443,443,318,363,363,373,148,148,164,164,195,208,224,74,123,135,135,135,170,18,18,18],"floor_reached":56,"playtime":3837,"items_purged":["champ:Strike","champ:Defend","champ:Strike","champ:Defend"],"score":1334,"play_id":"27c3ff8f-6a8c-4d44-8d15-4b436eff5585","local_time":"20201214195427","is_ascension_mode":false,"campfire_choices":[{"data":"champ:Taunt","floor":1.0,"key":"SMITH"},{"data":"champ:StanceDance","floor":9.0,"key":"SMITH"},{"data":"champ:EndlessRage","floor":18.0,"key":"SMITH"},{"data":"champ:Backstep","floor":23.0,"key":"SMITH"},{"data":"champ:AdrenalArmor","floor":27.0,"key":"SMITH"},{"floor":35.0,"key":"RECALL"},{"data":"champ:Duel","floor":40.0,"key":"SMITH"},{"data":"champ:Encircle","floor":54,"key":"SMITH"}],"circlet_count":0,"master_deck":["champ:Strike+1","champ:Strike+1","champ:Defend","champ:Defend","champ:Execute","champ:Taunt+1","champ:GutPunch+1","Regret","champ:EndlessRage+1","champ:StanceDance+1","champ:EndlessRage","champ:AdrenalArmor+1","champ:SwordThrow","champ:MurderStrike","champ:Backstep+1","champ:RageSigil+1","champ:Duel+1","champ:Lariat+1","champ:Encircle+1","champ:Encircle","expansioncontent:Corrupt+1","champ:AdrenalArmor+1","champ:Control+1","champ:FocusedBerserking+1"],"relics":["downfall:HeartsMalice","Bird Faced Urn","CloakClasp","PreservedInsect","Pantograph","champ:ChampionCrownUpgraded","Nloth\u0027s Gift","Toxic Egg 2","Frozen Egg 2","champ:BlackKnightHelmet","Ornamental Fan","Centennial Puzzle","Vajra","champ:BerserkersGuideToSlaughter","Medical Kit","Sozu","Boot","downfall:HeartBlessingRed","downfall:HeartBlessingGreen","downfall:HeartBlessingBlue","Regal Pillow","Potion Belt","Gambling Chip","Akabeko","Oddly Smooth Stone"],"acts_visited":["Exordium","TheCity","TheBeyond","TheEnding"],"potions_floor_usage":[],"damage_taken":[{"damage":0.0,"enemies":"Jaw Worm","floor":2.0,"turns":1.0},{"damage":0.0,"enemies":"Gremlin Nob","floor":3.0,"turns":1.0},{"damage":0.0,"enemies":"Gremlin Nob","floor":6.0,"turns":1.0},{"damage":8.0,"enemies":"2 Louse","floor":8.0,"turns":2.0},{"damage":30.0,"enemies":"Gremlin Nob","floor":10.0,"turns":4.0},{"damage":8.0,"enemies":"Small Slimes","floor":11.0,"turns":4.0},{"damage":19.0,"enemies":"downfall:FleeingMerchant","floor":12.0,"turns":4.0},{"damage":3.0,"enemies":"Blue Slaver","floor":14.0,"turns":3.0},{"damage":15.0,"enemies":"Red Slaver","floor":15.0,"turns":4.0},{"damage":78.0,"enemies":"downfall:Ironclad","floor":16.0,"turns":8.0},{"damage":36.0,"enemies":"3 Byrds","floor":20.0,"turns":8.0},{"damage":32.0,"enemies":"Snake Plant","floor":21.0,"turns":5.0},{"damage":57.0,"enemies":"Book of Stabbing","floor":22.0,"turns":7.0},{"damage":68.0,"enemies":"Book of Stabbing","floor":25.0,"turns":9.0},{"damage":28.0,"enemies":"Gremlin Leader","floor":26.0,"turns":5.0},{"damage":38.0,"enemies":"downfall:FleeingMerchant","floor":29.0,"turns":4.0},{"damage":16.0,"enemies":"downfall:FleeingMerchant","floor":31.0,"turns":1.0},{"damage":45.0,"enemies":"Centurion and Healer","floor":32.0,"turns":3.0},{"damage":80.0,"enemies":"downfall:Defect","floor":33.0,"turns":5.0},{"damage":80.0,"enemies":"3 Darklings","floor":39.0,"turns":3.0},{"damage":47.0,"enemies":"Orb Walker","floor":42.0,"turns":2.0},{"damage":69.0,"enemies":"Reptomancer","floor":44.0,"turns":5.0},{"damage":32.0,"enemies":"3 Darklings","floor":45.0,"turns":4.0},{"damage":34.0,"enemies":"Jaw Worm Horde","floor":46.0,"turns":3.0},{"damage":62,"enemies":"2 Orb Walkers","floor":48,"turns":4},{"damage":36,"enemies":"Sphere and 2 Shapes","floor":49,"turns":2},{"damage":54,"enemies":"downfall:Watcher","floor":50,"turns":5},{"damage":74,"enemies":"downfall:CharBossMerchant","floor":52,"turns":4},{"damage":201,"enemies":"downfall:NeowBoss","floor":55,"turns":15}],"seed_played":"5469516433463967425","potions_obtained":[{"floor":3.0,"key":"Guardian:BlockOnCardUsePotion"},{"floor":11.0,"key":"AttackPotion"},{"floor":15.0,"key":"GamblersBrew"},{"floor":22.0,"key":"Strength Potion"},{"floor":32.0,"key":"SneckoOil"},{"floor":33.0,"key":"ColorlessPotion"}],"is_trial":false,"path_per_floor":["R","M","?","?","?","?","T","M","R","E","M","$","T","M","M","B",null,"R","?","M","M","E","R","T","?","E","R","T","$","?","$","M","B",null,"R","$","?","?","M","R","T","M","?","E","M","M","$","?","M","B",null,"E","$","R","B",null],"character_chosen":"THE_CHAMP","items_purchased":["champ:Lariat+1","champ:Encircle","champ:BerserkerStyle+1","Medical Kit","expansioncontent:Corrupt+1","Oddly Smooth Stone"],"campfire_rested":0,"item_purchase_floors":[29,29,31,31,31,53],"current_hp_per_floor":[90,90,90,95,95,95,95,88,88,64,76,95,95,100,100,63,100,100,100,100,100,85,85,85,69,98,98,98,100,100,100,100,100,100,100,100,100,100,100,110,110,110,110,110,110,110,110,101,110,110,110,110,110,110,110],"gold":18,"neow_bonus":"THREE_ENEMY_KILL","is_daily":false,"chose_seed":false,"campfire_upgraded":7,"win_rate":0.0,"timestamp":1608004467,"path_taken":["R","M","?","?","?","?","T","M","R","E","?","?","?","M","M","BOSS","R","?","?","M","E","R","T","?","E","R","?","$","?","?","M","BOSS","R","?","?","?","M","R","T","?","?","E","M","M","$","?","M","BOSS","E","$","R","BOSS"],"items_purchased_type":["Card","Card","Card","Relic","Card","Relic"],"build_version":"2020-12-13","purchased_purges":4,"victory":true,"max_hp_per_floor":[90,90,90,95,95,95,95,95,95,95,95,100,100,100,100,100,100,100,100,100,100,100,100,100,100,100,100,100,100,100,100,100,100,100,100,100,100,100,100,110,110,110,110,110,110,110,110,110,110,110,110,110,110,110,110],"card_choices":[{"not_picked":["champ:TornadoPunch","champ:Backstep","champ:ShieldSigil"],"picked":"SKIP","floor":2.0},{"not_picked":["champ:RecklessLeap","champ:FalseCounter"],"picked":"champ:GutPunch","floor":3.0},{"not_picked":["champ:TornadoPunch","champ:Haymaker"],"picked":"champ:EndlessRage","floor":6.0},{"not_picked":["champ:BringItOn","champ:TornadoPunch"],"picked":"champ:StanceDance","floor":8.0},{"not_picked":["champ:FlashCut","champ:IronFortress"],"picked":"champ:EndlessRage","floor":10.0},{"not_picked":["champ:Balance","champ:SwordSigil","champ:DefensiveShout"],"picked":"SKIP","floor":11.0},{"not_picked":["champ:SwordSigil","champ:Encircle"],"picked":"champ:AdrenalArmor","floor":14.0},{"not_picked":["champ:BladeFlurry","champ:Haymaker"],"picked":"champ:SwordThrow","floor":15.0},{"not_picked":["champ:EnchantSword","champ:ShieldThrow"],"picked":"champ:MurderStrike","floor":16.0},{"not_picked":["champ:Haymaker","champ:Balance+1","champ:SwordSigil"],"picked":"SKIP","floor":20.0},{"not_picked":["champ:ArenaPreparation","champ:DefensiveShout"],"picked":"champ:Backstep","floor":21.0},{"not_picked":["champ:StrikeOfGenius","champ:ArenaPreparation+1","champ:CrookedStrike+1"],"picked":"SKIP","floor":22.0},{"not_picked":["champ:GladiatorStyle+1","champ:Aggression+1"],"picked":"champ:RageSigil+1","floor":25.0},{"not_picked":["champ:HeavySlash","champ:FalseCounter+1","champ:BerserkersShout+1"],"picked":"SKIP","floor":26.0},{"not_picked":["champ:ArenaPreparation+1","champ:FanOfKnives"],"picked":"champ:Duel","floor":29.0},{"not_picked":["champ:DefensiveShout+1","champ:RisingSlash"],"picked":"champ:Encircle","floor":31.0},{"not_picked":["champ:CrookedStrike","champ:SkillfulDodge+1","champ:Lariat+1"],"picked":"SKIP","floor":32.0},{"not_picked":["champ:Haymaker","champ:ShieldSigil+1","champ:RageSigil+1"],"picked":"SKIP","floor":39.0},{"not_picked":["champ:Riposte+1","champ:BerserkerStyle+1","champ:FocusedGladiator+1"],"picked":"SKIP","floor":42.0},{"not_picked":["champ:EnGarde+1","champ:FaceSlap+1","champ:ViciousMockery+1"],"picked":"SKIP","floor":44.0},{"not_picked":["champ:GutPunch","champ:EndlessRage+1","champ:TornadoPunch+1"],"picked":"SKIP","floor":45.0},{"not_picked":["champ:GladiatorStyle+1","champ:DefensiveShout+1"],"picked":"champ:AdrenalArmor+1","floor":46.0},{"not_picked":["champ:BringItOn+1","champ:FanOfKnives+1"],"picked":"champ:Control+1","floor":48},{"not_picked":["champ:SwordSigil+1","champ:Lariat+1","champ:SkillfulDodge+1"],"picked":"SKIP","floor":49},{"not_picked":["champ:Circumvent+1","champ:IgnorePain+1"],"picked":"champ:FocusedBerserking+1","floor":52}],"player_experience":1151468,"relics_obtained":[{"floor":6.0,"key":"CloakClasp"},{"floor":7.0,"key":"PreservedInsect"},{"floor":10.0,"key":"Pantograph"},{"floor":22.0,"key":"Toxic Egg 2"},{"floor":24.0,"key":"Frozen Egg 2"},{"floor":25.0,"key":"champ:BlackKnightHelmet"},{"floor":25.0,"key":"Ornamental Fan"},{"floor":26.0,"key":"Centennial Puzzle"},{"floor":28.0,"key":"Vajra"},{"floor":37.0,"key":"Boot"},{"floor":41.0,"key":"Regal Pillow"},{"floor":44.0,"key":"Potion Belt"},{"floor":48,"key":"Gambling Chip"},{"floor":52,"key":"Akabeko"}],"event_choices":[{"damage_healed":0.0,"max_hp_gain":5.0,"max_hp_loss":0.0,"gold_gain":0.0,"event_name":"Big Fish","player_choice":"Donut","floor":4.0,"gold_loss":0.0,"damage_taken":0.0},{"damage_healed":0.0,"max_hp_gain":5.0,"max_hp_loss":0.0,"gold_gain":0.0,"event_name":"Big Fish","player_choice":"Donut","floor":12.0,"gold_loss":0.0,"damage_taken":0.0},{"cards_removed":["champ:BerserkerStyle"],"damage_healed":0.0,"max_hp_gain":0.0,"max_hp_loss":0.0,"gold_gain":0.0,"event_name":"Falling","player_choice":"Removed Power","floor":43.0,"gold_loss":0.0,"damage_taken":0.0},{"damage_healed":0,"gold_gain":0,"player_choice":"Fight","damage_taken":0,"max_hp_gain":0,"max_hp_loss":0,"event_name":"Mysterious Sphere","floor":48,"gold_loss":0}],"is_beta":false,"boss_relics":[{"not_picked":["Busted Crown","Pandora\u0027s Box"],"picked":"champ:ChampionCrownUpgraded"},{"not_picked":["Snecko Eye","Calling Bell"],"picked":"Sozu"}],"items_purged_floors":[29,31,36,47],"is_endless":false,"potions_floor_spawned":[3,11,15,22,32,33,39,46,48],"ascension_level":0}}