{"host":"usewcu4ohw2wtmxk","time":1608068718,"event":{"mods":["AchievementEnabler","BaseMod","BetterRewards","Colored Powertips","Minty Spire (QoL Compilation)","Permanent Neow","Quick Restart","Relic Sorter","Relic Stats","Shop Mod","StSLib"],"gold_per_floor":[109,127,146,46,6,6,37,37,37,37,37],"floor_reached":10,"playtime":273,"items_purged":["Strike_G"],"score":132,"play_id":"ed9b5fbc-e552-40a5-a997-d5bdbacfc313","local_time":"20201216054518","is_ascension_mode":true,"campfire_choices":[{"data":"Footwork","floor":6,"key":"SMITH"},{"floor":8,"key":"REST"}],"circlet_count":0,"master_deck":["AscendersBane","Strike_G","Strike_G","Strike_G","Strike_G","Defend_G","Defend_G","Defend_G","Defend_G","Defend_G","Survivor","Neutralize","After Image","Slice","Backflip","Dagger Spray","Footwork+1","Blade Dance"],"relics":["Ring of the Snake","Prayer Wheel","Calipers"],"acts_visited":["Exordium"],"potions_floor_usage":[10],"damage_taken":[{"damage":0,"enemies":"2 Louse","floor":1,"turns":4},{"damage":0,"enemies":"Jaw Worm","floor":2,"turns":5},{"damage":2,"enemies":"Small Slimes","floor":3,"turns":5},{"damage":0,"enemies":"Looter","floor":5,"turns":4},{"damage":34,"enemies":"Gremlin Nob","floor":7,"turns":6},{"damage":25,"enemies":"Lagavulin","floor":10,"turns":13}],"seed_played":"8388548570787499691","potions_obtained":[{"floor":2,"key":"SpeedPotion"}],"is_trial":false,"path_per_floor":["M","M","M","$","M","R","E","R","T","E"],"character_chosen":"THE_SILENT","items_purchased":["Dagger Spray"],"campfire_rested":1,"item_purchase_floors":[4],"current_hp_per_floor":[44,44,42,42,42,42,8,27,27,2,2],"gold":37,"neow_bonus":"THREE_RARE_CARDS","is_daily":false,"chose_seed":false,"campfire_upgraded":1,"win_rate":0.0,"timestamp":1608068718,"path_taken":["M","M","M","$","M","R","E","R","T","E"],"items_purchased_type":["Card"],"build_version":"2020-12-13","purchased_purges":1,"victory":false,"max_hp_per_floor":[66,66,66,66,66,66,66,66,66,66,66],"relic_stats":{"counters":[6,37],"Prayer Wheel":0,"obtain_stats":[{"Calipers":9,"Prayer Wheel":7,"Ring of the Snake":0},{"Calipers":5,"Prayer Wheel":5,"Ring of the Snake":0},{"Calipers":24,"Prayer Wheel":24,"Ring of the Snake":0}],"Ring of the Snake":[12]},"card_choices":[{"not_picked":["Adrenaline","Wraith Form v2"],"picked":"After Image","floor":0},{"not_picked":["Dodge and Roll","Deadly Poison","Sucker Punch"],"picked":"SKIP","floor":1},{"not_picked":["Acrobatics","Crippling Poison"],"picked":"Slice","floor":2},{"not_picked":["Finisher","Choke"],"picked":"Backflip","floor":3},{"not_picked":["Bouncing Flask","Concentrate"],"picked":"Footwork","floor":5},{"not_picked":["Underhanded Strike","Quick Slash"],"picked":"Blade Dance","floor":7}],"player_experience":269858,"relics_obtained":[{"floor":7,"key":"Prayer Wheel"},{"floor":9,"key":"Calipers"}],"event_choices":[],"is_beta":false,"boss_relics":[],"items_purged_floors":[4],"is_endless":false,"potions_floor_spawned":[2],"killed_by":"Lagavulin","ascension_level":20}}