{"host":"hjw1ay65n7jm40lc","time":1608065383,"event":{"mods":["AchievementEnabler","BaseMod","Colored Map","Colored Powertips","Googly Eyes","Highlight Path","Minty Spire (QoL Compilation)","Quick Restart","Relic Stats"],"gold_per_floor":[110,110,123,44,55,55,87,87,87,103,103,103,68,112,112,231,231,245,268,268,17,40,40,83,83,151,151,172,213,213,247,247,373,373,394,457,520,520,539,578,602,638,638,638,469,488,533,548,548,548,548,548,83,123,123],"floor_reached":56,"playtime":4582,"items_purged":["Strike_G"],"score":1781,"play_id":"0c974a01-a26c-49c8-a5b7-d671ee681de8","local_time":"20201215154943","is_ascension_mode":true,"campfire_choices":[{"data":"Footwork","floor":6.0,"key":"SMITH"},{"data":"Dash","floor":11.0,"key":"SMITH"},{"data":"Choke","floor":15.0,"key":"SMITH"},{"floor":23.0,"key":"RECALL"},{"floor":30.0,"key":"REST"},{"floor":32.0,"key":"REST"},{"floor":44.0,"key":"REST"},{"data":"Neutralize","floor":49.0,"key":"PURGE"},{"data":"Flechettes+1","floor":52.0,"key":"PURGE"}],"circlet_count":0,"master_deck":["Defend_G","Defend_G","Defend_G","Defend_G","Defend_G","Survivor","Footwork+1","Dash+1","Underhanded Strike+1","Choke+1","Bullet Time","Choke+1","Footwork","Skewer+1","Corpse Explosion","Wraith Form v2+1","Unload+1","Wraith Form v2+1","Riddle With Holes+1","Crippling Poison+1","A Thousand Cuts","Terror"],"relics":["Snecko Eye","Turnip","Shuriken","Paper Crane","Golden Idol","Lizard Tail","Fusion Hammer","Gambling Chip","Membership Card","Pen Nib","Bag of Marbles","Pear","Sundial","MealTicket","Incense Burner","Astrolabe","Prayer Wheel","Tough Bandages","CeramicFish","StoneCalendar","Letter Opener","Peace Pipe","Whetstone","Calipers","Lee\u0027s Waffle","Boot"],"acts_visited":["Exordium","TheCity","TheBeyond","TheEnding"],"potions_floor_usage":[55,55,55],"damage_taken":[{"damage":0.0,"enemies":"2 Louse","floor":1.0,"turns":3.0},{"damage":0.0,"enemies":"Small Slimes","floor":3.0,"turns":7.0},{"damage":0.0,"enemies":"Cultist","floor":5.0,"turns":4.0},{"damage":15.0,"enemies":"Lagavulin","floor":7.0,"turns":13.0},{"damage":0.0,"enemies":"Blue Slaver","floor":10.0,"turns":4.0},{"damage":1.0,"enemies":"3 Sentries","floor":14.0,"turns":9.0},{"damage":3.0,"enemies":"The Guardian","floor":16.0,"turns":10.0},{"damage":0.0,"enemies":"Shell Parasite","floor":18.0,"turns":3.0},{"damage":0.0,"enemies":"2 Thieves","floor":19.0,"turns":2.0},{"damage":0.0,"enemies":"Snecko","floor":22.0,"turns":3.0},{"damage":0.0,"enemies":"Gremlin Leader","floor":24.0,"turns":3.0},{"damage":0.0,"enemies":"Chosen and Byrds","floor":28.0,"turns":3.0},{"damage":14.0,"enemies":"Slavers","floor":29.0,"turns":5.0},{"damage":0.0,"enemies":"Gremlin Leader","floor":31.0,"turns":3.0},{"damage":11.0,"enemies":"Collector","floor":33.0,"turns":6.0},{"damage":0.0,"enemies":"3 Darklings","floor":35.0,"turns":1.0},{"damage":0.0,"enemies":"2 Orb Walkers","floor":36.0,"turns":1.0},{"damage":0.0,"enemies":"Mind Bloom Boss Battle","floor":37.0,"turns":6.0},{"damage":0.0,"enemies":"3 Shapes","floor":39.0,"turns":1.0},{"damage":0.0,"enemies":"Giant Head","floor":40.0,"turns":7.0},{"damage":0.0,"enemies":"Spire Growth","floor":41.0,"turns":3.0},{"damage":0.0,"enemies":"Reptomancer","floor":42.0,"turns":3.0},{"damage":0.0,"enemies":"3 Darklings","floor":46.0,"turns":2.0},{"damage":3.0,"enemies":"Giant Head","floor":47.0,"turns":7.0},{"damage":0.0,"enemies":"Sphere and 2 Shapes","floor":48.0,"turns":2.0},{"damage":31.0,"enemies":"Awakened One","floor":50.0,"turns":9.0},{"damage":36.0,"enemies":"Shield and Spear","floor":54.0,"turns":3.0},{"damage":18,"enemies":"The Heart","floor":55,"turns":8}],"seed_played":"-2495636483208806811","potions_obtained":[{"floor":5.0,"key":"Fire Potion"},{"floor":10.0,"key":"BlessingOfTheForge"},{"floor":14.0,"key":"ColorlessPotion"},{"floor":24.0,"key":"Energy Potion"},{"floor":28.0,"key":"GhostInAJar"},{"floor":35.0,"key":"Poison Potion"},{"floor":36.0,"key":"ColorlessPotion"},{"floor":39.0,"key":"DuplicationPotion"}],"is_trial":false,"path_per_floor":["M","?","M","$","M","R","E","?","T","M","R","?","?","E","R","B",null,"M","M","?","$","M","R","E","T","T","?","M","E","R","E","R","B",null,"M","?","?","?","M","E","M","E","T","R","$","M","E","M","R","B",null,"R","$","E","B",null],"character_chosen":"THE_SILENT","items_purchased":["Dash","Membership Card","Pen Nib","PowerPotion","Letter Opener","Whetstone","A Thousand Cuts","Fruit Juice","Calipers","Lee\u0027s Waffle","SkillPotion","Terror"],"campfire_rested":3,"item_purchase_floors":[4,21,21,21,45,53,53,53,53,53,53,53],"current_hp_per_floor":[63,60,60,60,60,60,45,45,45,45,45,45,61,60,60,57,63,63,63,63,63,63,63,63,73,73,75,75,61,75,75,75,64,72,72,72,72,72,72,72,72,72,72,75,75,75,72,72,72,41,67,67,87,51,33],"gold":123,"neow_bonus":"BOSS_RELIC","is_daily":false,"chose_seed":false,"campfire_upgraded":3,"win_rate":0.0,"timestamp":1608065383,"path_taken":["M","?","M","$","M","R","E","?","T","?","R","?","?","E","R","BOSS","M","M","?","$","?","R","E","?","T","?","?","E","R","E","R","BOSS","M","?","?","?","M","E","M","E","T","R","$","M","E","?","R","BOSS","R","$","E","BOSS"],"items_purchased_type":["Card","Relic","Relic","Potion","Relic","Relic","Card","Potion","Relic","Relic","Potion","Card"],"build_version":"2020-12-13","purchased_purges":1,"victory":true,"max_hp_per_floor":[70,70,70,70,70,70,70,70,70,70,70,65,65,65,65,65,65,65,65,65,65,65,65,65,75,75,75,75,75,75,75,75,75,75,75,75,75,75,75,75,75,75,75,75,75,75,75,75,75,75,75,75,87,87,87],"relic_stats":{"Lee\u0027s Waffle":7,"counters":[28,131],"Golden Idol":223,"Astrolabe":["Flechettes","Wraith Form v2","Unload"],"CeramicFish":36,"StoneCalendar":[104],"Pen Nib":[19],"Letter Opener":[85],"Whetstone":["Underhanded Strike","Skewer"],"Boot":[0],"Peace Pipe":2,"Lizard Tail":0,"Tough Bandages":[210],"Shuriken":[45],"Sundial":[14],"Gambling Chip":[76],"Snecko Eye":[234,233,224,249],"MealTicket":8,"Prayer Wheel":4,"Turnip":[5],"obtain_stats":[{"Calipers":53,"CeramicFish":40,"StoneCalendar":42,"Incense Burner":31,"Whetstone":53,"Boot":54,"Lizard Tail":14,"Tough Bandages":37,"Sundial":26,"Gambling Chip":20,"MealTicket":29,"Prayer Wheel":36,"Fusion Hammer":17,"Ring of the Snake":0,"Lee\u0027s Waffle":53,"Pear":25,"Golden Idol":12,"Astrolabe":34,"Pen Nib":21,"Letter Opener":45,"Paper Crane":9,"Peace Pipe":47,"Shuriken":7,"Snecko Eye":0,"Turnip":2,"Bag of Marbles":24,"Membership Card":21},{"Calipers":26,"CeramicFish":20,"StoneCalendar":22,"Incense Burner":14,"Whetstone":26,"Boot":27,"Lizard Tail":6,"Tough Bandages":18,"Sundial":11,"Gambling Chip":9,"MealTicket":13,"Prayer Wheel":17,"Fusion Hammer":7,"Ring of the Snake":0,"Lee\u0027s Waffle":26,"Pear":11,"Golden Idol":5,"Astrolabe":15,"Pen Nib":9,"Letter Opener":22,"Paper Crane":4,"Peace Pipe":24,"Shuriken":4,"Snecko Eye":0,"Turnip":1,"Bag of Marbles":11,"Membership Card":9},{"Calipers":120,"CeramicFish":94,"StoneCalendar":100,"Incense Burner":72,"Whetstone":120,"Boot":123,"Lizard Tail":40,"Tough Bandages":86,"Sundial":61,"Gambling Chip":55,"MealTicket":69,"Prayer Wheel":80,"Fusion Hammer":50,"Ring of the Snake":0,"Lee\u0027s Waffle":120,"Pear":61,"Golden Idol":31,"Astrolabe":78,"Pen Nib":55,"Letter Opener":100,"Paper Crane":27,"Peace Pipe":109,"Shuriken":27,"Snecko Eye":0,"Turnip":3,"Bag of Marbles":61,"Membership Card":55}]},"card_choices":[{"not_picked":["Deflect","Dodge and Roll"],"picked":"Footwork","floor":1.0},{"not_picked":["Setup","Dodge and Roll","Sucker Punch"],"picked":"SKIP","floor":3.0},{"not_picked":["Poisoned Stab","Deflect","Reflex"],"picked":"SKIP","floor":5.0},{"not_picked":["Deflect","Quick Slash","Dodge and Roll"],"picked":"SKIP","floor":7.0},{"not_picked":["Quick Slash","Slice"],"picked":"Underhanded Strike","floor":10.0},{"not_picked":["Tactician","Backstab"],"picked":"Choke","floor":14.0},{"not_picked":["Corpse Explosion","After Image"],"picked":"Bullet Time","floor":16.0},{"not_picked":["Flying Knee","Blade Dance"],"picked":"Choke+1","floor":18.0},{"not_picked":["Bane","Underhanded Strike"],"picked":"Footwork","floor":19.0},{"not_picked":["Footwork","Prepared","Backflip"],"picked":"SKIP","floor":22.0},{"not_picked":["Footwork","Sucker Punch"],"picked":"Skewer","floor":24.0},{"not_picked":["Flying Knee","Cloak And Dagger","PiercingWail"],"picked":"SKIP","floor":28.0},{"not_picked":["Deflect","Catalyst+1","Tools of the Trade"],"picked":"SKIP","floor":29.0},{"not_picked":["Sucker Punch+1","Blade Dance","Escape Plan"],"picked":"SKIP","floor":31.0},{"not_picked":["After Image","Phantasmal Killer"],"picked":"Corpse Explosion","floor":33.0},{"not_picked":["Terror","Flechettes","Escape Plan"],"picked":"SKIP","floor":35.0},{"not_picked":["Catalyst","Cloak And Dagger+1","Terror"],"picked":"SKIP","floor":39.0},{"not_picked":["Quick Slash","Reflex","Cloak And Dagger"],"picked":"SKIP","floor":39.0},{"not_picked":["Backstab+1","Outmaneuver+1","Poisoned Stab+1"],"picked":"SKIP","floor":40.0},{"not_picked":["Grand Finale","PiercingWail"],"picked":"Riddle With Holes+1","floor":41.0},{"not_picked":["Setup","Dagger Spray","Well Laid Plans+1"],"picked":"SKIP","floor":41.0},{"not_picked":["Die Die Die","Cloak And Dagger","Bane"],"picked":"SKIP","floor":42.0},{"not_picked":["Blade Dance","Well Laid Plans+1","Blur+1"],"picked":"SKIP","floor":46.0},{"not_picked":["Backflip","Deflect+1","Cloak And Dagger+1"],"picked":"SKIP","floor":46.0},{"not_picked":["Underhanded Strike+1","Flying Knee"],"picked":"Crippling Poison+1","floor":47.0},{"not_picked":["Well Laid Plans","Terror","Eviscerate"],"picked":"SKIP","floor":48.0},{"not_picked":["Dodge and Roll","Backflip","Dagger Spray+1"],"picked":"SKIP","floor":48.0},{"not_picked":["Sucker Punch+1","Slice","Underhanded Strike"],"picked":"SKIP","floor":54.0}],"player_experience":243873,"relics_obtained":[{"floor":7.0,"key":"Shuriken"},{"floor":9.0,"key":"Paper Crane"},{"floor":14.0,"key":"Lizard Tail"},{"floor":24.0,"key":"Bag of Marbles"},{"floor":25.0,"key":"Pear"},{"floor":26.0,"key":"Sundial"},{"floor":29.0,"key":"MealTicket"},{"floor":31.0,"key":"Incense Burner"},{"floor":36.0,"key":"Prayer Wheel"},{"floor":37.0,"key":"Tough Bandages"},{"floor":40.0,"key":"CeramicFish"},{"floor":42.0,"key":"StoneCalendar"},{"floor":47.0,"key":"Peace Pipe"},{"floor":54.0,"key":"Boot"}],"event_choices":[{"damage_healed":0.0,"max_hp_gain":0.0,"max_hp_loss":0.0,"gold_gain":0.0,"event_name":"Scrap Ooze","player_choice":"Success","floor":2.0,"gold_loss":0.0,"damage_taken":3.0,"relics_obtained":["Turnip"]},{"damage_healed":0.0,"max_hp_gain":0.0,"max_hp_loss":0.0,"gold_gain":0.0,"cards_transformed":["Strike_G"],"event_name":"Transmorgrifier","player_choice":"Transformed","floor":8.0,"gold_loss":0.0,"damage_taken":0.0,"cards_obtained":["Flechettes"]},{"damage_healed":0.0,"max_hp_gain":0.0,"max_hp_loss":5.0,"gold_gain":0.0,"event_name":"Golden Idol","player_choice":"Lose Max HP","floor":12.0,"gold_loss":0.0,"damage_taken":0.0,"relics_obtained":["Golden Idol"]},{"damage_healed":16.0,"max_hp_gain":0.0,"max_hp_loss":0.0,"gold_gain":0.0,"event_name":"The Cleric","player_choice":"Healed","floor":13.0,"gold_loss":35.0,"damage_taken":0.0},{"damage_healed":0.0,"max_hp_gain":0.0,"max_hp_loss":0.0,"gold_gain":0.0,"event_name":"WeMeetAgain","player_choice":"Gave Potion","floor":20.0,"gold_loss":0.0,"damage_taken":0.0,"relics_obtained":["Gambling Chip"]},{"cards_removed":["Flechettes"],"damage_healed":2.0,"max_hp_gain":0.0,"max_hp_loss":0.0,"gold_gain":0.0,"event_name":"Bonfire Elementals","player_choice":"Offered Uncommon","floor":27.0,"gold_loss":0.0,"damage_taken":0.0},{"damage_healed":0.0,"max_hp_gain":0.0,"max_hp_loss":0.0,"gold_gain":0.0,"event_name":"Mysterious Sphere","player_choice":"Fight","floor":36.0,"gold_loss":0.0,"damage_taken":0.0},{"damage_healed":0.0,"max_hp_gain":0.0,"max_hp_loss":0.0,"gold_gain":0.0,"event_name":"MindBloom","player_choice":"Fight","floor":37.0,"gold_loss":0.0,"damage_taken":0.0},{"damage_healed":0.0,"max_hp_gain":0.0,"max_hp_loss":0.0,"gold_gain":0.0,"event_name":"Duplicator","player_choice":"Copied","floor":38.0,"gold_loss":0.0,"damage_taken":0.0,"cards_obtained":["Wraith Form v2"]}],"is_beta":false,"boss_relics":[{"not_picked":["HoveringKite","Black Star"],"picked":"Fusion Hammer"},{"not_picked":["Coffee Dripper","SlaversCollar"],"picked":"Astrolabe"}],"items_purged_floors":[45],"is_endless":false,"potions_floor_spawned":[5,10,14,24,28,31,35,36,39,47,48],"ascension_level":6}}