{"host":"0cm5wy4nhuju7tij","time":1608015252,"event":{"mods":["2.2 Compatiblity","AchievementEnabler","BaseMod","Better Third Choice","BetterRewards","CCEM","Colored Powertips","Custom Start","Displayed Cursed Tome","Downfall","Filter the Spire","Fireblade Mod","Hermit","Highlight Path","Minty Spire (QoL Compilation)","Permanent Neow","Pikachu Mod","Railgun Mod","Shop Mod","Spicy Shops","StSLib","The Bladedancer","The Elementalist","TheWitcher"],"gold_per_floor":[116,41,41,54,54,54,70,70,70,83,83,93,123,135,135,237,237,254,273,30,30,0,0,35,53,53,63,83,83,113,113,113,216,216,236,249,149,163,179,205,205,231,283,313,313,313,338,362,362,362,362],"floor_reached":50,"playtime":2676,"items_purged":["TheRailgun:Strike","TheRailgun:Strike","TheRailgun:Strike"],"score":711,"play_id":"109cfb2e-a0d5-4516-bde4-64c9bf482da9","local_time":"20201215015412","is_ascension_mode":true,"campfire_choices":[{"data":"TheRailgun:Coin_Flip","floor":6.0,"key":"SMITH"},{"data":"TheRailgun:Pull","floor":8.0,"key":"SMITH"},{"data":"TheRailgun:Electric_Fence","floor":11.0,"key":"SMITH"},{"data":"TheRailgun:Judgement_Officer","floor":15.0,"key":"SMITH"},{"data":"TheRailgun:Thundervolt","floor":23.0,"key":"SMITH"},{"data":"TheRailgun:Pull","floor":29.0,"key":"SMITH"},{"floor":32,"key":"REST"},{"floor":41,"key":"REST"},{"floor":45,"key":"REST"},{"data":"Pikachu:Strength","floor":49,"key":"SMITH"}],"circlet_count":0,"master_deck":["TheRailgun:Strike","TheRailgun:Defend","TheRailgun:Defend","TheRailgun:Defend","TheRailgun:Discharge","TheRailgun:Static","TheRailgun:Zip+1","TheRailgun:Thundershock+1","TheRailgun:Coin_Flip+1","TheRailgun:Pull+1","TheRailgun:Electric_Fence+1","TheRailgun:Iron_Dust_Shield","TheRailgun:Judgement_Officer+1","TheRailgun:Negative_Field","TheRailgun:Thundervolt+1","TheRailgun:Electrical_Fire+1","TheRailgun:Positive_Field","TheRailgun:Pull+1","TheRailgun:Battery_Pack","TheRailgun:Zip+1","Pikachu:Metronome","Pikachu:ElectroBall","Pikachu:Spark+1","Pikachu:Rage+1","Doubt","Pikachu:Strength+1"],"relics":["TheRailgun:CoinRelic","Bird Faced Urn","Lantern","Ornamental Fan","Busted Crown","Bronze Scales","The Courier","Kunai","Potion Belt","Enchiridion","Cursed Key","Dream Catcher","Peace Pipe","CCEMRelics:SpiritsEdge","CaptainsWheel","CeramicFish"],"acts_visited":["Exordium","TheCity","TheBeyond"],"potions_floor_usage":[33,33,39,50,50],"damage_taken":[{"damage":0.0,"enemies":"Cultist","floor":1.0,"turns":3.0},{"damage":0.0,"enemies":"Jaw Worm","floor":4.0,"turns":2.0},{"damage":0.0,"enemies":"Small Slimes","floor":7.0,"turns":2.0},{"damage":1.0,"enemies":"Red Slaver","floor":10.0,"turns":2.0},{"damage":0.0,"enemies":"Gremlin Gang","floor":12.0,"turns":4.0},{"damage":16.0,"enemies":"Gremlin Nob","floor":13.0,"turns":3.0},{"damage":0.0,"enemies":"2 Fungi Beasts","floor":14.0,"turns":2.0},{"damage":0.0,"enemies":"Slime Boss","floor":16.0,"turns":6.0},{"damage":10.0,"enemies":"2 Thieves","floor":18.0,"turns":3.0},{"damage":0.0,"enemies":"Spheric Guardian","floor":19.0,"turns":3.0},{"damage":0.0,"enemies":"Gremlin Leader","floor":24.0,"turns":3.0},{"damage":16.0,"enemies":"Snake Plant","floor":25.0,"turns":3.0},{"damage":0.0,"enemies":"Snecko","floor":27.0,"turns":2.0},{"damage":0.0,"enemies":"Cultist and Chosen","floor":28.0,"turns":3.0},{"damage":25.0,"enemies":"Book of Stabbing","floor":30.0,"turns":4.0},{"damage":42,"enemies":"Collector","floor":33,"turns":7},{"damage":13,"enemies":"3 Shapes","floor":35,"turns":3},{"damage":14,"enemies":"3 Darklings","floor":36,"turns":3},{"damage":4,"enemies":"Maw","floor":38,"turns":5},{"damage":38,"enemies":"Writhing Mass","floor":39,"turns":3},{"damage":24,"enemies":"Reptomancer","floor":40,"turns":5},{"damage":27,"enemies":"Giant Head","floor":42,"turns":6},{"damage":51,"enemies":"Nemesis","floor":44,"turns":5},{"damage":26,"enemies":"Giant Head","floor":47,"turns":7},{"damage":0,"enemies":"3 Darklings","floor":48,"turns":4},{"damage":65,"enemies":"Donu and Deca","floor":50,"turns":5}],"seed_played":"-8270233476979167600","potions_obtained":[{"floor":1.0,"key":"Dexterity Potion"},{"floor":10.0,"key":"Strength Potion"},{"floor":12.0,"key":"Fruit Juice"},{"floor":13.0,"key":"AttackPotion"},{"floor":30.0,"key":"sneckomod:MuddlingPotion"},{"floor":33,"key":"Fruit Juice"},{"floor":36,"key":"FairyPotion"},{"floor":39,"key":"sneckomod:MuddlingPotion"},{"floor":48,"key":"Block Potion"}],"is_trial":false,"path_per_floor":["M","$","?","M","?","R","M","R","T","M","R","M","E","M","R","B",null,"M","M","$","?","?","R","E","M","T","M","M","R","E","?","R","B",null,"M","M","$","M","M","E","R","E","T","E","R","?","E","M","R","B"],"character_chosen":"THE_DEFAULT","items_purchased":["Bronze Scales"],"campfire_rested":3,"item_purchase_floors":[20],"current_hp_per_floor":[70,70,70,70,70,70,70,70,70,69,69,69,53,53,53,53,70,62,64,64,64,64,64,66,54,54,54,56,56,35,19,40,9,75,64,58,58,62,35,17,41,24,24,30,54,54,36,44,44,0,0],"gold":362,"neow_bonus":"UPGRADE_CARD","is_daily":false,"chose_seed":false,"campfire_upgraded":7,"win_rate":0.0,"timestamp":1608015252,"path_taken":["M","?","?","M","?","R","?","R","T","M","R","?","E","M","R","BOSS","M","M","$","?","?","R","E","M","T","M","M","R","E","?","R","BOSS","M","M","$","M","M","E","R","E","T","E","R","?","E","M","R","BOSS"],"items_purchased_type":["Relic"],"build_version":"2020-12-13","purchased_purges":3,"victory":false,"max_hp_per_floor":[70,70,70,70,70,70,70,70,70,70,70,70,70,70,70,70,70,70,70,70,70,70,70,70,70,70,70,70,70,70,70,70,75,75,75,75,75,75,80,80,80,80,80,80,80,80,80,80,80,80,80],"card_choices":[{"not_picked":["TheRailgun:Electric_Fence","TheRailgun:Coin_Flip"],"picked":"TheRailgun:Thundershock","floor":1.0},{"not_picked":["TheRailgun:Iron_Dust_Sword","TheRailgun:Thundershock"],"picked":"TheRailgun:Coin_Flip","floor":4.0},{"not_picked":["TheRailgun:Zap","TheRailgun:Thunderjolt"],"picked":"TheRailgun:Pull","floor":7.0},{"not_picked":["TheRailgun:Crackle","TheRailgun:Token_Collection"],"picked":"TheRailgun:Electric_Fence","floor":10.0},{"not_picked":["TheRailgun:Circuit_Breaker","TheRailgun:Electrical_Storm"],"picked":"TheRailgun:Iron_Dust_Shield","floor":12.0},{"not_picked":["TheRailgun:Discharge","TheRailgun:Biribiri"],"picked":"TheRailgun:Judgement_Officer","floor":13.0},{"not_picked":["TheRailgun:Magnetic_Movement","TheRailgun:Recharge"],"picked":"TheRailgun:Negative_Field","floor":14.0},{"not_picked":["TheRailgun:Overload","TheRailgun:Circuitous"],"picked":"TheRailgun:Thundervolt","floor":16.0},{"not_picked":[],"picked":"TheRailgun:Electrical_Fire+1","floor":18.0},{"not_picked":["TheRailgun:Thunderbolt"],"picked":"SKIP","floor":19.0},{"not_picked":[],"picked":"TheRailgun:Positive_Field","floor":24.0},{"not_picked":[],"picked":"TheRailgun:Pull","floor":25.0},{"not_picked":[],"picked":"TheRailgun:Battery_Pack","floor":27.0},{"not_picked":[],"picked":"TheRailgun:Zip+1","floor":28.0},{"not_picked":["TheRailgun:Discharge"],"picked":"SKIP","floor":30.0},{"not_picked":[],"picked":"Pikachu:Metronome","floor":33},{"not_picked":["Pikachu:Discharge"],"picked":"SKIP","floor":35},{"not_picked":[],"picked":"Pikachu:ElectroBall","floor":36},{"not_picked":[],"picked":"Pikachu:Spark+1","floor":38},{"not_picked":["Pikachu:QuickAttack"],"picked":"SKIP","floor":39},{"not_picked":["Pikachu:Iron_Tail+1"],"picked":"SKIP","floor":40},{"not_picked":[],"picked":"Pikachu:Rage+1","floor":41},{"not_picked":["Pikachu:Swift"],"picked":"SKIP","floor":42},{"not_picked":["Pikachu:Thunderbolt"],"picked":"SKIP","floor":44},{"not_picked":["Pikachu:Swift"],"picked":"SKIP","floor":47},{"not_picked":[],"picked":"Pikachu:Strength","floor":48}],"player_experience":224113,"relics_obtained":[{"floor":9.0,"key":"Lantern"},{"floor":13.0,"key":"Ornamental Fan"},{"floor":24.0,"key":"The Courier"},{"floor":26.0,"key":"Kunai"},{"floor":30.0,"key":"Potion Belt"},{"floor":40,"key":"Dream Catcher"},{"floor":42,"key":"Peace Pipe"},{"floor":43,"key":"CCEMRelics:SpiritsEdge"},{"floor":44,"key":"CaptainsWheel"},{"floor":47,"key":"CeramicFish"}],"event_choices":[{"damage_healed":0.0,"max_hp_gain":0.0,"max_hp_loss":0.0,"gold_gain":0.0,"event_name":"Living Wall","player_choice":"Grow","floor":3.0,"gold_loss":0.0,"damage_taken":0.0,"cards_upgraded":["TheRailgun:Thundershock"]},{"damage_healed":0.0,"max_hp_gain":0.0,"max_hp_loss":0.0,"gold_gain":0.0,"event_name":"WeMeetAgain","player_choice":"Gave Potion","floor":5.0,"gold_loss":0.0,"damage_taken":0.0,"relics_obtained":["Bird Faced Urn"]},{"cards_removed":["TheRailgun:Defend"],"damage_healed":0.0,"max_hp_gain":0.0,"max_hp_loss":0.0,"gold_gain":0.0,"event_name":"betterThird:BetterWriting","player_choice":"Elegance","floor":21.0,"gold_loss":0.0,"damage_taken":0.0},{"damage_healed":0.0,"max_hp_gain":0.0,"max_hp_loss":0.0,"gold_gain":0.0,"event_name":"Masked Bandits","player_choice":"Paid Fearfully","floor":22.0,"gold_loss":30.0,"damage_taken":0.0},{"damage_healed":0,"gold_gain":0,"player_choice":"Obtained Book","damage_taken":16,"max_hp_gain":0,"max_hp_loss":0,"event_name":"Cursed Tome","floor":31,"gold_loss":0}],"is_beta":false,"boss_relics":[{"not_picked":["Tiny House","Velvet Choker"],"picked":"Busted Crown"},{"not_picked":["Runic Dome","SlaversCollar"],"picked":"Cursed Key"}],"items_purged_floors":[2,20,37],"is_endless":false,"potions_floor_spawned":[1,10,12,13,24,27,30,33,36,39,48],"killed_by":"Donu and Deca","ascension_level":1}}