{"host":"wha9hktbkslqvblg","time":1608032308,"event":{"mods":["BaseMod","Colored Map","Minty Spire (QoL Compilation)","Relic Stats","SuperFastMode","everything is the same but u backflip on backflip"],"gold_per_floor":[115,115,115,115,127,127,157,167,167,167,6,19,52,68,68,145,145,162,162,162,62,62,62,77,93,117,117,117,167,167,167],"floor_reached":30,"playtime":636,"items_purged":["Strike_R","Strike_R"],"score":522,"play_id":"cc9b42a7-813d-4544-9c94-a44c21fd51ae","local_time":"20201215203828","is_ascension_mode":true,"campfire_choices":[{"data":"Body Slam","floor":6,"key":"SMITH"},{"data":"Battle Trance","floor":10,"key":"SMITH"},{"data":"Armaments","floor":15,"key":"SMITH"},{"data":"Power Through","floor":23,"key":"SMITH"},{"data":"True Grit","floor":28,"key":"SMITH"}],"circlet_count":0,"master_deck":["AscendersBane","Strike_R+1","Defend_R","Defend_R","Defend_R","Defend_R","Bash+1","Battle Trance+1","Body Slam+1","Second Wind","Armaments+1","True Grit+1","Impervious","Power Through+1","Ghostly","Ghostly","Ghostly","Feel No Pain"],"relics":["Burning Blood","NeowsBlessing","Bird Faced Urn","Shuriken","Pen Nib","Coffee Dripper"],"acts_visited":["Exordium","TheCity"],"potions_floor_usage":[13,16,16,16,16],"damage_taken":[{"damage":0,"enemies":"2 Louse","floor":1,"turns":1},{"damage":0,"enemies":"Cultist","floor":5,"turns":1},{"damage":0,"enemies":"Gremlin Nob","floor":7,"turns":1},{"damage":8,"enemies":"Small Slimes","floor":8,"turns":3},{"damage":23,"enemies":"Exordium Wildlife","floor":12,"turns":5},{"damage":20,"enemies":"Lagavulin","floor":13,"turns":6},{"damage":7,"enemies":"Looter","floor":14,"turns":3},{"damage":7,"enemies":"Hexaghost","floor":16,"turns":11},{"damage":26,"enemies":"Chosen","floor":18,"turns":4},{"damage":10,"enemies":"3 Byrds","floor":24,"turns":6},{"damage":16,"enemies":"Sentry and Sphere","floor":25,"turns":11},{"damage":28,"enemies":"Gremlin Leader","floor":30,"turns":6}],"seed_played":"6308510839889796173","potions_obtained":[{"floor":12,"key":"PowerPotion"},{"floor":13,"key":"Ancient Potion"},{"floor":14,"key":"EntropicBrew"},{"floor":25,"key":"BloodPotion"}],"is_trial":false,"path_per_floor":["M","?","?","?","M","R","E","M","T","R","$","M","E","M","R","B",null,"M","?","?","$","?","R","M","M","T","?","R","?","E"],"character_chosen":"IRONCLAD","items_purchased":["Second Wind"],"campfire_rested":0,"item_purchase_floors":[11],"current_hp_per_floor":[74,51,51,56,62,62,68,66,66,66,66,49,37,36,36,35,65,45,45,37,37,35,35,31,23,23,23,23,23,0,0],"gold":167,"neow_bonus":"THREE_ENEMY_KILL","is_daily":false,"chose_seed":false,"campfire_upgraded":5,"win_rate":0.0,"timestamp":1608032308,"path_taken":["M","?","?","?","?","R","E","M","T","R","$","?","E","M","R","BOSS","M","?","?","$","?","R","?","?","T","?","R","?","E"],"items_purchased_type":["Card"],"build_version":"2020-12-13","purchased_purges":2,"victory":false,"max_hp_per_floor":[75,75,75,75,75,75,75,75,75,75,75,75,75,75,75,75,75,75,75,37,37,37,37,37,37,37,37,37,37,37,37],"relic_stats":{"counters":[12,58],"Shuriken":[4],"Bird Faced Urn":[6],"Pen Nib":[5],"obtain_stats":[{"NeowsBlessing":0,"Shuriken":9,"Bird Faced Urn":7,"Pen Nib":13,"Coffee Dripper":17,"Burning Blood":0},{"NeowsBlessing":0,"Shuriken":4,"Bird Faced Urn":3,"Pen Nib":6,"Coffee Dripper":8,"Burning Blood":0},{"NeowsBlessing":0,"Shuriken":6,"Bird Faced Urn":3,"Pen Nib":17,"Coffee Dripper":31,"Burning Blood":0}],"Burning Blood":66},"card_choices":[{"not_picked":["Clash","Pommel Strike"],"picked":"Battle Trance","floor":1},{"not_picked":["Anger","Inflame"],"picked":"Body Slam","floor":5},{"not_picked":["Heavy Blade","Perfected Strike","Reckless Charge"],"picked":"SKIP","floor":7},{"not_picked":["Body Slam","Intimidate","Anger"],"picked":"SKIP","floor":8},{"not_picked":["Warcry","Armaments","Twin Strike"],"picked":"SKIP","floor":12},{"not_picked":["Warcry","Twin Strike"],"picked":"Armaments","floor":12},{"not_picked":["Iron Wave","Whirlwind","Perfected Strike"],"picked":"SKIP","floor":13},{"not_picked":["Sever Soul","Carnage"],"picked":"True Grit","floor":14},{"not_picked":["Exhume","Brutality"],"picked":"Impervious","floor":16},{"not_picked":["Pommel Strike","Reckless Charge"],"picked":"Power Through","floor":18},{"not_picked":["Disarm","Pummel+1"],"picked":"Feel No Pain","floor":24},{"not_picked":["True Grit+1","Havoc","Seeing Red"],"picked":"SKIP","floor":25}],"player_experience":845860,"relics_obtained":[{"floor":7,"key":"Bird Faced Urn"},{"floor":9,"key":"Shuriken"},{"floor":13,"key":"Pen Nib"}],"event_choices":[{"damage_healed":0,"gold_gain":0,"player_choice":"Entered Light","damage_taken":23,"max_hp_gain":0,"max_hp_loss":0,"event_name":"Shining Light","floor":2,"gold_loss":0,"cards_upgraded":["Strike_R","Bash"]},{"damage_healed":0,"gold_gain":0,"cards_transformed":["Strike_R"],"player_choice":"Change","damage_taken":0,"max_hp_gain":0,"max_hp_loss":0,"event_name":"Living Wall","floor":3,"gold_loss":0,"cards_obtained":["Havoc"]},{"cards_removed":["Havoc"],"damage_healed":5,"gold_gain":0,"player_choice":"Offered Common","damage_taken":0,"max_hp_gain":0,"max_hp_loss":0,"event_name":"Bonfire Elementals","floor":4,"gold_loss":0},{"cards_removed":["Havoc"],"damage_healed":5,"gold_gain":0,"player_choice":"Offered Special","damage_taken":0,"max_hp_gain":0,"max_hp_loss":0,"event_name":"Bonfire Elementals","floor":4,"gold_loss":0},{"damage_healed":0,"gold_gain":0,"player_choice":"Ignored","damage_taken":0,"max_hp_gain":0,"max_hp_loss":0,"event_name":"The Mausoleum","floor":19,"gold_loss":0},{"damage_healed":0,"gold_gain":0,"player_choice":"Became a Ghost","damage_taken":0,"max_hp_gain":0,"max_hp_loss":38,"event_name":"Ghosts","floor":20,"gold_loss":0,"cards_obtained":["Ghostly","Ghostly","Ghostly"]},{"damage_healed":0,"gold_gain":0,"player_choice":"Bought 0 Potions","damage_taken":0,"max_hp_gain":0,"max_hp_loss":0,"event_name":"The Woman in Blue","floor":22,"gold_loss":0},{"cards_removed":["Strike_R"],"damage_healed":0,"gold_gain":0,"player_choice":"Elegance","damage_taken":0,"max_hp_gain":0,"max_hp_loss":0,"event_name":"Back to Basics","floor":27,"gold_loss":0},{"damage_healed":0,"gold_gain":50,"player_choice":"Stole From Cult","damage_taken":0,"max_hp_gain":0,"max_hp_loss":0,"event_name":"Nest","floor":29,"gold_loss":0}],"is_beta":false,"boss_relics":[{"not_picked":["Runic Pyramid","Snecko Eye"],"picked":"Coffee Dripper"}],"items_purged_floors":[11,21],"is_endless":false,"potions_floor_spawned":[12,13,14,25],"killed_by":"Gremlin Leader","ascension_level":20}}