{"host":"b4asi0laiv85suj9","time":1608004374,"event":{"mods":["BaseMod","Minty Spire (QoL Compilation)","MostiFishMod","Relic Stats","StSLib","TestMod","noobMod"],"gold_per_floor":[115,134,84,95,270,299,134,150,150,186,205,227,263,292,292,399,399,425,425,335,354,383,424,455,509,521,552,589,642,654,694,706,823,835,861,873,910,379,406,440,465,512,512,912,927,948,989,1018,1018,1027,1027,1027,936,963,975],"floor_reached":56,"playtime":2986,"items_purged":["Doubt","Defend_B","Strike_B"],"score":2427,"play_id":"2341eb2f-4420-4acf-8e03-0c6dae88d2ef","local_time":"20201215115254","is_ascension_mode":true,"campfire_choices":[{"data":"Dualcast","floor":15.0,"key":"SMITH"},{"data":"MostiFishMod:FourSeasons","floor":30.0,"key":"SMITH"},{"data":"testmod-ChaoticCore","floor":32.0,"key":"SMITH"},{"floor":49.0,"key":"RECALL"},{"data":"MostiFishMod:Prepare","floor":52.0,"key":"SMITH"}],"circlet_count":0,"master_deck":["AscendersBane","Strike_B","Strike_B","Defend_B+1","Defend_B","Zap","Dualcast+1","MostiFishMod:ActiveDefenseSystem","Panacea","Cold Snap","Storm","testmod-ChaoticCore+1","Hologram","Enlightenment","Corruption","Sanctity","Tantrum","Defragment+1","Fasting2+1","MostiFishMod:FourSeasons+1","Coolheaded","MostiFishMod:NightSea","MostiFishMod:Prepare+1","Meteor Strike","Static Discharge","Turbo+1","True Grit+1","ForeignInfluence+1"],"relics":["DaveBox","ice","Runic Pyramid","testmod-BouquetWithThorns","Transparent","Question Card","PrismaticShard","PreservedInsect","testmod-Acrobat","Shuriken","FossilizedHelix","Odd Mushroom","ImportantClient","Black Star","MawBank","Orichalcum","Cables","Potion Belt","Bottled Tornado","Toy Ornithopter","testmod-RealStoneCalender","testmod-TurbochargingSystem","testmod-ArcanaOfDestiny","xbg","Symbiotic Virus","Lantern","MealTicket","Molten Egg 2","CeramicFish","Bag of Marbles","Smiling Mask","testmod-Justice","Mummified Hand"],"acts_visited":["Exordium","TheCity","TheBeyond","TheEnding"],"potions_floor_usage":[54],"damage_taken":[{"damage":16.0,"enemies":"Small Slimes","floor":1.0,"turns":2.0},{"damage":14.0,"enemies":"2 Louse","floor":2.0,"turns":2.0},{"damage":16.0,"enemies":"Jaw Worm","floor":4.0,"turns":2.0},{"damage":19.0,"enemies":"3 Sentries","floor":6.0,"turns":4.0},{"damage":28.0,"enemies":"Blue Slaver","floor":8.0,"turns":3.0},{"damage":21.0,"enemies":"Lagavulin","floor":10.0,"turns":4.0},{"damage":39.0,"enemies":"Gremlin Gang","floor":11.0,"turns":3.0},{"damage":22.0,"enemies":"Large Slime","floor":12.0,"turns":3.0},{"damage":16.0,"enemies":"Gremlin Nob","floor":13.0,"turns":3.0},{"damage":34.0,"enemies":"The Mushroom Lair","floor":14.0,"turns":3.0},{"damage":40.0,"enemies":"The Guardian","floor":16.0,"turns":6.0},{"damage":13.0,"enemies":"2 Thieves","floor":18.0,"turns":3.0},{"damage":8.0,"enemies":"Spheric Guardian","floor":21.0,"turns":3.0},{"damage":8.0,"enemies":"3 Cultists","floor":22.0,"turns":4.0},{"damage":8.0,"enemies":"Book of Stabbing","floor":23.0,"turns":3.0},{"damage":11.0,"enemies":"Shelled Parasite and Fungi","floor":24.0,"turns":3.0},{"damage":26.0,"enemies":"Gremlin Leader","floor":25.0,"turns":4.0},{"damage":0.0,"enemies":"Centurion and Healer","floor":27.0,"turns":3.0},{"damage":8.0,"enemies":"Sentry and Sphere","floor":28.0,"turns":3.0},{"damage":16.0,"enemies":"Book of Stabbing","floor":29.0,"turns":2.0},{"damage":34.0,"enemies":"Gremlin Leader","floor":31.0,"turns":3.0},{"damage":8.0,"enemies":"Collector","floor":33.0,"turns":3.0},{"damage":0.0,"enemies":"Orb Walker","floor":35.0,"turns":1.0},{"damage":0.0,"enemies":"3 Shapes","floor":37.0,"turns":2.0},{"damage":0.0,"enemies":"Jaw Worm Horde","floor":39.0,"turns":3.0},{"damage":8.0,"enemies":"Reptomancer","floor":40.0,"turns":2.0},{"damage":8.0,"enemies":"Maw","floor":41.0,"turns":3.0},{"damage":0.0,"enemies":"Nemesis","floor":42.0,"turns":1.0},{"damage":0.0,"enemies":"Spire Growth","floor":45.0,"turns":1.0},{"damage":4.0,"enemies":"4 Shapes","floor":46.0,"turns":3.0},{"damage":0.0,"enemies":"Giant Head","floor":47.0,"turns":2.0},{"damage":8.0,"enemies":"Jaw Worm Horde","floor":48.0,"turns":2.0},{"damage":8.0,"enemies":"Time Eater","floor":50.0,"turns":4.0},{"damage":0,"enemies":"Shield and Spear","floor":54,"turns":1},{"damage":23,"enemies":"The Heart","floor":55,"turns":3}],"seed_played":"4818562058759198531","potions_obtained":[{"floor":2.0,"key":"Fruit Juice"},{"floor":10.0,"key":"Explosive Potion"},{"floor":11.0,"key":"FairyPotion"},{"floor":12.0,"key":"Explosive Potion"},{"floor":21.0,"key":"DuplicationPotion"},{"floor":27.0,"key":"Weak Potion"},{"floor":48.0,"key":"PowerPotion"}],"is_trial":false,"path_per_floor":["M","M","?","M","?","E","$","M","T","E","M","M","E","?","R","B",null,"M","?","?","M","M","E","M","E","T","M","M","E","R","E","R","B",null,"M","?","M","$","M","E","M","E","T","?","M","M","E","M","R","B",null,"R","$","E","B",null],"character_chosen":"DEFECT","items_purchased":["Cold Snap","Storm","Meteor Strike","Symbiotic Virus","Static Discharge","FocusPotion","testmod-EscapePotion","BlessingOfTheForge"],"campfire_rested":0,"item_purchase_floors":[7,7,38,38,38,38,38,53],"current_hp_per_floor":[75,75,75,75,75,75,75,75,75,75,75,80,80,80,80,80,80,80,65,65,85,85,85,85,85,85,85,85,85,85,85,85,85,85,85,85,85,85,85,85,85,85,85,85,85,85,85,85,85,85,85,85,85,85,85],"gold":975,"neow_bonus":"BOSS_RELIC","is_daily":false,"chose_seed":false,"campfire_upgraded":4,"win_rate":0.0,"timestamp":1608004374,"path_taken":["M","M","?","M","?","E","$","M","T","E","M","M","E","?","R","BOSS","M","?","?","?","M","E","M","E","T","M","M","E","R","E","R","BOSS","M","?","M","$","M","E","?","E","T","?","M","M","E","M","R","BOSS","R","$","E","BOSS"],"items_purchased_type":["Card","Card","Card","Relic","Card","Potion","Potion","Potion"],"build_version":"2020-12-13","purchased_purges":3,"victory":true,"max_hp_per_floor":[75,75,75,75,75,75,75,75,75,75,75,80,80,80,80,80,80,80,85,85,85,85,85,85,85,85,85,85,85,85,85,85,85,85,85,85,85,85,85,85,85,85,85,85,85,85,85,85,85,85,85,85,85,85,85],"relic_stats":{"counters":[35,97],"CeramicFish":9,"PreservedInsect":554,"Orichalcum":[78],"Question Card":32,"MawBank":180,"Smiling Mask":75,"Cables":[33,8,5,16,4],"Shuriken":[21],"Mummified Hand":[9],"MealTicket":0,"Black Star":8,"obtain_stats":[{"Lantern":40,"DaveBox":0,"CeramicFish":42,"ice":0,"Bottled Tornado":26,"testmod-BouquetWithThorns":0,"PrismaticShard":1,"Smiling Mask":47,"Mummified Hand":54,"MealTicket":40,"Cracked Core":0,"testmod-ArcanaOfDestiny":31,"Runic Pyramid":0,"ImportantClient":16,"Potion Belt":25,"testmod-TestBox":0,"PreservedInsect":6,"testmod-TurbochargingSystem":31,"Odd Mushroom":14,"Orichalcum":23,"testmod-Justice":54,"Question Card":1,"MawBank":23,"Cables":25,"testmod-RealStoneCalender":29,"Transparent":0,"Shuriken":10,"testmod-Acrobat":9,"Molten Egg 2":42,"Black Star":17,"Bag of Marbles":47,"xbg":34,"Symbiotic Virus":38,"FossilizedHelix":13,"Toy Ornithopter":29},{"Lantern":26,"DaveBox":0,"CeramicFish":28,"ice":0,"Bottled Tornado":17,"testmod-BouquetWithThorns":0,"PrismaticShard":1,"Smiling Mask":31,"Mummified Hand":34,"MealTicket":26,"Cracked Core":0,"testmod-ArcanaOfDestiny":21,"Runic Pyramid":0,"ImportantClient":11,"Potion Belt":17,"testmod-TestBox":0,"PreservedInsect":4,"testmod-TurbochargingSystem":21,"Odd Mushroom":10,"Orichalcum":15,"testmod-Justice":34,"Question Card":1,"MawBank":15,"Cables":17,"testmod-RealStoneCalender":20,"Transparent":0,"Shuriken":6,"testmod-Acrobat":5,"Molten Egg 2":28,"Black Star":11,"Bag of Marbles":31,"xbg":22,"Symbiotic Virus":24,"FossilizedHelix":9,"Toy Ornithopter":20},{"Lantern":77,"DaveBox":0,"CeramicFish":81,"ice":0,"Bottled Tornado":55,"testmod-BouquetWithThorns":0,"PrismaticShard":2,"Smiling Mask":87,"Mummified Hand":94,"MealTicket":77,"Cracked Core":0,"testmod-ArcanaOfDestiny":66,"Runic Pyramid":0,"ImportantClient":35,"Potion Belt":55,"testmod-TestBox":0,"PreservedInsect":10,"testmod-TurbochargingSystem":66,"Odd Mushroom":29,"Orichalcum":48,"testmod-Justice":94,"Question Card":2,"MawBank":48,"Cables":55,"testmod-RealStoneCalender":63,"Transparent":0,"Shuriken":17,"testmod-Acrobat":13,"Molten Egg 2":81,"Black Star":35,"Bag of Marbles":87,"xbg":69,"Symbiotic Virus":72,"FossilizedHelix":26,"Toy Ornithopter":63}],"Toy Ornithopter":0},"card_choices":[{"not_picked":["Barrage","Beam Cell","Streamline"],"picked":"SKIP","floor":1.0},{"not_picked":["Flying Knee","ClearTheMind","testmod-SubstituteBySubterfuge","Beam Cell"],"picked":"SKIP","floor":2.0},{"not_picked":["Steam","Go for the Eyes","Streamline"],"picked":"MostiFishMod:ActiveDefenseSystem","floor":4.0},{"not_picked":["MostiFishMod:Listen","FTL","MostiFishMod:BrandingRite"],"picked":"Panacea","floor":6.0},{"not_picked":["PathToVictory","Evaluate","Thunderclap","Expertise"],"picked":"SKIP","floor":8.0},{"not_picked":["Blade Dance","Flex","Barrage"],"picked":"testmod-ChaoticCore","floor":10.0},{"not_picked":["Underhanded Strike","Trip","JustLucky","Flying Knee"],"picked":"SKIP","floor":11.0},{"not_picked":["Leap","Halt","Reflex"],"picked":"Hologram","floor":12.0},{"not_picked":["Sadistic Nature","testmod-ComboMaster","WreathOfFlame","Dagger Throw"],"picked":"SKIP","floor":13.0},{"not_picked":["PathToVictory","FlyingSleeves","SashWhip"],"picked":"Enlightenment","floor":14.0},{"not_picked":["MostiFishMod:SpreadingSpore","Feed","MostiFishMod:Culaccino"],"picked":"Corruption","floor":16.0},{"not_picked":["Flying Knee","MostiFishMod:PerfectParry","FTL"],"picked":"Sanctity","floor":18.0},{"not_picked":["Rebound","Leap+1","Consecrate","Deadly Poison"],"picked":"SKIP","floor":21.0},{"not_picked":["EmptyBody","Blind","MostiFishMod:FantasySummer"],"picked":"Tantrum","floor":22.0},{"not_picked":["Heavy Blade","Auto Shields","Sentinel"],"picked":"Defragment+1","floor":23.0},{"not_picked":["Coolheaded","Stack+1","Tantrum"],"picked":"Fasting2+1","floor":24.0},{"not_picked":["Heavy Blade","Tempest","FlurryOfBlows"],"picked":"MostiFishMod:FourSeasons","floor":25.0},{"not_picked":["Ball Lightning","Iron Wave","Twin Strike"],"picked":"Coolheaded","floor":27.0},{"not_picked":["Concentrate","True Grit","Flying Knee"],"picked":"MostiFishMod:NightSea","floor":28.0},{"not_picked":["Dramatic Entrance","Thunderclap+1","MostiFishMod:DarkDeal","Wild Strike"],"picked":"SKIP","floor":29.0},{"not_picked":["Underhanded Strike","Dodge and Roll+1","MostiFishMod:CullingBlade","Leg Sweep"],"picked":"SKIP","floor":31.0},{"not_picked":["MostiFishMod:DisColor","MostiFishMod:UltimateDefense","MostiFishMod:MusicBox"],"picked":"MostiFishMod:Prepare","floor":33.0},{"not_picked":["Perseverance+1","Entrench","PiercingWail","Masterful Stab"],"picked":"SKIP","floor":35.0},{"not_picked":["Compile Driver","ReachHeaven+1","Shrug It Off","Perfected Strike"],"picked":"SKIP","floor":37.0},{"not_picked":["FollowUp+1","Backflip+1","ThirdEye"],"picked":"Turbo+1","floor":39.0},{"not_picked":["Meditate","Thunderclap","Shrug It Off+1"],"picked":"True Grit+1","floor":40.0},{"not_picked":["CrushJoints+1","Quick Slash+1","Cloak And Dagger","Turbo"],"picked":"SKIP","floor":41.0},{"not_picked":["Feed+1","MostiFishMod:Dislodge","Compile Driver+1"],"picked":"ForeignInfluence+1","floor":42.0},{"not_picked":["Whirlwind+1","Distraction","Deadly Poison+1","Evaluate+1"],"picked":"SKIP","floor":45.0},{"not_picked":["Dagger Throw+1","Halt","BowlingBash+1","Sword Boomerang+1"],"picked":"SKIP","floor":46.0},{"not_picked":["JustLucky+1","Dodge and Roll+1","Outmaneuver+1","Rupture+1"],"picked":"SKIP","floor":47.0},{"not_picked":["Barrage+1","Flying Knee+1","FlyingSleeves+1","Conserve Battery+1"],"picked":"SKIP","floor":48.0},{"not_picked":["MostiFishMod:GrandStart+1","Bandage Up","MostiFishMod:UniRed+1","testmod-LimitFlipper+1"],"picked":"SKIP","floor":54}],"player_experience":180440,"relics_obtained":[{"floor":1.0,"key":"Question Card"},{"floor":1.0,"key":"PrismaticShard"},{"floor":6.0,"key":"PreservedInsect"},{"floor":9.0,"key":"testmod-Acrobat"},{"floor":10.0,"key":"Shuriken"},{"floor":13.0,"key":"FossilizedHelix"},{"floor":14.0,"key":"Odd Mushroom"},{"floor":16.0,"key":"ImportantClient"},{"floor":23.0,"key":"MawBank"},{"floor":23.0,"key":"Orichalcum"},{"floor":25.0,"key":"Cables"},{"floor":25.0,"key":"Potion Belt"},{"floor":26.0,"key":"Bottled Tornado"},{"floor":29.0,"key":"Toy Ornithopter"},{"floor":29.0,"key":"testmod-RealStoneCalender"},{"floor":31.0,"key":"testmod-TurbochargingSystem"},{"floor":31.0,"key":"testmod-ArcanaOfDestiny"},{"floor":40.0,"key":"Lantern"},{"floor":40.0,"key":"MealTicket"},{"floor":42.0,"key":"Molten Egg 2"},{"floor":42.0,"key":"CeramicFish"},{"floor":47.0,"key":"Bag of Marbles"},{"floor":47.0,"key":"Smiling Mask"},{"floor":54,"key":"testmod-Justice"},{"floor":54,"key":"Mummified Hand"}],"event_choices":[{"cards_removed":["Strike_B"],"damage_healed":0.0,"max_hp_gain":0.0,"max_hp_loss":0.0,"gold_gain":0.0,"event_name":"The Cleric","player_choice":"Card Removal","floor":3.0,"gold_loss":50.0,"damage_taken":0.0},{"damage_healed":0.0,"max_hp_gain":0.0,"max_hp_loss":0.0,"gold_gain":175.0,"event_name":"Liars Game","player_choice":"AGREE","floor":5.0,"gold_loss":0.0,"damage_taken":0.0,"cards_obtained":["Doubt"]},{"damage_healed":0.0,"max_hp_gain":0.0,"max_hp_loss":0.0,"gold_gain":0.0,"event_name":"Mushrooms","player_choice":"Fought Mushrooms","floor":14.0,"gold_loss":0.0,"damage_taken":0.0},{"damage_healed":0.0,"max_hp_gain":5.0,"max_hp_loss":0.0,"gold_gain":0.0,"event_name":"Forgotten Altar","player_choice":"Shed Blood","floor":19.0,"gold_loss":0.0,"damage_taken":20.0},{"cards_removed":["Defend_B"],"damage_healed":0.0,"max_hp_gain":0.0,"max_hp_loss":0.0,"gold_gain":0.0,"event_name":"Designer","player_choice":"Upgrade and Remove","floor":20.0,"gold_loss":90.0,"damage_taken":0.0,"cards_upgraded":["Defend_B"]},{"damage_healed":0.0,"max_hp_gain":0.0,"max_hp_loss":0.0,"gold_gain":0.0,"event_name":"SecretPortal","player_choice":"Ignored","floor":36.0,"gold_loss":0.0,"damage_taken":0.0},{"damage_healed":0.0,"max_hp_gain":0.0,"max_hp_loss":0.0,"gold_gain":400.0,"event_name":"¶÷ÂåË¹µÄÅÌ×Ó","player_choice":"Sell","floor":44.0,"relics_lost":["testmod-TestBox"],"gold_loss":0.0,"damage_taken":0.0}],"is_beta":false,"boss_relics":[{"not_picked":["Inserter","MoonlightInvasionPlan"],"picked":"Black Star"},{"not_picked":["testmod-Nine","Cursed Key"],"picked":"xbg"}],"items_purged_floors":[7,38,53],"is_endless":false,"potions_floor_spawned":[2,10,11,12,16,18,21,27,40,41,42,48],"ascension_level":10}}