{"host":"jm9833yuloeli2yd","time":1608006666,"event":{"mods":["AchievementEnabler","BaseMod","Better Altar","Better Match","Better Note","Better Sensory Stone","Better Skull","Better Vampires","Colored Map","Colored Powertips","DeckTracker","Minty Spire (QoL Compilation)","Permanent Neow","Quick Restart","Replay The Spire","StSLib","SuperFastMode"],"gold_per_floor":[112,125,125,18,29,59,59,69,69,69,99,111,111,140,140,218,218,228,228,327,341,341,341,341,341],"floor_reached":24,"playtime":574,"items_purged":[],"score":428,"play_id":"478d2076-1b45-4657-910e-f4571e10019a","local_time":"20201214233106","is_ascension_mode":true,"campfire_choices":[{"data":"Apotheosis","floor":7,"key":"SMITH"},{"data":"Envenom","floor":10,"key":"SMITH"},{"floor":13,"key":"REST"},{"floor":23,"key":"REST"}],"circlet_count":0,"master_deck":["AscendersBane","Strike_G","Strike_G","Strike_G","Strike_G","Strike_G","Defend_G","Defend_G","Defend_G","Defend_G","Defend_G","Survivor","Neutralize","Envenom+1","Sneak Up","ReplayTheSpireMod:Speed Training","Apotheosis+1","Dagger Spray","Draining Mist","Dagger Spray","Deadly Poison","Backstab","After Image+1","Corpse Explosion","Pain","Cloak And Dagger","Endless Agony","After Image","Dagger Throw"],"relics":["Ring of the Snake","Blue Candle","Gremlin Horn","Pen Nib","Anchor","Replay:Bronze Core","Blood Vial","Dream Catcher"],"acts_visited":["Exordium","TheCity"],"potions_floor_usage":[14,16,18,21],"damage_taken":[{"damage":2,"enemies":"Small Slimes","floor":1,"turns":5},{"damage":3,"enemies":"Jaw Worm","floor":2,"turns":8},{"damage":2,"enemies":"Cultist","floor":5,"turns":6},{"damage":3,"enemies":"Lagavulin","floor":6,"turns":10},{"damage":11,"enemies":"2 Fungi Beasts","floor":8,"turns":6},{"damage":56,"enemies":"Gremlin Nob","floor":11,"turns":5},{"damage":7,"enemies":"Exordium Wildlife","floor":12,"turns":5},{"damage":12,"enemies":"3 Sentries","floor":14,"turns":4},{"damage":12,"enemies":"The Guardian","floor":16,"turns":10},{"damage":18,"enemies":"2 Thieves","floor":18,"turns":4},{"damage":10,"enemies":"Shell Parasite","floor":21,"turns":5},{"damage":36,"enemies":"Gremlin Leader","floor":24,"turns":2}],"seed_played":"6510816401521108677","potions_obtained":[{"floor":2,"key":"SpeedPotion"},{"floor":6,"key":"Adrenaline Potion"},{"floor":11,"key":"Ancient Potion"},{"floor":12,"key":"Strength Potion"},{"floor":16,"key":"DistilledChaos"},{"floor":18,"key":"EssenceOfSteel"}],"is_trial":false,"path_per_floor":["M","M","?","$","M","E","R","M","T","R","E","M","R","E","R_BF","B",null,"M","?","?","M","?","R","E"],"character_chosen":"THE_SILENT","items_purchased":["FairyPotion"],"campfire_rested":2,"item_purchase_floors":[4],"current_hp_per_floor":[57,54,54,54,52,49,49,38,38,38,19,12,31,19,38,26,56,38,18,18,10,10,29,0,0],"gold":341,"neow_bonus":"ONE_RANDOM_RARE_CARD","is_daily":false,"chose_seed":false,"campfire_upgraded":2,"win_rate":0.0,"timestamp":1608006666,"path_taken":["M","M","?","$","M","E","R","M","T","R","E","M","R","E","R_BF","BOSS","M","?","?","?","?","R","E"],"items_purchased_type":["Potion"],"build_version":"2020-12-13","purchased_purges":0,"victory":false,"max_hp_per_floor":[66,66,66,66,66,66,66,66,66,66,66,66,66,66,66,66,66,66,66,66,66,66,66,66,66],"card_choices":[{"not_picked":["Deadly Poison","Acrobatics"],"picked":"Sneak Up","floor":1},{"not_picked":["Underhanded Strike","Deadly Poison"],"picked":"ReplayTheSpireMod:Speed Training","floor":2},{"not_picked":["ReplayUltimateDefense","Specialist"],"picked":"Apotheosis","floor":3},{"not_picked":["Slice","Prepared"],"picked":"Dagger Spray","floor":5},{"not_picked":["Setup","Underhanded Strike"],"picked":"Draining Mist","floor":6},{"not_picked":["ReplayTheSpireMod:Speed Training","Accuracy"],"picked":"Dagger Spray","floor":8},{"not_picked":["Accuracy","ReplayTheSpireMod:Scrap Shanks"],"picked":"Deadly Poison","floor":11},{"not_picked":["Skewer","Deadly Poison"],"picked":"Backstab","floor":12},{"not_picked":["Blade Dance","Flechettes"],"picked":"After Image","floor":14},{"not_picked":["Tools of the Trade","Die Die Die"],"picked":"Corpse Explosion","floor":16},{"not_picked":["Setup+1","Flechettes","Prepared"],"picked":"SKIP","floor":18},{"not_picked":["Catalyst","Poisoned Stab"],"picked":"Cloak And Dagger","floor":20},{"not_picked":["Quick Slash","Bane"],"picked":"Endless Agony","floor":20},{"not_picked":["Dodge and Roll","Tactician"],"picked":"After Image","floor":21},{"not_picked":["Well Laid Plans","Hidden Blade"],"picked":"Dagger Throw","floor":23}],"player_experience":1081011,"relics_obtained":[{"floor":6,"key":"Blue Candle"},{"floor":9,"key":"Gremlin Horn"},{"floor":11,"key":"Pen Nib"},{"floor":14,"key":"Anchor"},{"floor":20,"key":"Dream Catcher"}],"event_choices":[{"damage_healed":0,"gold_gain":1,"player_choice":"1","damage_taken":0,"max_hp_gain":0,"max_hp_loss":0,"event_name":"betterStone:BetterStone","floor":3,"gold_loss":0},{"damage_healed":0,"gold_gain":0,"player_choice":" Vial ","damage_taken":20,"relics_obtained":["Blood Vial"],"max_hp_gain":38,"max_hp_loss":18,"event_name":"betterAltar:BetterAltar","floor":19,"potions_obtained":[],"relics_lost":[],"gold_loss":0},{"damage_healed":0,"gold_gain":0,"player_choice":"Ignored","damage_taken":0,"max_hp_gain":0,"max_hp_loss":0,"event_name":"The Mausoleum","floor":22,"gold_loss":0}],"is_beta":false,"boss_relics":[{"not_picked":["Replay:Ancient Bell","Astrolabe"],"picked":"Replay:Bronze Core"}],"items_purged_floors":[],"is_endless":false,"potions_floor_spawned":[2,6,8,11,12,16,18],"killed_by":"Gremlin Leader","ascension_level":20}}