{"host":"4kqw88srlhl37mck","time":1608052407,"event":{"mods":["BaseMod","Better Altar","Better Match","Better Note","Better Sensory Stone","Better Skull","Better Third Choice","BetterRewards","Colored Map","Highlight Path","Marisa（霧雨　魔理沙）","Minty Spire (QoL Compilation)","Quick Restart","Rare Cards Sparkle","Remilia（蕾米莉亚）","Shade Mod","Spicy Shops","StSLib","The Animator","The Forsaken","The Servant 0.9.4","Yuri Mod"],"gold_per_floor":[119,130,130,140,140,169,189,222,222,257,268,283,283,318,318,415,415,426,426,159,193,208,240,240,240,240],"floor_reached":25,"playtime":1826,"items_purged":[],"score":325,"play_id":"f10b76d6-2e76-48c9-a1e2-0c0d52165e79","local_time":"20201215091327","is_ascension_mode":true,"campfire_choices":[{"floor":13,"key":"RECALL"},{"floor":15,"key":"REST"},{"floor":24,"key":"REST"}],"circlet_count":0,"master_deck":["Strike_RM","Strike_RM","Strike_RM","Strike_RM","Defend_RM","Defend_RM","Defend_RM","Defend_RM","RedMoon","ScarletShoot","ScarletImprint","UnderTheZenith","VampireKiss","TricksterDevil","EquivalentExchange","RedRainbow","UnstableMagic","ScarletImprint","StarOfDavid","NightDance"],"relics":["ScarletHat","Ice Cream","Toolbox","AntiCross","Thread and Needle","MealTicket","Strawberry","Matryoshka","Black Star","StrikeDummy","Blood Vial","Orichalcum"],"acts_visited":["Exordium","TheCity"],"potions_floor_usage":[22],"damage_taken":[{"damage":0,"enemies":"2 Louse","floor":1,"turns":2},{"damage":0,"enemies":"Jaw Worm","floor":2,"turns":4},{"damage":0,"enemies":"Small Slimes","floor":4,"turns":4},{"damage":0,"enemies":"3 Sentries","floor":6,"turns":7},{"damage":0,"enemies":"2 Fungi Beasts","floor":7,"turns":5},{"damage":0,"enemies":"Lagavulin","floor":8,"turns":4},{"damage":4,"enemies":"Gremlin Nob","floor":10,"turns":5},{"damage":3,"enemies":"Red Slaver","floor":11,"turns":3},{"damage":3,"enemies":"3 Louse","floor":12,"turns":3},{"damage":0,"enemies":"Looter","floor":14,"turns":4},{"damage":54,"enemies":"The Guardian","floor":16,"turns":8},{"damage":16,"enemies":"3 Byrds","floor":18,"turns":6},{"damage":8,"enemies":"Shell Parasite","floor":21,"turns":7},{"damage":6,"enemies":"Chosen and Byrds","floor":22,"turns":6},{"damage":33,"enemies":"Slavers","floor":23,"turns":5},{"damage":91,"enemies":"Gremlin Leader","floor":25,"turns":4}],"seed_played":"-1926693288432276838","potions_obtained":[{"floor":2,"key":"FearPotion"},{"floor":6,"key":"Explosive Potion"},{"floor":7,"key":"BlessingOfTheForge"},{"floor":10,"key":"BlessingOfTheForge"},{"floor":16,"key":"Fire Potion"}],"is_trial":false,"path_per_floor":["M","M","?","M","?","E","M","E","T","E","M","M","R","M","R","B",null,"M","?","$","M","M","E","R","E"],"character_chosen":"REMILIA","items_purchased":["Ice Cream","Toolbox","AntiCross","UnstableMagic","StrikeDummy"],"campfire_rested":2,"item_purchase_floors":[0,0,0,20,20],"current_hp_per_floor":[40,41,46,46,46,48,49,65,65,65,63,60,60,61,87,49,87,73,73,87,85,81,55,81,0,0],"gold":240,"neow_bonus":"","is_daily":false,"chose_seed":false,"campfire_upgraded":0,"win_rate":0.0,"timestamp":1608052407,"path_taken":["M","M","?","M","?","E","M","E","T","E","M","M","R","M","R","BOSS","M","?","$","M","?","E","R","E"],"items_purchased_type":["Relic","Relic","Relic","Card","Relic"],"build_version":"2020-12-13","purchased_purges":0,"victory":false,"max_hp_per_floor":[75,75,80,80,80,80,80,87,87,87,87,87,87,87,87,87,87,87,87,87,87,87,87,87,87,87],"card_choices":[{"not_picked":["FavorOfDestiny","NightDance","RedRainbow"],"picked":"SKIP","floor":1},{"not_picked":["BlasphemousPunishment","FavorOfDestiny"],"picked":"ScarletImprint","floor":2},{"not_picked":["VampireSweep","BlasphemousPunishment","BloodAndWine"],"picked":"SKIP","floor":4},{"not_picked":["TricksterDevil","FavorOfDestiny","BombardNight"],"picked":"SKIP","floor":6},{"not_picked":["FavorOfDestiny","BombardNight"],"picked":"TricksterDevil","floor":6},{"not_picked":["ScarletDevil","BloodHunter","RedRainbow"],"picked":"SKIP","floor":7},{"not_picked":["AfternoonTea","DiffusionOfMisfortune","BloodHunter"],"picked":"SKIP","floor":8},{"not_picked":["CharismaGuard","DevilSight","TricksterDevil"],"picked":"SKIP","floor":10},{"not_picked":["VampireKiss","Stigmanizer","FavorOfDestiny"],"picked":"SKIP","floor":11},{"not_picked":["FavorOfDestiny","Stigmanizer","RedNightlessCastle"],"picked":"SKIP","floor":12},{"not_picked":["BloodHunter","GlobalNightmare","UnderTheZenith"],"picked":"SKIP","floor":14},{"not_picked":["BloodySeventeenLaser","DemonKingCradle"],"picked":"EquivalentExchange","floor":16},{"not_picked":["Stigmanizer","EmergencyRegeneration","BombardNight"],"picked":"SKIP","floor":18},{"not_picked":["CharismaGuard","EndlessAdversity+1","RedRainbow"],"picked":"SKIP","floor":21},{"not_picked":["Stigmanizer+1","BloodAndWine+1"],"picked":"ScarletImprint","floor":22},{"not_picked":["VampireFantasy","FitfulNightmare+1"],"picked":"StarOfDavid","floor":23}],"player_experience":213318,"relics_obtained":[{"floor":6,"key":"MealTicket"},{"floor":8,"key":"Strawberry"},{"floor":10,"key":"Matryoshka"},{"floor":23,"key":"Blood Vial"},{"floor":23,"key":"Orichalcum"}],"event_choices":[{"damage_healed":0,"gold_gain":0,"player_choice":"Donut","damage_taken":0,"max_hp_gain":5,"max_hp_loss":0,"event_name":"Big Fish","floor":3,"gold_loss":0},{"damage_healed":0,"gold_gain":1,"player_choice":"1","damage_taken":0,"max_hp_gain":0,"max_hp_loss":0,"event_name":"betterStone:BetterStone","floor":5,"gold_loss":0},{"cards_removed":["ScarletDream"],"damage_healed":0,"gold_gain":0,"player_choice":"Purged","damage_taken":0,"max_hp_gain":0,"max_hp_loss":0,"event_name":"Purifier","floor":19,"gold_loss":0}],"is_beta":false,"boss_relics":[{"not_picked":["Snecko Eye","APieceOfRedMist"],"picked":"Black Star"}],"items_purged_floors":[],"is_endless":false,"potions_floor_spawned":[2,6,7,10,14,16,21],"killed_by":"Gremlin Leader","ascension_level":2}}