{"host":"msepye59htvs4aw4","time":1608057330,"event":{"mods":["BaseMod","Colored Map","DeckTracker","Highlight Path","Minty Spire (QoL Compilation)","Shop Mod","StSLib","SuperFastMode"],"gold_per_floor":[10,25,25,42,58,58,80,98,98,98,108,108,122,122,122,196,196,214,227,227,152,67,67,79,79,105,105,105],"floor_reached":27,"playtime":912,"items_purged":[],"score":352,"play_id":"a1ad48d5-a85d-454e-8c7e-e33bd6a79869","local_time":"20201215193530","is_ascension_mode":true,"campfire_choices":[{"floor":6,"key":"REST"},{"floor":10,"key":"REST"},{"floor":12,"key":"REST"},{"data":"Catalyst","floor":15,"key":"SMITH"},{"floor":23,"key":"REST"},{"floor":25,"key":"REST"}],"circlet_count":0,"master_deck":["AscendersBane","Strike_G","Strike_G","Strike_G","Strike_G","Defend_G","Defend_G","Defend_G","Defend_G","Survivor","Neutralize","A Thousand Cuts","Blur","Catalyst+1","Poisoned Stab","Dodge and Roll","Footwork","Dagger Spray","Corpse Explosion","CurseOfTheBell","Leg Sweep+1","PiercingWail+1","Venomology","Crippling Poison+1"],"relics":["Ring of the Snake","Odd Mushroom","HornCleat","Calling Bell","Dream Catcher","Letter Opener","Bird Faced Urn","Orichalcum","Snake Skull"],"acts_visited":["Exordium","TheCity"],"potions_floor_usage":[7,7,11,11,20],"damage_taken":[{"damage":1,"enemies":"2 Louse","floor":1,"turns":3},{"damage":10,"enemies":"Cultist","floor":2,"turns":5},{"damage":4,"enemies":"Small Slimes","floor":4,"turns":4},{"damage":2,"enemies":"Blue Slaver","floor":5,"turns":6},{"damage":13,"enemies":"The Mushroom Lair","floor":7,"turns":7},{"damage":17,"enemies":"Looter","floor":8,"turns":4},{"damage":10,"enemies":"Large Slime","floor":11,"turns":8},{"damage":0,"enemies":"Exordium Wildlife","floor":13,"turns":5},{"damage":30,"enemies":"The Guardian","floor":16,"turns":16},{"damage":50,"enemies":"Shell Parasite","floor":18,"turns":13},{"damage":36,"enemies":"3 Byrds","floor":19,"turns":5},{"damage":0,"enemies":"Centurion and Healer","floor":20,"turns":2},{"damage":18,"enemies":"3 Cultists","floor":24,"turns":5},{"damage":42,"enemies":"Gremlin Leader","floor":27,"turns":6}],"seed_played":"-9236692631769967","potions_obtained":[{"floor":2,"key":"Explosive Potion"},{"floor":4,"key":"Dexterity Potion"},{"floor":7,"key":"SteroidPotion"},{"floor":8,"key":"EntropicBrew"},{"floor":24,"key":"SpeedPotion"}],"is_trial":false,"path_per_floor":["M","M","?","M","M","R","?","M","T","R","M","R","M","?","R","B",null,"M","M","M","?","?","R","M","R","T","E"],"character_chosen":"THE_SILENT","items_purchased":[],"campfire_rested":5,"item_purchase_floors":[],"current_hp_per_floor":[58,48,48,44,42,61,48,31,31,50,40,59,59,64,64,34,62,16,6,6,6,6,27,13,34,34,0,0],"gold":105,"neow_bonus":"THREE_RARE_CARDS","is_daily":false,"chose_seed":false,"campfire_upgraded":1,"win_rate":0.0,"timestamp":1608057330,"path_taken":["M","M","?","?","M","R","?","M","T","R","M","R","M","?","R","BOSS","M","M","M","?","?","R","M","R","T","E"],"items_purchased_type":[],"build_version":"2020-12-13","purchased_purges":0,"victory":false,"max_hp_per_floor":[66,66,66,66,66,66,66,66,66,66,66,66,66,71,71,71,71,71,71,71,71,71,71,71,71,71,71,71],"card_choices":[{"not_picked":["Doppelganger","Unload"],"picked":"A Thousand Cuts","floor":0},{"not_picked":["Sucker Punch","Caltrops"],"picked":"Blur","floor":1},{"not_picked":["Underhanded Strike","Flechettes"],"picked":"Catalyst","floor":2},{"not_picked":["Dagger Throw","Bane","Quick Slash"],"picked":"SKIP","floor":4},{"not_picked":["Dagger Throw","Prepared","Concentrate"],"picked":"SKIP","floor":5},{"not_picked":["Acrobatics","Backflip"],"picked":"Poisoned Stab","floor":7},{"not_picked":["Poisoned Stab","Storm of Steel"],"picked":"Dodge and Roll","floor":8},{"not_picked":["Dagger Throw","PiercingWail"],"picked":"Footwork","floor":11},{"not_picked":["Blade Dance","Deflect"],"picked":"Dagger Spray","floor":13},{"not_picked":["A Thousand Cuts","Bullet Time"],"picked":"Corpse Explosion","floor":16},{"not_picked":["Quick Slash","Escape Plan"],"picked":"Leg Sweep+1","floor":18},{"not_picked":["Bane","Concentrate"],"picked":"PiercingWail+1","floor":19},{"not_picked":["Deflect+1","Slice"],"picked":"Venomology","floor":24},{"not_picked":["All Out Attack","Quick Slash+1"],"picked":"Crippling Poison+1","floor":25}],"player_experience":1588032,"relics_obtained":[{"floor":7,"key":"Odd Mushroom"},{"floor":9,"key":"HornCleat"},{"floor":17,"key":"Dream Catcher"},{"floor":17,"key":"Letter Opener"},{"floor":17,"key":"Bird Faced Urn"},{"floor":26,"key":"Snake Skull"}],"event_choices":[{"cards_removed":["Defend_G"],"damage_healed":0,"gold_gain":0,"player_choice":"Offered Basic","damage_taken":0,"max_hp_gain":0,"max_hp_loss":0,"event_name":"Bonfire Elementals","floor":3,"gold_loss":0},{"damage_healed":0,"gold_gain":0,"player_choice":"Fought Mushrooms","damage_taken":0,"max_hp_gain":0,"max_hp_loss":0,"event_name":"Mushrooms","floor":7,"gold_loss":0},{"damage_healed":0,"gold_gain":0,"player_choice":"Donut","damage_taken":0,"max_hp_gain":5,"max_hp_loss":0,"event_name":"Big Fish","floor":14,"gold_loss":0},{"cards_removed":["Strike_G"],"damage_healed":0,"gold_gain":0,"player_choice":"Gave Gold","damage_taken":0,"max_hp_gain":0,"max_hp_loss":0,"event_name":"Beggar","floor":21,"gold_loss":75},{"damage_healed":0,"gold_gain":0,"player_choice":"Obtained Relic","damage_taken":0,"relics_obtained":["Orichalcum"],"max_hp_gain":0,"max_hp_loss":0,"event_name":"Addict","floor":22,"gold_loss":85}],"is_beta":false,"boss_relics":[{"not_picked":["WristBlade","Empty Cage"],"picked":"Calling Bell"}],"items_purged_floors":[],"is_endless":false,"potions_floor_spawned":[2,4,7,8,20,24],"killed_by":"Gremlin Leader","ascension_level":14}}