{"host":"usewcu4ohw2wtmxk","time":1608003698,"event":{"mods":["AchievementEnabler","BaseMod","BetterRewards","Colored Powertips","Minty Spire (QoL Compilation)","Permanent Neow","Quick Restart","Relic Sorter","Relic Stats","Shop Mod","StSLib"],"gold_per_floor":[112,37,37,55,65,65,93,93,93,93,111,128,159,159,159,238,238,256,275,285,298,310,310,310,310],"floor_reached":24,"playtime":679,"items_purged":["Strike_B"],"score":520,"play_id":"2cf0ff97-ac63-438d-9eb7-d96ba0ac0ee6","local_time":"20201215114138","is_ascension_mode":true,"campfire_choices":[{"data":"Defragment","floor":6.0,"key":"SMITH"},{"data":"Coolheaded","floor":8.0,"key":"SMITH"},{"data":"Dualcast","floor":10.0,"key":"SMITH"},{"data":"Defragment","floor":15.0,"key":"SMITH"},{"floor":23,"key":"REST"}],"circlet_count":0,"master_deck":["AscendersBane","Strike_B","Strike_B","Strike_B","Defend_B","Defend_B","Defend_B","Defend_B","Zap","Dualcast+1","Defragment+1","Coolheaded+1","Ball Lightning","Defragment+1","Cold Snap","Seek","CurseOfTheBell","Turbo","Defragment+1","Coolheaded+1","BootSequence"],"relics":["Cracked Core","DataDisk","Question Card","Toy Ornithopter","Nunchaku","Frozen Egg 2","Calling Bell","Bag of Marbles","Pear","Turnip"],"acts_visited":["Exordium","TheCity"],"potions_floor_usage":[22],"damage_taken":[{"damage":5.0,"enemies":"Small Slimes","floor":1.0,"turns":3.0},{"damage":0.0,"enemies":"Cultist","floor":4.0,"turns":5.0},{"damage":3.0,"enemies":"Jaw Worm","floor":5.0,"turns":5.0},{"damage":10.0,"enemies":"3 Sentries","floor":7.0,"turns":8.0},{"damage":3.0,"enemies":"Blue Slaver","floor":11.0,"turns":4.0},{"damage":7.0,"enemies":"Large Slime","floor":12.0,"turns":7.0},{"damage":13.0,"enemies":"Lagavulin","floor":13.0,"turns":5.0},{"damage":0.0,"enemies":"Slime Boss","floor":16.0,"turns":5.0},{"damage":9.0,"enemies":"2 Thieves","floor":18.0,"turns":3.0},{"damage":18.0,"enemies":"Shell Parasite","floor":19.0,"turns":6.0},{"damage":12.0,"enemies":"Centurion and Healer","floor":20.0,"turns":7.0},{"damage":15.0,"enemies":"Snake Plant","floor":21.0,"turns":5.0},{"damage":17,"enemies":"Shelled Parasite and Fungi","floor":22,"turns":5},{"damage":0,"enemies":"Gremlin Leader","floor":24,"turns":2}],"seed_played":"5555126744871931995","potions_obtained":[{"floor":1.0,"key":"DistilledChaos"},{"floor":5.0,"key":"PowerPotion"},{"floor":11.0,"key":"SpeedPotion"},{"floor":12.0,"key":"AttackPotion"},{"floor":21.0,"key":"ColorlessPotion"},{"floor":22,"key":"Fruit Juice"}],"is_trial":false,"path_per_floor":["M","$","?","M","M","R","E","R","T","R","M","M","E","T","R","B",null,"M","M","M","M","M","R","E"],"character_chosen":"DEFECT","items_purchased":[],"campfire_rested":1,"item_purchase_floors":[],"current_hp_per_floor":[59,59,59,59,56,56,46,46,46,46,43,36,23,23,23,28,70,66,48,36,21,9,33,33,33],"gold":310,"neow_bonus":"RANDOM_COMMON_RELIC","is_daily":false,"chose_seed":false,"campfire_upgraded":4,"win_rate":0.0,"timestamp":1608003698,"path_taken":["M","$","?","M","?","R","E","R","T","R","M","M","E","?","R","BOSS","M","M","M","?","?","R","E"],"items_purchased_type":[],"build_version":"2020-12-13","purchased_purges":1,"victory":false,"max_hp_per_floor":[71,71,71,71,71,71,71,71,71,71,71,71,71,71,71,71,81,81,81,81,81,81,81,81,81],"relic_stats":{"Nunchaku":[4],"counters":[14,70],"Turnip":[12],"Question Card":10,"obtain_stats":[{"Calling Bell":17,"DataDisk":0,"Nunchaku":13,"Pear":17,"Turnip":17,"Bag of Marbles":17,"Frozen Egg 2":14,"Cracked Core":0,"Question Card":7,"Toy Ornithopter":9},{"Calling Bell":8,"DataDisk":0,"Nunchaku":7,"Pear":8,"Turnip":8,"Bag of Marbles":8,"Frozen Egg 2":7,"Cracked Core":0,"Question Card":4,"Toy Ornithopter":4},{"Calling Bell":42,"DataDisk":0,"Nunchaku":37,"Pear":42,"Turnip":42,"Bag of Marbles":42,"Frozen Egg 2":37,"Cracked Core":0,"Question Card":21,"Toy Ornithopter":21}],"Toy Ornithopter":15},"card_choices":[{"not_picked":["Sunder","Melter"],"picked":"Defragment","floor":1.0},{"not_picked":["Redo","Streamline","Double Energy"],"picked":"SKIP","floor":4.0},{"not_picked":["Go for the Eyes","Hologram"],"picked":"Ball Lightning","floor":5.0},{"not_picked":["Barrage","Consume","Meteor Strike"],"picked":"SKIP","floor":7.0},{"not_picked":["Conserve Battery","Leap","Static Discharge","Scrape"],"picked":"SKIP","floor":11.0},{"not_picked":["Steam","Rebound","Barrage"],"picked":"Defragment","floor":12.0},{"not_picked":["Skim","Auto Shields","Rebound"],"picked":"Cold Snap","floor":13.0},{"not_picked":["Multi-Cast","Amplify","Rainbow"],"picked":"Seek","floor":16.0},{"not_picked":["Rebound","Redo","Leap"],"picked":"Turbo","floor":18.0},{"not_picked":["Conserve Battery","Hologram","Streamline"],"picked":"Defragment+1","floor":19.0},{"not_picked":["Ball Lightning","Gash","Stack","Cold Snap"],"picked":"SKIP","floor":20.0},{"not_picked":["Amplify","Rebound+1","Doom and Gloom+1"],"picked":"Coolheaded+1","floor":21.0},{"not_picked":["Redo","Barrage","Darkness"],"picked":"BootSequence","floor":22}],"player_experience":258976,"relics_obtained":[{"floor":7.0,"key":"Question Card"},{"floor":9.0,"key":"Toy Ornithopter"},{"floor":13.0,"key":"Nunchaku"},{"floor":14.0,"key":"Frozen Egg 2"},{"floor":17.0,"key":"Bag of Marbles"},{"floor":17.0,"key":"Pear"},{"floor":17.0,"key":"Turnip"}],"event_choices":[{"damage_healed":0.0,"max_hp_gain":0.0,"max_hp_loss":0.0,"gold_gain":0.0,"event_name":"Match and Keep!","player_choice":"1 cards matched","floor":3.0,"gold_loss":0.0,"damage_taken":0.0,"cards_obtained":["Coolheaded"]}],"is_beta":false,"boss_relics":[{"not_picked":["Pandora\u0027s Box","Astrolabe"],"picked":"Calling Bell"}],"items_purged_floors":[2],"is_endless":false,"potions_floor_spawned":[1,5,11,12,21,22],"killed_by":"Gremlin Leader","ascension_level":20}}