{"host":"mvq3y0vr4azttkc6","time":1608042765,"event":{"mods":["BaseMod","Colored Powertips","Minty Spire (QoL Compilation)","Replay The Spire","StSLib"],"gold_per_floor":[110,110,71,71,89,89,117,137,137,137,149,28,55,66,66,164,164,181,181,181,193,220,248,248,284,329,329,329,428,460,500,500,625,625,648,648,397,434,434,434,434,493,520,520,570,960,1008,1061,1061,1083,1083,1083,439,516,534,534],"floor_reached":55,"playtime":4119,"items_purged":["Strike_G","Decay","Strike_G"],"score":1011,"play_id":"19b6fb97-319b-44ea-941d-a4ff8ab4b6f7","local_time":"20201215173245","is_ascension_mode":true,"campfire_choices":[{"data":"Cloak And Dagger","floor":6,"key":"SMITH"},{"floor":10,"key":"REST"},{"floor":15,"key":"REST"},{"data":"Venomology","floor":24,"key":"SMITH"},{"floor":28,"key":"REST"},{"floor":32,"key":"REST"},{"data":"Accuracy","floor":41,"key":"SMITH"},{"floor":44,"key":"RECALL"},{"data":"Blade Dance","floor":49,"key":"SMITH"}],"circlet_count":0,"master_deck":["Defend_G","Defend_G","Defend_G","Defend_G","Defend_G","Survivor","Neutralize","Cloak And Dagger+1","Accuracy+1","Infinite Blades","Accuracy+1","Blade Dance+1","Acrobatics","Night Terror","Calculated Gamble","Venomology+1","CurseOfTheBell","Blade Dance+1","Backflip","Hidden Blade","Blade Dance","Accuracy+1","After Image","Glass Knife+1","Blade Dance+1","Dash+1","Cloak And Dagger+1","Delirium","Writhe","Blade Dance+1"],"relics":["Ring of the Snake","Tough Bandages","FossilizedHelix","Question Card","Gambling Chip","Calling Bell","Juzu Bracelet","Chameleon Ring","Ice Cream","Bag of Preparation","PreservedInsect","Replay:PocketPolymizer","Replay:Bandana","Astrolabe","Bronze Scales","Ring of Chaos","Ring of Peace","Replay:Towering Pillar of Hats","Darkstone Periapt","Old Coin","Mummified Hand","Mirror","Happy Flower"],"acts_visited":["Exordium","TheCity","TheBeyond","TheEnding"],"potions_floor_usage":[7,11,18,21,23,23,31,33,35,42,42,46,48,50,50,50,50,54,55,55,55],"damage_taken":[{"damage":0,"enemies":"Small Slimes","floor":1,"turns":4},{"damage":5,"enemies":"2 Louse","floor":5,"turns":4},{"damage":16,"enemies":"3 Sentries","floor":7,"turns":7},{"damage":0,"enemies":"Cultist","floor":8,"turns":3},{"damage":26,"enemies":"Gremlin Gang","floor":11,"turns":5},{"damage":22,"enemies":"Gremlin Nob","floor":13,"turns":4},{"damage":0,"enemies":"3 Louse","floor":14,"turns":3},{"damage":23,"enemies":"Hexaghost","floor":16,"turns":6},{"damage":0,"enemies":"Chosen","floor":18,"turns":5},{"damage":10,"enemies":"2 Thieves","floor":21,"turns":3},{"damage":0,"enemies":"Replay:Snechameleon","floor":23,"turns":5},{"damage":0,"enemies":"3 Cultists","floor":30,"turns":4},{"damage":12,"enemies":"Snake Plant","floor":31,"turns":4},{"damage":6,"enemies":"Champ","floor":33,"turns":6},{"damage":19,"enemies":"3 Shapes","floor":35,"turns":6},{"damage":18,"enemies":"3 Darklings","floor":38,"turns":4},{"damage":0,"enemies":"Reptomancer","floor":42,"turns":4},{"damage":0,"enemies":"R_Hoarder","floor":45,"turns":5},{"damage":0,"enemies":"2 Orb Walkers","floor":46,"turns":3},{"damage":0,"enemies":"Jaw Worm Horde","floor":47,"turns":4},{"damage":0,"enemies":"Transient","floor":48,"turns":5},{"damage":36,"enemies":"Donu and Deca","floor":50,"turns":6},{"damage":0,"enemies":"Shield and Spear","floor":54,"turns":3},{"damage":75,"enemies":"The Heart","floor":55,"turns":8}],"seed_played":"-3369794753684653734","potions_obtained":[{"floor":5,"key":"LiquidMemories"},{"floor":8,"key":"Dexterity Potion"},{"floor":16,"key":"Death Potion"},{"floor":21,"key":"Block Potion"},{"floor":23,"key":"Adrenaline Potion"},{"floor":30,"key":"PowerPotion"},{"floor":42,"key":"CunningPotion"},{"floor":52,"key":"Dexterity Potion"},{"floor":52,"key":"SpeedPotion"}],"is_trial":false,"path_per_floor":["M","?","$","?","M","R","E","M","T","R","M","$","E","M","R","B",null,"M","?","?","M","T","E","R","?","T","?","R","?","M","M","R","B",null,"M","?","$","M","?","?","R","E","T","R","E","?","M","M","R","B",null,"R","$","E","B"],"character_chosen":"THE_SILENT","items_purchased":["Accuracy","Acrobatics","Bronze Scales","Mummified Hand","Mirror"],"campfire_rested":4,"item_purchase_floors":[3,12,37,53,53],"current_hp_per_floor":[70,70,70,70,65,65,49,49,49,70,44,44,22,22,43,20,70,70,70,70,60,60,60,60,32,32,19,41,41,41,29,51,45,75,71,71,71,53,53,72,72,72,72,72,72,72,72,72,72,36,75,75,75,75,0,0],"gold":534,"neow_bonus":"ONE_RARE_RELIC","is_daily":false,"chose_seed":false,"campfire_upgraded":4,"win_rate":0.0,"timestamp":1608042765,"path_taken":["M","?","$","?","?","R","E","?","T","R","M","$","E","M","R","BOSS","M","?","?","M","?","E","R","?","T","?","R","?","M","M","R","BOSS","M","?","$","M","?","?","R","E","T","R","E","?","M","M","R","BOSS","R","$","E","BOSS"],"items_purchased_type":["Card","Card","Relic","Relic","Relic"],"build_version":"2020-12-13","purchased_purges":3,"victory":false,"max_hp_per_floor":[70,70,70,70,70,70,70,70,70,70,70,70,70,70,70,70,70,70,70,70,70,70,70,70,70,70,75,75,75,75,75,75,75,75,75,75,75,75,75,75,75,75,75,75,75,75,75,75,75,75,75,75,75,75,75,75],"card_choices":[{"not_picked":["Blade Dance","Sucker Punch"],"picked":"Cloak And Dagger","floor":1},{"not_picked":["Choke","Slice"],"picked":"Infinite Blades","floor":5},{"not_picked":["Catalyst","Tactician"],"picked":"Accuracy","floor":7},{"not_picked":["Draining Mist","Prepared","Slice"],"picked":"SKIP","floor":8},{"not_picked":["Slice","PiercingWail","Skewer"],"picked":"Blade Dance","floor":11},{"not_picked":["Infinite Blades","ReplayTheSpireMod:Tripwire","Dash"],"picked":"Night Terror","floor":13},{"not_picked":["Infinite Blades","Dagger Spray","ReplayTheSpireMod:Exploit Weakness"],"picked":"Calculated Gamble","floor":14},{"not_picked":["ReplayTheSpireMod:Necrosis","Wraith Form v2","Poison Darts"],"picked":"Venomology","floor":16},{"not_picked":["Flying Knee+1","Predator","Riddle With Holes"],"picked":"Blade Dance+1","floor":18},{"not_picked":["Deflect","Prepared+1","Outmaneuver","Poisoned Stab"],"picked":"SKIP","floor":21},{"not_picked":["Quick Slash","Outmaneuver","Skewer"],"picked":"Backflip","floor":23},{"not_picked":["Glass Knife","PiercingWail+1","Dagger Throw"],"picked":"Hidden Blade","floor":25},{"not_picked":["Escape Plan","Slice","Reflex+1"],"picked":"Blade Dance","floor":30},{"not_picked":["Heel Hook","Outmaneuver+1","Sucker Punch+1"],"picked":"Accuracy","floor":31},{"not_picked":["Phantasmal Killer","Venomology","Doppelganger"],"picked":"After Image","floor":33},{"not_picked":["Quick Slash+1","Deflect+1","Deadly Poison+1","Flying Knee"],"picked":"SKIP","floor":35},{"not_picked":["Dodge and Roll","Poisoned Stab","Endless Agony"],"picked":"Cloak And Dagger+1","floor":38},{"not_picked":["PiercingWail","Backflip+1","Dagger Spray","Dodge and Roll+1"],"picked":"SKIP","floor":42},{"not_picked":["Fluid Movement","Calculated Gamble","Deadly Poison","Dagger Throw"],"picked":"SKIP","floor":45},{"not_picked":["Skewer+1","Cloak And Dagger","Expertise+1"],"picked":"Blade Dance+1","floor":47},{"not_picked":["Prepared","Draining Mist","Catalyst+1","PiercingWail"],"picked":"SKIP","floor":48},{"not_picked":["Escape Plan+1","Replay:Poison Smokescreen+1","Acrobatics+1","Flying Knee+1"],"picked":"SKIP","floor":54}],"player_experience":58514,"relics_obtained":[{"floor":7,"key":"FossilizedHelix"},{"floor":9,"key":"Question Card"},{"floor":13,"key":"Gambling Chip"},{"floor":17,"key":"Juzu Bracelet"},{"floor":17,"key":"Chameleon Ring"},{"floor":17,"key":"Ice Cream"},{"floor":22,"key":"Bag of Preparation"},{"floor":23,"key":"PreservedInsect"},{"floor":25,"key":"Replay:PocketPolymizer"},{"floor":26,"key":"Replay:Bandana"},{"floor":39,"key":"Ring of Chaos"},{"floor":39,"key":"Ring of Peace"},{"floor":42,"key":"Replay:Towering Pillar of Hats"},{"floor":45,"key":"Darkstone Periapt"},{"floor":46,"key":"Old Coin"},{"floor":54,"key":"Happy Flower"}],"event_choices":[{"damage_healed":0,"gold_gain":0,"player_choice":"Ignored","damage_taken":0,"max_hp_gain":0,"max_hp_loss":0,"event_name":"Shining Light","floor":2,"gold_loss":0},{"damage_healed":0,"gold_gain":0,"player_choice":"Upgraded","damage_taken":0,"max_hp_gain":0,"max_hp_loss":0,"event_name":"Upgrade Shrine","floor":4,"gold_loss":0,"cards_upgraded":["Accuracy"]},{"damage_healed":0,"gold_gain":0,"player_choice":"Upgraded","damage_taken":0,"max_hp_gain":0,"max_hp_loss":0,"event_name":"Upgrade Shrine","floor":19,"gold_loss":0,"cards_upgraded":["Accuracy"]},{"damage_healed":0,"gold_gain":0,"player_choice":"0 cards matched","damage_taken":0,"max_hp_gain":0,"max_hp_loss":0,"event_name":"Match and Keep!","floor":20,"gold_loss":0,"cards_obtained":[]},{"damage_healed":0,"gold_gain":0,"player_choice":"Shed Blood","damage_taken":18,"max_hp_gain":5,"max_hp_loss":0,"event_name":"Forgotten Altar","floor":27,"gold_loss":0},{"damage_healed":0,"gold_gain":99,"player_choice":"Stole From Cult","damage_taken":0,"max_hp_gain":0,"max_hp_loss":0,"event_name":"Nest","floor":29,"gold_loss":0},{"damage_healed":0,"gold_gain":0,"player_choice":"Ignored","damage_taken":0,"max_hp_gain":0,"max_hp_loss":0,"event_name":"Duplicator","floor":36,"gold_loss":0},{"damage_healed":19,"gold_gain":0,"player_choice":"Writhe","damage_taken":0,"max_hp_gain":0,"max_hp_loss":0,"event_name":"Winding Halls","floor":40,"gold_loss":0,"cards_obtained":["Writhe"]},{"damage_healed":0,"gold_gain":0,"player_choice":"Fight","damage_taken":0,"max_hp_gain":0,"max_hp_loss":0,"event_name":"Mysterious Sphere","floor":46,"gold_loss":0}],"is_beta":false,"boss_relics":[{"not_picked":["Philosopher\u0027s Stone","Honey Jar"],"picked":"Calling Bell"},{"not_picked":["Abe\u0027s Treasure","Snecko Eye"],"picked":"Astrolabe"}],"items_purged_floors":[12,37,53],"is_endless":false,"potions_floor_spawned":[5,8,16,21,23,30,42,48],"killed_by":"The Heart","ascension_level":4}}