{"host":"jlioisuqr94vbevf","time":1608033480,"event":{"mods":["BaseMod","Colored Powertips","Minty Spire (QoL Compilation)","StSLib"],"gold_per_floor":[113,39,56,73,73,73,107,107,133,175,28,28,51,83,83,216,216,241,25,57,85,85,85,110,0,73,73,73,125,125,139,139,139,139],"floor_reached":33,"playtime":1431,"items_purged":[],"score":358,"play_id":"58ed0def-e2fa-4b4d-aa2e-351cd8d8fd75","local_time":"20201215125800","is_ascension_mode":true,"campfire_choices":[{"data":"Glass Knife","floor":6,"key":"SMITH"},{"data":"Deflect","floor":8,"key":"SMITH"},{"floor":15,"key":"REST"},{"floor":23,"key":"REST"},{"floor":27,"key":"REST"},{"floor":32,"key":"REST"}],"circlet_count":0,"master_deck":["Strike_G","Strike_G","Strike_G","Strike_G","Strike_G","Defend_G","Defend_G","Defend_G","Defend_G","Defend_G","Survivor","Neutralize+1","Deflect","Glass Knife+1","Blade Dance+1","Prepared","Deflect+1","Leg Sweep","Cloak And Dagger","Dodge and Roll","Burst","Calculated Gamble","Infinite Blades","Dagger Spray","Dagger Throw+1","Slice","Dagger Spray+1","Backflip"],"relics":["Ring of the Snake","Potion Belt","CeramicFish","Omamori","Pen Nib","Golden Idol","Sozu","Tiny Chest","Necronomicon","Mercury Hourglass","Gremlin Horn","Bronze Scales","White Beast Statue"],"acts_visited":["Exordium","TheCity"],"potions_floor_usage":[10,16],"damage_taken":[{"damage":0,"enemies":"Cultist","floor":1,"turns":4},{"damage":0,"enemies":"Jaw Worm","floor":3,"turns":4},{"damage":0,"enemies":"2 Louse","floor":4,"turns":1},{"damage":7,"enemies":"3 Sentries","floor":7,"turns":8},{"damage":2,"enemies":"Gremlin Nob","floor":10,"turns":3},{"damage":0,"enemies":"Looter","floor":13,"turns":2},{"damage":3,"enemies":"Blue Slaver","floor":14,"turns":3},{"damage":40,"enemies":"Hexaghost","floor":16,"turns":17},{"damage":4,"enemies":"Shell Parasite","floor":18,"turns":7},{"damage":13,"enemies":"Spheric Guardian","floor":20,"turns":4},{"damage":7,"enemies":"3 Cultists","floor":21,"turns":5},{"damage":34,"enemies":"Cultist and Chosen","floor":24,"turns":10},{"damage":28,"enemies":"Book of Stabbing","floor":29,"turns":7},{"damage":3,"enemies":"Snecko","floor":31,"turns":4},{"damage":39,"enemies":"Collector","floor":33,"turns":3}],"seed_played":"-234064296286792106","potions_obtained":[{"floor":1,"key":"FairyPotion"},{"floor":3,"key":"SkillPotion"},{"floor":14,"key":"Swift Potion"}],"is_trial":false,"path_per_floor":["M","$","M","M","?","R","E","R","T","E","$","?","M","M","R","B",null,"M","$","M","M","?","R","M","?","T","R","T","E","T","M","R","B"],"character_chosen":"THE_SILENT","items_purchased":["Glass Knife","Pen Nib","Tiny Chest","Infinite Blades","Dagger Spray"],"campfire_rested":4,"item_purchase_floors":[2,11,19,19,19],"current_hp_per_floor":[63,63,63,63,63,63,56,56,56,54,54,37,37,34,55,15,56,52,52,39,32,16,37,3,3,3,24,24,20,20,17,38,0,0],"gold":139,"neow_bonus":"UPGRADE_CARD","is_daily":false,"chose_seed":false,"campfire_upgraded":2,"win_rate":0.0,"timestamp":1608033480,"path_taken":["M","?","M","M","?","R","E","R","T","E","$","?","M","M","R","BOSS","M","$","M","M","?","R","M","?","T","R","?","E","?","M","R","BOSS"],"items_purchased_type":["Card","Relic","Relic","Card","Card"],"build_version":"2020-12-13","purchased_purges":0,"victory":false,"max_hp_per_floor":[70,70,70,70,70,70,70,70,70,70,70,70,70,70,70,70,70,70,70,70,70,70,70,70,70,70,70,70,70,70,70,70,70,70],"card_choices":[{"not_picked":["Deadly Poison","Crippling Poison"],"picked":"Deflect","floor":1},{"not_picked":["PiercingWail","Expertise"],"picked":"Blade Dance","floor":3},{"not_picked":["Skewer","Acrobatics"],"picked":"Prepared","floor":4},{"not_picked":["Riddle With Holes","Acrobatics"],"picked":"Deflect","floor":7},{"not_picked":["Deadly Poison","Blur"],"picked":"Leg Sweep","floor":10},{"not_picked":["Riddle With Holes","Outmaneuver"],"picked":"Cloak And Dagger","floor":13},{"not_picked":["Outmaneuver","Calculated Gamble"],"picked":"Dodge and Roll","floor":14},{"not_picked":["Bullet Time","Grand Finale"],"picked":"Burst","floor":16},{"not_picked":["Tactician","Concentrate"],"picked":"Calculated Gamble","floor":18},{"not_picked":["PiercingWail","Cloak And Dagger"],"picked":"Dagger Throw+1","floor":20},{"not_picked":["Expertise","Venomology"],"picked":"Slice","floor":21},{"not_picked":["Skewer+1","Backflip"],"picked":"Dagger Spray+1","floor":24},{"not_picked":["Deadly Poison","Quick Slash+1"],"picked":"Backflip","floor":29},{"not_picked":["All Out Attack","Riddle With Holes","Bouncing Flask+1"],"picked":"SKIP","floor":31}],"player_experience":344212,"relics_obtained":[{"floor":7,"key":"Potion Belt"},{"floor":9,"key":"CeramicFish"},{"floor":10,"key":"Omamori"},{"floor":22,"key":"Necronomicon"},{"floor":26,"key":"Mercury Hourglass"},{"floor":28,"key":"Gremlin Horn"},{"floor":29,"key":"Bronze Scales"},{"floor":30,"key":"White Beast Statue"}],"event_choices":[{"damage_healed":0,"gold_gain":0,"player_choice":"Grow","damage_taken":0,"max_hp_gain":0,"max_hp_loss":0,"event_name":"Living Wall","floor":5,"gold_loss":0,"cards_upgraded":["Blade Dance"]},{"damage_healed":0,"gold_gain":0,"player_choice":"Take Damage","damage_taken":17,"relics_obtained":["Golden Idol"],"max_hp_gain":0,"max_hp_loss":0,"event_name":"Golden Idol","floor":12,"gold_loss":0},{"damage_healed":0,"gold_gain":0,"player_choice":"Obtained Book","damage_taken":16,"max_hp_gain":0,"max_hp_loss":0,"event_name":"Cursed Tome","floor":22,"gold_loss":0},{"damage_healed":0,"gold_gain":0,"player_choice":"Paid Fearfully","damage_taken":0,"max_hp_gain":0,"max_hp_loss":0,"event_name":"Masked Bandits","floor":25,"gold_loss":110}],"is_beta":false,"boss_relics":[{"not_picked":["Velvet Choker","Busted Crown"],"picked":"Sozu"}],"items_purged_floors":[],"is_endless":false,"potions_floor_spawned":[1,3,14,21,29,31],"killed_by":"Collector","ascension_level":6}}