{"host":"wnbfov91sqg45vrw","time":1608068013,"event":{"mods":["BaseMod","Downfall","GifTheSpireLib","Marisa????????","Minty Spire (QoL Compilation)","Shop Mod","StSLib","The Jungle","The Necromancer","The Servant 0.9.4"],"gold_per_floor":[99,99,132,132,157,257,257,282,207,217,235,252,10,310,322,322,322],"floor_reached":16,"playtime":934,"items_purged":[],"score":168,"play_id":"e0321f2b-b4b2-4b4d-8e11-7f6f7ba53c15","local_time":"20201215153333","is_ascension_mode":false,"campfire_choices":[{"data":"Slimebound:Split","floor":1,"key":"SMITH"},{"data":"Slimebound:SplitAcid","floor":4,"key":"SMITH"},{"data":"Slimebound:HauntingLick","floor":9,"key":"SMITH"}],"circlet_count":0,"master_deck":["Slimebound:Strike_Slimebound","Slimebound:Strike_Slimebound","Slimebound:Tackle","Slimebound:Defend_Slimebound","Slimebound:Defend_Slimebound","Slimebound:Defend_Slimebound","Slimebound:Split+1","Slimebound:CorrosiveSpit","Slimebound:Repurpose","Slimebound:SplitAcid+1","Slimebound:LeadByExample+1","Slimebound:FlameTackle","Slimebound:GrowthPunch","Slimebound:HauntingLick+1","Slimebound:SlimeBrawl","Slimebound:ForwardTackle","Slimebound:Chomp","Slimebound:SplitMire","Slimebound:Gluttony","Regret","Slimebound:LeadByExample"],"relics":["Slimebound:AbsorbEndCombat","downfall:HeartsMalice","Ornamental Fan","Bronze Scales","Mummified Hand","Juzu Bracelet","downfall:HeartBlessingGreen","Slimebound:AggressiveSlimeRelic","Old Coin"],"acts_visited":["Exordium"],"potions_floor_usage":[6,13,13,16],"damage_taken":[{"damage":0,"enemies":"Jaw Worm","floor":2,"turns":1},{"damage":0,"enemies":"Gremlin Nob","floor":3,"turns":1},{"damage":0,"enemies":"Lagavulin","floor":5,"turns":1},{"damage":31,"enemies":"downfall:Heads","floor":6,"turns":4},{"damage":30,"enemies":"3 Sentries","floor":8,"turns":4},{"damage":12,"enemies":"Small Slimes","floor":10,"turns":3},{"damage":8,"enemies":"2 Louse","floor":11,"turns":2},{"damage":7,"enemies":"2 Fungi Beasts","floor":12,"turns":2},{"damage":25,"enemies":"downfall:FleeingMerchant","floor":13,"turns":4},{"damage":25,"enemies":"Large Slime","floor":15,"turns":2},{"damage":51,"enemies":"downfall:Defect","floor":16,"turns":4}],"seed_played":"1343811050477165183","potions_obtained":[{"floor":3,"key":"PowerPotion"},{"floor":8,"key":"LiquidBronze"},{"floor":10,"key":"Swift Potion"},{"floor":12,"key":"hexamod:EctoCoolerPotion"}],"is_trial":false,"path_per_floor":["R","M","E","R","E","?","T","E","R","M","M","M","$","?","M","B"],"character_chosen":"SLIMEBOUND","items_purchased":["Slimebound:AggressiveSlimeRelic","Slimebound:Gluttony"],"campfire_rested":0,"item_purchase_floors":[13,13],"current_hp_per_floor":[60,60,60,60,60,41,41,27,27,33,39,36,29,29,26,0,0],"gold":322,"neow_bonus":"THREE_ENEMY_KILL","is_daily":false,"chose_seed":false,"campfire_upgraded":3,"win_rate":0.0,"timestamp":1608068013,"path_taken":["R","M","E","R","E","?","T","E","R","M","M","M","$","?","M","BOSS"],"items_purchased_type":["Relic","Card"],"build_version":"2020-12-13","purchased_purges":0,"victory":false,"max_hp_per_floor":[60,60,60,60,60,60,60,60,60,60,60,60,60,60,60,60,60],"card_choices":[{"not_picked":["Slimebound:SlimeSpikes","Slimebound:SlimeBarrage"],"picked":"Slimebound:Repurpose","floor":2},{"not_picked":["Slimebound:FinishingTackle","Slimebound:LeechEnergy"],"picked":"Slimebound:SplitAcid","floor":3},{"not_picked":["Slimebound:LeechEnergy","Slimebound:SplitLeeching"],"picked":"Slimebound:LeadByExample","floor":5},{"not_picked":["Slimebound:FormOfPuddle","Slimebound:SplitAcid"],"picked":"Slimebound:GrowthPunch","floor":6},{"not_picked":["Slimebound:RollThrough","Slimebound:PressTheAttack"],"picked":"Slimebound:HauntingLick","floor":8},{"not_picked":["Slimebound:ViciousTackle","Slimebound:LeechEnergy"],"picked":"Slimebound:SlimeBrawl","floor":10},{"not_picked":["Slimebound:RollThrough","Slimebound:GrowthPunch"],"picked":"Slimebound:ForwardTackle","floor":11},{"not_picked":["Slimebound:PressTheAttack","Slimebound:LeechingTouch"],"picked":"Slimebound:Chomp","floor":12},{"not_picked":["Slimebound:ForwardTackle","Slimebound:SamplingLick"],"picked":"Slimebound:SplitMire","floor":13},{"not_picked":["Slimebound:DisruptingSlam","Slimebound:GoopSpray"],"picked":"Slimebound:LeadByExample","floor":15}],"player_experience":1758911,"relics_obtained":[{"floor":3,"key":"Ornamental Fan"},{"floor":5,"key":"Bronze Scales"},{"floor":7,"key":"Mummified Hand"},{"floor":8,"key":"Juzu Bracelet"}],"event_choices":[{"damage_healed":0,"gold_gain":0,"player_choice":"Box","damage_taken":0,"relics_obtained":["Old Coin"],"max_hp_gain":0,"max_hp_loss":0,"event_name":"Big Fish","floor":14,"gold_loss":0,"cards_obtained":["Regret"]}],"is_beta":false,"boss_relics":[],"items_purged_floors":[],"is_endless":false,"potions_floor_spawned":[3,8,10,12],"killed_by":"downfall:Defect","ascension_level":0}}