{"host":"f55lpzc7830gmx23","time":1608065144,"event":{"mods":["BaseMod","Better Note","Downfall","Hermit","Minty Spire (QoL Compilation)","StSLib","The Blackbeard","The Cursed","The Necromancer"],"gold_per_floor":[116,126,126,126,201,201,236,236,314,335,382,382,24,40,40,194,194,252,69,69,129,404,404,435,435,435,500,21,21,21,84,84,256,256,301,301,421,506,3,3,56,56,56,56,56,81,131,55,55,120],"floor_reached":51,"playtime":2252,"items_purged":["Pain"],"score":1075,"play_id":"6dfb911a-0d6a-4eb9-8a39-17c6390dd424","local_time":"20201215214544","is_ascension_mode":true,"campfire_choices":[{"data":"blackbeard:BeatUp","floor":6,"key":"SMITH"},{"data":"blackbeard:Cutlass","floor":8,"key":"SMITH"},{"data":"blackbeard:TheDrunkenSailor","floor":12,"key":"SMITH"},{"floor":15,"key":"REST"},{"floor":23,"key":"REST"},{"data":"blackbeard:InfiniteBarrage","floor":25,"key":"SMITH"},{"floor":29,"key":"REST"},{"floor":32,"key":"REST"},{"floor":40,"key":"DIG"},{"floor":42,"key":"REST"},{"floor":44,"key":"REST"},{"floor":49,"key":"DIG"}],"circlet_count":0,"master_deck":["blackbeard:BlackbeardStrike","blackbeard:BlackbeardStrike","blackbeard:BlackbeardStrike","blackbeard:IntimidatingStrike","blackbeard:BlackbeardDefend","blackbeard:BlackbeardDefend","blackbeard:BlackbeardDefend","blackbeard:BlackbeardDefend","blackbeard:Cutlass+1","blackbeard:BeatUp+1","blackbeard:PowderKeg","blackbeard:Bandana","blackbeard:RemoveScurvy","blackbeard:TheDrunkenSailor+1","blackbeard:GoldenGuillotine","blackbeard:InfiniteBarrage+1","blackbeard:Bandana","blackbeard:GoldenRain","blackbeard:GoldenCannonball","Regret","blackbeard:CloakAndCannonball","blackbeard:Anchor+1","blackbeard:InfiniteBarrage","blackbeard:Sword+1","blackbeard:Toast","blackbeard:PiratesWill","blackbeard:WiseDefense+1","blackbeard:Salvager","CurseOfTheBell","blackbeard:TacticalRetreat","blackbeard:TacticalRetreat+1","blackbeard:GoldenStrike","blackbeard:GoldenStrike"],"relics":["blackbeard:LoadTheCannons","NeowsBlessing","The Courier","Peace Pipe","White Beast Statue","Happy Flower","Membership Card","blackbeard:Spearhead","WingedGreaves","Philosopher\u0027s Stone","Gremlin Horn","Bag of Marbles","Bronze Scales","blackbeard:TreasureChest","Toy Ornithopter","blackbeard:PoorMathSkills","PreservedInsect","Ginger","Orrery","WarpedTongs","Calling Bell","Potion Belt","blackbeard:Penknife","Unceasing Top","Shovel","Ornamental Fan","Pocketwatch","CaptainsWheel","Matryoshka","blackbeard:WhitePearl","Boot","Meat on the Bone","Nunchaku","Pen Nib","Blood Vial","Turnip","Incense Burner"],"acts_visited":["Exordium","TheCity","TheBeyond"],"potions_floor_usage":[11,11,16,16,24,24,27,31,35,37,37,46,47,47,50,50],"damage_taken":[{"damage":0,"enemies":"Cultist","floor":1,"turns":1},{"damage":0,"enemies":"Jaw Worm","floor":2,"turns":1},{"damage":0,"enemies":"Lagavulin","floor":7,"turns":1},{"damage":0,"enemies":"Small Slimes","floor":10,"turns":2},{"damage":7,"enemies":"Gremlin Nob","floor":11,"turns":3},{"damage":14,"enemies":"3 Louse","floor":14,"turns":3},{"damage":50,"enemies":"Hexaghost","floor":16,"turns":8},{"damage":26,"enemies":"Spheric Guardian","floor":18,"turns":4},{"damage":14,"enemies":"2 Thieves","floor":21,"turns":3},{"damage":16,"enemies":"Sentry and Sphere","floor":24,"turns":3},{"damage":13,"enemies":"Cultist and Chosen","floor":27,"turns":4},{"damage":17,"enemies":"Snake Plant","floor":31,"turns":2},{"damage":56,"enemies":"Collector","floor":33,"turns":5},{"damage":19,"enemies":"Orb Walker","floor":35,"turns":3},{"damage":49,"enemies":"2 Orb Walkers","floor":37,"turns":3},{"damage":1,"enemies":"3 Shapes","floor":38,"turns":2},{"damage":0,"enemies":"Writhing Mass","floor":46,"turns":1},{"damage":0,"enemies":"Reptomancer","floor":47,"turns":3},{"damage":56,"enemies":"Awakened One","floor":50,"turns":5}],"seed_played":"8286574769090488921","potions_obtained":[{"floor":2,"key":"LiquidMemories"},{"floor":10,"key":"ColorlessPotion"},{"floor":11,"key":"GamblersBrew"},{"floor":14,"key":"Weak Potion"},{"floor":16,"key":"Ancient Potion"},{"floor":18,"key":"ColorlessPotion"},{"floor":20,"key":"Explosive Potion"},{"floor":20,"key":"BlessingOfTheForge"},{"floor":24,"key":"EssenceOfSteel"},{"floor":27,"key":"Regen Potion"},{"floor":31,"key":"DuplicationPotion"},{"floor":33,"key":"blackbeard:UpgradePotion"},{"floor":35,"key":"Energy Potion"},{"floor":37,"key":"Strength Potion"},{"floor":38,"key":"SmokeBomb"},{"floor":47,"key":"PowerPotion"}],"is_trial":false,"path_per_floor":["M","M","?","T","?","R","E","R","T","M","E","R","$","M","R","B",null,"M","$","?","M","?","R","M","R","T","M","$","R","?","M","R","B",null,"M","?","?","M","$","R","T","R","T","R","?","M","E","$","R","B",null],"character_chosen":"BLACKBEARD_CLASS","items_purchased":["Membership Card","blackbeard:Spearhead","WingedGreaves","blackbeard:GoldenGuillotine","blackbeard:InfiniteBarrage","Gremlin Horn","Bag of Marbles","blackbeard:GoldenCannonball","blackbeard:TreasureChest","Toy Ornithopter","blackbeard:PoorMathSkills","PreservedInsect","Ginger","Orrery","Ornamental Fan","Pocketwatch","CaptainsWheel","Matryoshka","blackbeard:WhitePearl","SkillPotion","blackbeard:GoldenStrike"],"campfire_rested":6,"item_purchase_floors":[13,13,13,13,13,19,19,19,28,28,28,28,28,28,39,39,39,39,39,48,48],"current_hp_per_floor":[68,68,68,68,57,57,57,57,57,57,55,55,55,46,68,23,62,41,41,41,32,32,54,43,43,43,35,35,57,57,50,72,21,62,53,53,22,26,26,26,26,48,48,70,70,71,71,71,71,27],"gold":120,"neow_bonus":"THREE_ENEMY_KILL","is_daily":false,"chose_seed":false,"campfire_upgraded":4,"win_rate":0.0,"timestamp":1608065144,"path_taken":["M","M","?","?","?","R","E","R","T","M","E","R","$","M","R","BOSS","M","$","?","M","?","R","M","R","T","M","$","R","?","?","R","BOSS","M","?","?","M","$","R","?","R","T","R","?","M","E","$","R","BOSS"],"items_purchased_type":["Relic","Relic","Relic","Card","Card","Relic","Relic","Card","Relic","Relic","Relic","Relic","Relic","Relic","Relic","Relic","Relic","Relic","Relic","Potion","Card"],"build_version":"2020-12-13","purchased_purges":1,"victory":true,"max_hp_per_floor":[75,75,75,75,75,75,75,75,75,75,75,75,75,75,75,75,75,75,75,75,75,75,75,75,75,75,75,75,75,75,75,75,75,75,75,75,75,75,75,75,75,75,75,75,71,71,71,71,71,71],"card_choices":[{"not_picked":["blackbeard:Sharpening","blackbeard:Dagger"],"picked":"blackbeard:BeatUp","floor":1},{"not_picked":["blackbeard:FieryDefense","blackbeard:DeadlyArsenal"],"picked":"blackbeard:PowderKeg","floor":2},{"not_picked":["blackbeard:Shrapnel","blackbeard:Sword"],"picked":"blackbeard:Bandana","floor":7},{"not_picked":["blackbeard:CatONineTails","blackbeard:Sharpening"],"picked":"blackbeard:RemoveScurvy","floor":10},{"not_picked":["blackbeard:BeatUp","blackbeard:ChaoticDefense"],"picked":"blackbeard:TheDrunkenSailor","floor":11},{"not_picked":["blackbeard:Dagger","blackbeard:GoldenStrike"],"picked":"blackbeard:Bandana","floor":14},{"not_picked":["blackbeard:HumongousCannonball","blackbeard:WeaponMastery"],"picked":"blackbeard:GoldenRain","floor":16},{"not_picked":["blackbeard:Recklessness+1","blackbeard:WoodenLeg","blackbeard:BeatUp"],"picked":"SKIP","floor":18},{"not_picked":["blackbeard:BuriedTreasure","blackbeard:TacticalRetreat","blackbeard:BeatUp"],"picked":"SKIP","floor":21},{"not_picked":["blackbeard:BrownPants","blackbeard:FishingNets","blackbeard:Fencing+1"],"picked":"SKIP","floor":24},{"not_picked":["blackbeard:BrownPants+1","blackbeard:TacticalRetreat"],"picked":"blackbeard:CloakAndCannonball","floor":27},{"not_picked":["blackbeard:RemoveScurvy","blackbeard:CannonBarrage"],"picked":"blackbeard:Anchor+1","floor":28},{"not_picked":["blackbeard:Fencing","blackbeard:DoubleBottom"],"picked":"blackbeard:InfiniteBarrage","floor":28},{"not_picked":["blackbeard:ChaoticDefense","blackbeard:CloakAndCannonball"],"picked":"blackbeard:Sword+1","floor":28},{"not_picked":["blackbeard:CannonBarrage","blackbeard:SwordDance"],"picked":"blackbeard:Toast","floor":28},{"not_picked":["blackbeard:Murder","blackbeard:ArmorUp"],"picked":"blackbeard:PiratesWill","floor":28},{"not_picked":["blackbeard:BlindAttacks+1","blackbeard:PowerHungry"],"picked":"blackbeard:WiseDefense+1","floor":31},{"not_picked":["blackbeard:HumongousCannonball","blackbeard:BountyHunter"],"picked":"blackbeard:Salvager","floor":33},{"not_picked":["blackbeard:PirateEarring","blackbeard:WiseDefense","blackbeard:SwordDance"],"picked":"SKIP","floor":35},{"not_picked":["blackbeard:BeatUp","blackbeard:HumongousCannonball"],"picked":"blackbeard:TacticalRetreat","floor":37},{"not_picked":["blackbeard:SwordDance+1","blackbeard:Sword"],"picked":"blackbeard:TacticalRetreat+1","floor":38},{"not_picked":["blackbeard:PirateEarring+1","blackbeard:BuriedTreasure"],"picked":"blackbeard:GoldenStrike","floor":47}],"player_experience":412222,"relics_obtained":[{"floor":4,"key":"The Courier"},{"floor":7,"key":"Peace Pipe"},{"floor":9,"key":"White Beast Statue"},{"floor":11,"key":"Happy Flower"},{"floor":26,"key":"Bronze Scales"},{"floor":34,"key":"Potion Belt"},{"floor":34,"key":"blackbeard:Penknife"},{"floor":34,"key":"Unceasing Top"},{"floor":37,"key":"Shovel"},{"floor":40,"key":"Boot"},{"floor":41,"key":"Meat on the Bone"},{"floor":41,"key":"Nunchaku"},{"floor":43,"key":"Pen Nib"},{"floor":43,"key":"Blood Vial"},{"floor":47,"key":"Turnip"},{"floor":49,"key":"Incense Burner"}],"event_choices":[{"damage_healed":0,"gold_gain":0,"player_choice":"Ignored","damage_taken":0,"max_hp_gain":0,"max_hp_loss":0,"event_name":"Golden Wing","floor":3,"gold_loss":0},{"damage_healed":0,"gold_gain":75,"player_choice":"Gather Gold","damage_taken":11,"max_hp_gain":0,"max_hp_loss":0,"event_name":"World of Goop","floor":5,"gold_loss":0},{"damage_healed":0,"gold_gain":0,"player_choice":"Got Potions","damage_taken":0,"max_hp_gain":0,"max_hp_loss":0,"event_name":"Lab","floor":20,"gold_loss":0},{"damage_healed":0,"gold_gain":275,"player_choice":"Desecrate","damage_taken":0,"max_hp_gain":0,"max_hp_loss":0,"event_name":"Golden Shrine","floor":22,"gold_loss":0,"cards_obtained":["Regret"]},{"damage_healed":0,"gold_gain":0,"player_choice":"Rummage","damage_taken":0,"relics_obtained":["WarpedTongs"],"max_hp_gain":0,"max_hp_loss":0,"event_name":"Accursed Blacksmith","floor":30,"gold_loss":0,"cards_obtained":["Pain"]},{"cards_removed":["blackbeard:BlackbeardStrike"],"damage_healed":0,"gold_gain":0,"player_choice":"Removed Attack","damage_taken":0,"max_hp_gain":0,"max_hp_loss":0,"event_name":"Falling","floor":36,"gold_loss":0},{"damage_healed":0,"gold_gain":0,"player_choice":"Fight","damage_taken":0,"max_hp_gain":0,"max_hp_loss":0,"event_name":"Mysterious Sphere","floor":37,"gold_loss":0},{"damage_healed":0,"gold_gain":0,"player_choice":"Max HP","damage_taken":0,"max_hp_gain":0,"max_hp_loss":4,"event_name":"Winding Halls","floor":45,"gold_loss":0}],"is_beta":false,"boss_relics":[{"not_picked":["Sozu","Ectoplasm"],"picked":"Philosopher\u0027s Stone"},{"not_picked":["Runic Pyramid","Astrolabe"],"picked":"Calling Bell"}],"items_purged_floors":[48],"is_endless":false,"potions_floor_spawned":[2,10,11,14,16,18,21,24,27,31,33,35,37,38,46,47],"ascension_level":7}}