{"host":"jn2qdns2nxijvlnt","time":1608057392,"event":{"mods":["BaseMod","Minty Spire (QoL Compilation)","Quick Restart"],"gold_per_floor":[119,269,288,305,45,45,45,79,103,114,114,114,132,145,145,216,216,232,13,13,32,55,55,87,87,87],"floor_reached":25,"playtime":1209,"items_purged":[],"score":441,"play_id":"7b9e4b04-cced-474a-b2c4-821debe2b5a3","local_time":"20201215133632","is_ascension_mode":true,"campfire_choices":[{"floor":6.0,"key":"REST"},{"floor":11.0,"key":"REST"},{"floor":15.0,"key":"REST"},{"floor":23.0,"key":"REST"}],"circlet_count":0,"master_deck":["AscendersBane","Strike_R","Strike_R","Strike_R","Strike_R","Strike_R","Defend_R","Defend_R","Defend_R","Defend_R","Bash+1","Shrug It Off","Headbutt","Dropkick","Perfected Strike","Cleave","Carnage","Armaments","Demon Form","Pommel Strike","Perfected Strike","Twin Strike","Flame Barrier","Impervious"],"relics":["Burning Blood","Orichalcum","Spirit Poop","Tiny Chest","Vajra","PreservedInsect","Busted Crown","Orrery","Omamori","Regal Pillow"],"acts_visited":["Exordium","TheCity"],"potions_floor_usage":[],"damage_taken":[{"damage":10.0,"enemies":"Small Slimes","floor":1.0,"turns":4.0},{"damage":6.0,"enemies":"Cultist","floor":3.0,"turns":4.0},{"damage":15.0,"enemies":"Jaw Worm","floor":4.0,"turns":6.0},{"damage":40.0,"enemies":"Gremlin Nob","floor":8.0,"turns":5.0},{"damage":2.0,"enemies":"Blue Slaver","floor":10.0,"turns":2.0},{"damage":3.0,"enemies":"2 Fungi Beasts","floor":13.0,"turns":3.0},{"damage":28.0,"enemies":"Exordium Thugs","floor":14.0,"turns":4.0},{"damage":41.0,"enemies":"Slime Boss","floor":16.0,"turns":9.0},{"damage":25.0,"enemies":"2 Thieves","floor":18.0,"turns":4.0},{"damage":13.0,"enemies":"Shell Parasite","floor":21.0,"turns":4.0},{"damage":14.0,"enemies":"Gremlin Leader","floor":24.0,"turns":5.0},{"damage":26,"enemies":"Shelled Parasite and Fungi","floor":25,"turns":4}],"seed_played":"-7239318254379545891","potions_obtained":[],"is_trial":false,"path_per_floor":[],"character_chosen":"IRONCLAD","items_purchased":[],"campfire_rested":4,"item_purchase_floors":[],"current_hp_per_floor":[],"gold":87,"neow_bonus":"UPGRADE_CARD","is_daily":false,"chose_seed":false,"campfire_upgraded":0,"win_rate":0.0,"timestamp":1608057392,"path_taken":[],"items_purchased_type":["Relic","Card","Relic","Potion"],"build_version":"2020-12-13","purchased_purges":0,"victory":false,"max_hp_per_floor":[],"card_choices":[],"player_experience":423252,"relics_obtained":[],"event_choices":[],"is_beta":false,"boss_relics":[],"items_purged_floors":[],"is_endless":false,"potions_floor_spawned":[],"killed_by":"Shelled Parasite and Fungi","ascension_level":20}}